  <div class='ocr_page' id='page_1' title='image "/cluster/home/n/w/nwhite01/storage/ocr_20150623/142/hvd.32044015471808/429.png"; bbox 0 0 4116 5358; ppageno 0'>
   <div class='ocr_carea' id='block_1_1' title="bbox 587 277 688 331">
    <p class='ocr_par' dir='ltr' id='par_1_1' title="bbox 587 277 688 331">
     <span class='ocr_line' id='line_1_1' title="bbox 587 277 688 331; baseline -0.03 0"><span class='ocrx_word' id='word_1_1' title='bbox 587 277 688 331; x_wconf 56' lang='grc'><strong>847</strong></span> 
     </span>
    </p>
   </div>
   <div class='ocr_carea' id='block_1_2' title="bbox 1539 261 2884 322">
    <p class='ocr_par' dir='ltr' id='par_1_2' title="bbox 1539 261 2884 322">
     <span class='ocr_line' id='line_1_2' title="bbox 1539 261 2884 322; baseline -0.001 -1"><span class='ocrx_word' id='word_1_2' title='bbox 1539 266 1595 321; x_wconf 91' lang='lat' dir='ltr'><strong>S.</strong></span> <span class='ocrx_word' id='word_1_3' title='bbox 1639 264 1953 322; x_wconf 82' lang='lat' dir='ltr'><strong>ODlLONlS</strong></span> <span class='ocrx_word' id='word_1_4' title='bbox 1987 262 2486 320; x_wconf 81' lang='lat' dir='ltr'><strong>.CLUNIACENSIS</strong></span> <span class='ocrx_word' id='word_1_5' title='bbox 2521 261 2807 318; x_wconf 75' lang='lat' dir='ltr'><strong>ABBATIS</strong></span> <span class='ocrx_word' id='word_1_6' title='bbox 2847 265 2884 319; x_wconf 77' lang='grc' dir='ltr'><strong>γ</strong></span> 
     </span>
    </p>
   </div>
   <div class='ocr_carea' id='block_1_3' title="bbox 3739 264 3841 319">
    <p class='ocr_par' dir='ltr' id='par_1_3' title="bbox 3739 264 3841 319">
     <span class='ocr_line' id='line_1_3' title="bbox 3739 264 3841 319; baseline 0.02 -2"><span class='ocrx_word' id='word_1_7' title='bbox 3739 264 3841 319; x_wconf 71' lang='grc' dir='ltr'><strong>8Ξ3</strong></span> 
     </span>
    </p>
   </div>
   <div class='ocr_carea' id='block_1_4' title="bbox 589 365 3838 447">
    <p class='ocr_par' dir='ltr' id='par_1_4' title="bbox 589 365 3838 447">
     <span class='ocr_line' id='line_1_4' title="bbox 589 365 3838 447; baseline -0.003 -4"><span class='ocrx_word' id='word_1_8' title='bbox 589 385 915 444; x_wconf 82' lang='lat' dir='ltr'><strong>ntonasterio</strong></span> <span class='ocrx_word' id='word_1_9' title='bbox 978 365 1226 437; x_wconf 84' lang='lat' dir='ltr'><strong>contulit.</strong></span> <span class='ocrx_word' id='word_1_10' title='bbox 1300 379 1589 433; x_wconf 81' lang='lat' dir='ltr'><strong>Donationi</strong></span> <span class='ocrx_word' id='word_1_11' title='bbox 1639 377 1962 446; x_wconf 77' lang='lat' dir='ltr'><strong>subscripsit</strong></span> <span class='ocrx_word' id='word_1_12' title='bbox 2019 377 2160 432; x_wconf 91' lang='lat' dir='ltr'><strong>idem</strong></span> <span class='ocrx_word' id='word_1_13' title='bbox 2187 378 2633 440; x_wconf 79' lang='lat' dir='ltr'><strong>Amolendinum</strong></span> <span class='ocrx_word' id='word_1_14' title='bbox 2682 393 2842 447; x_wconf 90' lang='lat' dir='ltr'><strong>super</strong></span> <span class='ocrx_word' id='word_1_15' title='bbox 2907 377 3124 432; x_wconf 77' lang='lat' dir='ltr'><strong>[luvium</strong></span> <span class='ocrx_word' id='word_1_16' title='bbox 3171 378 3458 441; x_wconf 84' lang='lat' dir='ltr'><strong>Ahsouus,</strong></span> <span class='ocrx_word' id='word_1_17' title='bbox 3511 376 3564 430; x_wconf 94' lang='lat' dir='ltr'><strong>in</strong></span> <span class='ocrx_word' id='word_1_18' title='bbox 3618 376 3838 432; x_wconf 72' lang='lat' dir='ltr'><strong>dia‘ccsi</strong></span> 
     </span>
    </p>
   </div>
   <div class='ocr_carea' id='block_1_5' title="bbox 588 469 2154 550">
    <p class='ocr_par' dir='ltr' id='par_1_5' title="bbox 588 469 2154 550">
     <span class='ocr_line' id='line_1_5' title="bbox 588 469 2154 550; baseline -0.008 -16"><span class='ocrx_word' id='word_1_19' title='bbox 588 482 739 550; x_wconf 83' lang='lat' dir='ltr'><strong>llugo</strong></span> <span class='ocrx_word' id='word_1_20' title='bbox 773 476 929 532; x_wconf 85' lang='lat' dir='ltr'><strong>simul</strong></span> <span class='ocrx_word' id='word_1_21' title='bbox 959 491 1079 530; x_wconf 92' lang='lat' dir='ltr'><strong>cum</strong></span> <span class='ocrx_word' id='word_1_22' title='bbox 1125 471 1416 527; x_wconf 88' lang='lat' dir='ltr'><strong>Leotbaldo</strong></span> <span class='ocrx_word' id='word_1_23' title='bbox 1451 471 1705 539; x_wconf 88' lang='lat' dir='ltr'><strong>episcopo</strong></span> <span class='ocrx_word' id='word_1_24' title='bbox 1752 469 2154 523; x_wconf 82' lang='lat' dir='ltr'><strong>Matisconensi.</strong></span> 
     </span>
    </p>
   </div>
   <div class='ocr_carea' id='block_1_6' title="bbox 559 557 2159 634">
    <p class='ocr_par' dir='ltr' id='par_1_6' title="bbox 559 557 2159 634">
     <span class='ocr_line' id='line_1_6' title="bbox 559 557 2159 634; baseline -0.008 -11"><span class='ocrx_word' id='word_1_25' title='bbox 559 571 730 623; x_wconf 65' lang='lat' dir='ltr'><strong>idem</strong></span> <span class='ocrx_word' id='word_1_26' title='bbox 769 565 920 634; x_wconf 87' lang='lat' dir='ltr'><strong>Hugo</strong></span> <span class='ocrx_word' id='word_1_27' title='bbox 970 563 1023 616; x_wconf 91' lang='lat' dir='ltr'><strong>in</strong></span> <span class='ocrx_word' id='word_1_28' title='bbox 1070 562 1238 615; x_wconf 87' lang='lat' dir='ltr'><strong>altera</strong></span> <span class='ocrx_word' id='word_1_29' title='bbox 1284 560 1471 614; x_wconf 91' lang='lat' dir='ltr'><strong>charta</strong></span> <span class='ocrx_word' id='word_1_30' title='bbox 1520 559 1767 614; x_wconf 82' lang='lat' dir='ltr'><strong>eamdem</strong></span> <span class='ocrx_word' id='word_1_31' title='bbox 1812 557 2159 611; x_wconf 77' lang='lat' dir='ltr'><strong>donationem</strong></span> 
     </span>
    </p>
   </div>
   <div class='ocr_carea' id='block_1_7' title="bbox 562 646 2159 720">
    <p class='ocr_par' dir='ltr' id='par_1_7' title="bbox 562 646 2159 720">
     <span class='ocr_line' id='line_1_7' title="bbox 562 646 2159 720; baseline -0.009 -8"><span class='ocrx_word' id='word_1_32' title='bbox 562 655 929 713; x_wconf 63' lang='lat' dir='ltr'><strong>conﬁrmavit</strong></span> <span class='ocrx_word' id='word_1_33' title='bbox 952 693 967 720; x_wconf 90' lang='lat'><strong>,</strong></span> <span class='ocrx_word' id='word_1_34' title='bbox 1000 654 1085 707; x_wconf 89' lang='lat' dir='ltr'><strong>cui</strong></span> <span class='ocrx_word' id='word_1_35' title='bbox 1127 665 1250 706; x_wconf 90' lang='lat' dir='ltr'><strong>cum</strong></span> <span class='ocrx_word' id='word_1_36' title='bbox 1280 663 1345 703; x_wconf 90' lang='lat' dir='ltr'><strong>eo</strong></span> <span class='ocrx_word' id='word_1_37' title='bbox 1385 647 1754 716; x_wconf 84' lang='lat' dir='ltr'><strong>subscripsere</strong></span> <span class='ocrx_word' id='word_1_38' title='bbox 1783 646 1910 702; x_wconf 87' lang='lat' dir='ltr'><strong>Otto</strong></span> <span class='ocrx_word' id='word_1_39' title='bbox 1937 658 2119 700; x_wconf 90' lang='lat' dir='ltr'><strong>comes</strong></span> <span class='ocrx_word' id='word_1_40' title='bbox 2143 683 2159 708; x_wconf 88' lang='lat'><strong>,</strong></span> 
     </span>
    </p>
   </div>
   <div class='ocr_carea' id='block_1_8' title="bbox 585 735 2162 814">
    <p class='ocr_par' dir='ltr' id='par_1_8' title="bbox 585 735 2162 814">
     <span class='ocr_line' id='line_1_8' title="bbox 585 735 2162 814; baseline -0.008 -12"><span class='ocrx_word' id='word_1_41' title='bbox 585 747 890 802; x_wconf 82' lang='lat' dir='ltr'><strong>Gauslenus</strong></span> <span class='ocrx_word' id='word_1_42' title='bbox 938 744 1260 814; x_wconf 88' lang='lat' dir='ltr'><strong>episcopus,</strong></span> <span class='ocrx_word' id='word_1_43' title='bbox 1331 740 1446 810; x_wconf 87' lang='lat' dir='ltr'><strong>Ugo</strong></span> <span class='ocrx_word' id='word_1_44' title='bbox 1513 739 1856 802; x_wconf 83' lang='lat' dir='ltr'><strong>vieecomes,</strong></span> <span class='ocrx_word' id='word_1_45' title='bbox 1908 735 2162 791; x_wconf 86' lang='lat' dir='ltr'><strong>Acelinus</strong></span> 
     </span>
    </p>
   </div>
   <div class='ocr_carea' id='block_1_9' title="bbox 587 825 2163 892">
    <p class='ocr_par' dir='ltr' id='par_1_9' title="bbox 587 825 2163 892">
     <span class='ocr_line' id='line_1_9' title="bbox 587 825 2163 892; baseline -0.009 0"><span class='ocrx_word' id='word_1_46' title='bbox 587 838 756 892; x_wconf 80' lang='lat' dir='ltr'><strong>abbas</strong></span> <span class='ocrx_word' id='word_1_47' title='bbox 799 846 853 891; x_wconf 90' lang='lat' dir='ltr'><strong>et</strong></span> <span class='ocrx_word' id='word_1_48' title='bbox 895 834 1005 889; x_wconf 93' lang='lat' dir='ltr'><strong>alii.</strong></span> <span class='ocrx_word' id='word_1_49' title='bbox 1039 835 1168 886; x_wconf 89' lang='lat' dir='ltr'><strong>Data</strong></span> <span class='ocrx_word' id='word_1_50' title='bbox 1197 840 1278 886; x_wconf 87' lang='lat' dir='ltr'><strong>est</strong></span> <span class='ocrx_word' id='word_1_51' title='bbox 1312 843 1453 884; x_wconf 90' lang='lat' dir='ltr'><strong>anno</strong></span> <span class='ocrx_word' id='word_1_52' title='bbox 1503 827 1893 884; x_wconf 83' lang='lat' dir='ltr'><strong>incarnationis</strong></span> <span class='ocrx_word' id='word_1_53' title='bbox 1923 825 2080 890; x_wconf 89' lang='grc'><strong>1019,</strong></span> <span class='ocrx_word' id='word_1_54' title='bbox 2106 831 2163 878; x_wconf 92' lang='lat' dir='ltr'><strong>et</strong></span> 
     </span>
    </p>
   </div>
   <div class='ocr_carea' id='block_1_10' title="bbox 587 920 1470 994">
    <p class='ocr_par' dir='ltr' id='par_1_10' title="bbox 587 920 1470 994">
     <span class='ocr_line' id='line_1_10' title="bbox 587 920 1470 994; baseline -0.015 -10"><span class='ocrx_word' id='word_1_55' title='bbox 587 927 860 984; x_wconf 86' lang='lat' dir='ltr'><strong>unctionis</strong></span> <span class='ocrx_word' id='word_1_56' title='bbox 887 925 1028 994; x_wconf 87' lang='lat' dir='ltr'><strong>regis</strong></span> <span class='ocrx_word' id='word_1_57' title='bbox 1053 920 1274 975; x_wconf 78' lang='lat' dir='ltr'><strong>Roberti</strong></span> <span class='ocrx_word' id='word_1_58' title='bbox 1303 933 1470 973; x_wconf 71' lang='lat' dir='ltr'><strong>imit.</strong></span> 
     </span>
    </p>
   </div>
   <div class='ocr_carea' id='block_1_11' title="bbox 658 1006 2160 1080">
    <p class='ocr_par' dir='ltr' id='par_1_11' title="bbox 658 1006 2160 1080">
     <span class='ocr_line' id='line_1_11' title="bbox 658 1006 2160 1080; baseline -0.011 -6"><span class='ocrx_word' id='word_1_59' title='bbox 658 1020 748 1075; x_wconf 83' lang='lat'><strong>57.</strong></span> <span class='ocrx_word' id='word_1_60' title='bbox 780 1018 937 1072; x_wconf 79' lang='lat' dir='ltr'><strong>Auno</strong></span> <span class='ocrx_word' id='word_1_61' title='bbox 965 1030 1078 1068; x_wconf 82' lang='lat' dir='ltr'><strong>xvn</strong></span> <span class='ocrx_word' id='word_1_62' title='bbox 1115 1011 1325 1068; x_wconf 80' lang='lat' dir='ltr'><strong>Rodultl</strong></span> <span class='ocrx_word' id='word_1_63' title='bbox 1357 1010 1502 1080; x_wconf 89' lang='lat' dir='ltr'><strong>regis</strong></span> <span class='ocrx_word' id='word_1_64' title='bbox 1527 1050 1542 1075; x_wconf 91' lang='lat'><strong>,</strong></span> <span class='ocrx_word' id='word_1_65' title='bbox 1573 1022 1758 1063; x_wconf 85' lang='lat' dir='ltr'><strong>mense</strong></span> <span class='ocrx_word' id='word_1_66' title='bbox 1798 1006 2010 1068; x_wconf 82' lang='lat' dir='ltr'><strong>Martio,</strong></span> <span class='ocrx_word' id='word_1_67' title='bbox 2034 1019 2160 1076; x_wconf 87' lang='lat' dir='ltr'><strong>pro-</strong></span> 
     </span>
    </p>
   </div>
   <div class='ocr_carea' id='block_1_12' title="bbox 558 1099 2158 1182">
    <p class='ocr_par' dir='ltr' id='par_1_12' title="bbox 558 1099 2158 1182">
     <span class='ocr_line' id='line_1_12' title="bbox 558 1099 2158 1182; baseline -0.013 -14"><span class='ocrx_word' id='word_1_68' title='bbox 558 1138 561 1140; x_wconf 93' lang='grc'>·</span> <span class='ocrx_word' id='word_1_69' title='bbox 592 1113 820 1182; x_wconf 89' lang='lat' dir='ltr'><strong>indeque</strong></span> <span class='ocrx_word' id='word_1_70' title='bbox 843 1124 984 1164; x_wconf 91' lang='lat' dir='ltr'><strong>anno</strong></span> <span class='ocrx_word' id='word_1_71' title='bbox 1007 1107 1156 1170; x_wconf 60' lang='grc'><strong>1090,</strong></span> <span class='ocrx_word' id='word_1_72' title='bbox 1172 1104 1438 1172; x_wconf 82' lang='lat' dir='ltr'><strong>Tetberga</strong></span> <span class='ocrx_word' id='word_1_73' title='bbox 1460 1101 1734 1157; x_wconf 86' lang='lat' dir='ltr'><strong>comitissa</strong></span> <span class='ocrx_word' id='word_1_74' title='bbox 1748 1099 1888 1154; x_wconf 82' lang='lat' dir='ltr'><strong>dedit</strong></span> <span class='ocrx_word' id='word_1_75' title='bbox 1914 1111 2158 1152; x_wconf 86' lang='lat' dir='ltr'><strong>mansum</strong></span> 
     </span>
    </p>
   </div>
   <div class='ocr_carea' id='block_1_13' title="bbox 591 1187 2161 1268">
    <p class='ocr_par' dir='ltr' id='par_1_13' title="bbox 591 1187 2161 1268">
     <span class='ocr_line' id='line_1_13' title="bbox 591 1187 2161 1268; baseline -0.011 -11"><span class='ocrx_word' id='word_1_76' title='bbox 591 1219 757 1258; x_wconf 89' lang='lat' dir='ltr'><strong>unum</strong></span> <span class='ocrx_word' id='word_1_77' title='bbox 784 1203 837 1255; x_wconf 92' lang='lat' dir='ltr'><strong>in</strong></span> <span class='ocrx_word' id='word_1_78' title='bbox 861 1201 977 1257; x_wconf 91' lang='lat' dir='ltr'><strong>loco</strong></span> <span class='ocrx_word' id='word_1_79' title='bbox 1000 1199 1089 1268; x_wconf 85' lang='lat' dir='ltr'><strong>qui</strong></span> <span class='ocrx_word' id='word_1_80' title='bbox 1119 1200 1184 1250; x_wconf 88' lang='lat' dir='ltr'><strong>ad</strong></span> <span class='ocrx_word' id='word_1_81' title='bbox 1207 1195 1490 1250; x_wconf 80' lang='lat' dir='ltr'><strong>Caninium</strong></span> <span class='ocrx_word' id='word_1_82' title='bbox 1517 1192 1734 1256; x_wconf 83' lang='lat' dir='ltr'><strong>dicitur,</strong></span> <span class='ocrx_word' id='word_1_83' title='bbox 1766 1191 1822 1245; x_wconf 93' lang='lat' dir='ltr'><strong>in</strong></span> <span class='ocrx_word' id='word_1_84' title='bbox 1850 1204 1986 1260; x_wconf 84' lang='lat' dir='ltr'><strong>pago</strong></span> <span class='ocrx_word' id='word_1_85' title='bbox 2017 1187 2161 1257; x_wconf 84' lang='lat' dir='ltr'><strong>Lug-</strong></span> 
     </span>
    </p>
   </div>
   <div class='ocr_carea' id='block_1_14' title="bbox 592 1278 2160 1362">
    <p class='ocr_par' dir='ltr' id='par_1_14' title="bbox 592 1278 2160 1362">
     <span class='ocr_line' id='line_1_14' title="bbox 592 1278 2160 1362; baseline -0.013 -11"><span class='ocrx_word' id='word_1_86' title='bbox 592 1294 842 1358; x_wconf 88' lang='lat' dir='ltr'><strong>dunensi,</strong></span> <span class='ocrx_word' id='word_1_87' title='bbox 891 1305 990 1362; x_wconf 89' lang='lat' dir='ltr'><strong>pro</strong></span> <span class='ocrx_word' id='word_1_88' title='bbox 1037 1287 1239 1343; x_wconf 81' lang='lat' dir='ltr'><strong>Artaldi</strong></span> <span class='ocrx_word' id='word_1_89' title='bbox 1290 1286 1375 1340; x_wconf 88' lang='lat' dir='ltr'><strong>sui</strong></span> <span class='ocrx_word' id='word_1_90' title='bbox 1420 1284 1689 1348; x_wconf 90' lang='lat' dir='ltr'><strong>senioris,</strong></span> <span class='ocrx_word' id='word_1_91' title='bbox 1724 1283 1778 1336; x_wconf 91' lang='lat' dir='ltr'><strong>id</strong></span> <span class='ocrx_word' id='word_1_92' title='bbox 1831 1288 1912 1336; x_wconf 89' lang='lat' dir='ltr'><strong>est</strong></span> <span class='ocrx_word' id='word_1_93' title='bbox 1956 1278 2160 1343; x_wconf 89' lang='lat' dir='ltr'><strong>mariti,</strong></span> 
     </span>
    </p>
   </div>
   <div class='ocr_carea' id='block_1_15' title="bbox 593 1368 2161 1440">
    <p class='ocr_par' dir='ltr' id='par_1_15' title="bbox 593 1368 2161 1440">
     <span class='ocr_line' id='line_1_15' title="bbox 593 1368 2161 1440; baseline -0.011 -1"><span class='ocrx_word' id='word_1_94' title='bbox 593 1386 768 1440; x_wconf 86' lang='lat' dir='ltr'><strong>salute</strong></span> <span class='ocrx_word' id='word_1_95' title='bbox 797 1391 854 1437; x_wconf 93' lang='lat' dir='ltr'><strong>et</strong></span> <span class='ocrx_word' id='word_1_96' title='bbox 897 1381 1129 1436; x_wconf 86' lang='lat' dir='ltr'><strong>ﬁliorum</strong></span> <span class='ocrx_word' id='word_1_97' title='bbox 1162 1391 1380 1431; x_wconf 90' lang='lat' dir='ltr'><strong>suorum</strong></span> <span class='ocrx_word' id='word_1_98' title='bbox 1416 1373 1624 1428; x_wconf 88' lang='lat' dir='ltr'><strong>Artaldi</strong></span> <span class='ocrx_word' id='word_1_99' title='bbox 1671 1381 1726 1427; x_wconf 91' lang='lat' dir='ltr'><strong>et</strong></span> <span class='ocrx_word' id='word_1_100' title='bbox 1775 1370 2024 1430; x_wconf 84' lang='lat' dir='ltr'><strong>Geraldi,</strong></span> <span class='ocrx_word' id='word_1_101' title='bbox 2071 1368 2161 1436; x_wconf 90' lang='lat' dir='ltr'><strong>qui</strong></span> 
     </span>
    </p>
   </div>
   <div class='ocr_carea' id='block_1_16' title="bbox 594 1461 2162 1539">
    <p class='ocr_par' dir='ltr' id='par_1_16' title="bbox 594 1461 2162 1539">
     <span class='ocr_line' id='line_1_16' title="bbox 594 1461 2162 1539; baseline -0.011 -9"><span class='ocrx_word' id='word_1_102' title='bbox 594 1473 867 1530; x_wconf 89' lang='lat' dir='ltr'><strong>donationi</strong></span> <span class='ocrx_word' id='word_1_103' title='bbox 896 1471 1348 1539; x_wconf 86' lang='lat' dir='ltr'><strong>subscripserunt.</strong></span> <span class='ocrx_word' id='word_1_104' title='bbox 1383 1465 1493 1521; x_wconf 86' lang='lat' dir='ltr'><strong>Hoc</strong></span> <span class='ocrx_word' id='word_1_105' title='bbox 1533 1465 1651 1535; x_wconf 88' lang='lat' dir='ltr'><strong>ipso</strong></span> <span class='ocrx_word' id='word_1_106' title='bbox 1683 1477 1823 1517; x_wconf 90' lang='lat' dir='ltr'><strong>anno</strong></span> <span class='ocrx_word' id='word_1_107' title='bbox 1854 1461 2162 1525; x_wconf 85' lang='lat' dir='ltr'><strong>Wicardus,</strong></span> 
     </span>
    </p>
   </div>
   <div class='ocr_carea' id='block_1_17' title="bbox 581 1553 2166 1625">
    <p class='ocr_par' dir='ltr' id='par_1_17' title="bbox 581 1553 2166 1625">
     <span class='ocr_line' id='line_1_17' title="bbox 581 1553 2166 1625; baseline -0.011 -3"><span class='ocrx_word' id='word_1_108' title='bbox 581 1565 835 1622; x_wconf 84' lang='lat' dir='ltr'><strong>Cluniaci</strong></span> <span class='ocrx_word' id='word_1_109' title='bbox 863 1564 1120 1625; x_wconf 76' lang='lat' dir='ltr'><strong>existens,</strong></span> <span class='ocrx_word' id='word_1_110' title='bbox 1148 1558 1476 1615; x_wconf 86' lang='lat' dir='ltr'><strong>monasterio</strong></span> <span class='ocrx_word' id='word_1_111' title='bbox 1502 1557 1646 1610; x_wconf 87' lang='lat' dir='ltr'><strong>dedit</strong></span> <span class='ocrx_word' id='word_1_112' title='bbox 1676 1553 1935 1624; x_wconf 86' lang='lat' dir='ltr'><strong>capellam</strong></span> <span class='ocrx_word' id='word_1_113' title='bbox 1965 1562 2166 1607; x_wconf 75' lang='lat' dir='ltr'><strong>sancta:</strong></span> 
     </span>
    </p>
   </div>
   <div class='ocr_carea' id='block_1_18' title="bbox 561 1643 2165 1724">
    <p class='ocr_par' dir='ltr' id='par_1_18' title="bbox 561 1643 2165 1724">
     <span class='ocr_line' id='line_1_18' title="bbox 561 1643 2165 1724; baseline -0.011 -11"><span class='ocrx_word' id='word_1_114' title='bbox 561 1659 774 1713; x_wconf 61' lang='lat' dir='ltr'><strong>«Mariae</strong></span> <span class='ocrx_word' id='word_1_115' title='bbox 792 1656 934 1724; x_wconf 91' lang='lat' dir='ltr'><strong>apud</strong></span> <span class='ocrx_word' id='word_1_116' title='bbox 964 1652 1206 1708; x_wconf 81' lang='lat' dir='ltr'><strong>Rocham</strong></span> <span class='ocrx_word' id='word_1_117' title='bbox 1229 1650 1283 1703; x_wconf 91' lang='lat' dir='ltr'><strong>in</strong></span> <span class='ocrx_word' id='word_1_118' title='bbox 1311 1647 1438 1702; x_wconf 77' lang='lat' dir='ltr'><strong>villa</strong></span> <span class='ocrx_word' id='word_1_119' title='bbox 1463 1646 1772 1715; x_wconf 85' lang='lat' dir='ltr'><strong>Quiuciaco.</strong></span> <span class='ocrx_word' id='word_1_120' title='bbox 1803 1644 1973 1712; x_wconf 86' lang='lat' dir='ltr'><strong>Quam</strong></span> <span class='ocrx_word' id='word_1_121' title='bbox 1999 1643 2165 1697; x_wconf 83' lang='lat' dir='ltr'><strong>dona-</strong></span> 
     </span>
    </p>
   </div>
   <div class='ocr_carea' id='block_1_19' title="bbox 2253 468 3842 538">
    <p class='ocr_par' dir='ltr' id='par_1_19' title="bbox 2253 468 3842 538">
     <span class='ocr_line' id='line_1_19' title="bbox 2253 468 3842 538; baseline 0 -18"><span class='ocrx_word' id='word_1_122' title='bbox 2253 469 2756 538; x_wconf 75' lang='lat' dir='ltr'><strong>Augustodunensi,</strong></span> <span class='ocrx_word' id='word_1_123' title='bbox 2785 470 2838 523; x_wconf 92' lang='lat' dir='ltr'><strong>in</strong></span> <span class='ocrx_word' id='word_1_124' title='bbox 2867 470 3124 524; x_wconf 86' lang='lat' dir='ltr'><strong>comitatu</strong></span> <span class='ocrx_word' id='word_1_125' title='bbox 3153 468 3429 534; x_wconf 79' lang='lat' dir='ltr'><strong>Avalensi,</strong></span> <span class='ocrx_word' id='word_1_126' title='bbox 3460 469 3513 521; x_wconf 91' lang='lat' dir='ltr'><strong>in</strong></span> <span class='ocrx_word' id='word_1_127' title='bbox 3543 468 3672 521; x_wconf 81' lang='lat' dir='ltr'><strong>villa</strong></span> <span class='ocrx_word' id='word_1_128' title='bbox 3704 468 3842 521; x_wconf 62' lang='lat' dir='ltr'><strong>Maro</strong></span> 
     </span>
    </p>
   </div>
   <div class='ocr_carea' id='block_1_20' title="bbox 2263 560 3841 629">
    <p class='ocr_par' dir='ltr' id='par_1_20' title="bbox 2263 560 3841 629">
     <span class='ocr_line' id='line_1_20' title="bbox 2263 560 3841 629; baseline -0.003 -13"><span class='ocrx_word' id='word_1_129' title='bbox 2263 562 2460 616; x_wconf 85' lang='lat' dir='ltr'><strong>tiniaco</strong></span> <span class='ocrx_word' id='word_1_130' title='bbox 2484 603 2497 624; x_wconf 94' lang='lat'><strong>,</strong></span> <span class='ocrx_word' id='word_1_131' title='bbox 2533 561 2829 617; x_wconf 88' lang='lat' dir='ltr'><strong>indictione</strong></span> <span class='ocrx_word' id='word_1_132' title='bbox 2873 577 2969 617; x_wconf 81' lang='lat' dir='ltr'><strong>vm</strong></span> <span class='ocrx_word' id='word_1_133' title='bbox 2997 601 3012 624; x_wconf 89' lang='lat'><strong>,</strong></span> <span class='ocrx_word' id='word_1_134' title='bbox 3046 575 3166 629; x_wconf 67' lang='lat' dir='ltr'><strong>quae</strong></span> <span class='ocrx_word' id='word_1_135' title='bbox 3197 572 3376 614; x_wconf 87' lang='lat' dir='ltr'><strong>tamen</strong></span> <span class='ocrx_word' id='word_1_136' title='bbox 3411 575 3535 614; x_wconf 92' lang='lat' dir='ltr'><strong>eum</strong></span> <span class='ocrx_word' id='word_1_137' title='bbox 3564 560 3669 613; x_wconf 88' lang='lat' dir='ltr'><strong>hoc</strong></span> <span class='ocrx_word' id='word_1_138' title='bbox 3701 574 3841 613; x_wconf 89' lang='lat' dir='ltr'><strong>anno</strong></span> 
     </span>
    </p>
   </div>
   <div class='ocr_carea' id='block_1_21' title="bbox 2261 649 3843 732">
    <p class='ocr_par' dir='ltr' id='par_1_21' title="bbox 2261 649 3843 732">
     <span class='ocr_line' id='line_1_21' title="bbox 2261 649 3843 732; baseline -0.001 -26"><span class='ocrx_word' id='word_1_139' title='bbox 2261 669 2367 707; x_wconf 91' lang='lat' dir='ltr'><strong>non</strong></span> <span class='ocrx_word' id='word_1_140' title='bbox 2396 654 2711 732; x_wconf 82' lang='lat' dir='ltr'><strong>concordat.</strong></span> <span class='ocrx_word' id='word_1_141' title='bbox 2743 652 3193 722; x_wconf 89' lang='lat' dir='ltr'><strong>Subscripserunt</strong></span> <span class='ocrx_word' id='word_1_142' title='bbox 3239 651 3534 705; x_wconf 89' lang='lat' dir='ltr'><strong>Ermuinus</strong></span> <span class='ocrx_word' id='word_1_143' title='bbox 3555 649 3843 719; x_wconf 77' lang='lat' dir='ltr'><strong>episcopus</strong></span> 
     </span>
    </p>
   </div>
   <div class='ocr_carea' id='block_1_22' title="bbox 2264 739 3844 814">
    <p class='ocr_par' dir='ltr' id='par_1_22' title="bbox 2264 739 3844 814">
     <span class='ocr_line' id='line_1_22' title="bbox 2264 739 3844 814; baseline -0.002 -16"><span class='ocrx_word' id='word_1_144' title='bbox 2264 743 2830 814; x_wconf 77' lang='lat' dir='ltr'><strong>(Augustodunensis),</strong></span> <span class='ocrx_word' id='word_1_145' title='bbox 2871 743 3172 798; x_wconf 90' lang='lat' dir='ltr'><strong>Landricus</strong></span> <span class='ocrx_word' id='word_1_146' title='bbox 3207 757 3409 806; x_wconf 90' lang='lat' dir='ltr'><strong>comes,</strong></span> <span class='ocrx_word' id='word_1_147' title='bbox 3452 750 3506 796; x_wconf 89' lang='lat' dir='ltr'><strong>et</strong></span> <span class='ocrx_word' id='word_1_148' title='bbox 3545 739 3844 796; x_wconf 81' lang='lat' dir='ltr'><strong>Rainaldus</strong></span> 
     </span>
    </p>
   </div>
   <div class='ocr_carea' id='block_1_23' title="bbox 2263 829 3844 903">
    <p class='ocr_par' dir='ltr' id='par_1_23' title="bbox 2263 829 3844 903">
     <span class='ocr_line' id='line_1_23' title="bbox 2263 829 3844 903; baseline -0.003 -14"><span class='ocrx_word' id='word_1_149' title='bbox 2263 833 2379 903; x_wconf 84' lang='lat' dir='ltr'><strong>ejus</strong></span> <span class='ocrx_word' id='word_1_150' title='bbox 2408 835 2570 888; x_wconf 85' lang='lat' dir='ltr'><strong>ﬁlius.</strong></span> <span class='ocrx_word' id='word_1_151' title='bbox 2608 833 2810 889; x_wconf 89' lang='lat' dir='ltr'><strong>Eodem</strong></span> <span class='ocrx_word' id='word_1_152' title='bbox 2853 833 3075 888; x_wconf 77' lang='lat' dir='ltr'><strong>Robe‘rti</strong></span> <span class='ocrx_word' id='word_1_153' title='bbox 3114 833 3257 902; x_wconf 84' lang='lat' dir='ltr'><strong>regis</strong></span> <span class='ocrx_word' id='word_1_154' title='bbox 3291 832 3550 896; x_wconf 68' lang='lat' dir='ltr'><strong>anno,“</strong></span> <span class='ocrx_word' id='word_1_155' title='bbox 3573 829 3844 885; x_wconf 79' lang='lat' dir='ltr'><strong>Kalendas</strong></span> 
     </span>
    </p>
   </div>
   <div class='ocr_carea' id='block_1_24' title="bbox 2261 921 3843 991">
    <p class='ocr_par' dir='ltr' id='par_1_24' title="bbox 2261 921 3843 991">
     <span class='ocr_line' id='line_1_24' title="bbox 2261 921 3843 991; baseline -0.004 -10"><span class='ocrx_word' id='word_1_156' title='bbox 2261 924 2408 990; x_wconf 79' lang='lat' dir='ltr'><strong>Julii,</strong></span> <span class='ocrx_word' id='word_1_157' title='bbox 2439 925 2561 979; x_wconf 87' lang='lat' dir='ltr'><strong>luna</strong></span> <span class='ocrx_word' id='word_1_158' title='bbox 2584 941 2705 991; x_wconf 80' lang='lat' dir='ltr'><strong>xm,</strong></span> <span class='ocrx_word' id='word_1_159' title='bbox 2740 925 2850 980; x_wconf 88' lang='lat' dir='ltr'><strong>dati</strong></span> <span class='ocrx_word' id='word_1_160' title='bbox 2877 922 3094 980; x_wconf 82' lang='lat' dir='ltr'><strong>fuerunt</strong></span> <span class='ocrx_word' id='word_1_161' title='bbox 3134 923 3348 980; x_wconf 87' lang='lat' dir='ltr'><strong>Odiloni</strong></span> <span class='ocrx_word' id='word_1_162' title='bbox 3391 923 3572 978; x_wconf 85' lang='lat' dir='ltr'><strong>abbati</strong></span> <span class='ocrx_word' id='word_1_163' title='bbox 3621 921 3843 976; x_wconf 82' lang='lat' dir='ltr'><strong>Clunia-</strong></span> 
     </span>
    </p>
   </div>
   <div class='ocr_carea' id='block_1_25' title="bbox 2264 1013 3844 1082">
    <p class='ocr_par' dir='ltr' id='par_1_25' title="bbox 2264 1013 3844 1082">
     <span class='ocr_line' id='line_1_25' title="bbox 2264 1013 3844 1082; baseline -0.004 -10"><span class='ocrx_word' id='word_1_164' title='bbox 2264 1019 2411 1073; x_wconf 87' lang='lat' dir='ltr'><strong>censi</strong></span> <span class='ocrx_word' id='word_1_165' title='bbox 2454 1019 2558 1073; x_wconf 90' lang='lat' dir='ltr'><strong>duo</strong></span> <span class='ocrx_word' id='word_1_166' title='bbox 2609 1017 2782 1072; x_wconf 88' lang='lat' dir='ltr'><strong>mansi</strong></span> <span class='ocrx_word' id='word_1_167' title='bbox 2833 1018 2887 1071; x_wconf 91' lang='lat' dir='ltr'><strong>in</strong></span> <span class='ocrx_word' id='word_1_168' title='bbox 2932 1015 3454 1082; x_wconf 76' lang='lat' dir='ltr'><strong>Villa-Francorum,</strong></span> <span class='ocrx_word' id='word_1_169' title='bbox 3485 1014 3543 1069; x_wconf 87' lang='lat' dir='ltr'><strong>in</strong></span> <span class='ocrx_word' id='word_1_170' title='bbox 3585 1013 3844 1068; x_wconf 77' lang='lat' dir='ltr'><strong>comitatu</strong></span> 
     </span>
    </p>
   </div>
   <div class='ocr_carea' id='block_1_26' title="bbox 2266 1100 3845 1175">
    <p class='ocr_par' dir='ltr' id='par_1_26' title="bbox 2266 1100 3845 1175">
     <span class='ocr_line' id='line_1_26' title="bbox 2266 1100 3845 1175; baseline -0.004 -12"><span class='ocrx_word' id='word_1_171' title='bbox 2266 1109 2661 1164; x_wconf 84' lang='lat' dir='ltr'><strong>Matisconensi.</strong></span> <span class='ocrx_word' id='word_1_172' title='bbox 2717 1107 3000 1161; x_wconf 89' lang='lat' dir='ltr'><strong>Donationi</strong></span> <span class='ocrx_word' id='word_1_173' title='bbox 3059 1105 3497 1175; x_wconf 80' lang='lat' dir='ltr'><strong>subscripserunt</strong></span> <span class='ocrx_word' id='word_1_174' title='bbox 3539 1100 3845 1159; x_wconf 86' lang='lat' dir='ltr'><strong>Gauslenus</strong></span> 
     </span>
    </p>
   </div>
   <div class='ocr_carea' id='block_1_27' title="bbox 2264 1197 3206 1268">
    <p class='ocr_par' dir='ltr' id='par_1_27' title="bbox 2264 1197 3206 1268">
     <span class='ocr_line' id='line_1_27' title="bbox 2264 1197 3206 1268; baseline -0.006 -15"><span class='ocrx_word' id='word_1_175' title='bbox 2264 1199 2550 1268; x_wconf 89' lang='lat' dir='ltr'><strong>episcopus</strong></span> <span class='ocrx_word' id='word_1_176' title='bbox 2581 1209 2631 1252; x_wconf 88' lang='lat' dir='ltr'><strong>et</strong></span> <span class='ocrx_word' id='word_1_177' title='bbox 2673 1197 2831 1265; x_wconf 69' lang='lat' dir='ltr'><strong>Wigo</strong></span> <span class='ocrx_word' id='word_1_178' title='bbox 2858 1197 3206 1250; x_wconf 79' lang='lat' dir='ltr'><strong>vice-comes.</strong></span> 
     </span>
    </p>
   </div>
   <div class='ocr_carea' id='block_1_28' title="bbox 2333 1281 3848 1353">
    <p class='ocr_par' dir='ltr' id='par_1_28' title="bbox 2333 1281 3848 1353">
     <span class='ocr_line' id='line_1_28' title="bbox 2333 1281 3848 1353; baseline -0.004 -11"><span class='ocrx_word' id='word_1_179' title='bbox 2333 1288 2422 1342; x_wconf 73' lang='grc'><strong>42.</strong></span> <span class='ocrx_word' id='word_1_180' title='bbox 2445 1289 2602 1342; x_wconf 84' lang='grc' dir='ltr'>Αηιιο</span> <span class='ocrx_word' id='word_1_181' title='bbox 2623 1303 2792 1340; x_wconf 64' lang='lat' dir='ltr'><strong>xxviii</strong></span> <span class='ocrx_word' id='word_1_182' title='bbox 2826 1285 3046 1340; x_wconf 78' lang='lat' dir='ltr'><strong>Iloherti</strong></span> <span class='ocrx_word' id='word_1_183' title='bbox 3082 1284 3244 1353; x_wconf 87' lang='lat' dir='ltr'><strong>regis,</strong></span> <span class='ocrx_word' id='word_1_184' title='bbox 3274 1297 3458 1338; x_wconf 88' lang='lat' dir='ltr'><strong>mense</strong></span> <span class='ocrx_word' id='word_1_185' title='bbox 3486 1281 3708 1345; x_wconf 77' lang='lat' dir='ltr'><strong>Martio,</strong></span> <span class='ocrx_word' id='word_1_186' title='bbox 3734 1296 3848 1350; x_wconf 89' lang='lat' dir='ltr'><strong>pro-</strong></span> 
     </span>
    </p>
   </div>
   <div class='ocr_carea' id='block_1_29' title="bbox 2267 1374 3848 1450">
    <p class='ocr_par' dir='ltr' id='par_1_29' title="bbox 2267 1374 3848 1450">
     <span class='ocr_line' id='line_1_29' title="bbox 2267 1374 3848 1450; baseline -0.003 -18"><span class='ocrx_word' id='word_1_187' title='bbox 2267 1379 2497 1450; x_wconf 90' lang='lat' dir='ltr'><strong>indeque</strong></span> <span class='ocrx_word' id='word_1_188' title='bbox 2519 1395 2660 1433; x_wconf 90' lang='lat' dir='ltr'><strong>anno</strong></span> <span class='ocrx_word' id='word_1_189' title='bbox 2688 1379 2845 1443; x_wconf 68' lang='lat' dir='ltr'><strong>i025,</strong></span> <span class='ocrx_word' id='word_1_190' title='bbox 2877 1378 3035 1431; x_wconf 83' lang='lat' dir='ltr'><strong>datur</strong></span> <span class='ocrx_word' id='word_1_191' title='bbox 3057 1376 3266 1432; x_wconf 78' lang='lat' dir='ltr'><strong>Odiloni</strong></span> <span class='ocrx_word' id='word_1_192' title='bbox 3293 1374 3848 1431; x_wconf 85' lang='lat' dir='ltr'><strong>abbati&#39;Cluniacensi</strong></span> 
     </span>
    </p>
   </div>
   <div class='ocr_carea' id='block_1_30' title="bbox 2267 1466 3848 1539">
    <p class='ocr_par' dir='ltr' id='par_1_30' title="bbox 2267 1466 3848 1539">
     <span class='ocr_line' id='line_1_30' title="bbox 2267 1466 3848 1539; baseline -0.003 -15"><span class='ocrx_word' id='word_1_193' title='bbox 2267 1471 2493 1526; x_wconf 90' lang='lat' dir='ltr'><strong>curtilus</strong></span> <span class='ocrx_word' id='word_1_194' title='bbox 2521 1471 2574 1525; x_wconf 91' lang='lat' dir='ltr'><strong>in</strong></span> <span class='ocrx_word' id='word_1_195' title='bbox 2599 1470 2720 1524; x_wconf 86' lang='lat' dir='ltr'><strong>villa</strong></span> <span class='ocrx_word' id='word_1_196' title='bbox 2752 1469 2980 1534; x_wconf 88' lang='lat' dir='ltr'><strong>Casotis,</strong></span> <span class='ocrx_word' id='word_1_197' title='bbox 3011 1469 3064 1523; x_wconf 93' lang='lat' dir='ltr'><strong>in</strong></span> <span class='ocrx_word' id='word_1_198' title='bbox 3095 1484 3227 1539; x_wconf 79' lang='lat' dir='ltr'><strong>agro</strong></span> <span class='ocrx_word' id='word_1_199' title='bbox 3258 1467 3598 1533; x_wconf 86' lang='lat' dir='ltr'><strong>Saloruiaco,</strong></span> <span class='ocrx_word' id='word_1_200' title='bbox 3634 1466 3689 1520; x_wconf 91' lang='lat' dir='ltr'><strong>in</strong></span> <span class='ocrx_word' id='word_1_201' title='bbox 3715 1483 3848 1537; x_wconf 79' lang='lat' dir='ltr'><strong>pago</strong></span> 
     </span>
    </p>
   </div>
   <div class='ocr_carea' id='block_1_31' title="bbox 2269 1559 3848 1629">
    <p class='ocr_par' dir='ltr' id='par_1_31' title="bbox 2269 1559 3848 1629">
     <span class='ocr_line' id='line_1_31' title="bbox 2269 1559 3848 1629; baseline -0.003 -15"><span class='ocrx_word' id='word_1_202' title='bbox 2269 1559 2672 1617; x_wconf 83' lang='lat' dir='ltr'><strong>Matisconensi.</strong></span> <span class='ocrx_word' id='word_1_203' title='bbox 2699 1561 2912 1616; x_wconf 68' lang='lat' dir='ltr'><strong>Charta:</strong></span> <span class='ocrx_word' id='word_1_204' title='bbox 2936 1561 3251 1629; x_wconf 79' lang='lat' dir='ltr'><strong>subscripsit</strong></span> <span class='ocrx_word' id='word_1_205' title='bbox 3272 1560 3400 1616; x_wconf 85' lang='lat' dir='ltr'><strong>Otto</strong></span> <span class='ocrx_word' id='word_1_206' title='bbox 3420 1574 3630 1624; x_wconf 90' lang='lat' dir='ltr'><strong>comes,</strong></span> <span class='ocrx_word' id='word_1_207' title='bbox 3651 1568 3706 1614; x_wconf 89' lang='lat' dir='ltr'><strong>et</strong></span> <span class='ocrx_word' id='word_1_208' title='bbox 3729 1560 3848 1613; x_wconf 86' lang='lat' dir='ltr'><strong>data</strong></span> 
     </span>
    </p>
   </div>
   <div class='ocr_carea' id='block_1_32' title="bbox 2269 1651 3851 1721">
    <p class='ocr_par' dir='ltr' id='par_1_32' title="bbox 2269 1651 3851 1721">
     <span class='ocr_line' id='line_1_32' title="bbox 2269 1651 3851 1721; baseline -0.003 -15"><span class='ocrx_word' id='word_1_209' title='bbox 2269 1653 2469 1707; x_wconf 89' lang='lat' dir='ltr'><strong>dicitur</strong></span> <span class='ocrx_word' id='word_1_210' title='bbox 2509 1653 2802 1707; x_wconf 80' lang='lat' dir='ltr'><strong>indictione</strong></span> <span class='ocrx_word' id='word_1_211' title='bbox 2850 1668 2903 1704; x_wconf 74' lang='grc' dir='ltr'><strong>χι</strong></span> <span class='ocrx_word' id='word_1_212' title='bbox 2928 1693 2940 1714; x_wconf 85' lang='grc'><strong>,</strong></span> <span class='ocrx_word' id='word_1_213' title='bbox 2974 1667 3092 1721; x_wconf 67' lang='lat' dir='ltr'><strong>qum</strong></span> <span class='ocrx_word' id='word_1_214' title='bbox 3124 1668 3244 1706; x_wconf 80' lang='lat' dir='ltr'><strong>rum</strong></span> <span class='ocrx_word' id='word_1_215' title='bbox 3277 1651 3665 1721; x_wconf 88' lang='lat' dir='ltr'><strong>suprascriptis</strong></span> <span class='ocrx_word' id='word_1_216' title='bbox 3693 1651 3851 1705; x_wconf 91' lang='lat' dir='ltr'><strong>chro-</strong></span> 
     </span>
    </p>
   </div>
   <div class='ocr_carea' id='block_1_33' title="bbox 565 1731 2170 1813">
    <p class='ocr_par' dir='ltr' id='par_1_33' title="bbox 565 1731 2164 1805">
     <span class='ocr_line' id='line_1_33' title="bbox 565 1731 2164 1805; baseline -0.012 -2"><span class='ocrx_word' id='word_1_217' title='bbox 565 1749 792 1802; x_wconf 72' lang='lat' dir='ltr'><strong>‘tiouem</strong></span> <span class='ocrx_word' id='word_1_218' title='bbox 841 1747 1035 1799; x_wconf 87' lang='lat' dir='ltr'><strong>iterata</strong></span> <span class='ocrx_word' id='word_1_219' title='bbox 1087 1742 1276 1796; x_wconf 87' lang='lat' dir='ltr'><strong>charta</strong></span> <span class='ocrx_word' id='word_1_220' title='bbox 1320 1739 1502 1805; x_wconf 87' lang='lat' dir='ltr'><strong>donat,</strong></span> <span class='ocrx_word' id='word_1_221' title='bbox 1532 1751 1672 1791; x_wconf 91' lang='lat' dir='ltr'><strong>anno</strong></span> <span class='ocrx_word' id='word_1_222' title='bbox 1720 1749 1892 1788; x_wconf 85' lang='lat' dir='ltr'><strong>xxxm</strong></span> <span class='ocrx_word' id='word_1_223' title='bbox 1944 1731 2164 1788; x_wconf 76' lang='lat' dir='ltr'><strong>Itoberti</strong></span> 
     </span>
    </p>
   </div>
   <div class='ocr_carea' id='block_1_34' title="bbox 2272 1731 3851 1813">
    <p class='ocr_par' dir='ltr' id='par_1_34' title="bbox 2272 1743 3851 1813">
     <span class='ocr_line' id='line_1_34' title="bbox 2272 1743 3851 1813; baseline -0.003 -15"><span class='ocrx_word' id='word_1_224' title='bbox 2272 1743 2495 1813; x_wconf 72' lang='lat' dir='ltr'><strong>nologizn</strong></span> <span class='ocrx_word' id='word_1_225' title='bbox 2525 1745 2669 1798; x_wconf 91' lang='lat' dir='ltr'><strong>notis</strong></span> <span class='ocrx_word' id='word_1_226' title='bbox 2692 1757 2797 1797; x_wconf 90' lang='lat' dir='ltr'><strong>non</strong></span> <span class='ocrx_word' id='word_1_227' title='bbox 2817 1744 3090 1807; x_wconf 80' lang='lat' dir='ltr'><strong>convenit,</strong></span> <span class='ocrx_word' id='word_1_228' title='bbox 3124 1758 3221 1798; x_wconf 90' lang='lat' dir='ltr'><strong>nec</strong></span> <span class='ocrx_word' id='word_1_229' title='bbox 3250 1743 3414 1798; x_wconf 87' lang='lat' dir='ltr'><strong>etiam</strong></span> <span class='ocrx_word' id='word_1_230' title='bbox 3451 1758 3576 1797; x_wconf 90' lang='lat' dir='ltr'><strong>cum</strong></span> <span class='ocrx_word' id='word_1_231' title='bbox 3606 1743 3851 1812; x_wconf 86' lang='lat' dir='ltr'><strong>ejusdem</strong></span> 
     </span>
    </p>
   </div>
   <div class='ocr_carea' id='block_1_35' title="bbox 591 1823 2160 1910">
    <p class='ocr_par' dir='ltr' id='par_1_35' title="bbox 591 1823 2160 1910">
     <span class='ocr_line' id='line_1_35' title="bbox 591 1823 2160 1910; baseline -0.012 -17"><span class='ocrx_word' id='word_1_232' title='bbox 591 1840 769 1910; x_wconf 85' lang='lat' dir='ltr'><strong>regis,</strong></span> <span class='ocrx_word' id='word_1_233' title='bbox 807 1837 862 1892; x_wconf 90' lang='lat' dir='ltr'><strong>id</strong></span> <span class='ocrx_word' id='word_1_234' title='bbox 907 1845 1004 1891; x_wconf 89' lang='lat' dir='ltr'><strong>est.</strong></span> <span class='ocrx_word' id='word_1_235' title='bbox 1051 1831 1188 1888; x_wconf 74' lang='grc'><strong>1028</strong></span> <span class='ocrx_word' id='word_1_236' title='bbox 1235 1831 1283 1886; x_wconf 90' lang='lat' dir='ltr'><strong>si</strong></span> <span class='ocrx_word' id='word_1_237' title='bbox 1335 1830 1401 1884; x_wconf 88' lang='lat' dir='ltr'><strong>de</strong></span> <span class='ocrx_word' id='word_1_238' title='bbox 1447 1825 1759 1882; x_wconf 88' lang='lat' dir='ltr'><strong>monarchia</strong></span> <span class='ocrx_word' id='word_1_239' title='bbox 1809 1823 2160 1892; x_wconf 83' lang='lat' dir='ltr'><strong>intelligatur.</strong></span> 
     </span>
    </p>
   </div>
   <div class='ocr_carea' id='block_1_36' title="bbox 591 1913 2164 1986">
    <p class='ocr_par' dir='ltr' id='par_1_36' title="bbox 591 1913 2164 1986">
     <span class='ocr_line' id='line_1_36' title="bbox 591 1913 2164 1986; baseline -0.013 0"><span class='ocrx_word' id='word_1_240' title='bbox 591 1932 873 1986; x_wconf 79' lang='lat' dir='ltr'><strong>Habentur</strong></span> <span class='ocrx_word' id='word_1_241' title='bbox 927 1929 981 1982; x_wconf 90' lang='lat' dir='ltr'><strong>in</strong></span> <span class='ocrx_word' id='word_1_242' title='bbox 1033 1922 1304 1981; x_wconf 91' lang='lat' dir='ltr'><strong>chartario</strong></span> <span class='ocrx_word' id='word_1_243' title='bbox 1355 1919 1695 1976; x_wconf 88' lang='lat' dir='ltr'><strong>Cluniacensi</strong></span> <span class='ocrx_word' id='word_1_244' title='bbox 1763 1917 1879 1971; x_wconf 73' lang='lat' dir='ltr'><strong>alia:</strong></span> <span class='ocrx_word' id='word_1_245' title='bbox 1926 1913 2164 1983; x_wconf 85' lang='lat' dir='ltr'><strong>ejusdem</strong></span> 
     </span>
    </p>
   </div>
   <div class='ocr_carea' id='block_1_37' title="bbox 592 2006 2167 2086">
    <p class='ocr_par' dir='ltr' id='par_1_37' title="bbox 592 2006 2167 2086">
     <span class='ocr_line' id='line_1_37' title="bbox 592 2006 2167 2086; baseline -0.011 -10"><span class='ocrx_word' id='word_1_246' title='bbox 592 2019 838 2077; x_wconf 81' lang='lat' dir='ltr'><strong>Wicardi</strong></span> <span class='ocrx_word' id='word_1_247' title='bbox 885 2029 1217 2086; x_wconf 88' lang='lat' dir='ltr'><strong>suorumque</strong></span> <span class='ocrx_word' id='word_1_248' title='bbox 1265 2011 1501 2066; x_wconf 86' lang='lat' dir='ltr'><strong>atlinium</strong></span> <span class='ocrx_word' id='word_1_249' title='bbox 1550 2011 1774 2074; x_wconf 54' lang='lat' dir='ltr'><strong>charta,</strong></span> <span class='ocrx_word' id='word_1_250' title='bbox 1821 2007 1914 2062; x_wconf 89' lang='lat' dir='ltr'><strong>sed</strong></span> <span class='ocrx_word' id='word_1_251' title='bbox 1963 2006 2167 2074; x_wconf 89' lang='lat' dir='ltr'><strong>absque</strong></span> 
     </span>
    </p>
   </div>
   <div class='ocr_carea' id='block_1_38' title="bbox 592 2095 2167 2182">
    <p class='ocr_par' dir='ltr' id='par_1_38' title="bbox 592 2095 2167 2182">
     <span class='ocr_line' id='line_1_38' title="bbox 592 2095 2167 2182; baseline -0.012 -15"><span class='ocrx_word' id='word_1_252' title='bbox 592 2113 751 2167; x_wconf 89' lang='lat' dir='ltr'><strong>datis.</strong></span> <span class='ocrx_word' id='word_1_253' title='bbox 807 2111 976 2182; x_wconf 85' lang='lat' dir='ltr'><strong>Ipsius</strong></span> <span class='ocrx_word' id='word_1_254' title='bbox 1026 2107 1360 2163; x_wconf 83' lang='lat' dir='ltr'><strong>Wadiatores</strong></span> <span class='ocrx_word' id='word_1_255' title='bbox 1409 2104 1678 2159; x_wconf 85' lang='lat' dir='ltr'><strong>donarunt</strong></span> <span class='ocrx_word' id='word_1_256' title='bbox 1729 2097 1940 2154; x_wconf 89' lang='lat' dir='ltr'><strong>Odiloni</strong></span> <span class='ocrx_word' id='word_1_257' title='bbox 1985 2095 2167 2151; x_wconf 85' lang='lat' dir='ltr'><strong>abbati</strong></span> 
     </span>
    </p>
   </div>
   <div class='ocr_carea' id='block_1_39' title="bbox 592 2191 2168 2261">
    <p class='ocr_par' dir='ltr' id='par_1_39' title="bbox 592 2191 2168 2261">
     <span class='ocr_line' id='line_1_39' title="bbox 592 2191 2168 2261; baseline -0.011 -2"><span class='ocrx_word' id='word_1_258' title='bbox 592 2203 876 2259; x_wconf 87' lang='lat' dir='ltr'><strong>ecclesiam</strong></span> <span class='ocrx_word' id='word_1_259' title='bbox 932 2201 1107 2260; x_wconf 80' lang='lat' dir='ltr'><strong>sancti</strong></span> <span class='ocrx_word' id='word_1_260' title='bbox 1168 2196 1384 2251; x_wconf 86' lang='lat' dir='ltr'><strong>Martini</strong></span> <span class='ocrx_word' id='word_1_261' title='bbox 1435 2195 1490 2249; x_wconf 93' lang='lat' dir='ltr'><strong>in</strong></span> <span class='ocrx_word' id='word_1_262' title='bbox 1535 2193 1659 2248; x_wconf 87' lang='lat' dir='ltr'><strong>villa</strong></span> <span class='ocrx_word' id='word_1_263' title='bbox 1700 2191 1892 2258; x_wconf 81' lang='lat' dir='ltr'><strong>Vallis,</strong></span> <span class='ocrx_word' id='word_1_264' title='bbox 1927 2191 1978 2243; x_wconf 92' lang='lat' dir='ltr'><strong>in</strong></span> <span class='ocrx_word' id='word_1_265' title='bbox 2030 2202 2168 2261; x_wconf 81' lang='lat' dir='ltr'><strong>pago</strong></span> 
     </span>
    </p>
   </div>
   <div class='ocr_carea' id='block_1_40' title="bbox 583 2291 957 2362">
    <p class='ocr_par' dir='ltr' id='par_1_40' title="bbox 583 2291 957 2362">
     <span class='ocr_line' id='line_1_40' title="bbox 583 2291 957 2362; baseline -0.013 -14"><span class='ocrx_word' id='word_1_266' title='bbox 583 2291 957 2362; x_wconf 75' lang='lat' dir='ltr'><strong>Lugdunensi.</strong></span> 
     </span>
    </p>
   </div>
   <div class='ocr_carea' id='block_1_41' title="bbox 655 2369 2170 2439">
    <p class='ocr_par' dir='ltr' id='par_1_41' title="bbox 655 2369 2170 2439">
     <span class='ocr_line' id='line_1_41' title="bbox 655 2369 2170 2439; baseline -0.009 -2"><span class='ocrx_word' id='word_1_267' title='bbox 655 2385 750 2439; x_wconf 79' lang='lat'><strong>.58.</strong></span> <span class='ocrx_word' id='word_1_268' title='bbox 790 2384 949 2438; x_wconf 82' lang='lat' dir='ltr'><strong>Anno</strong></span> <span class='ocrx_word' id='word_1_269' title='bbox 989 2379 1118 2434; x_wconf 74' lang='lat'><strong>1021</strong></span> <span class='ocrx_word' id='word_1_270' title='bbox 1163 2376 1469 2433; x_wconf 74' lang='lat' dir='ltr'><strong>Bernartius</strong></span> <span class='ocrx_word' id='word_1_271' title='bbox 1511 2375 1660 2430; x_wconf 67' lang='lat' dir='ltr'><strong>dedit</strong></span> <span class='ocrx_word' id='word_1_272' title='bbox 1685 2369 2024 2428; x_wconf 82' lang='lat' dir='ltr'><strong>Cluniacensi</strong></span> <span class='ocrx_word' id='word_1_273' title='bbox 2057 2385 2170 2423; x_wconf 86' lang='lat' dir='ltr'><strong>mo-</strong></span> 
     </span>
    </p>
   </div>
   <div class='ocr_carea' id='block_1_42' title="bbox 585 2457 2166 2537">
    <p class='ocr_par' dir='ltr' id='par_1_42' title="bbox 585 2457 2166 2537">
     <span class='ocr_line' id='line_1_42' title="bbox 585 2457 2166 2537; baseline -0.011 -10"><span class='ocrx_word' id='word_1_274' title='bbox 585 2473 830 2528; x_wconf 73' lang='lat' dir='ltr'><strong>nasterio</strong></span> <span class='ocrx_word' id='word_1_275' title='bbox 879 2471 1081 2525; x_wconf 80' lang='lat' dir='ltr'><strong>Silvam</strong></span> <span class='ocrx_word' id='word_1_276' title='bbox 1114 2469 1410 2537; x_wconf 82' lang='lat' dir='ltr'><strong>Augustam</strong></span> <span class='ocrx_word' id='word_1_277' title='bbox 1441 2506 1454 2530; x_wconf 91' lang='lat'><strong>,</strong></span> <span class='ocrx_word' id='word_1_278' title='bbox 1488 2465 1540 2518; x_wconf 90' lang='lat' dir='ltr'><strong>in</strong></span> <span class='ocrx_word' id='word_1_279' title='bbox 1573 2477 1711 2534; x_wconf 82' lang='lat' dir='ltr'><strong>pago</strong></span> <span class='ocrx_word' id='word_1_280' title='bbox 1760 2457 2166 2515; x_wconf 83' lang='lat' dir='ltr'><strong>Matisconensi.</strong></span> 
     </span>
    </p>
   </div>
   <div class='ocr_carea' id='block_1_43' title="bbox 594 2549 2168 2629">
    <p class='ocr_par' dir='ltr' id='par_1_43' title="bbox 594 2549 2168 2629">
     <span class='ocr_line' id='line_1_43' title="bbox 594 2549 2168 2629; baseline -0.006 -15"><span class='ocrx_word' id='word_1_281' title='bbox 594 2566 810 2619; x_wconf 76' lang='lat' dir='ltr'><strong>Chartae</strong></span> <span class='ocrx_word' id='word_1_282' title='bbox 837 2561 1156 2629; x_wconf 78' lang='lat' dir='ltr'><strong>subscripsit</strong></span> <span class='ocrx_word' id='word_1_283' title='bbox 1200 2558 1324 2612; x_wconf 85' lang='lat' dir='ltr'><strong>Otto</strong></span> <span class='ocrx_word' id='word_1_284' title='bbox 1366 2570 1548 2612; x_wconf 86' lang='lat' dir='ltr'><strong>comes</strong></span> <span class='ocrx_word' id='word_1_285' title='bbox 1573 2595 1588 2621; x_wconf 89' lang='lat'><strong>,</strong></span> <span class='ocrx_word' id='word_1_286' title='bbox 1619 2570 1738 2623; x_wconf 71' lang='lat' dir='ltr'><strong>quae</strong></span> <span class='ocrx_word' id='word_1_287' title='bbox 1762 2554 1886 2608; x_wconf 89' lang='lat' dir='ltr'><strong>data</strong></span> <span class='ocrx_word' id='word_1_288' title='bbox 1918 2561 2001 2607; x_wconf 89' lang='lat' dir='ltr'><strong>est</strong></span> <span class='ocrx_word' id='word_1_289' title='bbox 2027 2549 2168 2605; x_wconf 92' lang='lat' dir='ltr'><strong>indi-</strong></span> 
     </span>
    </p>
   </div>
   <div class='ocr_carea' id='block_1_44' title="bbox 579 2644 2172 2720">
    <p class='ocr_par' dir='ltr' id='par_1_44' title="bbox 579 2644 2172 2720">
     <span class='ocr_line' id='line_1_44' title="bbox 579 2644 2172 2720; baseline -0.009 -9"><span class='ocrx_word' id='word_1_290' title='bbox 579 2658 777 2712; x_wconf 76' lang='lat' dir='ltr'><strong>ctione</strong></span> <span class='ocrx_word' id='word_1_291' title='bbox 807 2672 878 2720; x_wconf 86' lang='lat' dir='ltr'><strong>tv,</strong></span> <span class='ocrx_word' id='word_1_292' title='bbox 910 2670 1049 2707; x_wconf 87' lang='lat' dir='ltr'><strong>anno</strong></span> <span class='ocrx_word' id='word_1_293' title='bbox 1081 2663 1241 2705; x_wconf 74' lang='lat' dir='ltr'><strong>xsxw</strong></span> <span class='ocrx_word' id='word_1_294' title='bbox 1273 2649 1518 2704; x_wconf 77' lang='lat' dir='ltr'><strong>Rotberli</strong></span> <span class='ocrx_word' id='word_1_295' title='bbox 1543 2649 1702 2719; x_wconf 88' lang='lat' dir='ltr'><strong>regis,</strong></span> <span class='ocrx_word' id='word_1_296' title='bbox 1735 2663 1802 2702; x_wconf 90' lang='lat' dir='ltr'><strong>ex</strong></span> <span class='ocrx_word' id='word_1_297' title='bbox 1830 2662 1936 2715; x_wconf 92' lang='lat' dir='ltr'><strong>quo</strong></span> <span class='ocrx_word' id='word_1_298' title='bbox 1965 2644 2172 2700; x_wconf 90' lang='lat' dir='ltr'><strong>scilicet</strong></span> 
     </span>
    </p>
   </div>
   <div class='ocr_carea' id='block_1_45' title="bbox 579 2737 2171 2813">
    <p class='ocr_par' dir='ltr' id='par_1_45' title="bbox 579 2737 2171 2813">
     <span class='ocr_line' id='line_1_45' title="bbox 579 2737 2171 2813; baseline -0.007 -14"><span class='ocrx_word' id='word_1_299' title='bbox 579 2762 716 2806; x_wconf 87' lang='lat' dir='ltr'><strong>cum</strong></span> <span class='ocrx_word' id='word_1_300' title='bbox 746 2754 900 2813; x_wconf 88' lang='lat' dir='ltr'><strong>patre</strong></span> <span class='ocrx_word' id='word_1_301' title='bbox 928 2742 1087 2797; x_wconf 86' lang='lat' dir='ltr'><strong>simul</strong></span> <span class='ocrx_word' id='word_1_302' title='bbox 1126 2755 1351 2811; x_wconf 83' lang='lat' dir='ltr'><strong>regnare</strong></span> <span class='ocrx_word' id='word_1_303' title='bbox 1382 2746 1577 2810; x_wconf 70' lang='lat' dir='ltr'><strong>empti;</strong></span> <span class='ocrx_word' id='word_1_304' title='bbox 1623 2754 1748 2793; x_wconf 90' lang='lat' dir='ltr'><strong>nam</strong></span> <span class='ocrx_word' id='word_1_305' title='bbox 1790 2737 1926 2793; x_wconf 88' lang='lat' dir='ltr'><strong>alias</strong></span> <span class='ocrx_word' id='word_1_306' title='bbox 1967 2749 2171 2790; x_wconf 90' lang='lat' dir='ltr'><strong>annum</strong></span> 
     </span>
    </p>
   </div>
   <div class='ocr_carea' id='block_1_46' title="bbox 596 2826 2174 2902">
    <p class='ocr_par' dir='ltr' id='par_1_46' title="bbox 596 2826 2174 2902">
     <span class='ocr_line' id='line_1_46' title="bbox 596 2826 2174 2902; baseline -0.005 -14"><span class='ocrx_word' id='word_1_307' title='bbox 596 2836 734 2888; x_wconf 72' lang='lat'><strong>1029</strong></span> <span class='ocrx_word' id='word_1_308' title='bbox 765 2833 1103 2902; x_wconf 82' lang='lat' dir='ltr'><strong>designaret,</strong></span> <span class='ocrx_word' id='word_1_309' title='bbox 1132 2833 1225 2885; x_wconf 89' lang='lat' dir='ltr'><strong>sed</strong></span> <span class='ocrx_word' id='word_1_310' title='bbox 1261 2830 1546 2886; x_wconf 82' lang='lat' dir='ltr'><strong>dissideret</strong></span> <span class='ocrx_word' id='word_1_311' title='bbox 1587 2829 1812 2885; x_wconf 90' lang='lat' dir='ltr'><strong>indictio</strong></span> <span class='ocrx_word' id='word_1_312' title='bbox 1836 2869 1850 2895; x_wconf 92' lang='lat'><strong>,</strong></span> <span class='ocrx_word' id='word_1_313' title='bbox 1894 2828 1998 2882; x_wconf 89' lang='lat' dir='ltr'><strong>nisi</strong></span> <span class='ocrx_word' id='word_1_314' title='bbox 2032 2826 2174 2882; x_wconf 77' lang='lat' dir='ltr'><strong>forte</strong></span> 
     </span>
    </p>
   </div>
   <div class='ocr_carea' id='block_1_47' title="bbox 598 2916 2174 2995">
    <p class='ocr_par' dir='ltr' id='par_1_47' title="bbox 598 2916 2174 2995">
     <span class='ocr_line' id='line_1_47' title="bbox 598 2916 2174 2995; baseline -0.006 -15"><span class='ocrx_word' id='word_1_315' title='bbox 598 2944 669 2980; x_wconf 75' lang='lat' dir='ltr'><strong>xu</strong></span> <span class='ocrx_word' id='word_1_316' title='bbox 699 2941 796 2995; x_wconf 88' lang='lat' dir='ltr'><strong>pro</strong></span> <span class='ocrx_word' id='word_1_317' title='bbox 847 2941 898 2978; x_wconf 86' lang='lat' dir='ltr'><strong>tv</strong></span> <span class='ocrx_word' id='word_1_318' title='bbox 945 2924 1174 2992; x_wconf 76' lang='lat' dir='ltr'><strong>legatur.</strong></span> <span class='ocrx_word' id='word_1_319' title='bbox 1223 2922 1377 2976; x_wconf 86' lang='lat' dir='ltr'><strong>Anno</strong></span> <span class='ocrx_word' id='word_1_320' title='bbox 1425 2937 1549 2977; x_wconf 76' lang='lat' dir='ltr'><strong>xxvr</strong></span> <span class='ocrx_word' id='word_1_321' title='bbox 1602 2920 1838 2989; x_wconf 82' lang='lat' dir='ltr'><strong>ejusdem</strong></span> <span class='ocrx_word' id='word_1_322' title='bbox 1885 2919 2046 2990; x_wconf 89' lang='lat' dir='ltr'><strong>regis,</strong></span> <span class='ocrx_word' id='word_1_323' title='bbox 2080 2916 2174 2986; x_wconf 88' lang='lat' dir='ltr'><strong>qui</strong></span> 
     </span>
    </p>
   </div>
   <div class='ocr_carea' id='block_1_48' title="bbox 596 3006 2172 3080">
    <p class='ocr_par' dir='ltr' id='par_1_48' title="bbox 596 3006 2172 3080">
     <span class='ocr_line' id='line_1_48' title="bbox 596 3006 2172 3080; baseline -0.004 -13"><span class='ocrx_word' id='word_1_324' title='bbox 596 3033 717 3069; x_wconf 66' lang='lat' dir='ltr'><strong>cum</strong></span> <span class='ocrx_word' id='word_1_325' title='bbox 762 3029 902 3068; x_wconf 85' lang='lat' dir='ltr'><strong>anno</strong></span> <span class='ocrx_word' id='word_1_326' title='bbox 957 3011 1344 3067; x_wconf 79' lang='lat' dir='ltr'><strong>incarnationis</strong></span> <span class='ocrx_word' id='word_1_327' title='bbox 1378 3010 1508 3064; x_wconf 72' lang='grc'><strong>1021</strong></span> <span class='ocrx_word' id='word_1_328' title='bbox 1561 3017 1616 3065; x_wconf 87' lang='lat' dir='ltr'><strong>et</strong></span> <span class='ocrx_word' id='word_1_329' title='bbox 1663 3009 2022 3080; x_wconf 70' lang='lat' dir='ltr'><strong>praecedentis</strong></span> <span class='ocrx_word' id='word_1_330' title='bbox 2065 3006 2172 3061; x_wconf 89' lang='lat' dir='ltr'><strong>ﬁne</strong></span> 
     </span>
    </p>
   </div>
   <div class='ocr_carea' id='block_1_49' title="bbox 2267 1833 3853 1910">
    <p class='ocr_par' dir='ltr' id='par_1_49' title="bbox 2267 1833 3853 1910">
     <span class='ocr_line' id='line_1_49' title="bbox 2267 1833 3853 1910; baseline 0 -22"><span class='ocrx_word' id='word_1_331' title='bbox 2267 1834 2409 1902; x_wconf 84' lang='lat' dir='ltr'><strong>regis</strong></span> <span class='ocrx_word' id='word_1_332' title='bbox 2437 1848 2578 1889; x_wconf 90' lang='lat' dir='ltr'><strong>anno</strong></span> <span class='ocrx_word' id='word_1_333' title='bbox 2602 1833 2862 1910; x_wconf 81' lang='lat' dir='ltr'><strong>xxvnt,_si</strong></span> <span class='ocrx_word' id='word_1_334' title='bbox 2902 1843 3245 1904; x_wconf 85' lang='lat' dir='ltr'><strong>computetur</strong></span> <span class='ocrx_word' id='word_1_335' title='bbox 3266 1835 3335 1891; x_wconf 89' lang='lat' dir='ltr'><strong>ab</strong></span> <span class='ocrx_word' id='word_1_336' title='bbox 3359 1835 3495 1890; x_wconf 87' lang='lat' dir='ltr'><strong>inito</strong></span> <span class='ocrx_word' id='word_1_337' title='bbox 3539 1851 3666 1890; x_wconf 90' lang='lat' dir='ltr'><strong>cum</strong></span> <span class='ocrx_word' id='word_1_338' title='bbox 3698 1843 3853 1904; x_wconf 85' lang='lat' dir='ltr'><strong>patre</strong></span> 
     </span>
    </p>
   </div>
   <div class='ocr_carea' id='block_1_50' title="bbox 2267 1939 2456 1992">
    <p class='ocr_par' dir='ltr' id='par_1_50' title="bbox 2267 1939 2456 1992">
     <span class='ocr_line' id='line_1_50' title="bbox 2267 1939 2456 1992; baseline 0.005 -15"><span class='ocrx_word' id='word_1_339' title='bbox 2267 1939 2456 1992; x_wconf 83' lang='lat' dir='ltr'><strong>regno.</strong></span> 
     </span>
    </p>
   </div>
   <div class='ocr_carea' id='block_1_51' title="bbox 2337 2015 3853 2087">
    <p class='ocr_par' dir='ltr' id='par_1_51' title="bbox 2337 2015 3853 2087">
     <span class='ocr_line' id='line_1_51' title="bbox 2337 2015 3853 2087; baseline 0.001 -19"><span class='ocrx_word' id='word_1_340' title='bbox 2337 2017 2425 2069; x_wconf 74' lang='lat' dir='ltr'><strong>t3.</strong></span> <span class='ocrx_word' id='word_1_341' title='bbox 2451 2015 2608 2071; x_wconf 86' lang='lat' dir='ltr'><strong>Anno</strong></span> <span class='ocrx_word' id='word_1_342' title='bbox 2629 2031 2760 2071; x_wconf 78' lang='lat' dir='ltr'><strong>xxix</strong></span> <span class='ocrx_word' id='word_1_343' title='bbox 2784 2016 2926 2087; x_wconf 87' lang='lat' dir='ltr'><strong>regis</strong></span> <span class='ocrx_word' id='word_1_344' title='bbox 2955 2015 3198 2081; x_wconf 80' lang='lat' dir='ltr'><strong>Roherti,</strong></span> <span class='ocrx_word' id='word_1_345' title='bbox 3225 2032 3410 2072; x_wconf 88' lang='lat' dir='ltr'><strong>mense</strong></span> <span class='ocrx_word' id='word_1_346' title='bbox 3431 2015 3612 2081; x_wconf 80' lang='lat' dir='ltr'><strong>Junio,</strong></span> <span class='ocrx_word' id='word_1_347' title='bbox 3639 2031 3705 2071; x_wconf 89' lang='lat' dir='ltr'><strong>ac</strong></span> <span class='ocrx_word' id='word_1_348' title='bbox 3731 2017 3853 2071; x_wconf 85' lang='lat' dir='ltr'><strong>ideo</strong></span> 
     </span>
    </p>
   </div>
   <div class='ocr_carea' id='block_1_52' title="bbox 2268 2108 3853 2180">
    <p class='ocr_par' dir='ltr' id='par_1_52' title="bbox 2268 2108 3853 2180">
     <span class='ocr_line' id='line_1_52' title="bbox 2268 2108 3853 2180; baseline -0.002 -16"><span class='ocrx_word' id='word_1_349' title='bbox 2268 2125 2390 2164; x_wconf 59' lang='lat' dir='ltr'><strong>atra:</strong></span> <span class='ocrx_word' id='word_1_350' title='bbox 2417 2109 2656 2180; x_wconf 79' lang='lat' dir='ltr'><strong>vulgaris</strong></span> <span class='ocrx_word' id='word_1_351' title='bbox 2696 2124 2840 2164; x_wconf 89' lang='lat' dir='ltr'><strong>anno</strong></span> <span class='ocrx_word' id='word_1_352' title='bbox 2883 2109 3058 2173; x_wconf 64' lang='grc'><strong>1091,</strong></span> <span class='ocrx_word' id='word_1_353' title='bbox 3089 2108 3246 2165; x_wconf 91' lang='lat' dir='ltr'><strong>Odilo</strong></span> <span class='ocrx_word' id='word_1_354' title='bbox 3292 2111 3456 2166; x_wconf 89' lang='lat' dir='ltr'><strong>abbas</strong></span> <span class='ocrx_word' id='word_1_355' title='bbox 3499 2120 3554 2164; x_wconf 89' lang='lat' dir='ltr'><strong>et</strong></span> <span class='ocrx_word' id='word_1_356' title='bbox 3602 2109 3853 2162; x_wconf 84' lang='lat' dir='ltr'><strong>monachi</strong></span> 
     </span>
    </p>
   </div>
   <div class='ocr_carea' id='block_1_53' title="bbox 2261 2199 3856 2258">
    <p class='ocr_par' dir='ltr' id='par_1_53' title="bbox 2261 2199 3856 2258">
     <span class='ocr_line' id='line_1_53' title="bbox 2261 2199 3856 2258; baseline -0.004 -2"><span class='ocrx_word' id='word_1_357' title='bbox 2261 2200 2654 2256; x_wconf 86' lang='lat' dir='ltr'><strong>Ciuniacenses</strong></span> <span class='ocrx_word' id='word_1_358' title='bbox 2679 2200 2881 2256; x_wconf 90' lang='lat' dir='ltr'><strong>homini</strong></span> <span class='ocrx_word' id='word_1_359' title='bbox 2909 2200 3122 2254; x_wconf 91' lang='lat' dir='ltr'><strong>cuidam</strong></span> <span class='ocrx_word' id='word_1_360' title='bbox 3161 2200 3410 2258; x_wconf 65' lang='lat' dir='ltr'><strong>Hebraeo.</strong></span> <span class='ocrx_word' id='word_1_361' title='bbox 3457 2201 3678 2255; x_wconf 89' lang='lat' dir='ltr'><strong>nomine</strong></span> <span class='ocrx_word' id='word_1_362' title='bbox 3701 2199 3856 2254; x_wconf 82' lang='lat' dir='ltr'><strong>Salo-</strong></span> 
     </span>
    </p>
   </div>
   <div class='ocr_carea' id='block_1_54' title="bbox 2268 2290 3857 2360">
    <p class='ocr_par' dir='ltr' id='par_1_54' title="bbox 2268 2290 3857 2360">
     <span class='ocr_line' id='line_1_54' title="bbox 2268 2290 3857 2360; baseline -0.001 -16"><span class='ocrx_word' id='word_1_363' title='bbox 2268 2292 2415 2345; x_wconf 89' lang='lat' dir='ltr'><strong>moni</strong></span> <span class='ocrx_word' id='word_1_364' title='bbox 2441 2334 2454 2356; x_wconf 96' lang='lat'><strong>,</strong></span> <span class='ocrx_word' id='word_1_365' title='bbox 2487 2290 2752 2346; x_wconf 89' lang='lat' dir='ltr'><strong>dederunt</strong></span> <span class='ocrx_word' id='word_1_366' title='bbox 2795 2305 2958 2345; x_wconf 85' lang='lat' dir='ltr'><strong>unam</strong></span> <span class='ocrx_word' id='word_1_367' title='bbox 3010 2291 3220 2345; x_wconf 87' lang='lat' dir='ltr'><strong>vineam</strong></span> <span class='ocrx_word' id='word_1_368' title='bbox 3245 2331 3260 2354; x_wconf 90' lang='lat'><strong>,</strong></span> <span class='ocrx_word' id='word_1_369' title='bbox 3292 2306 3456 2344; x_wconf 91' lang='lat' dir='ltr'><strong>unum</strong></span> <span class='ocrx_word' id='word_1_370' title='bbox 3507 2300 3720 2360; x_wconf 90' lang='lat' dir='ltr'><strong>pratum</strong></span> <span class='ocrx_word' id='word_1_371' title='bbox 3747 2331 3763 2353; x_wconf 84' lang='lat'><strong>,</strong></span> <span class='ocrx_word' id='word_1_372' title='bbox 3799 2299 3857 2343; x_wconf 84' lang='lat' dir='ltr'><strong>et</strong></span> 
     </span>
    </p>
   </div>
   <div class='ocr_carea' id='block_1_55' title="bbox 2266 2379 3857 2452">
    <p class='ocr_par' dir='ltr' id='par_1_55' title="bbox 2266 2379 3857 2452">
     <span class='ocr_line' id='line_1_55' title="bbox 2266 2379 3857 2452; baseline -0.001 -17"><span class='ocrx_word' id='word_1_373' title='bbox 2266 2396 2435 2436; x_wconf 88' lang='lat' dir='ltr'><strong>unam</strong></span> <span class='ocrx_word' id='word_1_374' title='bbox 2475 2381 2685 2436; x_wconf 90' lang='lat' dir='ltr'><strong>raxiam</strong></span> <span class='ocrx_word' id='word_1_375' title='bbox 2738 2381 2793 2436; x_wconf 93' lang='lat' dir='ltr'><strong>in</strong></span> <span class='ocrx_word' id='word_1_376' title='bbox 2848 2380 2972 2434; x_wconf 89' lang='lat' dir='ltr'><strong>villa</strong></span> <span class='ocrx_word' id='word_1_377' title='bbox 3021 2379 3306 2446; x_wconf 88' lang='lat' dir='ltr'><strong>Carniaco,</strong></span> <span class='ocrx_word' id='word_1_378' title='bbox 3353 2381 3408 2435; x_wconf 91' lang='lat' dir='ltr'><strong>in</strong></span> <span class='ocrx_word' id='word_1_379' title='bbox 3444 2397 3584 2452; x_wconf 89' lang='lat' dir='ltr'><strong>pago</strong></span> <span class='ocrx_word' id='word_1_380' title='bbox 3610 2381 3857 2435; x_wconf 81' lang='lat' dir='ltr'><strong>Matisco-</strong></span> 
     </span>
    </p>
   </div>
   <div class='ocr_carea' id='block_1_56' title="bbox 2269 2473 3855 2543">
    <p class='ocr_par' dir='ltr' id='par_1_56' title="bbox 2269 2473 3855 2543">
     <span class='ocr_line' id='line_1_56' title="bbox 2269 2473 3855 2543; baseline -0.001 -17"><span class='ocrx_word' id='word_1_381' title='bbox 2269 2473 2455 2538; x_wconf 88' lang='lat' dir='ltr'><strong>nensi;</strong></span> <span class='ocrx_word' id='word_1_382' title='bbox 2486 2481 2542 2528; x_wconf 89' lang='lat' dir='ltr'><strong>et</strong></span> <span class='ocrx_word' id='word_1_383' title='bbox 2573 2473 2688 2543; x_wconf 90' lang='lat' dir='ltr'><strong>ipse</strong></span> <span class='ocrx_word' id='word_1_384' title='bbox 2719 2473 2774 2527; x_wconf 89' lang='lat' dir='ltr'><strong>in</strong></span> <span class='ocrx_word' id='word_1_385' title='bbox 2810 2474 3290 2528; x_wconf 87' lang='lat' dir='ltr'><strong>commutationem</strong></span> <span class='ocrx_word' id='word_1_386' title='bbox 3327 2474 3476 2529; x_wconf 87' lang='lat' dir='ltr'><strong>dedit</strong></span> <span class='ocrx_word' id='word_1_387' title='bbox 3515 2475 3596 2527; x_wconf 85' lang='lat' dir='ltr'><strong>eis</strong></span> <span class='ocrx_word' id='word_1_388' title='bbox 3641 2473 3855 2527; x_wconf 85' lang='lat' dir='ltr'><strong>vineam</strong></span> 
     </span>
    </p>
   </div>
   <div class='ocr_carea' id='block_1_57' title="bbox 2271 2562 3858 2634">
    <p class='ocr_par' dir='ltr' id='par_1_57' title="bbox 2271 2562 3858 2634">
     <span class='ocr_line' id='line_1_57' title="bbox 2271 2562 3858 2634; baseline -0.001 -18"><span class='ocrx_word' id='word_1_389' title='bbox 2271 2563 2324 2616; x_wconf 92' lang='lat' dir='ltr'><strong>in</strong></span> <span class='ocrx_word' id='word_1_390' title='bbox 2349 2578 2477 2633; x_wconf 82' lang='lat' dir='ltr'><strong>agro</strong></span> <span class='ocrx_word' id='word_1_391' title='bbox 2496 2563 2783 2630; x_wconf 83' lang='lat' dir='ltr'><strong>Fusciaco,</strong></span> <span class='ocrx_word' id='word_1_392' title='bbox 2809 2562 2935 2617; x_wconf 88' lang='lat' dir='ltr'><strong>villa</strong></span> <span class='ocrx_word' id='word_1_393' title='bbox 2977 2562 3275 2619; x_wconf 86' lang='lat' dir='ltr'><strong>Molonaco.</strong></span> <span class='ocrx_word' id='word_1_394' title='bbox 3320 2564 3710 2634; x_wconf 85' lang='lat' dir='ltr'><strong>Subscripsere</strong></span> <span class='ocrx_word' id='word_1_395' title='bbox 3732 2564 3858 2620; x_wconf 71' lang='lat' dir='ltr'><strong>Otto</strong></span> 
     </span>
    </p>
   </div>
   <div class='ocr_carea' id='block_1_58' title="bbox 2269 2653 3849 2723">
    <p class='ocr_par' dir='ltr' id='par_1_58' title="bbox 2269 2653 3849 2723">
     <span class='ocr_line' id='line_1_58' title="bbox 2269 2653 3849 2723; baseline -0.003 -15"><span class='ocrx_word' id='word_1_396' title='bbox 2269 2669 2471 2721; x_wconf 88' lang='lat' dir='ltr'><strong>comes,</strong></span> <span class='ocrx_word' id='word_1_397' title='bbox 2515 2653 2792 2710; x_wconf 84' lang='lat' dir='ltr'><strong>Elizabetb</strong></span> <span class='ocrx_word' id='word_1_398' title='bbox 2836 2653 2953 2722; x_wconf 91' lang='lat' dir='ltr'><strong>ejus</strong></span> <span class='ocrx_word' id='word_1_399' title='bbox 2993 2670 3161 2722; x_wconf 81' lang='lat' dir='ltr'><strong>uxor,</strong></span> <span class='ocrx_word' id='word_1_400' title='bbox 3195 2653 3498 2709; x_wconf 88' lang='lat' dir='ltr'><strong>Gauslenus</strong></span> <span class='ocrx_word' id='word_1_401' title='bbox 3537 2654 3849 2723; x_wconf 87' lang='lat' dir='ltr'><strong>episcopus,</strong></span> 
     </span>
    </p>
   </div>
   <div class='ocr_carea' id='block_1_59' title="bbox 2272 2743 3856 2814">
    <p class='ocr_par' dir='ltr' id='par_1_59' title="bbox 2272 2743 3856 2814">
     <span class='ocr_line' id='line_1_59' title="bbox 2272 2743 3856 2814; baseline -0.003 -14"><span class='ocrx_word' id='word_1_402' title='bbox 2272 2752 2328 2800; x_wconf 89' lang='lat' dir='ltr'><strong>et</strong></span> <span class='ocrx_word' id='word_1_403' title='bbox 2348 2744 2457 2799; x_wconf 86' lang='lat' dir='ltr'><strong>alii.</strong></span> <span class='ocrx_word' id='word_1_404' title='bbox 2489 2745 2684 2800; x_wconf 85' lang='lat' dir='ltr'><strong>Actum</strong></span> <span class='ocrx_word' id='word_1_405' title='bbox 2709 2746 2798 2801; x_wconf 90' lang='lat' dir='ltr'><strong>die</strong></span> <span class='ocrx_word' id='word_1_406' title='bbox 2819 2743 3076 2811; x_wconf 79' lang='lat' dir='ltr'><strong>Veneris,</strong></span> <span class='ocrx_word' id='word_1_407' title='bbox 3110 2761 3296 2801; x_wconf 87' lang='lat' dir='ltr'><strong>mense</strong></span> <span class='ocrx_word' id='word_1_408' title='bbox 3317 2744 3508 2809; x_wconf 82' lang='lat' dir='ltr'><strong>Junio,</strong></span> <span class='ocrx_word' id='word_1_409' title='bbox 3540 2754 3732 2814; x_wconf 82' lang='lat' dir='ltr'><strong>epacta</strong></span> <span class='ocrx_word' id='word_1_410' title='bbox 3765 2758 3856 2807; x_wconf 85' lang='lat' dir='ltr'><strong>xv,</strong></span> 
     </span>
    </p>
   </div>
   <div class='ocr_carea' id='block_1_60' title="bbox 2273 2837 3032 2906">
    <p class='ocr_par' dir='ltr' id='par_1_60' title="bbox 2273 2837 3032 2906">
     <span class='ocr_line' id='line_1_60' title="bbox 2273 2837 3032 2906; baseline -0.003 -15"><span class='ocrx_word' id='word_1_411' title='bbox 2273 2853 2416 2892; x_wconf 83' lang='lat' dir='ltr'><strong>anno</strong></span> <span class='ocrx_word' id='word_1_412' title='bbox 2447 2851 2578 2892; x_wconf 71' lang='lat' dir='ltr'><strong>xxxx</strong></span> <span class='ocrx_word' id='word_1_413' title='bbox 2615 2837 2836 2892; x_wconf 79' lang='lat' dir='ltr'><strong>Roberti</strong></span> <span class='ocrx_word' id='word_1_414' title='bbox 2869 2839 3032 2906; x_wconf 78' lang='lat' dir='ltr'><strong>regis.</strong></span> 
     </span>
    </p>
   </div>
   <div class='ocr_carea' id='block_1_61' title="bbox 2341 2928 3860 2999">
    <p class='ocr_par' dir='ltr' id='par_1_61' title="bbox 2341 2928 3860 2999">
     <span class='ocr_line' id='line_1_61' title="bbox 2341 2928 3860 2999; baseline -0.003 -14"><span class='ocrx_word' id='word_1_415' title='bbox 2341 2931 2429 2985; x_wconf 69' lang='grc'><strong>44.</strong></span> <span class='ocrx_word' id='word_1_416' title='bbox 2473 2930 2626 2988; x_wconf 88' lang='lat' dir='ltr'><strong>Ultra</strong></span> <span class='ocrx_word' id='word_1_417' title='bbox 2676 2929 2792 2999; x_wconf 85' lang='lat' dir='ltr'><strong>ejus</strong></span> <span class='ocrx_word' id='word_1_418' title='bbox 2836 2947 3037 2984; x_wconf 88' lang='lat' dir='ltr'><strong>annum</strong></span> <span class='ocrx_word' id='word_1_419' title='bbox 3087 2945 3254 2997; x_wconf 65' lang='grc' dir='ltr'>χχχι,</span> <span class='ocrx_word' id='word_1_420' title='bbox 3299 2929 3628 2983; x_wconf 74' lang='lat' dir='ltr'><strong>Christiana:</strong></span> <span class='ocrx_word' id='word_1_421' title='bbox 3654 2928 3860 2983; x_wconf 83' lang='lat' dir='ltr'><strong>scilicet</strong></span> 
     </span>
    </p>
   </div>
   <div class='ocr_carea' id='block_1_62' title="bbox 2271 3020 3860 3094">
    <p class='ocr_par' dir='ltr' id='par_1_62' title="bbox 2271 3020 3860 3094">
     <span class='ocr_line' id='line_1_62' title="bbox 2271 3020 3860 3094; baseline -0.004 -14"><span class='ocrx_word' id='word_1_422' title='bbox 2271 3023 2580 3087; x_wconf 49' lang='lat'><strong>39331026,</strong></span> <span class='ocrx_word' id='word_1_423' title='bbox 2614 3037 2722 3093; x_wconf 88' lang='lat' dir='ltr'><strong>quo</strong></span> <span class='ocrx_word' id='word_1_424' title='bbox 2751 3021 2903 3094; x_wconf 81' lang='lat' dir='ltr'><strong>Hugo</strong></span> <span class='ocrx_word' id='word_1_425' title='bbox 2946 3020 3133 3090; x_wconf 81' lang='lat' dir='ltr'><strong>iunior</strong></span> <span class='ocrx_word' id='word_1_426' title='bbox 3172 3022 3391 3077; x_wconf 80' lang='lat' dir='ltr'><strong>Roherti</strong></span> <span class='ocrx_word' id='word_1_427' title='bbox 3440 3022 3584 3075; x_wconf 83' lang='lat' dir='ltr'><strong>ﬁlius</strong></span> <span class='ocrx_word' id='word_1_428' title='bbox 3626 3021 3860 3075; x_wconf 77' lang='lat' dir='ltr'><strong>excessit</strong></span> 
     </span>
    </p>
   </div>
   <div class='ocr_carea' id='block_1_63' title="bbox 597 3099 3861 3183">
    <p class='ocr_par' dir='ltr' id='par_1_63' title="bbox 597 3099 3861 3183">
     <span class='ocr_line' id='line_1_63' title="bbox 597 3099 3861 3183; baseline -0.003 -26"><span class='ocrx_word' id='word_1_429' title='bbox 597 3107 894 3170; x_wconf 72' lang='lat' dir='ltr'><strong>concurrit,</strong></span> <span class='ocrx_word' id='word_1_430' title='bbox 941 3105 1063 3158; x_wconf 87' lang='lat' dir='ltr'><strong>data</strong></span> <span class='ocrx_word' id='word_1_431' title='bbox 1093 3111 1176 3158; x_wconf 91' lang='lat' dir='ltr'><strong>est</strong></span> <span class='ocrx_word' id='word_1_432' title='bbox 1203 3101 1548 3158; x_wconf 87' lang='lat' dir='ltr'><strong>Cluniacensi</strong></span> <span class='ocrx_word' id='word_1_433' title='bbox 1584 3100 1912 3156; x_wconf 86' lang='lat' dir='ltr'><strong>monasterio</strong></span> <span class='ocrx_word' id='word_1_434' title='bbox 1940 3099 2171 3156; x_wconf 88' lang='lat' dir='ltr'><strong>ecclesia</strong></span> <span class='ocrx_word' id='word_1_435' title='bbox 2199 3109 2246 3174; x_wconf 73' lang='grc' dir='ltr'><strong>ρ</strong></span> <span class='ocrx_word' id='word_1_436' title='bbox 2275 3130 2305 3170; x_wconf 69' lang='grc' dir='ltr'>θ</span> <span class='ocrx_word' id='word_1_437' title='bbox 2331 3115 2464 3180; x_wconf 56' lang='lat' dir='ltr'><strong>vita.</strong></span> <span class='ocrx_word' id='word_1_438' title='bbox 2491 3113 2694 3170; x_wconf 65' lang='lat' dir='ltr'><strong>differri</strong></span> <span class='ocrx_word' id='word_1_439' title='bbox 2731 3129 2838 3170; x_wconf 79' lang='grc' dir='ltr'><strong>ηοη</strong></span> <span class='ocrx_word' id='word_1_440' title='bbox 2864 3122 3040 3183; x_wconf 45' lang='lat' dir='ltr'><strong>potest</strong></span> <span class='ocrx_word' id='word_1_441' title='bbox 3066 3115 3254 3167; x_wconf 60' lang='lat' dir='ltr'><strong>charm</strong></span> <span class='ocrx_word' id='word_1_442' title='bbox 3282 3127 3388 3182; x_wconf 66' lang='lat' dir='ltr'><strong>qua</strong></span> <span class='ocrx_word' id='word_1_443' title='bbox 3415 3111 3574 3166; x_wconf 66' lang='lat' dir='ltr'><strong>ambo</strong></span> <span class='ocrx_word' id='word_1_444' title='bbox 3601 3111 3675 3163; x_wconf 68' lang='grc' dir='ltr'>ξιιε</span> <span class='ocrx_word' id='word_1_445' title='bbox 3711 3125 3861 3181; x_wconf 61' lang='lat' dir='ltr'><strong>reges</strong></span> 
     </span>
    </p>
   </div>
   <div class='ocr_carea' id='block_1_64' title="bbox 595 3191 2172 3258">
    <p class='ocr_par' dir='ltr' id='par_1_64' title="bbox 595 3191 2172 3258">
     <span class='ocr_line' id='line_1_64' title="bbox 595 3191 2172 3258; baseline -0.001 -8"><span class='ocrx_word' id='word_1_446' title='bbox 595 3199 767 3250; x_wconf 85' lang='lat' dir='ltr'><strong>beatae</strong></span> <span class='ocrx_word' id='word_1_447' title='bbox 794 3196 971 3250; x_wconf 72' lang='lat' dir='ltr'><strong>Marha</strong></span> <span class='ocrx_word' id='word_1_448' title='bbox 999 3191 1336 3250; x_wconf 86' lang='lat' dir='ltr'><strong>Bellimontis</strong></span> <span class='ocrx_word' id='word_1_449' title='bbox 1365 3193 1420 3247; x_wconf 91' lang='lat' dir='ltr'><strong>in</strong></span> <span class='ocrx_word' id='word_1_450' title='bbox 1450 3193 1708 3250; x_wconf 88' lang='lat' dir='ltr'><strong>comitatu</strong></span> <span class='ocrx_word' id='word_1_451' title='bbox 1728 3192 2091 3258; x_wconf 87' lang='lat' dir='ltr'><strong>Cabilouensi,</strong></span> <span class='ocrx_word' id='word_1_452' title='bbox 2117 3193 2172 3248; x_wconf 89' lang='lat' dir='ltr'><strong>in</strong></span> 
     </span>
    </p>
   </div>
   <div class='ocr_carea' id='block_1_65' title="bbox 595 3286 945 3342">
    <p class='ocr_par' dir='ltr' id='par_1_65' title="bbox 595 3286 945 3342">
     <span class='ocr_line' id='line_1_65' title="bbox 595 3286 945 3342; baseline 0.003 -4"><span class='ocrx_word' id='word_1_453' title='bbox 595 3287 704 3342; x_wconf 81' lang='lat' dir='ltr'><strong>tine</strong></span> <span class='ocrx_word' id='word_1_454' title='bbox 726 3286 945 3342; x_wconf 83' lang='lat' dir='ltr'><strong>Senoio.</strong></span> 
     </span>
    </p>
   </div>
   <div class='ocr_carea' id='block_1_66' title="bbox 576 3375 2175 3447">
    <p class='ocr_par' dir='ltr' id='par_1_66' title="bbox 576 3375 2175 3447">
     <span class='ocr_line' id='line_1_66' title="bbox 576 3375 2175 3447; baseline -0.001 -17"><span class='ocrx_word' id='word_1_455' title='bbox 576 3437 580 3440; x_wconf 96' lang='lat'><em>_</em></span> <span class='ocrx_word' id='word_1_456' title='bbox 667 3376 756 3431; x_wconf 79' lang='grc'><strong>59.</strong></span> <span class='ocrx_word' id='word_1_457' title='bbox 795 3377 954 3431; x_wconf 83' lang='lat' dir='ltr'><strong>Anno</strong></span> <span class='ocrx_word' id='word_1_458' title='bbox 999 3375 1138 3430; x_wconf 72' lang='lat'><strong>1022</strong></span> <span class='ocrx_word' id='word_1_459' title='bbox 1184 3375 1440 3441; x_wconf 91' lang='lat' dir='ltr'><strong>ineunte,</strong></span> <span class='ocrx_word' id='word_1_460' title='bbox 1472 3375 1517 3431; x_wconf 91' lang='lat' dir='ltr'><strong>si</strong></span> <span class='ocrx_word' id='word_1_461' title='bbox 1563 3375 1784 3445; x_wconf 88' lang='lat' dir='ltr'><strong>quidem</strong></span> <span class='ocrx_word' id='word_1_462' title='bbox 1829 3375 2175 3447; x_wconf 71' lang='lat' dir='ltr'><strong>coniungitur</strong></span> 
     </span>
    </p>
   </div>
   <div class='ocr_carea' id='block_1_67' title="bbox 584 3467 2176 3536">
    <p class='ocr_par' dir='ltr' id='par_1_67' title="bbox 584 3467 2176 3536">
     <span class='ocr_line' id='line_1_67' title="bbox 584 3467 2176 3536; baseline 0.001 -15"><span class='ocrx_word' id='word_1_463' title='bbox 584 3484 720 3522; x_wconf 81' lang='lat' dir='ltr'><strong>cum</strong></span> <span class='ocrx_word' id='word_1_464' title='bbox 780 3483 922 3522; x_wconf 90' lang='lat' dir='ltr'><strong>anno</strong></span> <span class='ocrx_word' id='word_1_465' title='bbox 972 3484 1138 3523; x_wconf 83' lang='lat' dir='ltr'><strong>xxvu.</strong></span> <span class='ocrx_word' id='word_1_466' title='bbox 1167 3467 1378 3522; x_wconf 81' lang='lat' dir='ltr'><strong>Rodulﬁ</strong></span> <span class='ocrx_word' id='word_1_467' title='bbox 1425 3467 1604 3536; x_wconf 84' lang='lat' dir='ltr'><strong>regis,</strong></span> <span class='ocrx_word' id='word_1_468' title='bbox 1651 3467 1953 3524; x_wconf 86' lang='lat' dir='ltr'><strong>Ademarus</strong></span> <span class='ocrx_word' id='word_1_469' title='bbox 1993 3482 2176 3523; x_wconf 86' lang='lat' dir='ltr'><strong>mona-</strong></span> 
     </span>
    </p>
   </div>
   <div class='ocr_carea' id='block_1_68' title="bbox 586 3556 2172 3634">
    <p class='ocr_par' dir='ltr' id='par_1_68' title="bbox 586 3556 2172 3634">
     <span class='ocr_line' id='line_1_68' title="bbox 586 3556 2172 3634; baseline -0.001 -20"><span class='ocrx_word' id='word_1_470' title='bbox 586 3559 764 3634; x_wconf 22' lang='lat' dir='ltr'><strong>lsterio</strong></span> <span class='ocrx_word' id='word_1_471' title='bbox 807 3557 1167 3624; x_wconf 88' lang='lat' dir='ltr'><strong>Cluniacensi,</strong></span> <span class='ocrx_word' id='word_1_472' title='bbox 1196 3558 1282 3611; x_wconf 82' lang='lat' dir='ltr'><strong>ubi</strong></span> <span class='ocrx_word' id='word_1_473' title='bbox 1317 3556 1472 3611; x_wconf 85' lang='lat' dir='ltr'><strong>Odilo</strong></span> <span class='ocrx_word' id='word_1_474' title='bbox 1509 3557 1672 3612; x_wconf 84' lang='lat' dir='ltr'><strong>abbas</strong></span> <span class='ocrx_word' id='word_1_475' title='bbox 1694 3596 1709 3623; x_wconf 93' lang='lat'><strong>,</strong></span> <span class='ocrx_word' id='word_1_476' title='bbox 1743 3556 1970 3613; x_wconf 89' lang='lat' dir='ltr'><strong>contulit</strong></span> <span class='ocrx_word' id='word_1_477' title='bbox 1997 3556 2172 3613; x_wconf 83' lang='lat' dir='ltr'><strong>eccle-</strong></span> 
     </span>
    </p>
   </div>
   <div class='ocr_carea' id='block_1_69' title="bbox 596 3649 2175 3720">
    <p class='ocr_par' dir='ltr' id='par_1_69' title="bbox 596 3649 2175 3720">
     <span class='ocr_line' id='line_1_69' title="bbox 596 3649 2175 3720; baseline 0.001 -15"><span class='ocrx_word' id='word_1_478' title='bbox 596 3652 734 3705; x_wconf 87' lang='lat' dir='ltr'><strong>siam</strong></span> <span class='ocrx_word' id='word_1_479' title='bbox 758 3651 896 3706; x_wconf 79' lang='lat' dir='ltr'><strong>villae</strong></span> <span class='ocrx_word' id='word_1_480' title='bbox 925 3649 1136 3715; x_wconf 87' lang='lat' dir='ltr'><strong>Testor,</strong></span> <span class='ocrx_word' id='word_1_481' title='bbox 1169 3666 1289 3705; x_wconf 89' lang='lat' dir='ltr'><strong>eum</strong></span> <span class='ocrx_word' id='word_1_482' title='bbox 1335 3649 1559 3706; x_wconf 87' lang='lat' dir='ltr'><strong>decimis</strong></span> <span class='ocrx_word' id='word_1_483' title='bbox 1584 3689 1600 3716; x_wconf 88' lang='lat'><strong>,</strong></span> <span class='ocrx_word' id='word_1_484' title='bbox 1629 3649 1923 3720; x_wconf 86' lang='lat' dir='ltr'><strong>sepulturis</strong></span> <span class='ocrx_word' id='word_1_485' title='bbox 1948 3690 1964 3716; x_wconf 90' lang='lat'><strong>,</strong></span> <span class='ocrx_word' id='word_1_486' title='bbox 1985 3649 2175 3720; x_wconf 86' lang='lat' dir='ltr'><strong>primi-</strong></span> 
     </span>
    </p>
   </div>
   <div class='ocr_carea' id='block_1_70' title="bbox 599 3741 2174 3813">
    <p class='ocr_par' dir='ltr' id='par_1_70' title="bbox 599 3741 2174 3813">
     <span class='ocr_line' id='line_1_70' title="bbox 599 3741 2174 3813; baseline -0.001 -17"><span class='ocrx_word' id='word_1_487' title='bbox 599 3744 709 3808; x_wconf 87' lang='lat' dir='ltr'><strong>tiis,</strong></span> <span class='ocrx_word' id='word_1_488' title='bbox 733 3752 838 3798; x_wconf 87' lang='lat' dir='ltr'><strong>etc.</strong></span> <span class='ocrx_word' id='word_1_489' title='bbox 876 3743 1322 3813; x_wconf 85' lang='lat' dir='ltr'><strong>Subscripserunt</strong></span> <span class='ocrx_word' id='word_1_490' title='bbox 1352 3741 1592 3812; x_wconf 83' lang='lat' dir='ltr'><strong>ejusdem</strong></span> <span class='ocrx_word' id='word_1_491' title='bbox 1618 3742 1871 3797; x_wconf 83' lang='lat' dir='ltr'><strong>Ademari</strong></span> <span class='ocrx_word' id='word_1_492' title='bbox 1911 3741 2006 3797; x_wconf 87' lang='lat' dir='ltr'><strong>ﬁlii</strong></span> <span class='ocrx_word' id='word_1_493' title='bbox 2039 3741 2174 3797; x_wconf 81' lang='lat' dir='ltr'><strong>Wil-</strong></span> 
     </span>
    </p>
   </div>
   <div class='ocr_carea' id='block_1_71' title="bbox 598 3833 2172 3906">
    <p class='ocr_par' dir='ltr' id='par_1_71' title="bbox 598 3833 2172 3906">
     <span class='ocr_line' id='line_1_71' title="bbox 598 3833 2172 3906; baseline -0.001 -18"><span class='ocrx_word' id='word_1_494' title='bbox 598 3835 809 3901; x_wconf 86' lang='lat' dir='ltr'><strong>lelmus,</strong></span> <span class='ocrx_word' id='word_1_495' title='bbox 835 3834 1346 3906; x_wconf 85' lang='lat' dir='ltr'><strong>Stephanusabbas,</strong></span> <span class='ocrx_word' id='word_1_496' title='bbox 1370 3833 1549 3899; x_wconf 83' lang='lat' dir='ltr'><strong>Wido,</strong></span> <span class='ocrx_word' id='word_1_497' title='bbox 1575 3833 1820 3899; x_wconf 84' lang='lat' dir='ltr'><strong>Pontius,</strong></span> <span class='ocrx_word' id='word_1_498' title='bbox 1841 3834 2172 3888; x_wconf 83' lang='lat' dir='ltr'><strong>Armannus.</strong></span> 
     </span>
    </p>
   </div>
   <div class='ocr_carea' id='block_1_72' title="bbox 670 3923 2178 3994">
    <p class='ocr_par' dir='ltr' id='par_1_72' title="bbox 670 3923 2178 3994">
     <span class='ocr_line' id='line_1_72' title="bbox 670 3923 2178 3994; baseline -0.002 -13"><span class='ocrx_word' id='word_1_499' title='bbox 670 3927 760 3982; x_wconf 66' lang='grc'><strong>40.</strong></span> <span class='ocrx_word' id='word_1_500' title='bbox 791 3927 947 3981; x_wconf 87' lang='lat' dir='ltr'><strong>Anno</strong></span> <span class='ocrx_word' id='word_1_501' title='bbox 976 3926 1136 3992; x_wconf 74' lang='lat'><strong>1023,</strong></span> <span class='ocrx_word' id='word_1_502' title='bbox 1161 3926 1264 3980; x_wconf 86' lang='lat' dir='ltr'><strong>duo</strong></span> <span class='ocrx_word' id='word_1_503' title='bbox 1287 3924 1725 3991; x_wconf 86' lang='lat' dir='ltr'><strong>fratres,nobilcs</strong></span> <span class='ocrx_word' id='word_1_504' title='bbox 1751 3925 1875 3990; x_wconf 81' lang='lat' dir='ltr'><strong>viri,</strong></span> <span class='ocrx_word' id='word_1_505' title='bbox 1904 3923 2178 3994; x_wconf 84' lang='lat' dir='ltr'><strong>Leodega—</strong></span> 
     </span>
    </p>
   </div>
   <div class='ocr_carea' id='block_1_73' title="bbox 600 4017 2175 4084">
    <p class='ocr_par' dir='ltr' id='par_1_73' title="bbox 600 4017 2175 4084">
     <span class='ocr_line' id='line_1_73' title="bbox 600 4017 2175 4084; baseline -0.001 -10"><span class='ocrx_word' id='word_1_506' title='bbox 600 4021 713 4075; x_wconf 88' lang='lat' dir='ltr'><strong>rius</strong></span> <span class='ocrx_word' id='word_1_507' title='bbox 762 4029 817 4075; x_wconf 93' lang='lat' dir='ltr'><strong>et</strong></span> <span class='ocrx_word' id='word_1_508' title='bbox 865 4019 1128 4083; x_wconf 90' lang='lat' dir='ltr'><strong>Pontius,</strong></span> <span class='ocrx_word' id='word_1_509' title='bbox 1165 4017 1360 4073; x_wconf 70' lang='lat' dir='ltr'><strong>smeulo</strong></span> <span class='ocrx_word' id='word_1_510' title='bbox 1387 4018 1855 4084; x_wconf 86' lang='lat' dir='ltr'><strong>abrenuntiantes,</strong></span> <span class='ocrx_word' id='word_1_511' title='bbox 1898 4017 2175 4073; x_wconf 83' lang='lat' dir='ltr'><strong>dimidiam</strong></span> 
     </span>
    </p>
   </div>
   <div class='ocr_carea' id='block_1_74' title="bbox 597 4109 2177 4184">
    <p class='ocr_par' dir='ltr' id='par_1_74' title="bbox 597 4109 2177 4184">
     <span class='ocr_line' id='line_1_74' title="bbox 597 4109 2177 4184; baseline -0.001 -18"><span class='ocrx_word' id='word_1_512' title='bbox 597 4122 808 4184; x_wconf 83' lang='lat' dir='ltr'><strong>partem</strong></span> <span class='ocrx_word' id='word_1_513' title='bbox 844 4111 1007 4167; x_wconf 90' lang='lat' dir='ltr'><strong>castri</strong></span> <span class='ocrx_word' id='word_1_514' title='bbox 1037 4110 1214 4166; x_wconf 78' lang='lat' dir='ltr'><strong>Altoni</strong></span> <span class='ocrx_word' id='word_1_515' title='bbox 1243 4110 1457 4166; x_wconf 90' lang='lat' dir='ltr'><strong>Odiloni</strong></span> <span class='ocrx_word' id='word_1_516' title='bbox 1487 4110 1667 4166; x_wconf 83' lang='lat' dir='ltr'><strong>abbati</strong></span> <span class='ocrx_word' id='word_1_517' title='bbox 1695 4110 1990 4176; x_wconf 86' lang='lat' dir='ltr'><strong>dederunt,</strong></span> <span class='ocrx_word' id='word_1_518' title='bbox 2025 4109 2177 4180; x_wconf 85' lang='lat' dir='ltr'><strong>cujus</strong></span> 
     </span>
    </p>
   </div>
   <div class='ocr_carea' id='block_1_75' title="bbox 601 4201 2177 4274">
    <p class='ocr_par' dir='ltr' id='par_1_75' title="bbox 601 4201 2177 4274">
     <span class='ocr_line' id='line_1_75' title="bbox 601 4201 2177 4274; baseline -0.001 -16"><span class='ocrx_word' id='word_1_519' title='bbox 601 4204 826 4259; x_wconf 86' lang='lat' dir='ltr'><strong>alteram</strong></span> <span class='ocrx_word' id='word_1_520' title='bbox 851 4211 1056 4274; x_wconf 88' lang='lat' dir='ltr'><strong>partem</strong></span> <span class='ocrx_word' id='word_1_521' title='bbox 1085 4203 1417 4258; x_wconf 89' lang='lat' dir='ltr'><strong>monasterio</strong></span> <span class='ocrx_word' id='word_1_522' title='bbox 1439 4201 1781 4260; x_wconf 88' lang='lat' dir='ltr'><strong>Cluniacensi</strong></span> <span class='ocrx_word' id='word_1_523' title='bbox 1805 4217 1994 4257; x_wconf 85' lang='lat' dir='ltr'><strong>eorum</strong></span> <span class='ocrx_word' id='word_1_524' title='bbox 2023 4210 2177 4271; x_wconf 88' lang='lat' dir='ltr'><strong>pater</strong></span> 
     </span>
    </p>
   </div>
   <div class='ocr_carea' id='block_1_76' title="bbox 591 4293 2177 4368">
    <p class='ocr_par' dir='ltr' id='par_1_76' title="bbox 591 4293 2177 4368">
     <span class='ocr_line' id='line_1_76' title="bbox 591 4293 2177 4368; baseline -0.001 -18"><span class='ocrx_word' id='word_1_525' title='bbox 591 4296 712 4368; x_wconf 83' lang='lat' dir='ltr'><strong>jam</strong></span> <span class='ocrx_word' id='word_1_526' title='bbox 738 4305 893 4351; x_wconf 90' lang='lat' dir='ltr'><strong>antea</strong></span> <span class='ocrx_word' id='word_1_527' title='bbox 919 4295 1249 4351; x_wconf 85' lang='lat' dir='ltr'><strong>contulerat.</strong></span> <span class='ocrx_word' id='word_1_528' title='bbox 1281 4295 1480 4350; x_wconf 89' lang='lat' dir='ltr'><strong>Charta</strong></span> <span class='ocrx_word' id='word_1_529' title='bbox 1525 4295 1648 4350; x_wconf 88' lang='lat' dir='ltr'><strong>data</strong></span> <span class='ocrx_word' id='word_1_530' title='bbox 1695 4303 1781 4349; x_wconf 87' lang='lat' dir='ltr'><strong>est</strong></span> <span class='ocrx_word' id='word_1_531' title='bbox 1827 4309 1970 4348; x_wconf 88' lang='lat' dir='ltr'><strong>anno</strong></span> <span class='ocrx_word' id='word_1_532' title='bbox 1999 4293 2177 4349; x_wconf 87' lang='lat' dir='ltr'><strong>incar-</strong></span> 
     </span>
    </p>
   </div>
   <div class='ocr_carea' id='block_1_77' title="bbox 601 4384 2176 4456">
    <p class='ocr_par' dir='ltr' id='par_1_77' title="bbox 601 4384 2176 4456">
     <span class='ocr_line' id='line_1_77' title="bbox 601 4384 2176 4456; baseline 0 -16"><span class='ocrx_word' id='word_1_533' title='bbox 601 4386 843 4440; x_wconf 87' lang='lat' dir='ltr'><strong>nationis</strong></span> <span class='ocrx_word' id='word_1_534' title='bbox 858 4385 1014 4453; x_wconf 71' lang='lat'><strong>1025,</strong></span> <span class='ocrx_word' id='word_1_535' title='bbox 1033 4384 1167 4440; x_wconf 81' lang='lat' dir='ltr'><strong>feria</strong></span> <span class='ocrx_word' id='word_1_536' title='bbox 1183 4401 1234 4438; x_wconf 88' lang='lat' dir='ltr'><strong>tv</strong></span> <span class='ocrx_word' id='word_1_537' title='bbox 1257 4396 1382 4440; x_wconf 85' lang='lat' dir='ltr'><strong>ante</strong></span> <span class='ocrx_word' id='word_1_538' title='bbox 1399 4385 1636 4442; x_wconf 82' lang='lat' dir='ltr'><strong>Ascensa</strong></span> <span class='ocrx_word' id='word_1_539' title='bbox 1659 4385 1891 4452; x_wconf 87' lang='lat' dir='ltr'><strong>Domini,</strong></span> <span class='ocrx_word' id='word_1_540' title='bbox 1915 4392 2176 4456; x_wconf 80' lang='lat' dir='ltr'><strong>regnante</strong></span> 
     </span>
    </p>
   </div>
   <div class='ocr_carea' id='block_1_78' title="bbox 2271 3202 3860 3278">
    <p class='ocr_par' dir='ltr' id='par_1_78' title="bbox 2271 3202 3860 3278">
     <span class='ocr_line' id='line_1_78' title="bbox 2271 3202 3860 3278; baseline -0.006 -15"><span class='ocrx_word' id='word_1_541' title='bbox 2271 3207 2582 3278; x_wconf 83' lang='lat' dir='ltr'><strong>complures</strong></span> <span class='ocrx_word' id='word_1_542' title='bbox 2616 3206 2932 3262; x_wconf 89' lang='lat' dir='ltr'><strong>donationes</strong></span> <span class='ocrx_word' id='word_1_543' title='bbox 2959 3206 3124 3261; x_wconf 85' lang='lat' dir='ltr'><strong>variis</strong></span> <span class='ocrx_word' id='word_1_544' title='bbox 3155 3205 3485 3275; x_wconf 88' lang='lat' dir='ltr'><strong>temporibus</strong></span> <span class='ocrx_word' id='word_1_545' title='bbox 3527 3202 3860 3258; x_wconf 87' lang='lat' dir='ltr'><strong>monasterio</strong></span> 
     </span>
    </p>
   </div>
   <div class='ocr_carea' id='block_1_79' title="bbox 2273 3294 3860 3367">
    <p class='ocr_par' dir='ltr' id='par_1_79' title="bbox 2273 3294 3860 3367">
     <span class='ocr_line' id='line_1_79' title="bbox 2273 3294 3860 3367; baseline -0.004 -15"><span class='ocrx_word' id='word_1_546' title='bbox 2273 3296 2619 3354; x_wconf 80' lang='lat' dir='ltr'><strong>Cluniacensi</strong></span> <span class='ocrx_word' id='word_1_547' title='bbox 2644 3296 2815 3351; x_wconf 81' lang='lat' dir='ltr'><strong>factas</strong></span> <span class='ocrx_word' id='word_1_548' title='bbox 2835 3296 3245 3351; x_wconf 86' lang='lat' dir='ltr'><strong>conﬁrmarunt.</strong></span> <span class='ocrx_word' id='word_1_549' title='bbox 3264 3294 3476 3349; x_wconf 84' lang='lat' dir='ltr'><strong>Nullam</strong></span> <span class='ocrx_word' id='word_1_550' title='bbox 3491 3294 3659 3367; x_wconf 64' lang='lat' dir='ltr'><strong>habet</strong></span> <span class='ocrx_word' id='word_1_551' title='bbox 3678 3294 3860 3349; x_wconf 87' lang='lat' dir='ltr'><strong>datam</strong></span> 
     </span>
    </p>
   </div>
   <div class='ocr_carea' id='block_1_80' title="bbox 2274 3385 3022 3441">
    <p class='ocr_par' dir='ltr' id='par_1_80' title="bbox 2274 3385 3022 3441">
     <span class='ocr_line' id='line_1_80' title="bbox 2274 3385 3022 3441; baseline 0 -2"><span class='ocrx_word' id='word_1_552' title='bbox 2274 3385 2328 3440; x_wconf 91' lang='lat' dir='ltr'><strong>in</strong></span> <span class='ocrx_word' id='word_1_553' title='bbox 2351 3385 2630 3441; x_wconf 86' lang='lat' dir='ltr'><strong>chartario</strong></span> <span class='ocrx_word' id='word_1_554' title='bbox 2655 3385 3022 3441; x_wconf 88' lang='lat' dir='ltr'><strong>Cluniacensi.</strong></span> 
     </span>
    </p>
   </div>
   <div class='ocr_carea' id='block_1_81' title="bbox 2266 3462 3860 3553">
    <p class='ocr_par' dir='ltr' id='par_1_81' title="bbox 2266 3462 3860 3553">
     <span class='ocr_line' id='line_1_81' title="bbox 2266 3462 3860 3553; baseline -0.001 -21"><span class='ocrx_word' id='word_1_555' title='bbox 2266 3462 2280 3474; x_wconf 78' lang='grc'><strong>’</strong></span> <span class='ocrx_word' id='word_1_556' title='bbox 2343 3478 2434 3534; x_wconf 74' lang='grc'><strong>45.</strong></span> <span class='ocrx_word' id='word_1_557' title='bbox 2453 3477 2566 3534; x_wconf 91' lang='lat' dir='ltr'><strong>Sub</strong></span> <span class='ocrx_word' id='word_1_558' title='bbox 2593 3478 2783 3534; x_wconf 87' lang='lat' dir='ltr'><strong>iisdem</strong></span> <span class='ocrx_word' id='word_1_559' title='bbox 2809 3479 3027 3550; x_wconf 89' lang='lat' dir='ltr'><strong>regibus</strong></span> <span class='ocrx_word' id='word_1_560' title='bbox 3038 3477 3186 3544; x_wconf 89' lang='lat' dir='ltr'><strong>Otto,</strong></span> <span class='ocrx_word' id='word_1_561' title='bbox 3211 3492 3395 3534; x_wconf 91' lang='lat' dir='ltr'><strong>comes</strong></span> <span class='ocrx_word' id='word_1_562' title='bbox 3417 3476 3860 3553; x_wconf 79' lang='lat' dir='ltr'><strong>Matisconensis,</strong></span> 
     </span>
    </p>
   </div>
   <div class='ocr_carea' id='block_1_82' title="bbox 2274 3566 3864 3626">
    <p class='ocr_par' dir='ltr' id='par_1_82' title="bbox 2274 3566 3864 3626">
     <span class='ocr_line' id='line_1_82' title="bbox 2274 3566 3864 3626; baseline -0.004 0"><span class='ocrx_word' id='word_1_563' title='bbox 2274 3571 2432 3626; x_wconf 78' lang='lat' dir='ltr'><strong>villas</strong></span> <span class='ocrx_word' id='word_1_564' title='bbox 2471 3571 2606 3626; x_wconf 89' lang='lat' dir='ltr'><strong>duas</strong></span> <span class='ocrx_word' id='word_1_565' title='bbox 2649 3567 2992 3625; x_wconf 85' lang='lat' dir='ltr'><strong>Cluniacensi</strong></span> <span class='ocrx_word' id='word_1_566' title='bbox 3033 3570 3362 3625; x_wconf 88' lang='lat' dir='ltr'><strong>monasterio</strong></span> <span class='ocrx_word' id='word_1_567' title='bbox 3392 3568 3540 3623; x_wconf 89' lang='lat' dir='ltr'><strong>dedit</strong></span> <span class='ocrx_word' id='word_1_568' title='bbox 3581 3577 3679 3621; x_wconf 89' lang='lat' dir='ltr'><strong>aut</strong></span> <span class='ocrx_word' id='word_1_569' title='bbox 3707 3566 3864 3621; x_wconf 71' lang='lat' dir='ltr'><strong>resu-</strong></span> 
     </span>
    </p>
   </div>
   <div class='ocr_carea' id='block_1_83' title="bbox 2279 3658 3861 3730">
    <p class='ocr_par' dir='ltr' id='par_1_83' title="bbox 2279 3658 3861 3730">
     <span class='ocr_line' id='line_1_83' title="bbox 2279 3658 3861 3730; baseline -0.006 -13"><span class='ocrx_word' id='word_1_570' title='bbox 2279 3663 2409 3724; x_wconf 91' lang='lat' dir='ltr'><strong>tuit,</strong></span> <span class='ocrx_word' id='word_1_571' title='bbox 2446 3668 2508 3716; x_wconf 91' lang='lat' dir='ltr'><strong>ut</strong></span> <span class='ocrx_word' id='word_1_572' title='bbox 2550 3662 2668 3730; x_wconf 86' lang='lat' dir='ltr'><strong>ipse</strong></span> <span class='ocrx_word' id='word_1_573' title='bbox 2710 3661 2764 3715; x_wconf 92' lang='lat' dir='ltr'><strong>in</strong></span> <span class='ocrx_word' id='word_1_574' title='bbox 2802 3661 2991 3715; x_wconf 89' lang='lat' dir='ltr'><strong>charta</strong></span> <span class='ocrx_word' id='word_1_575' title='bbox 3035 3659 3300 3730; x_wconf 89' lang='lat' dir='ltr'><strong>loquitur:</strong></span> <span class='ocrx_word' id='word_1_576' title='bbox 3330 3658 3434 3712; x_wconf 90' lang='lat' dir='ltr'><strong>Pro</strong></span> <span class='ocrx_word' id='word_1_577' title='bbox 3475 3658 3657 3712; x_wconf 84' lang='lat' dir='ltr'><strong>anima</strong></span> <span class='ocrx_word' id='word_1_578' title='bbox 3695 3658 3861 3725; x_wconf 80' lang='lat' dir='ltr'><strong>patris</strong></span> 
     </span>
    </p>
   </div>
   <div class='ocr_carea' id='block_1_84' title="bbox 2273 3747 3862 3817">
    <p class='ocr_par' dir='ltr' id='par_1_84' title="bbox 2273 3747 3862 3817">
     <span class='ocr_line' id='line_1_84' title="bbox 2273 3747 3862 3817; baseline -0.006 -10"><span class='ocrx_word' id='word_1_579' title='bbox 2273 3753 2377 3807; x_wconf 85' lang='lat' dir='ltr'><strong>mei</strong></span> <span class='ocrx_word' id='word_1_580' title='bbox 2401 3751 2662 3815; x_wconf 84' lang='lat' dir='ltr'><strong>Widouis,</strong></span> <span class='ocrx_word' id='word_1_581' title='bbox 2693 3767 2784 3804; x_wconf 86' lang='lat' dir='ltr'><strong>nec</strong></span> <span class='ocrx_word' id='word_1_582' title='bbox 2815 3767 2917 3804; x_wconf 86' lang='lat' dir='ltr'><strong>non</strong></span> <span class='ocrx_word' id='word_1_583' title='bbox 2943 3759 2990 3804; x_wconf 85' lang='lat' dir='ltr'><strong>et</strong></span> <span class='ocrx_word' id='word_1_584' title='bbox 3020 3752 3104 3803; x_wconf 86' lang='lat' dir='ltr'><strong>avi</strong></span> <span class='ocrx_word' id='word_1_585' title='bbox 3131 3751 3233 3803; x_wconf 82' lang='lat' dir='ltr'><strong>mei</strong></span> <span class='ocrx_word' id='word_1_586' title='bbox 3261 3747 3490 3812; x_wconf 79' lang='lat' dir='ltr'><strong>Ottonis,</strong></span> <span class='ocrx_word' id='word_1_587' title='bbox 3519 3757 3862 3817; x_wconf 79' lang='lat' dir='ltr'><strong>cognomento</strong></span> 
     </span>
    </p>
   </div>
   <div class='ocr_carea' id='block_1_85' title="bbox 2276 3836 3862 3909">
    <p class='ocr_par' dir='ltr' id='par_1_85' title="bbox 2276 3836 3862 3909">
     <span class='ocr_line' id='line_1_85' title="bbox 2276 3836 3862 3909; baseline -0.006 -11"><span class='ocrx_word' id='word_1_588' title='bbox 2276 3842 2550 3909; x_wconf 78' lang='lat' dir='ltr'><strong>Willelmi,</strong></span> <span class='ocrx_word' id='word_1_589' title='bbox 2577 3850 2625 3897; x_wconf 82' lang='lat' dir='ltr'><strong>et</strong></span> <span class='ocrx_word' id='word_1_590' title='bbox 2654 3840 2836 3896; x_wconf 79' lang='lat' dir='ltr'><strong>uxoris</strong></span> <span class='ocrx_word' id='word_1_591' title='bbox 2874 3855 3024 3905; x_wconf 61' lang='lat' dir='ltr'><strong>meas.</strong></span> <span class='ocrx_word' id='word_1_592' title='bbox 3067 3853 3114 3894; x_wconf 85' lang='lat' dir='ltr'><strong>et</strong></span> <span class='ocrx_word' id='word_1_593' title='bbox 3148 3838 3246 3908; x_wconf 69' lang='grc' dir='ltr'><strong>βίίὶ</strong></span> <span class='ocrx_word' id='word_1_594' title='bbox 3277 3840 3376 3893; x_wconf 81' lang='lat' dir='ltr'><strong>mei</strong></span> <span class='ocrx_word' id='word_1_595' title='bbox 3403 3837 3677 3908; x_wconf 71' lang='lat' dir='ltr'><strong>Eanfridi,</strong></span> <span class='ocrx_word' id='word_1_596' title='bbox 3703 3836 3862 3890; x_wconf 82' lang='lat' dir='ltr'><strong>reddo</strong></span> 
     </span>
    </p>
   </div>
   <div class='ocr_carea' id='block_1_86' title="bbox 2276 3929 3860 3999">
    <p class='ocr_par' dir='ltr' id='par_1_86' title="bbox 2276 3929 3860 3999">
     <span class='ocr_line' id='line_1_86' title="bbox 2276 3929 3860 3999; baseline -0.003 -14"><span class='ocrx_word' id='word_1_597' title='bbox 2276 3933 2345 3986; x_wconf 81' lang='lat' dir='ltr'><strong>ad</strong></span> <span class='ocrx_word' id='word_1_598' title='bbox 2361 3933 2529 3986; x_wconf 87' lang='lat' dir='ltr'><strong>locum</strong></span> <span class='ocrx_word' id='word_1_599' title='bbox 2552 3932 2863 3988; x_wconf 83' lang='lat' dir='ltr'><strong>Cluniacum</strong></span> <span class='ocrx_word' id='word_1_600' title='bbox 2880 3929 3079 3997; x_wconf 83' lang='lat' dir='ltr'><strong>villam,</strong></span> <span class='ocrx_word' id='word_1_601' title='bbox 3101 3931 3349 3984; x_wconf 80' lang='lat' dir='ltr'><strong>Aniscum</strong></span> <span class='ocrx_word' id='word_1_602' title='bbox 3373 3947 3404 3982; x_wconf 89' lang='lat' dir='ltr'><strong>a</strong></span> <span class='ocrx_word' id='word_1_603' title='bbox 3424 3929 3615 3999; x_wconf 84' lang='lat' dir='ltr'><strong>priscis</strong></span> <span class='ocrx_word' id='word_1_604' title='bbox 3643 3930 3860 3992; x_wconf 79' lang='lat' dir='ltr'><strong>dictum,</strong></span> 
     </span>
    </p>
   </div>
   <div class='ocr_carea' id='block_1_87' title="bbox 2275 4019 3863 4090">
    <p class='ocr_par' dir='ltr' id='par_1_87' title="bbox 2275 4019 3863 4090">
     <span class='ocr_line' id='line_1_87' title="bbox 2275 4019 3863 4090; baseline -0.003 -14"><span class='ocrx_word' id='word_1_605' title='bbox 2275 4023 2330 4076; x_wconf 85' lang='lat' dir='ltr'><strong>in</strong></span> <span class='ocrx_word' id='word_1_606' title='bbox 2356 4023 2524 4076; x_wconf 80' lang='lat' dir='ltr'><strong>vicino</strong></span> <span class='ocrx_word' id='word_1_607' title='bbox 2559 4021 2744 4076; x_wconf 77' lang='lat' dir='ltr'><strong>Araris</strong></span> <span class='ocrx_word' id='word_1_608' title='bbox 2765 4021 2913 4090; x_wconf 78' lang='lat' dir='ltr'><strong>ﬂuvii</strong></span> <span class='ocrx_word' id='word_1_609' title='bbox 2941 4021 3120 4086; x_wconf 84' lang='lat' dir='ltr'><strong>sitam,</strong></span> <span class='ocrx_word' id='word_1_610' title='bbox 3149 4037 3266 4090; x_wconf 70' lang='lat' dir='ltr'><strong>qua:</strong></span> <span class='ocrx_word' id='word_1_611' title='bbox 3295 4019 3419 4074; x_wconf 82' lang='lat' dir='ltr'><strong>olim</strong></span> <span class='ocrx_word' id='word_1_612' title='bbox 3456 4035 3519 4073; x_wconf 79' lang='lat' dir='ltr'><strong>ea:</strong></span> <span class='ocrx_word' id='word_1_613' title='bbox 3555 4020 3863 4073; x_wconf 60' lang='lat' dir='ltr'><strong>hereditate</strong></span> 
     </span>
    </p>
   </div>
   <div class='ocr_carea' id='block_1_88' title="bbox 2273 4110 3862 4182">
    <p class='ocr_par' dir='ltr' id='par_1_88' title="bbox 2273 4110 3862 4182">
     <span class='ocr_line' id='line_1_88' title="bbox 2273 4110 3862 4182; baseline -0.001 -15"><span class='ocrx_word' id='word_1_614' title='bbox 2273 4114 2447 4167; x_wconf 81' lang='lat' dir='ltr'><strong>sancti</strong></span> <span class='ocrx_word' id='word_1_615' title='bbox 2489 4110 2746 4167; x_wconf 82' lang='lat' dir='ltr'><strong>Vincentii</strong></span> <span class='ocrx_word' id='word_1_616' title='bbox 2773 4111 3039 4182; x_wconf 68' lang='lat' dir='ltr'><strong>(ecclesia:</strong></span> <span class='ocrx_word' id='word_1_617' title='bbox 3067 4112 3398 4167; x_wconf 88' lang='lat' dir='ltr'><strong>cathedralis</strong></span> <span class='ocrx_word' id='word_1_618' title='bbox 3423 4112 3862 4180; x_wconf 76' lang='lat' dir='ltr'><strong>Matisconcnsis)</strong></span> 
     </span>
    </p>
   </div>
   <div class='ocr_carea' id='block_1_89' title="bbox 2278 4203 3862 4273">
    <p class='ocr_par' dir='ltr' id='par_1_89' title="bbox 2278 4203 3862 4273">
     <span class='ocr_line' id='line_1_89' title="bbox 2278 4203 3862 4273; baseline 0 -17"><span class='ocrx_word' id='word_1_619' title='bbox 2278 4203 2348 4256; x_wconf 83' lang='lat' dir='ltr'><strong>ad</strong></span> <span class='ocrx_word' id='word_1_620' title='bbox 2388 4218 2561 4258; x_wconf 85' lang='lat' dir='ltr'><strong>meum</strong></span> <span class='ocrx_word' id='word_1_621' title='bbox 2599 4204 2903 4257; x_wconf 84' lang='lat' dir='ltr'><strong>comitatum</strong></span> <span class='ocrx_word' id='word_1_622' title='bbox 2932 4203 2997 4256; x_wconf 89' lang='lat' dir='ltr'><strong>ab</strong></span> <span class='ocrx_word' id='word_1_623' title='bbox 3025 4204 3251 4272; x_wconf 75' lang='lat' dir='ltr'><strong>antiquis</strong></span> <span class='ocrx_word' id='word_1_624' title='bbox 3279 4204 3480 4258; x_wconf 64' lang='lat' dir='ltr'><strong>(invenit</strong></span> <span class='ocrx_word' id='word_1_625' title='bbox 3507 4243 3523 4268; x_wconf 92' lang='lat'><strong>,</strong></span> <span class='ocrx_word' id='word_1_626' title='bbox 3565 4205 3728 4257; x_wconf 83' lang='lat' dir='ltr'><strong>sicuti</strong></span> <span class='ocrx_word' id='word_1_627' title='bbox 3748 4204 3862 4273; x_wconf 81' lang='lat' dir='ltr'><strong>jam</strong></span> 
     </span>
    </p>
   </div>
   <div class='ocr_carea' id='block_1_90' title="bbox 2278 4291 3863 4368">
    <p class='ocr_par' dir='ltr' id='par_1_90' title="bbox 2278 4291 3863 4368">
     <span class='ocr_line' id='line_1_90' title="bbox 2278 4291 3863 4368; baseline -0.001 -18"><span class='ocrx_word' id='word_1_628' title='bbox 2278 4303 2400 4350; x_wconf 82' lang='lat' dir='ltr'><strong>ante</strong></span> <span class='ocrx_word' id='word_1_629' title='bbox 2437 4311 2608 4349; x_wconf 86' lang='lat' dir='ltr'><strong>comes</strong></span> <span class='ocrx_word' id='word_1_630' title='bbox 2634 4291 2916 4350; x_wconf 84' lang='lat' dir='ltr'><strong>Leotaldus</strong></span> <span class='ocrx_word' id='word_1_631' title='bbox 2945 4304 3128 4350; x_wconf 76' lang='lat' dir='ltr'><strong>atauus</strong></span> <span class='ocrx_word' id='word_1_632' title='bbox 3166 4313 3311 4351; x_wconf 84' lang='lat' dir='ltr'><strong>meus</strong></span> <span class='ocrx_word' id='word_1_633' title='bbox 3367 4313 3460 4368; x_wconf 78' lang='lat' dir='ltr'><strong>per</strong></span> <span class='ocrx_word' id='word_1_634' title='bbox 3496 4306 3863 4351; x_wconf 75' lang='lat' dir='ltr'><strong>testamentum</strong></span> 
     </span>
    </p>
   </div>
   <div class='ocr_carea' id='block_1_91' title="bbox 2277 4385 3863 4458">
    <p class='ocr_par' dir='ltr' id='par_1_91' title="bbox 2277 4385 3863 4458">
     <span class='ocr_line' id='line_1_91' title="bbox 2277 4385 3863 4458; baseline 0 -19"><span class='ocrx_word' id='word_1_635' title='bbox 2277 4386 2522 4456; x_wconf 74' lang='lat' dir='ltr'><strong>prwcepti</strong></span> <span class='ocrx_word' id='word_1_636' title='bbox 2568 4385 2824 4440; x_wconf 83' lang='lat' dir='ltr'><strong>Ludovici</strong></span> <span class='ocrx_word' id='word_1_637' title='bbox 2875 4388 3011 4457; x_wconf 84' lang='lat' dir='ltr'><strong>regis</strong></span> <span class='ocrx_word' id='word_1_638' title='bbox 3056 4387 3270 4441; x_wconf 77' lang='lat' dir='ltr'><strong>dederat</strong></span> <span class='ocrx_word' id='word_1_639' title='bbox 3327 4387 3563 4458; x_wconf 83' lang='lat' dir='ltr'><strong>apostolo</strong></span> <span class='ocrx_word' id='word_1_640' title='bbox 3611 4385 3770 4442; x_wconf 81' lang='lat' dir='ltr'><strong>Petro</strong></span> <span class='ocrx_word' id='word_1_641' title='bbox 3815 4397 3863 4441; x_wconf 82' lang='lat' dir='ltr'><strong>et</strong></span> 
     </span>
    </p>
   </div>
   <div class='ocr_carea' id='block_1_92' title="bbox 605 4463 3862 4533">
    <p class='ocr_par' dir='ltr' id='par_1_92' title="bbox 605 4463 3862 4533">
     <span class='ocr_line' id='line_1_92' title="bbox 605 4463 3862 4533; baseline -0 -3"><span class='ocrx_word' id='word_1_642' title='bbox 605 4474 860 4530; x_wconf 75' lang='lat' dir='ltr'><strong>Roduli’o.</strong></span> <span class='ocrx_word' id='word_1_643' title='bbox 897 4476 1178 4532; x_wconf 88' lang='lat' dir='ltr'><strong>Donationi</strong></span> <span class='ocrx_word' id='word_1_644' title='bbox 1215 4487 1606 4532; x_wconf 90' lang='lat' dir='ltr'><strong>consenserunt</strong></span> <span class='ocrx_word' id='word_1_645' title='bbox 1635 4493 1822 4533; x_wconf 83' lang='lat' dir='ltr'><strong>eorum</strong></span> <span class='ocrx_word' id='word_1_646' title='bbox 1850 4477 2050 4533; x_wconf 82' lang='lat' dir='ltr'><strong>fratres</strong></span> <span class='ocrx_word' id='word_1_647' title='bbox 2078 4476 2179 4532; x_wconf 85' lang='lat' dir='ltr'><strong>Fe-</strong></span> <span class='ocrx_word' id='word_1_648' title='bbox 2206 4463 2256 4523; x_wconf 80' lang='grc' dir='ltr'>Ι)</span> <span class='ocrx_word' id='word_1_649' title='bbox 2279 4474 2650 4531; x_wconf 81' lang='lat' dir='ltr'><strong>Cluniensibus</strong></span> <span class='ocrx_word' id='word_1_650' title='bbox 2689 4477 2982 4530; x_wconf 75' lang='lat' dir='ltr'><strong>monac/tis.</strong></span> <span class='ocrx_word' id='word_1_651' title='bbox 3014 4475 3189 4531; x_wconf 87' lang='lat' dir='ltr'><strong>Donat</strong></span> <span class='ocrx_word' id='word_1_652' title='bbox 3215 4477 3378 4531; x_wconf 88' lang='lat' dir='ltr'><strong>etiam</strong></span> <span class='ocrx_word' id='word_1_653' title='bbox 3423 4476 3602 4530; x_wconf 89' lang='lat' dir='ltr'><strong>villam</strong></span> <span class='ocrx_word' id='word_1_654' title='bbox 3636 4477 3862 4530; x_wconf 83' lang='lat' dir='ltr'><strong>alteram</strong></span> 
     </span>
    </p>
   </div>
   <div class='ocr_carea' id='block_1_93' title="bbox 603 4565 2179 4637">
    <p class='ocr_par' dir='ltr' id='par_1_93' title="bbox 603 4565 2179 4637">
     <span class='ocr_line' id='line_1_93' title="bbox 603 4565 2179 4637; baseline 0 -16"><span class='ocrx_word' id='word_1_655' title='bbox 603 4566 791 4621; x_wconf 77' lang='lat' dir='ltr'><strong>raldus</strong></span> <span class='ocrx_word' id='word_1_656' title='bbox 809 4576 868 4622; x_wconf 89' lang='lat' dir='ltr'><strong>et</strong></span> <span class='ocrx_word' id='word_1_657' title='bbox 893 4565 1092 4622; x_wconf 86' lang='lat' dir='ltr'><strong>Petrus</strong></span> <span class='ocrx_word' id='word_1_658' title='bbox 1135 4567 1409 4637; x_wconf 85' lang='lat' dir='ltr'><strong>episc0pi,</strong></span> <span class='ocrx_word' id='word_1_659' title='bbox 1459 4566 1812 4636; x_wconf 84' lang='lat' dir='ltr'><strong>Vapincensis</strong></span> <span class='ocrx_word' id='word_1_660' title='bbox 1850 4567 2056 4623; x_wconf 89' lang='lat' dir='ltr'><strong>scilicet</strong></span> <span class='ocrx_word' id='word_1_661' title='bbox 2080 4575 2179 4633; x_wconf 90' lang='lat' dir='ltr'><strong>,ut</strong></span> 
     </span>
    </p>
   </div>
   <div class='ocr_carea' id='block_1_94' title="bbox 607 4657 2176 4727">
    <p class='ocr_par' dir='ltr' id='par_1_94' title="bbox 607 4657 2176 4727">
     <span class='ocr_line' id='line_1_94' title="bbox 607 4657 2176 4727; baseline 0.002 -17"><span class='ocrx_word' id='word_1_662' title='bbox 607 4657 824 4727; x_wconf 80' lang='lat' dir='ltr'><strong>quidem</strong></span> <span class='ocrx_word' id='word_1_663' title='bbox 873 4657 1005 4712; x_wconf 78' lang='lat' dir='ltr'><strong>mihi</strong></span> <span class='ocrx_word' id='word_1_664' title='bbox 1055 4657 1293 4723; x_wconf 88' lang='lat' dir='ltr'><strong>videtur,</strong></span> <span class='ocrx_word' id='word_1_665' title='bbox 1342 4667 1396 4712; x_wconf 89' lang='lat' dir='ltr'><strong>et</strong></span> <span class='ocrx_word' id='word_1_666' title='bbox 1445 4657 1844 4723; x_wconf 84' lang='lat' dir='ltr'><strong>Sistaricensis,</strong></span> <span class='ocrx_word' id='word_1_667' title='bbox 1895 4658 2176 4724; x_wconf 68' lang='lat' dir='ltr'><strong>Amulius,</strong></span> 
     </span>
    </p>
   </div>
   <div class='ocr_carea' id='block_1_95' title="bbox 607 4746 2178 4814">
    <p class='ocr_par' dir='ltr' id='par_1_95' title="bbox 607 4746 2178 4814">
     <span class='ocr_line' id='line_1_95' title="bbox 607 4746 2178 4814; baseline 0.002 -13"><span class='ocrx_word' id='word_1_668' title='bbox 607 4746 908 4814; x_wconf 81' lang='lat' dir='ltr'><strong>Geraldus,</strong></span> <span class='ocrx_word' id='word_1_669' title='bbox 962 4747 1224 4803; x_wconf 79' lang='lat' dir='ltr'><strong>Rodulfus</strong></span> <span class='ocrx_word' id='word_1_670' title='bbox 1267 4757 1322 4802; x_wconf 90' lang='lat' dir='ltr'><strong>et</strong></span> <span class='ocrx_word' id='word_1_671' title='bbox 1384 4747 1736 4804; x_wconf 81' lang='lat' dir='ltr'><strong>ltutnbaldus.</strong></span> <span class='ocrx_word' id='word_1_672' title='bbox 1783 4749 1988 4804; x_wconf 83' lang='lat' dir='ltr'><strong>Eodem</strong></span> <span class='ocrx_word' id='word_1_673' title='bbox 2037 4765 2178 4804; x_wconf 86' lang='lat' dir='ltr'><strong>anno</strong></span> 
     </span>
    </p>
   </div>
   <div class='ocr_carea' id='block_1_96' title="bbox 607 4838 2176 4911">
    <p class='ocr_par' dir='ltr' id='par_1_96' title="bbox 607 4838 2176 4911">
     <span class='ocr_line' id='line_1_96' title="bbox 607 4838 2176 4911; baseline 0.001 -18"><span class='ocrx_word' id='word_1_674' title='bbox 607 4838 908 4894; x_wconf 85' lang='lat' dir='ltr'><strong>Gauslenus</strong></span> <span class='ocrx_word' id='word_1_675' title='bbox 935 4839 1218 4910; x_wconf 88' lang='lat' dir='ltr'><strong>episcopus</strong></span> <span class='ocrx_word' id='word_1_676' title='bbox 1239 4838 1644 4894; x_wconf 80' lang='lat' dir='ltr'><strong>Matisconensis</strong></span> <span class='ocrx_word' id='word_1_677' title='bbox 1667 4840 1911 4911; x_wconf 81' lang='lat' dir='ltr'><strong>qtundam</strong></span> <span class='ocrx_word' id='word_1_678' title='bbox 1938 4855 2176 4896; x_wconf 89' lang='lat' dir='ltr'><strong>commu-</strong></span> 
     </span>
    </p>
   </div>
   <div class='ocr_carea' id='block_1_97' title="bbox 607 4928 2181 5001">
    <p class='ocr_par' dir='ltr' id='par_1_97' title="bbox 607 4928 2181 5001">
     <span class='ocr_line' id='line_1_97' title="bbox 607 4928 2181 5001; baseline 0.002 -19"><span class='ocrx_word' id='word_1_679' title='bbox 607 4929 742 4983; x_wconf 71' lang='lat' dir='ltr'><strong>tavit</strong></span> <span class='ocrx_word' id='word_1_680' title='bbox 767 4945 890 4984; x_wconf 91' lang='lat' dir='ltr'><strong>eum</strong></span> <span class='ocrx_word' id='word_1_681' title='bbox 933 4928 1159 4986; x_wconf 88' lang='lat' dir='ltr'><strong>Odilone</strong></span> <span class='ocrx_word' id='word_1_682' title='bbox 1183 4929 1377 4986; x_wconf 87' lang='lat' dir='ltr'><strong>abbate</strong></span> <span class='ocrx_word' id='word_1_683' title='bbox 1408 4930 1460 4984; x_wconf 93' lang='lat' dir='ltr'><strong>in</strong></span> <span class='ocrx_word' id='word_1_684' title='bbox 1493 4931 1619 4985; x_wconf 88' lang='lat' dir='ltr'><strong>villa</strong></span> <span class='ocrx_word' id='word_1_685' title='bbox 1660 4932 1897 5001; x_wconf 85' lang='lat' dir='ltr'><strong>Lupiaco</strong></span> <span class='ocrx_word' id='word_1_686' title='bbox 1916 4972 1930 4994; x_wconf 87' lang='lat'><strong>,</strong></span> <span class='ocrx_word' id='word_1_687' title='bbox 1959 4932 2014 4985; x_wconf 91' lang='lat' dir='ltr'><strong>in</strong></span> <span class='ocrx_word' id='word_1_688' title='bbox 2043 4946 2181 5001; x_wconf 87' lang='lat' dir='ltr'><strong>pago</strong></span> 
     </span>
    </p>
   </div>
   <div class='ocr_carea' id='block_1_98' title="bbox 610 5019 2186 5093">
    <p class='ocr_par' dir='ltr' id='par_1_98' title="bbox 610 5019 2186 5093">
     <span class='ocr_line' id='line_1_98' title="bbox 610 5019 2186 5093; baseline 0.004 -21"><span class='ocrx_word' id='word_1_689' title='bbox 610 5019 1018 5087; x_wconf 80' lang='lat' dir='ltr'><strong>Matisconensi,</strong></span> <span class='ocrx_word' id='word_1_690' title='bbox 1060 5021 1316 5093; x_wconf 84' lang='lat' dir='ltr'><strong>deditque</strong></span> <span class='ocrx_word' id='word_1_691' title='bbox 1339 5023 1502 5078; x_wconf 86' lang='lat' dir='ltr'><strong>variis</strong></span> <span class='ocrx_word' id='word_1_692' title='bbox 1529 5023 1583 5078; x_wconf 85' lang='lat' dir='ltr'><strong>iu</strong></span> <span class='ocrx_word' id='word_1_693' title='bbox 1611 5023 1746 5082; x_wconf 78' lang='lat' dir='ltr'><strong>locis</strong></span> <span class='ocrx_word' id='word_1_694' title='bbox 1770 5023 1975 5092; x_wconf 82' lang='lat' dir='ltr'><strong>aliquot</strong></span> <span class='ocrx_word' id='word_1_695' title='bbox 2002 5024 2186 5078; x_wconf 77' lang='lat' dir='ltr'><strong>vinea-</strong></span> 
     </span>
    </p>
   </div>
   <div class='ocr_carea' id='block_1_99' title="bbox 611 5112 2186 5185">
    <p class='ocr_par' dir='ltr' id='par_1_99' title="bbox 611 5112 2186 5185">
     <span class='ocr_line' id='line_1_99' title="bbox 611 5112 2186 5185; baseline 0.004 -21"><span class='ocrx_word' id='word_1_696' title='bbox 611 5124 731 5166; x_wconf 86' lang='lat' dir='ltr'><strong>rum</strong></span> <span class='ocrx_word' id='word_1_697' title='bbox 776 5112 1000 5167; x_wconf 82' lang='lat' dir='ltr'><strong>rascias.</strong></span> <span class='ocrx_word' id='word_1_698' title='bbox 1047 5113 1181 5168; x_wconf 88' lang='lat' dir='ltr'><strong>Cum</strong></span> <span class='ocrx_word' id='word_1_699' title='bbox 1225 5114 1476 5185; x_wconf 89' lang='lat' dir='ltr'><strong>episcopo</strong></span> <span class='ocrx_word' id='word_1_700' title='bbox 1519 5116 1960 5185; x_wconf 83' lang='lat' dir='ltr'><strong>subscripserunt</strong></span> <span class='ocrx_word' id='word_1_701' title='bbox 1988 5114 2186 5170; x_wconf 84' lang='lat' dir='ltr'><strong>Walte-</strong></span> 
     </span>
    </p>
   </div>
   <div class='ocr_carea' id='block_1_100' title="bbox 611 5200 2180 5275">
    <p class='ocr_par' dir='ltr' id='par_1_100' title="bbox 611 5200 2180 5275">
     <span class='ocr_line' id='line_1_100' title="bbox 611 5200 2180 5275; baseline 0.006 -21"><span class='ocrx_word' id='word_1_702' title='bbox 611 5200 726 5256; x_wconf 83' lang='lat' dir='ltr'><strong>rius</strong></span> <span class='ocrx_word' id='word_1_703' title='bbox 748 5205 1068 5272; x_wconf 70' lang='lat' dir='ltr'><strong>prtepositus</strong></span> <span class='ocrx_word' id='word_1_704' title='bbox 1083 5213 1137 5258; x_wconf 90' lang='lat' dir='ltr'><strong>et</strong></span> <span class='ocrx_word' id='word_1_705' title='bbox 1158 5203 1248 5260; x_wconf 91' lang='lat' dir='ltr'><strong>alii</strong></span> <span class='ocrx_word' id='word_1_706' title='bbox 1267 5206 1536 5270; x_wconf 90' lang='lat' dir='ltr'><strong>canonici,</strong></span> <span class='ocrx_word' id='word_1_707' title='bbox 1563 5223 1706 5262; x_wconf 90' lang='lat' dir='ltr'><strong>anno</strong></span> <span class='ocrx_word' id='word_1_708' title='bbox 1727 5208 1996 5262; x_wconf 86' lang='lat' dir='ltr'><strong>incarnat.</strong></span> <span class='ocrx_word' id='word_1_709' title='bbox 2023 5208 2180 5275; x_wconf 74' lang='grc'><strong>1025,</strong></span> 
     </span>
    </p>
   </div>
   <div class='ocr_carea' id='block_1_101' title="bbox 613 5294 1166 5358">
    <p class='ocr_par' dir='ltr' id='par_1_101' title="bbox 613 5294 1166 5358">
     <span class='ocr_line' id='line_1_101' title="bbox 613 5294 1166 5358; baseline 0.009 -13"><span class='ocrx_word' id='word_1_710' title='bbox 613 5305 871 5358; x_wconf 84' lang='lat' dir='ltr'><strong>regnante</strong></span> <span class='ocrx_word' id='word_1_711' title='bbox 907 5294 1166 5351; x_wconf 81' lang='lat' dir='ltr'><strong>Robcrto.</strong></span> 
     </span>
    </p>
   </div>
   <div class='ocr_carea' id='block_1_102' title="bbox 2281 4563 3865 4634">
    <p class='ocr_par' dir='ltr' id='par_1_102' title="bbox 2281 4563 3865 4634">
     <span class='ocr_line' id='line_1_102' title="bbox 2281 4563 3865 4634; baseline 0 -17"><span class='ocrx_word' id='word_1_712' title='bbox 2281 4563 2450 4633; x_wconf 87' lang='lat' dir='ltr'><strong>priori</strong></span> <span class='ocrx_word' id='word_1_713' title='bbox 2480 4564 2834 4633; x_wconf 83' lang='lat' dir='ltr'><strong>contiguam,</strong></span> <span class='ocrx_word' id='word_1_714' title='bbox 2867 4563 3127 4620; x_wconf 85' lang='lat' dir='ltr'><strong>Asnerias</strong></span> <span class='ocrx_word' id='word_1_715' title='bbox 3171 4565 3394 4631; x_wconf 90' lang='lat' dir='ltr'><strong>dictam,</strong></span> <span class='ocrx_word' id='word_1_716' title='bbox 3433 4580 3557 4620; x_wconf 87' lang='lat' dir='ltr'><strong>eum</strong></span> <span class='ocrx_word' id='word_1_717' title='bbox 3603 4565 3865 4634; x_wconf 85' lang='lat' dir='ltr'><strong>appendi-</strong></span> 
     </span>
    </p>
   </div>
   <div class='ocr_carea' id='block_1_103' title="bbox 2288 4656 3863 4727">
    <p class='ocr_par' dir='ltr' id='par_1_103' title="bbox 2288 4656 3863 4727">
     <span class='ocr_line' id='line_1_103' title="bbox 2288 4656 3863 4727; baseline -0.002 -17"><span class='ocrx_word' id='word_1_718' title='bbox 2288 4657 2379 4710; x_wconf 90' lang='lat' dir='ltr'><strong>tiis</strong></span> <span class='ocrx_word' id='word_1_719' title='bbox 2404 4696 2419 4723; x_wconf 91' lang='lat'><strong>,</strong></span> <span class='ocrx_word' id='word_1_720' title='bbox 2459 4665 2564 4710; x_wconf 87' lang='lat' dir='ltr'><strong>etc.</strong></span> <span class='ocrx_word' id='word_1_721' title='bbox 2609 4656 2747 4710; x_wconf 89' lang='lat' dir='ltr'><strong>Data</strong></span> <span class='ocrx_word' id='word_1_722' title='bbox 2811 4665 2898 4711; x_wconf 90' lang='lat' dir='ltr'><strong>est</strong></span> <span class='ocrx_word' id='word_1_723' title='bbox 2944 4666 3206 4727; x_wconf 83' lang='lat' dir='ltr'><strong>regnante</strong></span> <span class='ocrx_word' id='word_1_724' title='bbox 3244 4656 3506 4712; x_wconf 84' lang='lat' dir='ltr'><strong>Rotberto</strong></span> <span class='ocrx_word' id='word_1_725' title='bbox 3548 4672 3677 4724; x_wconf 75' lang='lat' dir='ltr'><strong>rege</strong></span> <span class='ocrx_word' id='word_1_726' title='bbox 3740 4671 3863 4709; x_wconf 81' lang='lat' dir='ltr'><strong>cum</strong></span> 
     </span>
    </p>
   </div>
   <div class='ocr_carea' id='block_1_104' title="bbox 2283 4745 3864 4820">
    <p class='ocr_par' dir='ltr' id='par_1_104' title="bbox 2283 4745 3864 4820">
     <span class='ocr_line' id='line_1_104' title="bbox 2283 4745 3864 4820; baseline 0 -18"><span class='ocrx_word' id='word_1_727' title='bbox 2283 4747 2396 4802; x_wconf 82' lang='lat' dir='ltr'><strong>ﬁlio</strong></span> <span class='ocrx_word' id='word_1_728' title='bbox 2448 4762 2546 4802; x_wconf 91' lang='lat' dir='ltr'><strong>suo</strong></span> <span class='ocrx_word' id='word_1_729' title='bbox 2588 4746 2832 4817; x_wconf 80' lang='lat' dir='ltr'><strong>Hugone.</strong></span> <span class='ocrx_word' id='word_1_730' title='bbox 2864 4745 3015 4802; x_wconf 85' lang='lat' dir='ltr'><strong>Uxor</strong></span> <span class='ocrx_word' id='word_1_731' title='bbox 3061 4748 3275 4804; x_wconf 81' lang='lat' dir='ltr'><strong>Ottonis</strong></span> <span class='ocrx_word' id='word_1_732' title='bbox 3304 4788 3319 4814; x_wconf 90' lang='lat'><strong>,</strong></span> <span class='ocrx_word' id='word_1_733' title='bbox 3364 4750 3518 4820; x_wconf 88' lang='lat' dir='ltr'><strong>cujus</strong></span> <span class='ocrx_word' id='word_1_734' title='bbox 3564 4765 3762 4803; x_wconf 86' lang='lat' dir='ltr'><strong>nomen</strong></span> <span class='ocrx_word' id='word_1_735' title='bbox 3811 4750 3864 4802; x_wconf 86' lang='lat' dir='ltr'><strong>in</strong></span> 
     </span>
    </p>
   </div>
   <div class='ocr_carea' id='block_1_105' title="bbox 2283 4836 3865 4910">
    <p class='ocr_par' dir='ltr' id='par_1_105' title="bbox 2283 4836 3865 4910">
     <span class='ocr_line' id='line_1_105' title="bbox 2283 4836 3865 4910; baseline -0.001 -17"><span class='ocrx_word' id='word_1_736' title='bbox 2283 4839 2476 4893; x_wconf 82' lang='lat' dir='ltr'><strong>charta</strong></span> <span class='ocrx_word' id='word_1_737' title='bbox 2503 4836 2611 4894; x_wconf 84' lang='lat' dir='ltr'><strong>non</strong></span> <span class='ocrx_word' id='word_1_738' title='bbox 2654 4838 2998 4906; x_wconf 85' lang='lat' dir='ltr'><strong>exprimitur,</strong></span> <span class='ocrx_word' id='word_1_739' title='bbox 3029 4839 3133 4894; x_wconf 81' lang='lat' dir='ltr'><strong>fuit</strong></span> <span class='ocrx_word' id='word_1_740' title='bbox 3162 4839 3457 4905; x_wconf 82' lang='lat' dir='ltr'><strong>Elizabeth,</strong></span> <span class='ocrx_word' id='word_1_741' title='bbox 3503 4855 3644 4910; x_wconf 60' lang='lat' dir='ltr'><strong>quas,</strong></span> <span class='ocrx_word' id='word_1_742' title='bbox 3669 4840 3865 4894; x_wconf 88' lang='lat' dir='ltr'><strong>eodem</strong></span> 
     </span>
    </p>
   </div>
   <div class='ocr_carea' id='block_1_106' title="bbox 2288 4929 3866 5000">
    <p class='ocr_par' dir='ltr' id='par_1_106' title="bbox 2288 4929 3866 5000">
     <span class='ocr_line' id='line_1_106' title="bbox 2288 4929 3866 5000; baseline 0 -16"><span class='ocrx_word' id='word_1_743' title='bbox 2288 4929 2528 4985; x_wconf 82' lang='lat' dir='ltr'><strong>Roberto</strong></span> <span class='ocrx_word' id='word_1_744' title='bbox 2573 4937 2860 5000; x_wconf 83' lang='lat' dir='ltr'><strong>regnante,</strong></span> <span class='ocrx_word' id='word_1_745' title='bbox 2898 4929 3061 4985; x_wconf 78' lang='lat' dir='ltr'><strong>simul</strong></span> <span class='ocrx_word' id='word_1_746' title='bbox 3096 4947 3220 4986; x_wconf 92' lang='lat' dir='ltr'><strong>cum</strong></span> <span class='ocrx_word' id='word_1_747' title='bbox 3258 4934 3456 4988; x_wconf 88' lang='lat' dir='ltr'><strong>marito</strong></span> <span class='ocrx_word' id='word_1_748' title='bbox 3493 4949 3592 4987; x_wconf 90' lang='lat' dir='ltr'><strong>suo</strong></span> <span class='ocrx_word' id='word_1_749' title='bbox 3643 4934 3866 4986; x_wconf 85' lang='lat' dir='ltr'><strong>donavit</strong></span> 
     </span>
    </p>
   </div>
   <div class='ocr_carea' id='block_1_107' title="bbox 2286 5021 3866 5092">
    <p class='ocr_par' dir='ltr' id='par_1_107' title="bbox 2286 5021 3866 5092">
     <span class='ocr_line' id='line_1_107' title="bbox 2286 5021 3866 5092; baseline 0.003 -17"><span class='ocrx_word' id='word_1_750' title='bbox 2286 5021 2619 5078; x_wconf 85' lang='lat' dir='ltr'><strong>monasterio</strong></span> <span class='ocrx_word' id='word_1_751' title='bbox 2644 5023 2905 5091; x_wconf 72' lang='lat' dir='ltr'><strong>praedium</strong></span> <span class='ocrx_word' id='word_1_752' title='bbox 2934 5023 3202 5092; x_wconf 87' lang='lat' dir='ltr'><strong>quoddam</strong></span> <span class='ocrx_word' id='word_1_753' title='bbox 3244 5025 3296 5078; x_wconf 89' lang='lat' dir='ltr'><strong>in</strong></span> <span class='ocrx_word' id='word_1_754' title='bbox 3341 5023 3461 5079; x_wconf 88' lang='lat' dir='ltr'><strong>villa</strong></span> <span class='ocrx_word' id='word_1_755' title='bbox 3495 5025 3778 5089; x_wconf 82' lang='lat' dir='ltr'><strong>Fusciaco,</strong></span> <span class='ocrx_word' id='word_1_756' title='bbox 3810 5026 3866 5080; x_wconf 88' lang='lat' dir='ltr'><strong>in</strong></span> 
     </span>
    </p>
   </div>
   <div class='ocr_carea' id='block_1_108' title="bbox 2286 5111 3867 5182">
    <p class='ocr_par' dir='ltr' id='par_1_108' title="bbox 2286 5111 3867 5182">
     <span class='ocr_line' id='line_1_108' title="bbox 2286 5111 3867 5182; baseline 0.002 -18"><span class='ocrx_word' id='word_1_757' title='bbox 2286 5125 2422 5182; x_wconf 84' lang='lat' dir='ltr'><strong>pago</strong></span> <span class='ocrx_word' id='word_1_758' title='bbox 2446 5111 2798 5182; x_wconf 74' lang='lat' dir='ltr'><strong>LingonenSi,</strong></span> <span class='ocrx_word' id='word_1_759' title='bbox 2844 5113 2898 5166; x_wconf 94' lang='lat' dir='ltr'><strong>in</strong></span> <span class='ocrx_word' id='word_1_760' title='bbox 2947 5113 3205 5168; x_wconf 89' lang='lat' dir='ltr'><strong>comitatu</strong></span> <span class='ocrx_word' id='word_1_761' title='bbox 3253 5112 3567 5169; x_wconf 87' lang='lat' dir='ltr'><strong>Ocherensi.</strong></span> <span class='ocrx_word' id='word_1_762' title='bbox 3617 5113 3867 5182; x_wconf 87' lang='lat' dir='ltr'><strong>Denique</strong></span> 
     </span>
    </p>
   </div>
   <div class='ocr_carea' id='block_1_109' title="bbox 2287 5200 3868 5274">
    <p class='ocr_par' dir='ltr' id='par_1_109' title="bbox 2287 5200 3868 5274">
     <span class='ocr_line' id='line_1_109' title="bbox 2287 5200 3868 5274; baseline -0.001 -16"><span class='ocrx_word' id='word_1_763' title='bbox 2287 5201 2412 5258; x_wconf 88' lang='lat' dir='ltr'><strong>Otto</strong></span> <span class='ocrx_word' id='word_1_764' title='bbox 2455 5217 2638 5257; x_wconf 87' lang='lat' dir='ltr'><strong>comes</strong></span> <span class='ocrx_word' id='word_1_765' title='bbox 2681 5200 2894 5257; x_wconf 90' lang='lat' dir='ltr'><strong>Odiloni</strong></span> <span class='ocrx_word' id='word_1_766' title='bbox 2922 5201 3105 5258; x_wconf 85' lang='lat' dir='ltr'><strong>abbati</strong></span> <span class='ocrx_word' id='word_1_767' title='bbox 3131 5205 3392 5274; x_wconf 86' lang='lat' dir='ltr'><strong>quasdam</strong></span> <span class='ocrx_word' id='word_1_768' title='bbox 3437 5219 3524 5258; x_wconf 89' lang='lat' dir='ltr'><strong>res</strong></span> <span class='ocrx_word' id='word_1_769' title='bbox 3550 5203 3770 5258; x_wconf 85' lang='lat' dir='ltr'><strong>donavit</strong></span> <span class='ocrx_word' id='word_1_770' title='bbox 3811 5204 3868 5256; x_wconf 91' lang='lat' dir='ltr'><strong>in</strong></span> 
     </span>
    </p>
   </div>
   <div class='ocr_carea' id='block_1_110' title="bbox 2287 5292 3868 5358">
    <p class='ocr_par' dir='ltr' id='par_1_110' title="bbox 2287 5292 3868 5358">
     <span class='ocr_line' id='line_1_110' title="bbox 2287 5292 3868 5358; baseline 0.002 -10"><span class='ocrx_word' id='word_1_771' title='bbox 2287 5294 2413 5349; x_wconf 75' lang='lat' dir='ltr'><strong>villa</strong></span> <span class='ocrx_word' id='word_1_772' title='bbox 2465 5292 2796 5358; x_wconf 86' lang='lat' dir='ltr'><strong>Camavata,</strong></span> <span class='ocrx_word' id='word_1_773' title='bbox 2850 5298 2905 5350; x_wconf 92' lang='lat' dir='ltr'><strong>in</strong></span> <span class='ocrx_word' id='word_1_774' title='bbox 2953 5298 3210 5353; x_wconf 88' lang='lat' dir='ltr'><strong>comitatu</strong></span> <span class='ocrx_word' id='word_1_775' title='bbox 3276 5298 3684 5358; x_wconf 81' lang='lat' dir='ltr'><strong>Matisconeusi;</strong></span> <span class='ocrx_word' id='word_1_776' title='bbox 3731 5297 3868 5351; x_wconf 86' lang='lat' dir='ltr'><strong>item</strong></span> 
     </span>
    </p>
   </div>
  </div>
