4116 5358
309 301 412 358 819

1767 309 1965 367 ELOGI
1977 310 2013 366 Ε
2025 309 2092 364 Μ.

3464 316 3569 372 ὃΰῦ

306 415 480 470 sancti
529 413 789 485 Georgii,
835 413 937 470 sita
983 416 1034 472 in
1083 413 1500 474 Villa-Domina.
1550 419 1682 475 Item
1730 421 1886 476 vinea
1917 424 1965 481 Α
1998 433 2136 470 rum.
2197 415 2366 473 Porro
2415 419 2676 490 ejusmodi
2722 419 2930 476 chartis
2984 437 3092 477 non
3149 422 3334 494 plures
3401 440 3568 497 quam

306 505 506 560 ibidem
536 544 552 570 ,
582 514 639 560 et
678 520 781 560 una
832 506 1150 563 condamina
1200 510 1252 564 in
1302 525 1440 580 pago
1490 509 1886 582 Gratianopoli-

305 605 452 650 tano.

372 687 462 740 47.
496 685 658 740 Anno
695 700 880 742 xxxv"
916 686 1128 743 Bodulli
1176 691 1338 761 regis,
1368 693 1636 747 Amedeus
1677 709 1879 760 comes,

300 777 445 832 filius
469 775 759 834 llumberti
797 780 1041 846 comitis,
1070 782 1228 836 simul
1268 799 1389 838 cum
1418 801 1588 841 uxore
1621 801 1715 842 sua
1740 787 1882 840 Ada-

298 867 481 923 lheida
511 908 526 933 ,
569 869 717 925 dedit
767 873 1098 927 monasterio
1143 873 1525 937 Cluniacensi.
1573 877 1661 930 ubi
1697 888 1880 946 pt'a'esi

296 961 524 1014 domum
562 969 714 1028 pater
744 960 900 1016 Odilo
927 1002 942 1027 ,
979 962 1265 1018 ecclesiam
1315 965 1490 1020 sancti
1535 965 1774 1022 Mauricii
1825 968 1879 1024 in

293 1050 423 1104 villa
473 1050 806 1118 Maltacena,
856 1062 911 1108 et
945 1054 1049 1108 alia
1099 1056 1264 1109 multa
1292 1098 1306 1121 ,
1356 1065 1634 1112 reservato
1669 1059 1770 1113 sibi
1817 1075 1882 1114 ac

295 1143 711 1203 successoribus
763 1145 874 1199 suis
917 1145 1040 1214 jure
1105 1158 1439 1216 patronatus.
1497 1149 1619 1205 llaec
1687 1152 1879 1206 charta

295 1234 531 1290 habetur
565 1237 617 1290 in
671 1235 1000 1292 Bibliotheca
1051 1239 1392 1295 Cluniacensi
1422 1282 1436 1305 ,
1481 1241 1583 1296 col.
1616 1243 1720 1296 “‘2
1747 1284 1761 1305 ,
1788 1245 1878 1299 ubi

297 1323 422 1378 data
455 1324 652 1380 dicitur
681 1341 825 1380 anno
853 1342 1069 1391 xxxv”,
1108 1338 1365 1397 regnante
1393 1328 1623 1384 Rodulfo
1652 1371 1665 1392 ,
1697 1332 1877 1386 incar-

295 1414 535 1468 nationis
575 1414 786 1469 Domini
833 1399 1006 1478 1025',
1042 1417 1159 1470 Kal.
1207 1417 1528 1474 Novembris
1555 1460 1569 1484 ,
1610 1419 1732 1473 luna
1783 1437 1874 1474 xx.

294 1504 397 1571 Qui
447 1506 792 1562 characteres
839 1507 1206 1580 chronologici
1257 1527 1361 1566 non
1415 1513 1517 1566 sibi
1569 1514 1875 1578 cohaerent,

295 1612 420 1651 nam
463 1613 640 1654 annus
673 1615 857 1654 xxxv"
899 1599 1108 1655 Rodulfi
1144 1603 1286 1672 regis
1315 1620 1457 1659 anno
1489 1604 1624 1659 1029
1651 1606 1877 1676 vulgata:

293 1706 416 1745 atrae
442 1705 630 1745 mense
644 1689 862 1746 Octobri
880 1692 1401 1758 incmpit.Caeterum
1424 1711 1552 1767 erga
1584 1700 1876 1754 monachos

1989 516 2222 578 quatuor
2245 518 2339 563 aut
2361 511 2602 580 quinque
2637 513 2888 568 monachi
2925 514 3172 570 solebant
3214 519 3562 586 suscribere;

1989 612 2152 651 uuam
2184 610 2363 653 tamen
2414 615 2527 670 pra:
2584 603 2835 659 manibus
2898 604 3198 670 habemus,
3247 610 3333 664 cui
3379 611 3566 682 viginti

1989 690 2241 744 monachi
2271 691 2675 762 subscripsere;
2711 696 2804 751 sed
2830 704 2916 750 est
2944 696 3148 767 absque
3181 698 3325 753 data.

2056 780 2145 835 52.
2185 781 2344 837 Anno
2376 783 2536 850 1032,
2567 784 2862 842 indictione
2909 805 2999 854 xv,
3033 789 3168 844 feria
3199 805 3232 845 v
3277 791 3417 848 infra
3466 809 3564 866 pa-

1985 871 2226 925 schalem
2255 871 2670 940 hebdomadam,
2699 875 2998 932 Girbardus
3022 879 3329 951 presbyter,
3354 882 3420 936 ad
3443 898 3567 938 con~

1983 961 2290 1018 versionem
2340 964 2584 1030 veniens,
2635 968 2891 1022 nonnulla
2935 970 3162 1026 contulit
3213 975 3564 1038 monasterio,

1984 1067 2127 1123 quae,
2175 1053 2346 1109 tribus
2370 1055 2645 1111 mensibus
2669 1057 2904 1128 elapsis,
2932 1060 3027 1114 Ain
3057 1061 3254 1117 nobilis
3281 1061 3481 1118 femina
3509 1065 3563 1119 in

1983 1144 2318 1214 praestariam
2348 1146 2448 1201 sub
2479 1161 2647 1202 censu
2685 1148 2846 1203 trium
2885 1150 3180 1205 solidorum
3209 1153 3443 1214 obtinuit
3464 1168 3564 1223 pro

1984 1249 2082 1290 sua
2113 1251 2177 1290 ac
2204 1235 2435 1290 filiorum
2468 1252 2689 1294 suorum
2718 1239 2847 1303 vita,
2881 1242 3118 1311 acceptis
3147 1243 3214 1296 ab
3235 1258 3297 1297 ea
3321 1245 3562 1313 quadra-

1983 1325 2130 1394 ginta
2170 1325 2375 1389 solidis,
2407 1326 2551 1381 mulo
2591 1327 2794 1382 valente
2819 1326 2878 1389 C.
2913 1330 3165 1398 adjuncto
3187 1348 3289 1384 uno
3321 1331 3558 1387 bancale.

1984 1418 2369 1489 Subscripsere
2398 1419 2552 1475 Odilo
2579 1422 2768 1487 abbas,
2794 1422 3067 1478 Robertus
3094 1426 3242 1494 prior
3275 1442 3397 1481 cum
3431 1428 3556 1481 aliis

1981 1509 2218 1580 quinque
2249 1513 2542 1577 monachis,
2574 1529 2604 1569 e
2633 1515 2830 1585 quibus
2860 1532 3001 1570 unus
3048 1517 3419 1586 appellabatur
3465 1517 3559 1576 Jo-

1981 1600 2182 1662 saltlus,
2228 1601 2271 1656 is
2318 1601 2552 1660 fortasse
2586 1605 2676 1675 qui
2726 1607 2870 1661 beati
2922 1606 3164 1662 Odilonis
3212 1609 3373 1663 vitam
3425 1623 3558 1666 con-

1982 1691 2220 1760 scripsit.

292 1781 678 1837 Cluniaeenses
725 1782 777 1836 in
812 1782 935 1837 villa
984 1782 1277 1840 Maltacena
1320 1786 1575 1855 degentes
1606 1788 1878 1842 beneficus
1907 1780 1954 1841 Β
2052 1780 2142 1834 53.
2185 1782 2326 1836 Ante
2378 1783 2428 1837 id
2461 1792 2673 1854 tcmpus
2704 1785 2884 1842 Berlio
2910 1789 3066 1843 miles
3094 1788 3318 1845 dederat
3344 1790 3561 1849 Odiloni

292 1870 396 1924 fuit
423 1871 562 1927 idem
590 1870 942 1938 Humbertus,
969 1881 1026 1926 ut
1054 1882 1200 1944 patet
1231 1889 1294 1929 es
1320 1874 1518 1944 duplici
1544 1876 1660 1945 ejus
1688 1877 1875 1931 charta

292 1962 433 2031 apud
471 1961 877 2018 Guichenonem
925 1963 978 2018 in
1023 1964 1434 2034 probationibus
1484 1964 1733 2021 Historiae
1779 1966 1877 2021 Sa-

291 2052 571 2121 baudicar,
617 2054 709 2110 ubi
757 2054 925 2110 multa
972 2055 1184 2112 confert
1224 2056 1398 2111 eidem
1449 2056 1586 2113 loco.
1635 2056 1878 2128 Utraque

289 2153 438 2199 caret
475 2143 602 2199 data
627 2185 643 2210 ,
674 2147 769 2200 sed
819 2146 1108 2217 utrobique
1157 2147 1510 2202 nominantur
1562 2156 1672 2205 tres
1712 2149 1878 2205 llum-

288 2235 429 2290 berti
465 2235 582 2303 filii,
606 2236 817 2293 scilicet
838 2237 1133 2306 Amadeus,
1164 2239 1334 2308 Aymo
1356 2249 1411 2294 et
1431 2240 1568 2296 Odo.

356 2324 451 2380 48.
493 2326 655 2381 Anno
713 2342 826 2382 xut
879 2327 1104 2383 Roberti
1138 2329 1307 2398 regis,
1340 2345 1407 2384 ex
1441 2345 1549 2399 quo
1591 2331 1799 2386 scilicet
1844 2347 1874 2386 a

286 2423 441 2486 patre
492 2416 549 2471 in
598 2418 752 2488 regni
806 2419 1124 2475 societatem
1179 2419 1360 2476 fuerat
1410 2431 1746 2491 assumptus,
1811 2435 1876 2478 ac

286 2505 516 2577 proinde
565 2522 707 2564 anno
737 2509 895 2574 l0‘29,
936 2510 1101 2568 datus
1146 2520 1231 2567 est
1272 2513 1607 2567 monasterio
1652 2513 1874 2568 Clunia-

286 2596 438 2651 censi
469 2595 702 2654 curtilus
745 2597 798 2653 in
829 2599 953 2655 villa
988 2599 1245 2657 Sarciaco
1266 2601 1320 2656 in
1345 2617 1482 2674 pago
1513 2601 1875 2660 Matisconen—

289 2685 356 2752 si,
398 2687 700 2744 indictione
729 2705 808 2753 ιι,
837 2705 1023 2747 mense
1053 2691 1373 2748 Februario.

354 2781 448 2837 49.
485 2783 647 2837 Anno
677 2799 850 2839 xxxm
897 2784 1136 2855 ejusdem
1186 2787 1354 2857 regis,
1403 2786 1518 2856 qui,
1549 2787 1592 2841 si
1649 2787 1714 2842 de
1755 2801 1874 2842 mo-

287 2871 518 2938 narchia
548 2871 904 2944 intelligatur,
939 2875 1047 2930 erit
1075 2890 1250 2931 annus
1298 2876 1436 2931 l027
1477 2884 1572 2932 aut
1616 2893 1869 2948 sequens,

287 2963 414 3019 data
449 2963 553 3020 fuit
581 2963 1028 3022 Cluniacensibus
1069 2968 1276 3038 capella
1309 2978 1509 3026 sanctae
1534 2969 1717 3025 Mariae
1747 2986 1870 3026 cum

285 3053 536 3122 decimis,
565 3067 698 3121 etc.,
737 3058 792 3112 in
828 3058 954 3113 villa
1005 3058 1327 3126 Quinciaco,
1382 3061 1435 3117 in
1479 3077 1618 3135 pago
1654 3063 1866 3134 Lugdu-

285 3146 465 3213 nensi,
513 3154 563 3201 et
612 3155 819 3201 tantum
877 3158 1031 3204 terra:
1065 3151 1228 3220 juxta
1285 3154 1521 3207 eamdem
1560 3155 1862 3224 capellam,

281 3245 422 3306 quod
460 3239 684 3310 sufﬁciat
723 3241 904 3296 domui
953 3243 1286 3312 aediﬁcanda:
1331 3255 1379 3300 et
1429 3248 1646 3317 o/ﬁcinis
1683 3250 1866 3306 horte-

281 3345 383 3399 que
418 3330 684 3384 monachi.
736 3331 818 3387 Ad
851 3331 993 3387 idem
1022 3333 1139 3390 fere
1169 3341 1381 3404 tempus
1427 3338 1670 3393 revocari
1708 3338 1868 3394 debet

282 3419 388 3474 alia
440 3420 653 3486 charta,
720 3437 825 3490 qua
883 3422 1084 3479 dantur
1140 3428 1478 3484 monasterio
1521 3428 1866 3487 Cluniacensi

281 3519 491 3580 septem
521 3511 715 3568 rasciaz
739 3513 1021 3570 vinearum
1054 3515 1108 3572 in
1139 3533 1278 3590 pago
1309 3518 1714 3585 Matisconensi,
1758 3519 1867 3577 Ro-

280 3597 440 3655 berto
474 3616 598 3673 rege
623 3617 746 3658 cum
776 3603 890 3660 iilio
925 3604 1162 3664 Henrico
1205 3618 1488 3680 regnante.
1519 3613 1676 3667 Anno
1707 3612 1862 3681 l027,

281 3689 550 3748 Henricus
575 3695 728 3766 regni
765 3697 947 3753 socius
979 3713 1010 3752 a
1042 3707 1197 3769 patre
1246 3701 1425 3757 dictus
1472 3711 1578 3758 est.

350 3779 444 3835 50.
482 3781 641 3838 Anno
691 3783 850 3852 l05l,
891 3784 1016 3842 Otto
1061 3803 1266 3856 comes,
1291 3801 1511 3862 rogatus
1557 3808 1588 3847 a
1627 3793 1864 3850 Roberto

278 3870 463 3941 priore
490 3871 857 3941 Cluniacensi,
881 3879 1028 3934 venit
1055 3879 1107 3934 in
1131 3881 1451 3950 capitulum,
1483 3884 1664 3954 ibique
1685 3901 1864 3950 amor-

277 3962 470 4019 tizavit
520 3965 702 4020 omnia
757 3981 878 4037 qua:
924 3969 1005 4026 eis
1055 3971 1179 4026 data
1223 3972 1307 4028 vel
1338 3974 1406 4029 ab
1439 3974 1507 4029 iis
1547 3989 1860 4046 comparata

275 4052 543 4110 hactenus
605 4055 883 4114 habebant
928 4061 982 4115 in
1029 4063 1291 4118 comitatu
1345 4064 1751 4134 Matiscouensi,
1798 4085 1863 4124 ac

277 4142 469 4197 silvam
496 4144 772 4212 Cerviam,
820 4163 980 4217 quam
1026 4151 1154 4206 olim
1207 4153 1290 4207 sui
1345 4153 1512 4223 ipsius
1553 4166 1862 4214 antecesso-

275 4247 364 4287 res
418 4237 750 4293 monasterio
779 4239 1147 4309 contulerant,
1180 4245 1548 4300 confirmavit.
1599 4246 1856 4304 Subscri-

275 4334 504 4394 pserunt
531 4325 660 4384 Otto
687 4345 889 4396 comes,
921 4331 1227 4389 Gaufredus
1275 4336 1418 4393 ﬁlius
1444 4336 1586 4406 ejus,
1617 4348 1670 4394 et
1698 4340 1859 4396 Wido

278 4415 424 4471 filius
471 4415 735 4474 Gaufredi
783 4422 1019 4478 comitis.
1064 4423 1251 4478 Actum
1295 4425 1560 4493 Cluniaci,
1608 4444 1667 4483 ιιι
1723 4427 1854 4483 Idus

274 4505 537 4576 Augusti,
589 4525 731 4564 anno
776 4511 1158 4568 incarnationis
1198 4515 1359 4582 1051,
1400 4518 1688 4573 indictione
1730 4535 1856 4586 xw,

273 4594 356 4648 die
384 4595 456 4650 25
495 4607 611 4666 post
640 4601 920 4654 transitum
985 4601 1194 4658 Roberti
1244 4607 1462 4676 gloriosi
1490 4610 1496 4616 ’
1523 4607 1858 4664 Francorum

274 4690 434 4758 regis,
464 4707 606 4745 anno
642 4694 1045 4764 quadragesimo
1093 4700 1236 4767 regni
1274 4701 1458 4768 ipsius,
1496 4703 1588 4770 qui
1633 4713 1706 4756 est
1735 4719 1858 4757 sexo

272 4788 356 4830 tus
383 4779 488 4845 filii
524 4781 640 4848 ejus
677 4782 901 4849 piissimi
942 4785 1122 4840 damni
1174 4786 1415 4853 Henrici,
1446 4805 1511 4842 ex
1539 4805 1640 4858 quo
1669 4801 1856 4844 unctus

272 4878 345 4920 est
378 4869 435 4921 in
465 4885 636 4939 regem
679 4888 839 4941 super
881 4884 1084 4942 gentem
1132 4875 1465 4931 Francorum
1505 4889 1552 4932 et
1604 4877 1852 4950 Burgun-

272 4958 510 5013 dionum.
545 4959 796 5017 Labbeus
828 4964 1012 5030 habet,
1045 4976 1101 5021 et
1129 4968 1346 5036 quidem
1379 4971 1604 5033 rectius,
1656 4972 1741 5024 die
1760 4971 1852 5037 22,

272 5065 410 5103 anno
439 5067 584 5116 thv,
618 5055 711 5123 qui
753 5065 828 5108 est
855 5071 887 5108 v
917 5055 1038 5123 ﬁlii,
1089 5068 1196 5112 etc.

342 5142 398 5166 BI
474 5143 656 5166 ρι’-..η
689 5161 825 5166 μνη..
860 5162 877 5166 -

1977 1868 2158 1924 abbati
2202 1871 2549 1928 Cluniacensi
2581 1875 2868 1930 ecclesiam
2908 1880 3082 1934 sancti
3131 1879 3388 1936 Germani
3423 1897 3556 1937 con-

1976 1959 2224 2024 fessoris,
2276 1964 2436 2018 sitam
2483 1965 2537 2018 in
2582 1980 2718 2036 pago
2760 1966 3076 2034 Viennensi,
3107 1970 3160 2024 in
3197 1986 3329 2041 agro
3362 1972 3561 2028 Corso-

1977 2051 2208 2108 riacensi
2236 2097 2251 2121 ,
2302 2056 2353 2110 in
2403 2057 2575 2111 insula
2621 2059 2762 2112 inter
2809 2057 3104 2116 Bulburum
3148 2071 3204 2118 et
3247 2063 3553 2119 Carusium.

1976 2140 2177 2198 Charta
2237 2145 2436 2200 nullam
2466 2147 2645 2202 datam
2681 2148 2942 2216 exhibet,
2983 2152 3075 2207 sed
3107 2153 3155 2208 ei
3210 2156 3558 2212 subscribunt

1975 2233 2344 2305 Leodegarius
2369 2239 2808 2309 archiepiscopus
2832 2242 3174 2310 Viennensis,
3199 2255 3358 2315 atque
3383 2247 3556 2320 Ayuto

1975 2323 2262 2393 episcopus
2285 2324 2554 2393 Belensis,‘
2583 2329 2634 2383 id
2662 2339 2745 2384 est
2773 2330 3106 2386 Bellicensis.

2045 2412 2134 2467 54.
2178 2413 2310 2468 Cum
2354 2416 2455 2470 hoc
2507 2417 2623 2487 ipso
2671 2434 2813 2474 anno
2844 2421 2982 2474 l032
3016 2422 3277 2477 Rodulfus
3310 2425 3554 2496 Burgun-

1976 2504 2196 2559 dionum
2238 2522 2332 2560 rex
2366 2505 2530 2561 vitam
2569 2509 2788 2575 finierit,
2837 2512 3008 2565 visum
3061 2523 3144 2568 est
3186 2515 3293 2569 huc
3346 2513 3554 2570 referre

1975 2596 2182 2667 aliquot.
2229 2599 2449 2653 chartas
2509 2615 2627 2670 quae
2685 2602 2801 2672 ipso
2855 2613 3135 2674 regnante,
3188 2607 3390 2676 absque
3446 2607 3551 2661 alia

1977 2688 2237 2758 temporis
2266 2698 2414 2754 nota,
2463 2691 2603 2745 data:
2652 2692 2852 2761 passim
2880 2703 3190 2747 occurrunt.
3222 2694 3299 2748 Ex
3337 2695 3421 2750 his
3468 2709 3555 2750 est

1973 2780 2167 2836 charta
2204 2783 2450 2853 Wigonis
2472 2784 2827 2847 vicccomitis,
2861 2784 2951 2853 qui
2983 2783 3145 2838 simul
3184 2800 3306 2839 cum
3336 2785 3552 2855 Euphe-

1975 2869 2080 2924 mia
2125 2886 2294 2926 uxore
2343 2887 2464 2938 sua,
2517 2871 2623 2926 lilia
2674 2871 2931 2926 Nardumi
2987 2873 3352 2940 vicccomitis,
3403 2873 3552 2929 dedit

1973 2961 2187 3018 Odiloni
2215 2963 2394 3019 abbati
2420 2963 2782 3029 Cluniacensi,
2812 2973 3070 3035 regnante
3098 2963 3347 3029 Rodulfo,
3379 2974 3552 3020 terras

1973 3053 2027 3106 in
2052 3054 2316 3109 comitatu
2361 3053 2704 3123 Lugdunensi
2757 3064 2813 3110 et
2864 3054 3266 3119 Matisconensi,
3299 3055 3431 3109 sitas
3455 3071 3546 3109 su--

1894 3135 1938 3198 C
1969 3159 2068 3215 per
2095 3145 2312 3200 Ararim
2361 3157 2419 3201 et
2454 3145 2712 3202 Voianam
2743 3145 2953 3210 fluvios,
2989 3147 3041 3200 in
3071 3147 3196 3200 villa
3236 3146 3546 3202 Konneuco.

1971 3234 2124 3292 Hanc
2188 3247 2367 3292 autem
2426 3238 2770 3294 donationem
2825 3238 2956 3294 fecit
3010 3240 3169 3310 Wigo
3219 3255 3319 3309 pro
3366 3238 3548 3292 anima

1971 3328 2142 3398 patris
2197 3329 2279 3382 sui
2332 3327 2576 3393 Berardi,
2623 3337 2678 3383 et
2725 3329 2916 3383 matris
2964 3343 3074 3384 suae
3116 3328 3424 3389 Blismodis.
3481 3343 3547 3383 ac

1969 3415 2158 3472 fratris
2199 3416 2283 3471 sui
2316 3416 2617 3472 Wichardi.
2649 3418 2780 3473 ltem
2808 3419 3029 3489 quidam
3069 3419 3285 3483 milites,
3318 3421 3418 3474 sub
3451 3433 3546 3474 co-

1969 3507 2092 3562 dem
2123 3507 2354 3562 Rodulfo
2377 3508 2885 3579 rege,Cluniacensi
2915 3511 3245 3566 monasterio
3279 3511 3547 3564 dederunt

1966 3595 2229 3652 ecclesias
2257 3598 2428 3651 sancti
2455 3597 2704 3662 Joannis,
2755 3600 2926 3655 sancti
2972 3601 3227 3655 Antonini
3270 3609 3324 3654 et
3365 3602 3543 3656 sancti

1965 3685 2231 3752 Leuterii,
2262 3687 2317 3741 in
2354 3688 2617 3742 comitatu
2658 3689 3032 3756 Vindascensi,
3064 3690 3116 3744 in
3145 3689 3420 3743 territorio
3449 3688 3543 3743 Di-

1965 3789 2136 3844 mont,
2163 3796 2298 3849 quas
2322 3795 2353 3832 a
2383 3780 2602 3835 seniore
2629 3796 2728 3836 suo
2751 3780 3018 3835 Willclmo
3049 3781 3244 3836 cernite
3269 3780 3541 3851 (videlicet

1963 3872 2284 3943 Provincizc)
2349 3881 2406 3928 et
2452 3872 2567 3942 ejus
2624 3889 2791 3928 uxore
2841 3874 3003 3927 Lucia
3054 3873 3326 3927 comitissa
3385 3887 3540 3927 accc-

1962 3973 2174 4034 perant.
2233 3962 2525 4020 Walterius
2583 3965 3022 4034 archiepiscopus
3085 3962 3532 4023 Vcsontionensis

1964 4055 2136 4110 altare
2183 4064 2237 4110 et
2291 4057 2527 4111 decimas
2554 4057 2800 4112 ecclesiae
2831 4055 3002 4110 sancti
3036 4053 3295 4124 Stephani
3332 4053 3385 4107 in
3409 4052 3538 4108 villa

1963 4143 2210 4200 Portensi
2241 4145 2685 4201 Cluniacensibus
2723 4145 3001 4200 monachis
3049 4143 3358 4214 petentibus
3397 4157 3534 4199 con-

1963 4235 2146 4302 cessit,
2183 4233 2330 4289 salvo
2354 4233 2684 4304 eulogiarum
2720 4244 2774 4290 et
2815 4244 3131 4304 paratarum
3171 4247 3358 4287 censu.
3397 4231 3535 4287 Data

1961 4335 2044 4381 est
2070 4336 2330 4397 regnante
2360 4325 2607 4391 Rodulfo,
2641 4333 2696 4380 et
2733 4333 3125 4380 consenserunt
3149 4323 3415 4389 canonici,
3443 4324 3538 4378 de-

1966 4431 2156 4481 canus,
2185 4415 2456 4471 Robertus
2483 4415 2669 4481 abbas,
2695 4425 2800 4472 etc.

2037 4507 2127 4562 55.
2165 4506 2280 4561 lluc
2323 4521 2539 4578 quoque
2585 4508 2802 4563 laudare
2831 4507 2994 4561 liceat
3022 4506 3266 4561 chartam
3297 4503 3538 4560 Ottonis-

1964 4598 2241 4661 Wiilelmi,
2257 4599 2398 4668 quod
2417 4599 2554 4654 hanc
2575 4599 2740 4654 solam
2753 4597 3049 4654 clausulam
3064 4596 3291 4652 habeat:
3312 4611 3536 4666 regnan-

1961 4697 2013 4742 te
2061 4687 2294 4757 Rodulfo
2321 4705 2453 4759 rege.
2505 4689 2638 4743 Nam
2674 4705 2794 4743 cum
2840 4689 2953 4758 ipse
3002 4686 3130 4742 Otto
3157 4702 3342 4742 comes
3391 4700 3534 4739 anno

1962 4781 2100 4836 1027
2132 4821 2147 4846 ,
2177 4789 2231 4835 et
2257 4781 2345 4834 alii
2383 4781 2474 4849 qui
2509 4782 2560 4834 in
2590 4797 2653 4834 ea
2677 4781 2960 4844 habentur,
2996 4779 3155 4850 longe
3180 4786 3306 4832 ante
3332 4775 3536 4830 Rodul-

1958 4875 2070 4929 fum
2105 4889 2283 4944 regem
2314 4873 2574 4939 obierint,
2605 4889 2707 4926 non
2741 4881 2918 4943 potest
2942 4887 3118 4943 usque
3164 4869 3231 4923 ad
3260 4875 3537 4922 extremos

1956 4967 2167 5022 Rodulfi
2195 4982 2366 5022 annos
2393 4965 2563 5034 rejici.
2598 4967 2656 5020 lu
2697 4982 2759 5020 ea
2789 4968 2978 5020 charta
3004 4964 3150 5026 Otto,
3184 4963 3537 5029 cognomento

1958 5059 2286 5125 Willelmus,
2327 5059 2402 5113 ait
2450 5073 2510 5112 se
2561 5059 2651 5112 diu
2691 5072 2820 5109 aure
2855 5054 3019 5109 surda
3055 5051 3386 5123 pratteriisse
3428 5046 3536 5144 cla-

2879 5147 2890 5159 ο
2938 5143 2980 5162 Α
3003 5144 3057 5162 ἱ⁶1
3079 5143 3182 5162 ξ-,ξιι
3215 5157 3273 5162 ---
3291 5143 3540 5162 --ΑεσιΑσοῆο
