4116 5358
550 318 651 376 851

1451 323 1509 382 S.
1551 324 1865 383 ODlLONlS
1901 321 2399 383 CLUNIACENSIS
2436 323 2726 382 ABBATIS
2759 322 2799 380 V

3725 312 3842 374 852

554 443 757 506 gnante
791 434 1027 493 Rodull‘o
1053 452 1198 508 rege.
1242 441 1302 495 In
1347 441 1520 497 altero
1560 440 1722 515 hujus
1763 442 1966 497 chartae
2012 456 2142 512 apo-
2168 447 2218 507 Α
2246 442 2316 497 cti
2349 439 2628 495 Laurentii
2672 440 2968 495 monachos
3000 436 3258 500 instituit,
3288 444 3348 491 ut
3392 450 3490 491 suo
3516 433 3640 490 loco
3685 434 3844 489 dice-

555 526 767 596 grapho
793 528 1028 584 habetur
1054 541 1109 585 et
1137 530 1272 587 alius
1297 531 1794 589 Ottonis-Willelmi
1844 532 2007 598 ﬁlius,
2048 548 2144 588 no-

557 619 702 674 mine
734 620 924 689 Wido;
962 632 1019 679 et
1050 624 1164 695 ipse
1192 624 1318 682 Otto
1348 626 1643 684 Henricum
1696 626 2023 698 Burgundia:
2051 626 2145 682 du-

554 724 675 765 cem
717 711 990 769 seniorem
1033 729 1191 771 suum
1233 716 1492 789 appellat,
1546 717 1827 788 multaque
1869 716 2147 788 subjungit

555 801 768 859 atrocia
793 802 1083 860 maledicta
1113 805 1168 861 in
1199 808 1281 863 sui
1313 808 1561 865 beneﬁcii
1596 808 1914 877 violatores,
1960 809 2008 864 si
2048 809 2149 864 aii-

556 890 782 960 Quando
824 892 1058 961 fuerint;
1109 911 1217 966 quo
1261 913 1332 953 ex
1380 898 1500 955 loco
1554 897 1801 953 chartam
1836 885 1981 953 hane
2006 898 2150 954 ultra

557 994 765 1037 annum
792 981 950 1048 1001,
979 1000 1088 1058 quo
1118 986 1385 1043 Henricus
1405 988 1731 1055 Burgundim
1757 989 1865 1043 dux
1891 988 2001 1045 fato
2028 989 2150 1043 fun-

558 1078 684 1127 ctus
717 1078 822 1136 est,
851 1070 1058 1128 diﬂ'erri
1086 1092 1191 1130 non
1240 1090 1403 1146 posse
1425 1076 1799 1149 intelligimus.

536 1166 582 1235 δ’
631 1162 724 1218 56.
744 1162 877 1220 Post
904 1165 1120 1222 Rodulﬁ
1151 1170 1295 1239 regis
1327 1171 1556 1237 obitum,
1588 1170 1976 1242 Ermengardis
2007 1172 2152 1242 regi-

528 1272 538 1301 ε
564 1249 656 1320 na,
682 1252 801 1323 ejus
828 1256 1037 1323 relicta,
1072 1260 1401 1317 monasterio
1425 1260 1790 1327 Cluniacensi,
1820 1263 1927 1327 ubi,
1952 1262 2150 1332 inquit,

538 1342 543 1352 '
560 1355 751 1413 praeest
775 1346 1001 1402 domnus
1032 1347 1192 1404 Odilo
1238 1351 1419 1417 abbas,
1448 1352 1671 1409 donavit
1705 1367 1802 1422 per
1831 1352 2154 1408 advocatum

562 1453 746 1508 suum,
798 1441 1018 1498 nomine
1074 1441 1420 1513 "ubertum,
1470 1445 1606 1501 duos
1651 1459 1873 1502 mansos
1918 1445 1973 1499 in
2017 1457 2155 1516 pago

563 1527 867 1586 Genevensi
903 1550 920 1586 :
952 1549 1120 1588 unum
1168 1533 1224 1590 in
1273 1534 1403 1594 villa
1455 1533 1771 1607 Silvigiaco,
1818 1535 2049 1590 alterum
2099 1535 2156 1590 in

562 1621 693 1677 villa
748 1623 1071 1689 Cicuilatis,
1134 1642 1258 1683 cum
1311 1629 1567 1684 omnibus
1617 1628 1685 1683 ad
1732 1642 1827 1684 eos
1876 1628 2156 1698 pertinen-

2244 549 2385 588 mus.
2440 532 2567 602 Ejus
2600 547 2730 587 vero
2762 547 2915 595 uxor,
2968 529 3187 585 nomine
3216 527 3459 591 Beatrix,
3487 532 3615 595 post
3663 524 3842 607 ipsius

2244 626 2453 681 obitum
2479 623 2951 688 Cluniacensibus,
3000 621 3199 691 quibus
3223 628 3337 673 tum
3388 615 3547 672 Odilo
3573 621 3842 684 praterat,

2246 714 2397 771 dedit
2439 730 2686 768 mansum
2728 728 2895 767 unum
2923 713 2977 766 in
3006 711 3124 766 loco
3158 710 3250 780 qui
3300 707 3501 764 dicitur
3532 704 3841 767 Salsetum,

2248 809 2300 863 in
2352 822 2491 878 pago
2515 804 2884 875 Lugdunensi.
2917 803 3120 861 Charta
3154 802 3278 858 data
3315 807 3400 855 est
3431 798 3574 868 apud
3610 794 3844 851 Clunia-

2249 915 2370 955 cum
2408 911 2598 953 mense
2638 895 2778 951 Maio
2802 935 2819 963 ,
2848 902 3142 965 'regnante
3191 889 3423 946 Domino
3468 895 3662 943 nostro
3712 881 3842 939 Iesu

2248 987 2485 1045 Christo.

2322 1082 2412 1137 59.
2453 1080 2611 1136 Anno
2669 1079 2808 1137 1058
2863 1079 2989 1134 data
3043 1076 3243 1131 dicitur
3290 1072 3477 1127 charta
3527 1064 3842 1125 donationis

2250 1174 2463 1231 Odiloni
2516 1173 2673 1229 factae
2705 1172 2864 1227 unius
2889 1169 3124 1235 curtilis,
3176 1175 3234 1223 et
3262 1165 3425 1222 trium
3479 1158 3841 1230 raxarutrrzde

2250 1269 2408 1322 vinea
2441 1267 2494 1321 in
2536 1281 2677 1338 pago
2706 1263 3109 1323 Matisconensi,
3154 1261 3208 1315 in
3256 1258 3381 1313 vina
3414 1254 3741 1318 Manisiaco,
3784 1251 3843 1306 in

2251 1376 2383 1433 agro
2411 1359 2635 1431 Itgiaco,
2682 1374 2743 1414 ιιι
2785 1357 2910 1413 ldus
2948 1354 3218 1418 Januarii,
3270 1349 3565 1407 indictione
3606 1362 3647 1404 τ
3698 1347 3849 1418 (qua:

2253 1467 2376 1508 cum
2432 1466 2574 1505 anno
2600 1449 2913 1519 supradicto
2955 1462 3062 1501 non
3084 1439 3427 1521 concordat),
3483 1438 3622 1494 feria
3677 1451 3843 1508 quar-

2258 1553 2333 1610 ta,
2402 1548 2667 1613 regnante
2711 1539 2957 1594 Chanaue
2983 1538 3329 1606 imperatore.
3373 1530 3667 1592 Cmterum,
3717 1542 3846 1583 cum

2255 1636 2361 1691 hoc
2391 1634 2507 1703 ipso
2534 1646 2677 1687 anno
2724 1629 3007 1686 Conradus
3031 1627 3327 1697 imperator
3379 1621 3490 1677 tilio
3513 1634 3617 1675 suo
3650 1617 3846 1674 Henri-

565 1712 715 1771 tibus
759 1716 923 1784 casis,
969 1717 1284 1786 casalibus,
1335 1720 1548 1788 vineis,
1600 1719 1809 1791 pratis,
1863 1727 1971 1775 etc.
1996 1718 2161 1775 Caret
2255 1742 2322 1782 co
2373 1723 2700 1794 Burgundia:
2739 1735 2967 1793 regnum
3016 1715 3312 1780 dimiserit,
3365 1714 3473 1769 huc
3520 1723 3852 1767 revocamus

532 1802 541 1811 ’
568 1804 715 1861 data.

639 1898 731 1954 57.
770 1898 931 1955 Anno
969 1899 1131 1956 10561
1180 1901 1490 1959 Willelmus
1544 1900 1919 1957 nobilissimus
1968 1913 2152 1956 comes

571 1986 945 2063 (Provincize),
993 2001 1049 2048 et
1077 1990 1196 2060 ejus
1224 2008 1365 2049 uxor
1412 1992 1605 2060 Lucia,
1649 1991 2006 2048 reddiderunt
2031 1989 2157 2045 Clu-

567 2079 811 2135 niacensi
846 2083 1197 2149 monasterio,
1230 2082 1318 2136 ubi
1359 2091 1571 2153 prwest,
1600 2082 1878 2152 inquiunt,
1928 2080 2155 2135 domnus

575 2170 737 2228 Odila
788 2173 972 2240 abbas,
1035 2174 1410 2230 hzereditatem
1464 2173 1640 2230 sancti
1698 2172 1914 2237 Maioli,
1951 2171 2160 2229 scilicet

570 2261 842 2319 Diliadam
893 2272 949 2320 et
973 2263 1419 2335 Septem-Fontes
1461 2265 1517 2320 in
1551 2264 1868 2336 episcopatu
1900 2246 2155 2334 Regensi.

571 2357 769 2412 Actum
812 2358 954 2429 apud
1001 2357 1435 2416 Podiiodolinrm
1465 2358 1890 2426 monasterium,
1919 2356 2053 2413 feria
2096 2373 2158 2425 tr,

575 2462 725 2506 anno
776 2450 1170 2506 incarnationis
1222 2448 1386 2515 1056,
1440 2450 1735 2507 indiCtione
1786 2465 1856 2516 ν,
1900 2448 2160 2505 Cbunone

573 2549 906 2612 Imperatore
958 2552 1226 2614 regnante
1276 2558 1421 2598 anno
1466 2542 1700 2598 decimo.
1743 2541 1929 2597 Altera
1970 2541 2160 2597 charta

575 2633 645 2688 de
672 2634 862 2690 eadem
890 2650 948 2690 re
977 2636 1058 2691 sic
1096 2634 1259 2692 habet
1289 2654 1303 2691 :
1344 2634 1462 2690 Duo
1505 2634 1696 2705 fratres
1724 2632 2043 2705 _Provincia:
2067 2651 2161 2688 co-

576 2723 764 2791 mites,
833 2720 1135 2796 Gaufredus
1198 2737 1354 2799 atque
1406 2727 1767 2794 Bertrannus,
1822 2728 2163 2797 worpiuerunt

576 2814 691 2871 Deo
729 2827 780 2871 et
809 2827 991 2871 sancto
1022 2813 1182 2872 Petro
1210 2816 1504 2884 Cluniensi,
1532 2834 1588 2871 ιη
1612 2834 1775 2872 manu
1800 2816 2042 2872 Odilonis
2073 2816 2166 2869 ab-

582 2907 755 2972 batis,
806 2905 1077 2962 Diliadam
1143 2918 1192 2963 et
1233 2906 1726 2979 Septem-Fontes.
1774 2908 1964 2964 Testes
2013 2907 2165 2964 fuere

580 2996 938 3055 Raimbaldus
1002 2999 1488 3071 archiepiscopus,
1538 2999 1799 3055 Feraldus
1847 3000 2165 3070 episcopus,

582 3085 782 3144 Petrus
814 3088 1102 3159 episcopus
1143 3087 1567 3157 Sextericensis,
1608 3089 1822 3145 Franco
1860 3090 2164 3160 episcopus,

580 3166 640 3238 et
669 3181 759 3236 alii
785 3181 938 3237 multi
961 3182 1170 3239 nobiles
1192 3183 1317 3238 viri.
1348 3183 1406 3238 In
1448 3183 1622 3240 altero
1652 3185 1985 3255 apographo,
2022 3184 2167 3239 inter
2193 3163 2237 3226 Ο

571 3270 876 3330 Ἐετδιάιιιιι
898 3283 954 3331 et
979 3274 1200 3331 Petrum
1231 3275 1688 3343 Sextericensem,
1710 3278 2005 3334 subscribit
2029 3276 2167 3331 alius

584 3364 717 3421 item
742 3365 937 3422 Petrus
956 3367 1264 3438 episcopus,
1291 3366 1446 3436 cujus
1489 3368 1648 3423 sedes
1672 3382 1778 3423 non
1816 3368 2162 3439 designatur;

585 3462 645 3533 et
671 3455 860 3511 charta
883 3456 1006 3513 data
1036 3457 1235 3514 dicitur
1256 3457 1398 3529 apud
1423 3456 1989 3525 Senianum-Villam,
2034 3457 2168 3513 feria

585 3559 621 3598 ν
647 3542 1001 3601 Ascensionis
1042 3546 1280 3613 Domini,
1307 3555 1570 3618 regnante
1595 3546 1816 3604 Conone
1845 3548 2171 3618 imperatore

586 3650 734 3691 anno
765 3651 822 3690 κ.
852 3634 1029 3706 Porro.
1063 3637 1215 3694 Cono
1244 3653 1340 3695 seu
1402 3638 1619 3705 Chuno,
1668 3641 1724 3694 in
1768 3639 1890 3695 istis
1945 3638 2173 3709 aliisque

587 3727 858 3798 ejusmodi
907 3730 1118 3785 chartis
1160 3740 1517 3795 memoratus.
1542 3740 1627 3787 est
1673 3730 1956 3788 Conradus
2004 3732 2172 3803 impe-

588 3827 762 3886 rator,
796 3831 1159 3893 cognomento
1208 3823 1440 3890 Salicus,
1474 3840 1636 3896 quem
1666 3824 1933 3881 Rodult'us
1976 3825 2174 3882 Trans-

581 3908 798 3981 juranm
838 3911 1162 3984 Burgundize
1203 3916 1354 3987 regni
1382 3917 1654 3973 heredem
1676 3918 1930 3974 instituit.
1956 3919 2174 3975 Annum

591 4004 733 4061 1037
777 4006 997 4077 praefert
1046 4007 1219 4065 altera
1266 4010 1480 4079 charta,
1507 4026 1650 4069 anno
1693 4014 1824 4068 item
1875 4012 2174 4069 xCunonis

589 4097 943 4169 imperatoris
1000 4101 1147 4169 data,
1202 4102 1499 4161 indictione
1526 4119 1579 4172 v,
1629 4105 1868 4161 secundo
1901 4103 2172 4159 Kalendas

587 4187 936 4247 Novembris.
969 4191 1030 4247 in
1060 4207 1126 4249 ea
1170 4194 1400 4252 Pontius
1446 4204 1803 4268 cognomento
1831 4194 2171 4261 Valnerudis,

589 4296 647 4342 et
690 4286 862 4344 frater
922 4291 1039 4362 ejus
1090 4292 1441 4360 Armannus,
1492 4311 1559 4352 ac
1622 4294 1932 4364 Rostagnus
1986 4308 2175 4349 conso-

590 4378 783 4437 brinus
822 4397 1010 4438 eorum
1036 4424 1052 4450 ,
1091 4386 1223 4442 dant
1275 4390 1603 4445 monasterio
1651 4388 2030 4453 Cluniacensi,
2085 4390 2175 4443 ubi

593 4483 782 4576 praeest
815 4472 975 4576 Odiia
1002 4476 1215 4576 "abbas,
1240 4480 1605 4576 medietatem
1654 4495 1842 4535 eorum
1897 4495 2019 4551 quae
2074 4481 2172 4536 ha-
2203 4515 2255 4576 ο

590 4564 728 4708 ἔξω
764 4562 820 4665 in
842 4565 970 4621 villa
1000 4567 1449 4637 Salabaldemari,
1485 4572 1540 4627 in
1579 4586 1714 4643 pago
1755 4580 1809 4627 et
1854 4572 2171 4644 episc0patu

642 4665 801 4708 ιθηει.

642 4665 801 4708 181131.

661 4741 754 4799 58.
789 4742 948 4800 Anno
994 4746 1155 4814 1037,
1204 4749 1619 4806 Archimhaldus
1665 4752 1967 4808 vicecomes
2025 4753 2172 4811 dedit

592 4832 795 4891 domno
848 4835 1068 4894 Odiloni
1111 4839 1298 4895 abbati
1338 4841 1625 4898 ecclesiam
1670 4844 1845 4899 sancti
1888 4843 2171 4900 Laurentii

589 4943 716 4983 cum
775 4931 1032 4989 omnibus
1068 4934 1393 5004 appenditiis
1421 4975 1436 5000 ,
1490 4936 1543 4990 in
1585 4950 1723 5004 pago
1768 4937 2176 4994 Matisconensi.

2179 1799 2230 1860 Β
2257 1821 2501 1875 chartam
2532 1831 2636 1887 qua
2651 1857 2665 1884 ,
2687 1814 2878 1871 eodem
2896 1810 3187 1868 Chunrado
3208 1808 3533 1878 imperatore
3556 1808 3848 1873 regnante,

2253 1914 2479 1970 Odiloue
2519 1913 2741 1978 abbate,
2777 1919 2831 1966 et
2862 1904 3144 1963 Leutl’rido
3173 1901 3372 1958 comite
3393 1941 3409 1965 ,
3459 1895 3765 1953 Bichuinas
3792 1898 3851 1945 et

2253 2024 2391 2067 uxor
2423 2007 2541 2079 ejus
2588 2003 2840 2060 Lanzede
2873 2001 3141 2057 dederunt
3191 1991 3475 2051 monachis
3516 1985 3848 2045 Cluniacen-

2256 2102 2405 2157 silzus
2436 2126 2439 2129 η
2470 2100 2525 2154 in
2581 2112 2721 2168 pago
2780 2103 2837 2150 et
2892 2092 3208 2163 episcopatu
3279 2080 3535 2142 Santensi
3592 2086 3855 2148 quartam

2257 2192 2502 2248 ecclesia:
2536 2192 2603 2244 de
2631 2184 2943 2242 Domhasila
2968 2191 3024 2237 et
3046 2179 3293 2238 ecclesia:
3323 2177 3390 2233 de
3413 2169 3732 2244 Gingivilla.

2331 2283 2418 2341 60.
2446 2283 2603 2337 Anno
2634 2294 2730 2333 νιιι
2758 2274 2979 2332 ilenrici
3005 2273 3337 2329 Francorum
3369 2263 3534 2335 regis,
3563 2259 3686 2332 qui,
3716 2258 3764 2314 si
3786 2257 3861 2312 de

2260 2374 2577 2434 monarchia
2609 2369 2957 2442 intelligatur,
2991 2375 3076 2422 est
3108 2377 3283 2418 annus
3312 2355 3448 2413 1058
3474 2363 3567 2409 aut
3593 2363 3852 2442 sequens,

2259 2470 2414 2540 Hugo
2435 2438 2924 2521 Antissiodorensis
2946 2458 3230 2528 episcopus
3255 2450 3402 2507 dedit
3426 2443 3643 2502 Odiloni
3669 2438 3855 2497 abbati

2261 2559 2545 2619 ecclesiam
2594 2553 2769 2611 sancti
2809 2549 2989 2623 Cyrici
3034 2560 3197 2617 super
3242 2541 3575 2598 Graonnam,
3609 2547 3740 2623 cum
3765 2543 3863 2599 po-

2263 2662 2458 2709 testate
2486 2659 2541 2704 et
2592 2647 2795 2702 forcste
2838 2621 2904 2697 ad
2946 2655 3066 2696 eam
3107 2634 3430 2707 pertinente.
3466 2621 3859 2692 Subscripsere

2262 2747 2533 2803 Itobcrtus
2558 2741 2666 2797 dux
2695 2747 2750 2795 et
2773 2736 3010 2794 Joannes
3031 2729 3218 2786 abbas.
3240 2725 3436 2785 Actum
3464 2711 3865 2776 Antissiodori,

2264 2840 2501 2895 dictante
2531 2831 2798 2889 Jotsaldo.
3428 2907 3433 2908 γ
3523 2902 3570 2908 μ
3653 2902 3667 2908 _
3844 2895 3861 2908 ,

2338 2929 2427 2983 61.
2460 2926 2615 2980 Anno
2652 2921 2808 2986 1039,
2849 2921 2975 2975 data
2998 2916 3099 2972 fuit
3142 2907 3475 2976 monasterio
3510 2902 3862 2961 Cluniacensi

2266 3016 2493 3075 ecclesia
2511 3030 2568 3070 sa
2578 3021 2713 3068 nctre
2734 3010 3054 3065 Mariateum
3075 3001 3321 3062 decimis,
3340 2991 3713 3059 terris,silvis,
3728 2996 3859 3049 etc.,

2269 3111 2326 3165 in
2367 3108 2489 3163 villa
2545 3105 2809 3173 Silviago,
2851 3101 2906 3155 in
2947 3112 3086 3170 pago
3130 3088 3455 3151 Genevensi.
3492 3085 3561 3140 Et
3600 3077 3863 3136 monachi

2270 3199 2508 3259 investiti
2536 3198 2754 3253 fuerunt
2786 3208 2883 3264 per
2919 3191 3104 3246 funem
3137 3182 3278 3256 signi
3312 3174 3745 3271 ecclesiae._Data

2266 3310 2409 3352 anno
2444 3287 2838 3348 incarnationis
2884 3281 3045 3348 1059,
3075 3274 3293 3334 lienrici
3334 3260 3861 3361 regis_primo:"Qui

2267 3350 2483 3456 quidem
2534 3376 2802 3435 Henricus
2853 3373 3106 3445 ipse.cst
3159 3361 3395 3422 Conradi
3453 3357 3642 3456 ﬁlius,
3696 3350 3865 3456 Niger

2269 3441 2464 3540 dictus,
2496 3472 2588 3542 qui
2622 3467 2762 3540 patri
2790 3466 2845 3522 in
2875 3441 3103 3534 imperio
3144 3466 3200 3515 et
3238 3456 3293 3511 in
3336 3464 3501 3542 regno
3532 3441 3866 3542 Burgundii-ts

2270 3538 2651 3637 Transjuranae
2688 3555 2970 3617 succeSsit.
3016 3550 3218 3608 Eodem
3259 3559 3402 3639 anno
3440 3540 3596 3639 Lateo
3635 3538 3866 3639 donavit

2269 3632 2483 3716 Odiloni
2515 3652 2697 3709 abbati
2730 3644 3070 3707 Cluniacensi
3101 3651 3210 3696 tres
3245 3632 3587 3692 condaminas
3626 3632 3766 3716 sitas
3799 3632 3865 3716 in

2269 3712 2415 3804 \iillai
2446 3744 2709 3815 Silviago.
2756 3741 2893 3795 Data
2927 3744 3014 3793 est
3056 3746 3199 3788 anno
3246 3717 3672 3815 incarn._1033,
3720 3712 3868 3815 iudi-

2271 3841 2449 3899 ctione
2477 3853 2589 3904 vn,
2621 3809 2889 3905 regnante
2934 3826 3168 3884 Henrico
3216 3833 3365 3890 rege,
3415 3812 3552 3910 ﬁli-o-
3578 3809 3867 3910 Chunonis

2273 3930 2640 4006 imperatoris,
2669 3899 2813 3983 anno
2843 3941 2861 3979 ι
2892 3919 3102 3992 imperii
3143 3914 3284 3986 ejus.
3316 3903 3555 4006 Termini
3578 3899 3867 4006 conclami-

2272 3995 2466 4086 narum
2503 4025 2560 4079 in
2606 3995 2799 4079 charta
2848 4034 2881 4074 a
2934 4023 3169 4085 quatuor
3209 4005 3386 4062 ventis
3434 3995 3865 4058 describuntur;

2272 4134 2380 4190 qua
2407 4116 2617 4173 scilicet
2656 4126 2789 4169 voce
2819 4113 3033 4165 constat
3081 4101 3319 4169 aliquam
3357 4103 3516 4190 terra:
3552 4088 3865 4190 portionem

2273 4175 2566 4281 designari.
2613 4201 2874 4261 Eamdem
2932 4199 3115 4253 datam
3181 4188 3346 4281 habet
3403 4181 3627 4281 donatio
3663 4175 3867 4281 fllodii

2274 4269 2426 4375 quod
2445 4300 2645 4357 dicitur
2665 4294 3007 4355 Germinata,
3042 4289 3096 4342 in
3135 4296 3272 4356 pago
3289 4274 3639 4375 Cenevensi.
3663 4269 3867 4375 Eodem

2276 4360 2439 4461 anno,
2464 4390 2744 4448 Dundinus
2774 4382 3072 4452 suscipiens
3091 4371 3471 4432 monachicum
3496 4365 3745 4461 habitum
3774 4360 3887 4461 sub-

2279 4457 2465 4544 norma
2493 4481 2662 4539 sancti
2693 4476 2840 4533 Petri
2870 4469 3165 4530 Clunicnsis
3191 4462 3437 4528 caznabii,
3468 4469 3527 4553 ut
3555 4457 3672 4527 ipse
3697 4457 3871 4553 loqui—

2280 4588 2385 4641 tur,
2408 4588 2498 4630 res
2524 4585 2650 4629 suas
2672 4562 3002 4624 monasterio
3030 4554 3279 4619 contulit,
3298 4567 3445 4607 anno
3470 4549 3869 4641 incarnationis

2280 4637 2448 4735 1039,
2488 4664 2783 4723 indictione
2835 4675 2945 4723 vn,
2994 4650 3215 4711 Henrici
3265 4648 3411 4718 regis
3447 4657 3590 4698 anno
3639 4656 3678 4694 ι.
3724 4637 3866 4735 Idem

2278 4725 2513 4816 iactasse
2538 4756 2656 4826 ipse
2685 4760 2769 4807 est
2793 4748 3094 4810 Dundinus,
3127 4741 3220 4813 qui
3261 4739 3319 4793 iu
3354 4725 3869 4826 alteroapographo

2280 4853 2443 4908 Divus
2457 4822 2679 4911 dicitur,
2695 4844 2806 4907 ubi,
2821 4855 2963 4896 anno
2976 4836 3180 4913 pariter
3202 4831 3361 4895 1039,
3378 4836 3434 4885 et
3456 4822 3865 4913 indictionejn,

2280 4907 2298 4999 i
2335 4907 2556 4997 lienrici
2596 4907 2962 5004 imperatoris,
2978 4907 3079 4982 hlii
3123 4907 3383 4987 Cimonis,
3413 4913 3716 5004 monachus
3743 4907 3870 4964 Clu-
