4116 5358
564 259 669 320 855

1501 252 1556 307 S.
1597 249 1914 308 ODILONIS
1949 245 2444 305 CLUNIANENSIS
2481 240 2775 299 ABBATIS
2807 239 2848 295 V

3713 226 3832 284 856

560 373 808 432 Adeleide
836 372 996 427 nobili
1030 369 1222 440 femina
1269 367 1546 428 habebant,
1583 369 1646 421 de
1679 376 1816 419 terra
1849 380 2005 434 quam
2030 365 2135 414 An-
2165 367 2209 422 Α
2240 357 2466 428 gratiam
2512 371 2608 424 pro
2657 354 2828 424 gratia
2867 348 3119 404 duximus
3165 345 3338 402 eidem
3383 343 3632 440 reddere,
3681 345 3838 398 sicut

557 467 745 521 telmus
777 464 942 532 frater
985 461 1097 530 ejus
1138 459 1350 513 dederat
1393 458 1466 511 eis
1516 459 1569 511 in
1615 473 1749 526 pago
1795 455 2136 524 Augustodu-

557 557 725 620 nensi,
755 555 810 608 in
838 552 961 608 uilla
987 548 1727 618 Fontinellulas,componere,
1753 555 1857 601 etc.
1884 547 2138 601 Subscri-

553 653 778 715 pserunt
799 640 1373 706 Rainaldus,Lamlrici
1399 640 1609 694 comitis
1631 640 1785 702 ﬁlius,
1815 638 2136 694 Ganzfridus

551 737 636 790 vir
669 733 962 798 Adeleidis,
992 719 1207 798 et'ejus
1246 730 1338 784 ﬁlii
1377 729 1737 792 Gauzt‘redus,
1773 728 2042 784 llobertns
2083 735 2137 782 et

550 805 879 892 walterius;
919 833 974 878 et
1001 823 1273 878 Adeleidis
1313 822 1404 876 filii
1453 820 1764 882 Girboldus,
1799 820 2133 885 Obtrannus,

550 915 914 980 Gauzfredus,
944 912 1084 984 Ugo,
1117 921 1230 966 tum
1263 910 1500 966 Hatewis
1525 911 1826 966 comitissa.

623 1009 713 1064 (i9.
777 1007 1062 1062 Habentur
1110 1006 1162 1060 in
1207 1005 1486 1060 chartario
1526 1003 1941 1069 Celsiniacensi,
1988 1001 2133 1073 quod

549 1117 660 1170 pm}
705 1101 960 1156 manibus
1003 1098 1313 1162 habuimus,
1363 1097 1665 1168 complures
1710 1097 1914 1151 chartzc
1962 1095 2133 1150 dona-

548 1194 758 1249 tionum
810 1193 912 1248 sub
961 1191 1102 1246 beati
1159 1188 1404 1246 Odilonis
1467 1189 1732 1260 regimine
1784 1188 1960 1242 eidem
2013 1187 2134 1244 loco

550 1287 840 1349 factarum,
873 1284 968 1340 sed
1019 1283 1072 1336 in
1114 1282 1310 1352 quibus
1349 1280 1493 1335 nulla
1523 1280 1637 1335 fere
1674 1279 1918 1336 occurrit
1967 1278 2128 1343 data;

549 1377 826 1434 nonnulla:
849 1392 917 1431 ex
950 1375 1036 1430 his
1057 1375 1198 1429 hanc
1226 1373 1523 1429 clausulam
1555 1373 1762 1428 habent
1788 1392 1800 1426 :
1828 1371 1964 1444 quod
1995 1373 2132 1442 regi-

549 1481 775 1532 tur.....,
811 1467 897 1524 vel
932 1467 1025 1521 sub
1059 1465 1304 1536 regimine
1336 1464 1620 1519 beatissimi
1655 1464 1822 1534 patris
1867 1462 2128 1517 Odilonis.

547 1560 831 1631 Pleraeque
879 1567 1006 1615 sunt
1053 1573 1153 1628 pro
1199 1556 1494 1614 obtinendo
1531 1556 1822 1626 sepulturae
1858 1555 2000 1624 jure.
2050 1554 2130 1609 Ex

546 1653 635 1708 his
663 1667 770 1706 una
793 1661 876 1708 est
905 1650 1146 1722 ilngonis
1174 1650 1241 1704 de
1267 1648 1476 1704 Ucione
1509 1657 1562 1704 et
1594 1647 1834 1702 Duranni
1866 1647 2127 1703 Deibanio

545 1751 602 1797 et
630 1741 887 1804 aliorum,
917 1741 1008 1809 qui
1037 1739 1170 1793 dant
1204 1752 1304 1809 pro
1350 1737 1629 1807 sepultura
1671 1736 1958 1807 Bomparis
1991 1737 2127 1792 duas

547 1830 928 1901 appendarias,
957 1838 1065 1884 etc.
1106 1827 1161 1882 In
1204 1827 1309 1887 alia
1353 1825 1665 1896 Stephanus
1700 1837 1752 1881 et
1784 1827 2126 1898 Theotherga

545 1923 678 1977 dant
736 1921 952 1976 vineam
995 1919 1048 1974 in
1094 1919 1219 1974 villa
1270 1919 1338 1972 de
1369 1918 1661 1974 Samniaco
1710 1935 1809 1989 pro
1849 1920 2126 1989 sepultura

546 2027 666 2066 sua.
711 2009 1010 2065 Rotbertus
1055 2009 1342 2080 presbyter
1387 2009 1480 2064 dat
1517 2013 1787 2080 quaedam,
1834 2021 1912 2071 ut,
1938 2011 1981 2065 si
2029 2011 2128 2065 ali-

544 2102 764 2170 quando
793 2101 864 2169 ei,
889 2100 1238 2171 permittente
1275 2099 1522 2164 Domino,
1557 2099 1803 2154 voluntas
1860 2098 2025 2155 fuerit
2067 2108 2128 2153 ut

543 2196 844 2252 monachus
895 2194 1010 2261 ﬁat,
1060 2194 1378 2261 recipiatur;
1437 2193 1520 2246 sin
1557 2206 1760 2256 autem,
1805 2201 1862 2247 et
1913 2192 1964 2246 in
2006 2191 2127 2246 loco

543 2288 831 2352 moriatur,
860 2287 934 2343 ibi
965 2287 1214 2342 obtineat
1243 2286 1598 2358 sepulturam.
1645 2285 1952 2341 Willelmus
1978 2286 2126 2340 dedit

541 2379 878 2435 monasterio
903 2377 1293 2434 Celsiniacensi
1325 2377 1614 2432 ecclesiam
1657 2376 1710 2430 in
1745 2377 1949 2431 honore
1977 2376 2123 2430 beati

541 2471 688 2528 Petri
717 2479 1106 2532 constructam.
1151 2485 1271 2540 quae
1313 2480 1540 2525 vocatur
1564 2469 1967 2534 Casa-Meiana,
1999 2485 2120 2524 cum

538 2563 772 2630 mansis,
787 2563 1150 2633 appendariis,
1175 2571 1378 2626 etc.,ut
1399 2571 1676 2616 remaneat
1698 2561 1859 2616 beato
1874 2560 2033 2616 Petro
2056 2560 2124 2616 de

541 2655 1037 2726 Celsinianas(sic),
1052 2655 1106 2710 in
1127 2655 1467 2709 advocatione
1488 2655 1657 2708 sancti
1681 2651 1828 2707 Petri
1847 2655 1911 2708 de
1933 2652 2120 2721 Roma,

539 2746 653 2800 sine
683 2745 792 2799 ulla
817 2746 1224 2810 contradicente,
1254 2753 1361 2800 etc.
1385 2743 1646 2814 Denique,
1672 2753 1733 2798 ut
1763 2743 1962 2799 multos
1985 2744 2123 2800 alios

539 2838 809 2900 omittam,
861 2836 1173 2892 Bernardus
1215 2837 1284 2893 de
1329 2837 1502 2892 Turre
1530 2837 1672 2892 cedit
1702 2837 1822 2892 loco
1865 2837 2123 2893 Celsinia-

539 2928 714 2992 censi,
743 2929 833 2998 qui
863 2928 1062 2997 regitur
1089 2927 1185 2981 sub
1231 2928 1605 2998 gubernatione
1651 2928 1830 2982 damni
1879 2926 2120 2983 Odilonis

541 3018 767 3086 abbatis,
811 3019 977 3074 multa
1020 3019 1073 3074 in
1110 3019 1232 3073 villa
1280 3019 1584 3084 Plausiaco,
1632 3035 1958 3092 omnemque
2005 3021 2119 3075 alo-

541 3111 694 3178 dnm,
724 3128 897 3182 quem,
927 3111 1125 3182 inquit,
1144 3121 1293 3181 pater
1319 3126 1464 3164 meus
1489 3107 1748 3166 Ceratdus
1778 3112 1832 3165 in
1860 3112 1970 3182 ipsa
1995 3112 2118 3166 uilla

541 3205 608 3260 de
659 3203 947 3259 Plausiaco
1002 3203 1246 3270 habebat,
1296 3205 1352 3258 in
1385 3204 1498 3274 ipsa
1537 3205 1622 3258 die
1675 3221 1780 3276 qua
1830 3207 2118 3259 monachus

540 3296 665 3367 fuit.
735 3295 892 3354 Unde
947 3304 1093 3367 patet
1151 3297 1418 3351 famosum
1483 3296 1633 3352 illum
1698 3296 1989 3353 Geraldum
2051 3298 2119 3352 de

539 3382 737 3452 Turre,
768 3401 928 3457 quem
974 3385 1341 3442 illustrissima
1394 3388 1777 3443 hodiernorum
1823 3387 2118 3444 Bttllionio-

538 3493 664 3535 rum
691 3479 998 3552 principum
1043 3478 1247 3535 familia
1295 3479 1532 3536 nominis
1580 3480 1663 3536 sui
1708 3480 1772 3534 de
1809 3480 1975 3534 Turre
2001 3482 2115 3550 pri-

536 3583 688 3626 mum
711 3581 989 3641 parentem
1015 3570 1282 3642 agnoscit,
1311 3570 1656 3627 Cluniacensi
1683 3572 1899 3626 familiae
1921 3570 2116 3627 nbmcn

537 3659 774 3725 dedisse,
814 3661 957 3730 quod
985 3670 1038 3715 et
1064 3659 1309 3731 plerique
1335 3675 1402 3716 ex
1433 3659 1548 3729 ejus
1573 3663 1804 3730 posteris
1835 3662 2030 3727 fecere,
2061 3673 2118 3716 ut

537 3765 607 3808 ex
639 3752 829 3809 eodem
855 3752 1134 3807 chartario
1159 3752 1443 3808 discimus.
1490 3752 1640 3807 Ilaud
1672 3754 1864 3808 leviter
1892 3764 2117 3823 pnetcr-

537 3843 775 3899 eundum
812 3844 1076 3915 estquod
1126 3843 1180 3896 in
1232 3844 1440 3914 aliquot
1488 3845 1728 3912 ejusdem
1775 3845 1876 3899 loci
1910 3845 2117 3901 chartis

537 3947 664 3988 cum
706 3931 933 3990 Odilone
974 3931 1168 3989 abbate
1211 3932 1551 3990 Cluniacensi
1601 3945 1932 3990 memoretur
1980 3936 2116 3990 alius

538 4022 721 4092 Odilo,
771 4025 865 4095 qui
908 4024 1116 4079 scilicet
1171 4023 1589 4081 Celsiuiacensis
1635 4027 1944 4082 monasterii
1989 4038 2117 4082 tunc

537 4123 659 4171 erat
682 4115 864 4186 prior;
897 4131 1090 4186 quare,
1123 4115 1169 4170 si
1211 4117 1534 4188 quandoque
1575 4127 1868 4173 occurrant
1910 4119 2116 4174 charta:

537 4204 788 4263 Odilonis
816 4215 1012 4263 nomen
1053 4207 1424 4280 praeferentes,
1473 4223 1704 4279 quarum
1748 4209 2114 4279 chronologici

539 4298 886 4355 characteres
939 4315 1061 4354 cum
1107 4301 1281 4356 sancti
1333 4300 1576 4357 Odilonis
1617 4310 1775 4356 aetate
1821 4318 1925 4356 non
1979 4304 2114 4358 satis

538 4389 868 4460 cohaereant,
900 4407 1006 4445 non
1045 4402 1173 4447 sunt
1205 4394 1274 4449 ob
1321 4394 1373 4448 id
1422 4394 1472 4448 in
1504 4395 1724 4449 dubium
1774 4398 2106 4462 revocandae,
2140 4417 2189 4478 ο

539 4481 636 4537 sed
699 4481 996 4537 tribuenda!
1052 4484 1265 4540 Odiloni
1326 4485 1513 4554 priori.
1571 4487 1743 4543 Unam
1803 4489 2109 4559 hujusmodi

539 4571 784 4627 chartam
808 4573 1066 4628 exhibere
1093 4574 1268 4629 visum
1298 4587 1418 4630 est:
1453 4595 1470 4627 ι
1502 4577 1554 4630 In
1580 4577 1670 4632 Dei
1713 4580 1925 4634 nomine
1955 4579 2112 4634 Odilo

537 4662 852 4720 Cluniensis
893 4667 1210 4720 monasterii
1254 4667 1506 4736 indignus
1545 4671 1827 4739 presbyter
1856 4681 1908 4725 et
1937 4671 2108 4741 negli-

539 4768 672 4825 gens
729 4755 1058 4821 monachus,
1125 4753 1284 4812 Odilo
1346 4758 1508 4812 etiam
1571 4757 1922 4820 Celsiuiensis
1987 4778 2105 4817 mo-

536 4847 763 4903 nasterii
805 4847 1151 4919 pmpositus,
1189 4856 1244 4904 et
1283 4851 1466 4904 caeteri
1513 4849 1712 4906 fratres
1754 4852 1864 4908 Deo
1909 4855 2107 4909 ibidem

537 4939 859 4994 servientes.
909 4936 1105 4994 Notum
1157 4955 1278 4996 esse
1336 4939 1582 4996 volumus
1639 4944 1993 5011 praesentibus
2057 4952 2111 4998 et

537 5026 757 5095 futuris,
785 5029 907 5098 quia
932 5029 1061 5084 illud
1093 5032 1351 5101 praedium
1375 5035 1519 5102 quod
1549 5034 1702 5089 bona:
1732 5036 2008 5090 memoria:
2029 5037 2111 5090 vir

538 5118 756 5184 nobilis,
783 5121 1004 5174 nomine
1038 5121 1379 5195 Eustorgius,
1416 5125 1642 5179 contulit
1684 5127 1794 5180 Deo
1824 5134 1880 5180 et
1907 5127 2110 5180 sanctis

541 5209 823 5276 apostolis,
883 5221 937 5265 et
971 5215 1303 5268 monasterio
1347 5213 1757 5282 Celsiniacensi,
1795 5230 1900 5269 non
1932 5215 2111 5286 potui-

542 5313 661 5353 mus
691 5301 925 5358 retinere
956 5302 1108 5358 ﬁrma
1137 5320 1286 5358 Dace.
1327 5306 1433 5358 nisi
1466 5306 1761 5358 Rothertus
1809 5308 2108 5358 avunculus

2145 3070 2192 3132 C

2243 449 2356 516 ipse
2386 447 2590 500 studuit
2621 441 2900 498 humiliter
2927 454 3196 509 quaerere,
3225 451 3422 506 rogans
3445 445 3500 490 et
3519 435 3835 489 obsecrans

2242 548 2300 590 nt
2347 536 2749 602 susciperemus
2777 548 2899 586 eum
2932 531 2984 583 in
3016 529 3276 584 societate
3321 525 3553 580 fratrum
3603 535 3834 578 nostro-

2239 642 2381 690 rum,
2405 634 2458 678 et
2483 636 2690 694 patrem
2722 621 2838 690 ejus
2881 629 2936 676 et
2969 628 3198 674 matrem
3229 626 3285 672 et
3328 616 3551 680 fratres,
3600 629 3830 669 eorum-

2236 732 2341 786 que
2391 724 2662 786 parentes.
2708 711 2816 768 Nos
2859 727 3010 777 vero,
3032 712 3098 766 ad
3141 720 3327 765 votum
3359 707 3477 777 ejus
3503 715 3562 762 et
3608 706 3832 761 deside-

2238 806 2378 860 rium
2409 805 2773 868 attendentes,
2805 817 2898 858 eos
2925 803 2979 856 in
3014 809 3201 855 nostra
3246 798 3511 854 societate
3541 807 3597 852 et
3627 796 3832 850 frater-

2235 897 2407 950 nitate
2428 894 2792 963 suscepimus,
2817 900 3088 961 optantes,
3115 899 3335 945 orantes
3379 897 3436 943 et
3462 888 3831 942 obsecrantes

2233 995 2292 1040 nt
2323 987 2374 1041 iu
2406 986 2658 1041 omnibus
2685 999 2806 1054 qua:
2840 995 3002 1052 agere
3026 980 3112 1036 vel
3143 981 3326 1036 dicere
3352 979 3700 1050 potuerimus
3722 992 3826 1032 nos

2232 1087 2288 1133 et
2336 1079 2514 1134 omnis
2584 1085 2768 1131 nostra
2825 1075 3168 1138 fraternitas,
3230 1071 3604 1126 intercedente
3660 1069 3826 1123 beato

2231 1169 2393 1226 Petro
2433 1169 2676 1239 apostolo
2721 1177 2776 1222 et
2817 1167 3068 1222 oniuibus
3114 1165 3340 1229 sanctis,
3379 1173 3590 1235 partem
3637 1161 3721 1216 eis
3767 1170 3826 1215 et

2233 1261 2552 1316 societatem
2603 1258 2866 1314 concedat
2923 1257 3267 1325 omnipotens
3318 1253 3616 1319 Dominus,
3669 1258 3730 1304 ut
3766 1257 3824 1303 et

2232 1350 2372 1404 vivis
2420 1349 2655 1419 spatium
2696 1347 3031 1418 paenitentia:
3079 1357 3136 1400 et
3183 1344 3570 1414 indulgentiam
3624 1355 3822 1411 pecca-

2231 1451 2406 1499 torum
2457 1441 2735 1504 eoucedat,
2797 1449 2853 1495 et
2916 1439 3188 1496 defunctis
3246 1438 3488 1508 requiem
3541 1445 3598 1490 et
3642 1435 3818 1489 vitam

2229 1532 2470 1588 conferat
2537 1533 2942 1602 sempiternam.
3035 1532 3094 1587 Si
3162 1531 3252 1588 ille
3331 1530 3515 1585 senior
3581 1528 3822 1584 domnus

2230 1623 2501 1681 Rohertus
2560 1625 2863 1680 monastico
2914 1625 3092 1680 ordini
3155 1638 3213 1679 se
3271 1622 3482 1678 sociare
3537 1619 3818 1686 voluerit,

2157 1713 2436 1773 Borando
2482 1718 2846 1788 praecipimus,
2913 1729 2968 1772 et
3024 1715 3388 1788 praecipiendo
3453 1727 3714 1784 rogamus
3757 1719 3820 1768 ut

2231 1821 2351 1862 cum
2380 1809 2610 1863 caritate
2636 1808 2989 1877 suscipiatur,
3036 1817 3092 1862 et
3139 1822 3261 1862 cum
3306 1807 3513 1861 honore
3556 1811 3615 1858 et
3659 1817 3817 1858 reve-

2258 1897 2406 1951 entia
2458 1906 2738 1952 tractetur.
2801 1896 2859 1952 Si
2922 1896 3255 1967 sepulturam
3322 1899 3376 1951 in
3438 1903 3632 1950 nostro
3694 1893 3818 1948 loco

2247 1989 2429 2045 nabere
2493 1988 2764 2055 voluerit,
2795 1989 2866 2044 ibi
2917 1988 3209 2059 sepeliatur
3264 1987 3356 2042 ubi
3411 1987 3525 2056 ipse
3555 1984 3812 2054 jusserit.

2234 2099 2292 2156 V.
2331 2101 2491 2156 Varia
2513 2103 2830 2156 monasteria
2859 2117 2950 2169 per
2971 2111 3212 2154 sanctum
3243 2098 3518 2153 Odilonem
3539 2098 3817 2165 instituta,

2584 2181 2675 2226 aut
2712 2172 2976 2236 restituta,
3002 2173 3106 2225 sive
3139 2170 3448 2241 reformata.

2297 2283 2385 2340 70.
2427 2283 2557 2352 Quae
2606 2284 2936 2339 monasteria
2998 2299 3142 2339 anno
3198 2283 3303 2340 996
3361 2282 3812 2339 Cluniacensium

2257 2376 2484 2432 bbatum
2523 2374 2890 2446 jurisdictioui
2919 2385 3104 2430 essent
3142 2373 3406 2444 subjecta,
3456 2374 3722 2429 discimus
3745 2389 3814 2430 ex

2223 2469 2370 2524 nulla
2417 2467 2663 2539 Gregorii
2718 2467 2782 2532 V,
2834 2467 3108 2538 pontificis
3165 2466 3412 2531 maximi,
3462 2466 3518 2520 in
3567 2464 3816 2521 Bullario

2224 2559 2570 2616 Cluniacensi
2633 2559 2839 2627 relata,
2887 2576 3010 2632 pag.
3064 2559 3160 2623 10,
3217 2561 3272 2616 in
3323 2575 3427 2630 qua
3477 2575 3588 2614 non
3635 2558 3812 2614 solum

2222 2653 2389 2708 variae
2433 2651 2810 2723 possessiones
2837 2653 2904 2708 ad
2944 2653 3338 2708 monasterium
3386 2652 3534 2707 istud
3582 2650 3814 2706 nobilis-

2224 2745 2421 2800 simum
2449 2745 2806 2815 pertinentes,
2829 2745 2923 2799 sed
2951 2746 3113 2800 etiam
3145 2745 3312 2810 cellae,
3347 2759 3463 2810 seu,
3496 2752 3556 2798 ut
3589 2751 3810 2810 vocant,

2222 2836 2518 2906 prioratns,
2545 2839 2613 2894 ab
2652 2854 2718 2894 eo
2743 2839 3057 2908 pendentes,
3082 2837 3394 2908 singillatim
3426 2842 3807 2890 recensentur.

2223 2927 2301 2981 Ex
2334 2928 2399 2982 iis
2428 2929 2578 2983 cellis
2611 2930 2882 2985 nonnullae
2925 2929 3024 2984 sub
3053 2928 3198 2983 beati
3228 2926 3472 2983 Odilonis
3517 2926 3810 2996 regimine,

2224 3016 2342 3072 alia}
2405 3033 2536 3073 vero
2610 3018 2768 3090 longe
2835 3027 2994 3073 antea
3058 3017 3391 3074 monasterio
3454 3014 3807 3070 Cluniacensi

2222 3108 2478 3178 subjectae
2519 3111 2758 3166 fuerunt.
2801 3112 2878 3167 De
2914 3111 2982 3166 iis
3011 3109 3350 3166 solummodo
3398 3108 3487 3164 hic
3529 3108 3804 3178 agendum

2218 3217 2340 3272 quae
2401 3203 2645 3259 Odilonis
2713 3213 2956 3274 tempore
3020 3202 3468 3259 Cluniacensibus
3525 3201 3807 3256 attribute

2218 3308 2342 3352 sunt
2367 3315 2381 3365 ;
2406 3316 2565 3366 quas,
2588 3309 2806 3356 servato
2838 3299 3228 3370 chronOIOgico
3267 3299 3489 3364 ordine,
3535 3306 3803 3368 quantum

2216 3407 2281 3446 ex
2317 3393 2554 3461 antiquis
2585 3393 2953 3449 monumentis
2983 3393 3066 3448 fas
3093 3393 3223 3458 erit,
3253 3390 3684 3449 recensebimus.

2289 3485 2375 3538 7t.
2418 3485 2492 3538 Ex
2539 3485 2681 3540 bulla
2730 3485 2975 3554 Gregorii
3023 3485 3088 3550 ν,
3137 3499 3303 3554 quam
3347 3482 3506 3538 modo
3560 3480 3805 3535 laudavi-

2218 3589 2360 3638 mus,
2393 3585 2538 3642 patet
2560 3574 2911 3645 Magabrense
2952 3574 3340 3629 monasterium
3371 3571 3483 3641 jam
3509 3585 3656 3625 anno
3696 3570 3802 3626 996

2217 3667 2474 3722 Cluuiaco
2499 3677 2848 3738 aggregatum
2895 3665 3094 3732 fuisse;
3127 3675 3184 3720 at
3207 3681 3314 3736 quo
3347 3665 3397 3720 id
3425 3679 3570 3718 anno
3593 3661 3800 3718 factum

2216 3757 2376 3812 fuerit
2411 3773 2516 3812 non
2563 3758 2750 3827 liquet.
2795 3756 3118 3828 Quanquam
3157 3758 3291 3813 certi
3339 3772 3526 3812 sumus
3567 3756 3621 3810 id
3665 3765 3799 3810 tem-

2216 3865 2348 3919 pore
2416 3849 2557 3905 beati
2622 3850 2867 3906 Odilonis
2922 3851 3239 3922 contigisse,
3288 3849 3366 3904 uti
3421 3849 3686 3904 discimus
3731 3863 3797 3903 ex

2217 3939 2461 3994 Walterii
2491 3937 2784 3995 [Eduensis
2809 3939 3048 4011 episcopi
3082 3941 3294 4002 charta,
3337 3939 3424 3994 ubi
3449 3938 3795 3993 occasionem

2215 4035 2270 4082 et
2303 4029 2542 4082 rationes
2570 4027 2724 4082 istius
2747 4029 2964 4084 nnionis
2990 4029 3249 4084 facienda!
3274 4029 3500 4099 ipsemet
3539 4028 3794 4098 exponit;

2219 4118 2359 4172 hanc
2387 4119 2558 4187 ipsam
2587 4135 2654 4174 ex
2680 4127 2896 4175 vetusto
2924 4120 3242 4190 exemplari,
3289 4121 3357 4175 ab
3383 4120 3540 4174 annis
3566 4121 3796 4175 circiter

2216 4209 2526 4277 quingentis
2573 4219 2818 4276 exarato,
2871 4211 3197 4280 proferimus
3239 4211 3523 4282 integram.
3555 4229 3576 4263 ο
3609 4210 3798 4266 Omni-

2215 4299 2316 4354 bus
2352 4301 2690 4356 Christicolis
2721 4303 2821 4357 sub
2867 4317 3056 4357 norma
3100 4303 3382 4358 catholicze
3425 4303 3547 4358 ﬁdei
3593 4303 3796 4374 degen-

2217 4391 2360 4446 tibus
2408 4401 2593 4446 notum
2639 4409 2758 4449 esse
2813 4394 3060 4450 volumus
3103 4396 3360 4466 quoniam
3405 4410 3530 4466 ego,
3584 4395 3640 4448 in
3696 4396 3792 4449 Dei

2217 4489 2462 4556 nomine,
2494 4489 2780 4558 Valterius,
2814 4491 2991 4562 gratia
3029 4491 3121 4546 Dei
3146 4490 3446 4547 Eduorum
3482 4491 3791 4561 episcopus,

2215 4583 2282 4637 dc
2314 4582 2476 4637 rebus
2512 4583 2767 4640 Ecclesiae
2799 4586 2927 4639 mihi
2966 4600 2995 4638 a
3031 4585 3140 4640 Dco
3175 4583 3480 4639 commissae
3522 4584 3790 4654 cogitans,

2214 4682 2474 4743 quantum
2514 4674 2694 4729 divina
2745 4676 3003 4745 majestas
3039 4691 3170 4730 mete
3212 4674 3558 4746 possibilitati
3603 4675 3788 4747 largiri

2214 4763 2546 4833 dignabitur,
2591 4766 2846 4836 colligere
2890 4767 3133 4836 dispersa
3170 4777 3224 4822 et
3268 4781 3595 4822 conservare
3655 4781 3791 4822 con-

2215 4864 2451 4925 gregata,
2488 4860 2848 4912 necessarium
2900 4861 3023 4914 duxi
3072 4861 3222 4914 adire
3263 4859 3550 4915 consilium
3607 4860 3792 4916 domui

2215 4945 2460 5000 Odilonis
2513 4947 2725 5003 abbatis
2789 4948 3159 5005 Cluniacensis
3199 4950 3454 5016 cmnobii,
3507 4959 3564 5006 et
3605 4951 3791 5005 domui

2216 5037 2453 5102 Viviani,
2521 5048 2947 5111 caeterorumque
3019 5041 3245 5096 fratrum
3305 5043 3604 5112 supradicti
3678 5059 3794 5098 mo.

2218 5126 2467 5190 nasterii,
2519 5127 2586 5182 de
2623 5130 2853 5198 quodam
2903 5142 3088 5186 nostro
3125 5132 3475 5197 monasterio,
3528 5135 3793 5188 vocabulo

2218 5215 2594 5288 Magabrense,
2647 5222 2790 5289 quod
2838 5231 2922 5277 est
2974 5223 3026 5276 in
3078 5223 3283 5280 honore
3337 5225 3514 5277 sancti
3572 5223 3789 5278 Martini

2217 5319 2616 5358 consecratum-
2650 5321 3052 5358 anlemsmrnm
3084 5323 3392 5358 nnslrnrnm
3427 5315 3786 5358 tmnmrilme-
