4116 5358
287 251 391 318 857

1715 254 2046 313 ELOGIUM.

3460 260 3565 318 838

287 377 472 434 silium
497 372 744 427 invenire
775 385 861 426 me
890 385 1050 442 posse
1073 370 1302 436 credidi,
1327 384 1492 440 quam
1527 379 1588 426 ut
1629 379 1872 442 peterem
1903 373 1950 431 Λ
1979 378 2154 441 cepto.
2209 369 2504 424 Walter-ius
2548 378 2803 440 peccator
2854 369 3159 441 cpiscopus.
3214 391 3232 424 ι
3279 373 3336 428 1η
3390 375 3565 435 altero

286 463 591 522 subsidium
628 478 655 516 a
696 462 1009 530 supradicto
1034 461 1233 516 domno
1256 461 1486 518 Odilone
1507 461 1880 520 Chmiacensis

1982 459 2141 529 hujus
2183 463 2389 518 charta:
2434 463 2752 532 apographo
2793 479 2917 518 cum
2961 463 3231 521 Walterio
3276 479 3564 538 peccatore

285 553 527 610 coenobii
564 551 778 614 abbate,
823 560 878 606 et
921 567 950 606 a
999 554 1330 609 venerandis
1360 553 1602 624 ejusdem
1634 553 1736 610 loci
1776 553 1879 608 Pa-
1977 554 2250 624 episcopo,
2295 563 2355 608 ut
2396 553 2485 609 hic
2509 553 2734 620 dicitur,
2761 554 3148 625 subscripsisse
3192 570 3565 617 memorantur

286 644 464 699 tribus
510 643 610 697 sub
655 657 722 696 eo
765 641 996 711 regulari
1055 645 1278 699 tramite
1314 643 1666 714 degentibus;
1711 655 1877 716 atque

279 735 388 806 jam
422 734 631 788 dictum
658 732 1010 803 Magabrense
1037 734 1342 789 coenobium
1381 750 1570 790 eorum
1606 737 1872 792 traderem

286 824 646 882 dominationi
683 826 1114 896 gubernandum.
1147 826 1226 880 llli
1274 828 1478 897 itaque,
1504 828 1707 883 nostris
1745 844 1872 899 pre-

283 917 440 972 cibus
489 931 774 972 assensum
819 918 1142 986 praebentes,
1187 926 1348 986 prout
1398 919 1727 988 possibilitas
1769 920 1873 976 loci

285 1016 423 1073 erat,
459 1008 606 1062 idem
645 1010 1032 1063 monasterium
1083 1009 1406 1079 regulariter
1435 1010 1722 1080 disponere
1761 1027 1872 1068 cm-

285 1108 503 1170 perunt,
536 1098 737 1154 fratres
763 1099 834 1152 ibi
861 1099 1214 1169 omnipotenti
1265 1100 1371 1154 Deo
1403 1101 1700 1156 servituros
1727 1093 1874 1157 ordi-

287 1200 498 1246 nantes.
539 1191 810 1247 Czcterum
861 1207 990 1246 vero
1042 1193 1294 1248 noverint
1343 1195 1546 1259 cuncti,
1582 1204 1690 1251 tam
1735 1213 1872 1267 prato

285 1289 464 1338 sentes
518 1297 686 1352 quam
740 1281 944 1346 futuri,
992 1283 1248 1351 quoniam
1297 1297 1361 1338 ea
1412 1284 1712 1340 intentione
1768 1288 1872 1343 hoc

285 1388 439 1444 agere
484 1373 629 1444 οωρί
672 1383 944 1445 quatenus
980 1389 1136 1429 amor
1185 1384 1240 1430 et
1291 1377 1525 1431 societas
1573 1378 1868 1448 supradicti

287 1463 658 1520 Cluniacensis
684 1463 811 1527 loci,
843 1464 986 1519 sicut
1025 1473 1270 1536 tempore
1308 1468 1631 1522 veneranda:
1663 1484 1872 1524 memo-

287 1556 375 1610 ria:
421 1551 610 1610 domui
665 1555 845 1611 Maioli
899 1556 1112 1612 abbatis
1163 1569 1355 1614 nostro
1411 1559 1532 1616 loco
1580 1562 1868 1618 charitatis

284 1629 493 1700 vinculo
543 1646 799 1717 colligata
857 1650 1177 1718 permansit,
1229 1651 1309 1706 sic
1357 1651 1518 1706 etiam
1569 1663 1767 1708 cuncto
1808 1654 1863 1708 in

1977 642 2312 698 llumbaldus
2339 641 2528 709 abbas,
2560 642 2876 699 Hemericus
2898 643 3089 712 abbas,
3116 644 3290 714 Aulus
3315 662 3561 718 praceu-

1977 743 2083 797 tor,
2109 743 2166 789 et
2188 733 2521 788 Anscherius
2545 734 2986 790 archidiaconus.

2045 824 2134 880 72.
2176 822 2463 891 Rodulfus,
2508 825 2592 879 vir
2618 825 2836 892 nobilis,
2868 825 3112 882 condidit
3165 830 3561 894 monasterium

1974 920 2303 982 Beracensc,
2365 919 2509 989 quod
2560 920 2796 990 propriis
2846 921 3285 991 possessionibus
3333 924 3562 980 dotavit.

1973 1010 2329 1066 Fundationis
2373 1010 2714 1065 occasionem
2755 1011 2985 1081 ipsemet
3030 1011 3294 1068 Rodulfus
3341 1012 3566 1085 exponit

1974 1103 2058 1158 bis
2081 1101 2302 1157 verbis:
2335 1119 2354 1154 ‹
2392 1101 2505 1173 Ego
2552 1101 2718 1172 igitur
2745 1102 2799 1156 in
2839 1101 2935 1157 Dei
2964 1103 3185 1159 nomine
3223 1103 3562 1174 Rodulphus,

1971 1193 2195 1248 audiens
2225 1192 2466 1261 quotidie
2512 1207 2612 1262 per
2633 1208 2912 1248 sacrarum
2945 1192 3352 1264 Scripturarum
3377 1204 3566 1251 aucto-

1973 1285 2186 1339 ritatem
2216 1283 2357 1338 male
2386 1284 2669 1354 agentibus
2697 1283 2895 1339 minari
2926 1299 3138 1355 poenas,
3166 1295 3218 1340 et
3261 1285 3408 1356 juste
3433 1301 3569 1358 ope-

1972 1376 2223 1432 rantibus
2274 1375 2517 1446 promitti
2576 1376 2820 1433 sidereas
2868 1378 3203 1442 mansiones,
3246 1378 3563 1434 desiderans

1971 1466 2217 1520 invenire
2245 1465 2462 1535 aliquod
2493 1465 2804 1537 confugium
2833 1467 2921 1522 ubi
2955 1467 3158 1538 possim
3187 1467 3462 1524 declinare
3482 1469 3566 1524 in-

1969 1557 2137 1613 sidias
2179 1572 2421 1612 meorum
2485 1558 2887 1628 peccaminum,
2952 1559 3157 1615 nullum
3189 1568 3297 1614 tam
3347 1560 3566 1617 salubre

1968 1649 2117 1717 potui
2148 1649 2386 1718 reperire
2407 1649 2719 1714 consilium,
2761 1666 2922 1720 quam
2948 1651 2995 1706 si
3026 1650 3380 1718 aediﬁcarem,
3405 1651 3568 1721 juxta.

282 1743 596 1806 perpetuum
625 1747 873 1807 tempore
917 1739 1232 1795 inconvulsa
1261 1751 1313 1796 ct
1345 1743 1497 1798 ﬁrma
1545 1759 1864 1814 permanere
1898 1730 1939 1788 Β
1968 1741 2382 1809 possibilitatem
2438 1757 2638 1807 meam,
2670 1741 2888 1813 aliquod
2935 1745 3326 1800 monasterium
3373 1760 3564 1800 mona-

285 1827 468 1897 possit.
511 1827 726 1884 Idcirco
771 1828 886 1898 jam
931 1831 1138 1886 dictum
1186 1833 1540 1905 Magabrense
1591 1845 1867 1892 monaste-

284 1916 417 1972 rium
464 1919 625 1973 trado
666 1919 821 1975 fratri
859 1932 1046 1977 nostro
1077 1923 1276 1978 domno
1322 1924 1536 1981 Odiloni
1583 1925 1765 1982 abbati
1811 1935 1868 1982 et

286 2012 691 2068 successoribus
728 2013 864 2083 ejus,
896 2017 1254 2086 emnobioque
1281 2017 1623 2075 Cluniacensi
1656 2021 1708 2074 in
1749 2035 1866 2090 per-

285 2113 492 2174 petuum
541 2105 837 2175 regendum
870 2115 924 2162 et
953 2108 1184 2178 regulari
1215 2109 1406 2165 ordine
1446 2111 1863 2180 disponendum,

286 2210 377 2266 per
400 2198 692 2253 consilium
739 2208 1047 2254 nostrorum
1103 2201 1426 2257 clericorum
1457 2213 1515 2258 et
1539 2213 1862 2261 czeterorum

288 2288 433 2345 nobis
478 2305 508 2344 a
560 2289 674 2345 Deo
721 2293 1024 2347 commissm
1065 2293 1323 2348 Ecclesiaa
1370 2293 1734 2351 ﬁliorumzea
1776 2311 1866 2351 ra-

287 2378 444 2443 tione,
485 2389 544 2435 ut
592 2381 846 2452 superius
877 2382 1012 2448 dixi,
1063 2393 1121 2438 ut
1168 2385 1403 2440 societas
1436 2386 1607 2442 nostri
1658 2386 1762 2442 loci
1809 2396 1867 2444 et

287 2467 651 2536 Cluniacensis
715 2476 948 2532 coeuobii
1000 2491 1098 2546 per
1149 2479 1494 2534 succedentia
1558 2487 1862 2550 temporum

287 2562 446 2631 spatia
502 2578 722 2634 semper
780 2565 850 2620 sit
899 2567 1187 2623 charitatis
1236 2569 1455 2624 vinculo
1509 2569 1758 2640 colligata
1809 2579 1866 2627 et

287 2654 578 2724 conjuncta,
643 2667 808 2727 atque
867 2659 936 2714 ibi
988 2660 1132 2716 omni
1181 2668 1424 2731 tempore
1466 2669 1574 2716 tam
1613 2664 1860 2718 vivorum

288 2758 437 2815 quam
465 2746 846 2805 defunctorum
875 2751 1132 2808 Ecclesize
1159 2751 1314 2809 nobis
1351 2755 1658 2811 commissa:
1703 2756 1860 2812 cleri-

289 2849 458 2892 corum
506 2849 707 2910 agatur
737 2842 999 2897 memoria
1047 2843 1230 2914 digna.
1262 2843 1631 2915 Similiterque
1671 2861 1860 2902 eorum

288 2930 528 2984 memoria
575 2931 635 2985 in
682 2941 865 2987 nostra
914 2932 1221 2990 celebretur
1261 2933 1524 2990 Ecclesia.
1573 2935 1685 2992 Hoc
1733 2953 1861 2993 vero

289 3029 458 3088 agens,
489 3034 604 3075 non
647 3028 708 3076 ut
745 3022 954 3089 videar,
1002 3024 1146 3094 quod
1192 3025 1366 3080 absit!
1402 3025 1505 3081 loci
1536 3028 1664 3082 mihi
1711 3044 1860 3082 com-

1966 1837 2116 1893 sticaa
2148 1837 2396 1908 religioni
2425 1845 2630 1906 aptum,
2657 1836 2747 1892 ubi
2799 1837 3044 1907 quotidie
3098 1836 3210 1892 Deo
3255 1846 3309 1892 et
3357 1839 3566 1894 sanctis

1965 1926 2082 1998 ejus
2108 1943 2405 1999 congruum
2425 1929 2775 1985 exhiberetur
2803 1930 3107 1985 servitium.
3141 1931 3220 1985 Ad
3244 1930 3348 1987 hoc
3380 1941 3560 1987 tamen

1965 2021 2235 2090 agendum
2262 2030 2319 2076 et
2353 2020 2767 2090 perliciendum,
2807 2022 2874 2076 ad
2929 2020 3350 2077 Paterniacense
3375 2036 3564 2077 mona-

1965 2110 2215 2176 sterium,
2245 2111 2575 2166 venerabilis
2621 2109 2868 2174 Odilonis
2914 2111 3131 2167 abbatis
3159 2111 3392 2167 emnobii
3433 2112 3561 2167 (Ilu-

1964 2200 2259 2267 niacensis,
2292 2200 2630 2272 fratrumque
2659 2202 2730 2258 ibi
2761 2202 3072 2273 degentiqu
3112 2202 3183 2256 ivi
3227 2203 3564 2273 expetiturus

1965 2294 2226 2350 auxilium
2258 2311 2271 2348 :
2300 2309 2530 2363 quorum
2553 2295 2782 2351 consilio
2819 2295 3176 2360 confortatus,
3213 2311 3356 2351 anno
3381 2296 3449 2351 ab
3473 2297 3559 2350 in-

1964 2384 2282 2440 carnatione
2319 2383 2535 2440 Domini
2567 2385 2692 2450 998,
2731 2385 2923 2456 quinto
2973 2385 3230 2440 videlicet
3271 2401 3415 2442 anno
3454 2386 3563 2441 Ro-

1965 2475 2147 2546 dulphi
2172 2475 2315 2547 regis
2347 2475 2692 2540 nobilissimi,
2723 2478 3023 2532 convocavi
3049 2477 3304 2532 domuum
3343 2477 3563 2532 Aindri-

1964 2581 2088 2622 cum
2137 2565 2523 2624 Lausaniensis
2560 2566 2817 2624 Ecclesia:
2845 2567 3156 2638 prmsnlem,
3209 2568 3274 2622 ad
3304 2568 3564 2623 dedican-

1963 2657 2090 2712 dum
2121 2658 2298 2728 ipsum
2329 2659 2744 2727 monasterium,
2778 2660 2892 2736 qui,
2915 2669 2976 2714 ut
3003 2669 3087 2715 est
3116 2659 3284 2715 bonus
3312 2669 3368 2714 et
3407 2661 3563 2716 nobi-

1964 2747 2050 2813 lis,
2085 2749 2318 2820 benigne
2343 2757 2399 2804 et
2426 2749 2683 2806 nobiliter
2713 2759 2958 2807 nostrum
2990 2750 3307 2822 adimplcvit
3343 2749 3560 2806 deside-

1964 2841 2128 2895 rium.
2179 2841 2276 2896 Est
2327 2851 2508 2896 autem
2543 2842 2718 2913 ipsum
2751 2843 3141 2898 monasterium
3173 2857 3337 2912 super
3384 2843 3560 2912 ripam

1965 2929 2064 2985 laci
2088 2931 2486 2987 Everdunensis
2511 2933 2696 2999 situm,
2729 2933 2782 2987 in
2805 2934 3114 3004 episcopatu
3154 2933 3405 2987 videlicet
3433 2947 3586 2987 san-'

1963 3031 2063 3076 ctae
2091 3022 2334 3077 ecclesia:
2389 3021 2755 3078 Lausanensis
2797 3023 2851 3077 in
2882 3023 3144 3078 comitatu
3170 3021 3472 3089 Waldensi,
3503 3022 3560 3077 in

287 3107 423 3165 missi
469 3112 801 3181 destructor,
838 3114 951 3186 jam
996 3116 1200 3172 dictum
1241 3119 1628 3174 monasterium
1670 3136 1774 3174 ηοιι
1827 3136 1856 3174 a
1887 3095 1930 3156 (ἶ
1963 3112 2172 3168 honore
2201 3114 2374 3170 sancti
2428 3115 2660 3184 apostoli
2705 3114 2852 3170 Petri
2895 3114 3159 3170 dicatum.
3207 3112 3320 3168 lloc
3376 3122 3561 3169 autem

287 3211 536 3272 potestate
581 3223 960 3264 successorum
1007 3225 1252 3266 meorum
1283 3221 1339 3266 et
1374 3219 1576 3267 sanctae
1617 3212 1858 3268 ecclesia:

290 3291 774 3364 Augustodunensis
834 3299 1040 3363 aufero,
1100 3301 1194 3356 sed
1245 3302 1425 3372 potius
1475 3303 1548 3356 ita
1603 3304 1858 3359 ordinare

289 3381 528 3454 disposui,
581 3397 642 3443 ut
689 3389 996 3448 Clunieusis
1024 3393 1190 3448 abbas
1236 3403 1290 3448 et
1327 3410 1672 3450 successores
1717 3397 1854 3466 ejus,

289 3471 571 3548 fratresque
640 3481 810 3550 ipsius
866 3482 968 3537 loci
1026 3499 1121 3554 per
1183 3485 1469 3540 consilium
1544 3495 1853 3541 nostrorum

291 3578 648 3627 successorum
679 3574 1056 3644 episcoporum
1107 3588 1162 3632 et
1209 3579 1596 3633 canonicorum
1641 3578 1852 3649 regula-

292 3657 412 3713 riter
439 3663 713 3731 ordinent,
753 3675 972 3722 teneant
998 3676 1052 3722 et
1080 3669 1412 3738 possideant.
1445 3669 1658 3740 Ipsique
1683 3670 1854 3726 nostri

292 3762 610 3812 successores
633 3757 872 3827 episcopi
913 3768 967 3813 et
997 3761 1243 3815 canonici
1273 3777 1368 3831 per
1392 3771 1634 3816 nostram
1666 3762 1857 3832 depre-

292 3842 535 3900 cationem
581 3856 638 3902 et
687 3849 1120 3906 obsecrationem
1170 3852 1310 3906 hanc
1351 3860 1594 3907 nostram
1647 3852 1853 3908 descri-

291 3932 505 4000 ptionem
553 3952 652 3992 sua
682 3939 980 4008 pontiﬁcali
1015 3941 1278 4012 dignitate
1323 3950 1379 3997 et
1421 3942 1771 4007 auctoritate,
1803 3951 1858 3997 et

291 4031 344 4078 ut
367 4025 448 4096 (si)
483 4031 650 4085 nostri
683 4033 792 4087 voti
833 4034 1128 4104 participes
1150 4035 1280 4102 sint,
1313 4051 1565 4108 rogamus
1589 4047 1645 4092 et
1666 4038 1856 4108 depre-

293 4127 458 4172 camur
484 4127 542 4174 ut
581 4134 798 4193 semper
846 4124 900 4178 in
937 4125 1127 4182 melius
1171 4127 1524 4182 corroborent
1560 4135 1616 4183 et
1655 4129 1858 4184 contr-

295 4214 449 4274 ment,
495 4221 550 4266 et
597 4214 896 4270 secundum
947 4216 1039 4272 Dei
1085 4218 1472 4288 omnipotentis
1519 4220 1854 4275 voluntatem

294 4304 341 4350 et
366 4297 512 4369 hujus
539 4315 740 4361 nostrae
770 4308 1151 4380 descriptionis
1195 4327 1494 4384 congruam
1541 4315 1856 4385 dispositio-

295 4399 403 4442 nem
429 4393 724 4462 guberneut
750 4406 802 4452 et
829 4409 1042 4468 regant,
1071 4409 1124 4455 et
1153 4401 1321 4472 ipsius
1359 4402 1484 4468 loci,
1530 4413 1589 4458 ut
1631 4404 1849 4475 dignum

297 4487 390 4544 est,
429 4497 637 4556 semper
674 4488 786 4543 sint
825 4491 1096 4558 advocati,
1156 4501 1212 4549 et
1256 4503 1446 4548 contra
1496 4497 1850 4554 adversitatcs

298 4570 536 4630 malorum
581 4579 861 4635 hominum
905 4583 1183 4652 adjutores
1227 4583 1533 4641 fortissimi.
1584 4585 1698 4642 Hoc
1723 4603 1852 4643 vero

298 4665 558 4725 statuimus
581 4681 636 4727 et
671 4675 894 4754 omnino
937 4677 1330 4745 contradimus,
1367 4688 1426 4734 ut
1451 4679 1630 4734 nullus
1668 4690 1854 4736 noster

300 4763 558 4842 successor
588 4765 892 4836 episcopus,
940 4784 1114 4838 neque
1139 4770 1319 4840 aliqua
1365 4771 1593 4840 alicujus
1617 4782 1857 4842 potesta-

298 4839 360 4896 tis
393 4860 629 4920 persona,
676 4855 911 4926 aliquem
955 4857 1025 4912 ibi
1071 4839 1320 4915 abhatem
1365 4871 1459 4916 aut
1505 4839 1852 4932 przeposilum

299 4937 528 5026 ordinare
548 4959 838 5016 praesumat
863 4951 979 5007 sine
1009 4951 1229 5009 licentia
1258 4962 1313 5009 et
1349 4955 1623 5010 voluntate
1661 4971 1856 5026 supra-

301 5024 434 5142 dicti.
469 5037 670 5096 abbatis
731 5039 1103 5099 Cluniacensis
1165 5053 1219 5098 et
1284 5060 1660 5102 successorum
1713 5024 1851 5117 ejus.

1962 3203 2354 3258 monasterium
2398 3203 2541 3260 dono
2589 3204 2702 3260 Deo
2750 3215 2804 3260 et
2851 3214 3042 3259 sancto
3093 3203 3276 3258 Petro.
3306 3203 3560 3261 Concedo

1957 3298 2125 3351 etiam
2173 3297 2274 3366 ipsi
2333 3298 2667 3354 monasterio
2719 3298 2818 3353 has
2875 3306 3074 3362 terras,
3106 3315 3124 3348 ι
3152 3306 3262 3351 etc.
3292 3295 3350 3350 lu
3385 3294 3559 3351 altero

1960 3387 2122 3456 hujus
2146 3389 2353 3443 charta:
2397 3389 2708 3459 apographo
2735 3388 3026 3468 episcopus
3050 3386 3416 3441 Lausanensis
3466 3385 3559 3442 hic

1957 3489 2292 3534 memoratus
2338 3481 2642 3550 appellatur
2669 3480 2954 3545 Amedeua,
2999 3480 3092 3534 sed
3135 3478 3417 3532 retinenda
3475 3485 3561 3532 est

1957 3573 2129 3628 nostri
2159 3573 2491 3644 exemplaris
2537 3573 2717 3629 lectio.
2744 3574 2794 3629 is
2817 3581 2903 3629 est
2926 3572 3071 3628 enim
3101 3571 3366 3625 Henricus
3390 3568 3560 3641 (quod

1958 3677 2156 3718 nomen
2211 3662 2505 3733 aliquando
2545 3663 2856 3728 Aindricus,
2883 3675 2979 3716 seu
3018 3659 3287 3723 Ainricus,
3317 3660 3370 3711 in
3403 3664 3556 3711 vete-

1958 3754 2110 3809 ribus
2135 3753 2342 3809 chartis
2385 3753 2649 3823 scriptum
2681 3751 2922 3824 legitur),
2952 3751 3043 3821 qui
3090 3748 3384 3806 ecclesiam
3414 3747 3556 3802 Lau-

1957 3861 2243 3904 sanensem
2267 3848 2465 3904 szeculo
2488 3847 2698 3903 decimo
2720 3853 2953 3902 exeunte
2973 3839 3413 3900 administrabat.
3480 3906 3484 3908 γ

2029 3938 2116 3993 75.
2155 3937 2350 3994 Iisdem
2381 3937 2551 3993 ferme
2583 3936 2914 4008 temporibus
2939 3941 3132 3990 sancto
3164 3931 3378 3988 Odiloni
3425 3927 3556 3986 data

1955 4031 2198 4087 creditur
2224 4030 2453 4086 ecclesia
2482 4029 2654 4086 sancti
2682 4027 2932 4083 Mauricii
2961 4026 3030 4081 de
3062 4023 3380 4084 Maltacena,
3418 4019 3556 4076 alias

1957 4121 2025 4177 de
2053 4119 2310 4192 Burgeto,
2361 4121 2453 4175 ubi
2503 4118 2757 4175 monachi
2789 4116 3177 4174 Cluniacenses
3214 4112 3436 4168 fuerunt
3464 4111 3554 4176 in:-

1957 4211 2156 4276 stituti,
2182 4219 2242 4265 ut
2268 4219 2419 4281 patet
2443 4225 2510 4266 ex
2532 4209 2702 4265 variis
2732 4206 3016 4264 llumberti
3043 4203 3260 4261 comitis
3299 4211 3355 4258 et
3393 4202 3556 4254 Ame-

1958 4306 2043 4360 dei
2073 4305 2192 4376 ejus
2215 4303 2309 4359 ﬁlii
2333 4303 2719 4359 donationibus
2745 4309 2935 4372 postea
2961 4299 3138 4362 factis,
3163 4312 3284 4366 quae
3319 4296 3372 4349 iu
3427 4307 3555 4366 pro-

1958 4394 2265 4451 bationibus
2313 4392 2562 4448 Historia:
2601 4390 2972 4462 Sabauvdicaea
3012 4387 3366 4444 Guichenone
3391 4383 3553 4439 edita:

1883 4460 1928 4520 θ
1955 4495 2102 4543 sunt.
2134 4484 2373 4540 [labetur
2409 4486 2462 4550 in
2493 4460 2822 4537 Bibliottha
2863 4478 3233 4543 Cluniacensi,
3279 4475 3390 4534 col.
3419 4475 3552 4542 412,

1955 4577 2144 4634 charta
2179 4576 2394 4631 Rodulﬁ
2427 4576 2567 4645 regis
2589 4592 2653 4630 ea
2683 4575 2750 4630 de
2775 4589 2832 4630 re
2869 4587 3010 4627 anno
3034 4571 3172 4626 1024
3195 4571 3342 4625 data.

2029 4667 2116 4721 74.
2155 4667 2238 4722 Ad
2264 4667 2406 4722 idem
2439 4674 2674 4736 tempus,
2699 4675 2758 4720 nt
2787 4664 2921 4720 mihi
2953 4665 3172 4734 quidem
3207 4663 3443 4724 videtur,
3468 4673 3558 4720 re-

1955 4759 2138 4815 vocari
2178 4767 2359 4828 pctest
2388 4757 2786 4812 monachorum
2834 4755 3106 4811 institutio
3133 4755 3274 4821 apud
3303 4757 3556 4806 sanctum

1959 4851 2232 4908 Victorem
2273 4851 2327 4905 in
2359 4850 2492 4904 urbe
2523 4847 2853 4905 Genevcnsi.
2891 4847 3022 4901 Erat
3073 4845 3273 4913 quippe
3315 4853 3444 4898 tunc
3469 4853 3561 4895 εει

1957 4941 2122 4996 lehris
2151 4940 2380 4997 ecclesia
2409 4938 2500 4993 illa
2530 4939 2702 4993 sancti
2738 4937 2993 5000 Victoris,
3016 4947 3179 5002 quam
3206 4935 3483 5004 antiquam
3512 4937 3562 4982 et

1957 5033 2182 5089 nobilem
2238 5033 2472 5103 appellat
2516 5041 2708 5087 auctor
2771 5027 2908 5083 Vitae
2968 5026 3143 5082 sancti
3188 5024 3569 5084 Odiloniszet

2398 5138 2412 5142 ο
2439 5121 2623 5142 1-..-..ῗξ
2956 5131 3050 5142 nan
3253 5119 3562 5142 ---.~Inllﬂ.ﬂ
