4116 5358
516 198 623 275 859

1478 214 1538 275 S.
1579 215 1903 277 ODlLONlS
1936 212 2438 276 CLUNIACENSIS
2477 211 2768 269 ABBATIS
2798 212 2841 269 V

3691 213 3804 270 860

516 334 687 390 suasit
733 340 795 387 nt
830 338 939 387 tam
968 333 1334 390 venerabilem
1364 333 1569 401 locum,
1614 338 1929 391 monastica:
1978 334 2106 391 reli-
2134 337 2181 394 Α
2208 331 2353 387 beati
2387 330 2646 396 Marcelli,
2674 330 2726 385 in
2757 329 3042 400 praesentia
3065 328 3211 401 regis
3228 328 3479 395 Roberti,
3500 329 3594 399 qui
3622 339 3799 387 tamen

517 423 666 495 gioni
697 422 1046 477 instituenda:
1070 424 1439 495 aptissimum,
1469 426 1610 480 haud
1637 427 1970 496 negligenter
1997 440 2109 481 tra-

517 522 711 571 ctaret.
746 513 901 569 Votis
921 513 1176 585 Augusta:
1213 514 1349 570 favit
1377 518 1625 587 corporis
1653 518 1798 574 beati
1850 518 2108 590 martyris

519 603 782 670 inventio,
838 619 960 674 qua:
1010 613 1137 661 tunc
1168 608 1427 677 temporis
1452 609 1700 679 contigit.
1748 607 1880 677 Ejus
1909 610 2128 681 quippe-

519 710 677 753 sacra
708 695 978 760 membra,
1009 711 1136 766 qua:
1177 697 1269 752 diu
1297 697 1591 763 latuerant,
1636 699 1820 754 nescio
1848 714 1955 768 quo
1977 714 2110 755 casu

514 784 721 842 detexit
745 794 1078 843 memoratus
1097 788 1349 853 antistes.
1373 805 1564 858 eaque,
1590 801 1859 860 praesente
1878 790 2109 846 Rodulfo

515 891 663 950 rege,
689 891 815 933 cum
867 877 985 948 ejus
1024 893 1198 934 uxore
1234 879 1529 952 Egildrude
1566 880 1797 951 aliisque
1827 882 1963 937 aula:
1991 883 2112 953 pri-

521 960 786 1033 moribus,
826 968 1095 1039 episcopis
1158 977 1215 1026 et
1253 972 1566 1038 comitibus,
1618 972 1843 1028 solemni
1891 990 2107 1045 pompa,

515 1060 618 1116 sub
649 1075 743 1115 ara
774 1057 1017 1131 ejusdem
1065 1062 1313 1120 basilicae
1354 1074 1671 1121 reverenter
1701 1065 2006 1123 collocavit.
2036 1069 2109 1122 At

515 1165 624 1207 non
664 1160 823 1207 erant
863 1153 996 1208 satis
1044 1154 1236 1225 ampla:
1268 1155 1370 1211 loci
1399 1155 1708 1224 facultates,
1735 1166 1795 1211 ιιι
1823 1157 1899 1213 ibi
1942 1158 2131 1215 abbas

516 1236 732 1296 institui
761 1240 966 1326 posset,
1002 1256 1173 1313 quare
1206 1262 1226 1297 ‹
1259 1246 1696 1314 memorandum,
1728 1267 1747 1299 ι
1777 1248 1941 1304 verba
1983 1257 2110 1304 sunt

518 1331 693 1403 ipsius
744 1332 984 1405 Hugonis
1009 1334 1249 1406 episcopi
1285 1336 1341 1392 in
1394 1337 1586 1393 charta
1628 1352 1792 1409 quam
1834 1353 1899 1393 ca
1930 1338 1999 1395 de
2051 1355 2115 1395 re

517 1423 781 1492 confecit,
841 1445 860 1478 ι
894 1425 1204 1484 Cluniensis
1251 1430 1488 1487 coenobii
1540 1431 1793 1487 abbatem
1822 1431 2108 1487 Odilonem

515 1511 587 1567 ad
637 1513 741 1569 hoc
779 1516 1146 1588 peragendum
1175 1518 1416 1587 evocavi,
1446 1528 1500 1576 et
1536 1521 1898 1591 permissione
1923 1522 2125 1578 ἀοιιὶιιίτ

514 1602 730 1660 Rodulll
763 1607 929 1677 regis,
956 1622 1224 1664 consensu
1248 1610 1413 1665 etiam
1444 1609 1632 1668 fratris
1656 1613 1774 1684 ejus
1804 1611 2122 1669 Burchardi.

514 1694 893 1769 Lugdunensis
930 1700 1351 1772 archiepiscopi,
1385 1711 1817 1775 caeterorumque
1847 1705 2105 1760 comitum
2139 1690 2183 1749 Β

512 1797 569 1845 ct
591 1789 853 1846 nobilium
886 1793 1124 1847 virorum
1151 1795 1401 1862 hortatu,
1430 1796 1749 1867 prtedictum
1780 1797 1959 1854 locum
1982 1813 2123 1855 san--

514 1880 588 1936 cti
612 1883 870 1954 martyris
892 1881 1129 1940 Victoris
1152 1885 1269 1957 ejus
1299 1886 1627 1943 ordinationi
1655 1889 2023 1956 commisi....,
2046 1899 2108 1945 ut

516 1976 809 2045 praedictus
832 1977 984 2035 locus
1014 1980 1069 2035 in
1099 1991 1360 2052 perpetua
1384 1983 1561 2039 valeat
1587 2000 1807 2042 manere
1824 1987 2104 2059 religione,

517 2078 575 2124 et
604 2069 747 2125 inter
779 2081 996 2128 nostros
1045 2089 1392 2134 successores
1428 2077 1839 2149 Cluniensisque
1869 2080 2105 2136 emnobii
2156 2145 2165 2155 ν

517 2155 747 2221 abbates
774 2163 1015 2220 charitas
1057 2167 1512 2225 excellentissima
1567 2170 1836 2238 firmetur,
1863 2180 1918 2227 et
1966 2174 2106 2244 apud

513 2252 635 2310 illos
682 2265 863 2313 nostra
914 2261 1177 2315 memoria
1225 2263 1535 2332 specialiter
1562 2262 1901 2330 observetur,
1940 2284 1959 2318 ι
1996 2277 2102 2322 etc.

514 2344 718 2403 Charta
735 2349 867 2413 haec,
896 2367 1062 2422 quam
1111 2352 1392 2411 Guiclienn
1416 2356 1468 2410 in
1494 2356 1831 2414 Bibliotheca
1851 2357 2110 2415 Sebusia—

512 2456 604 2507 na,
623 2445 871 2500 centuria
900 2446 945 2512 l,
967 2463 1117 2502 num.
1136 2449 1223 2515 13,
1239 2450 1428 2519 edidit,
1444 2453 1742 2521 estabsque
1755 2452 1880 2507 data
1901 2469 1916 2518 ;
1943 2467 2105 2523 quam

511 2533 739 2603 proinde
789 2537 925 2591 vatii
972 2538 1138 2596 variis
1185 2541 1342 2597 annis
1370 2542 1777 2614 consignaruut.
1823 2543 2105 2614 Hugonem

512 2624 828 2699 episcopum
856 2627 1249 2699 GenevenSem,
1284 2633 1372 2689 hic
1406 2642 1786 2701 memoratum,
1818 2650 1962 2689 anno
2002 2634 2110 2690 950

511 2715 714 2773 vixisse
734 2733 800 2771 ex
838 2719 939 2773 ista
965 2722 1158 2777 charta
1189 2722 1433 2779 inferunt
1454 2722 1855 2780 Sammartltani
1886 2726 2106 2790 fratres,

513 2807 569 2862 in
601 2808 849 2881 catalogo
876 2809 1271 2869 Genevensium
1317 2817 1619 2872 antistitum
1646 2833 1660 2882 ;
1701 2826 1757 2871 at
1786 2816 1869 2872 vel
1909 2830 1977 2871 ex
2006 2818 2110 2873 hoc

514 2911 611 2953 eos
641 2898 1003 2957 hallucinatos
1035 2902 1202 2960 fuisse
1225 2906 1401 2960 evinei
1420 2914 1616 2976 potest,
1640 2907 1784 2976 quod
1815 2906 1991 2972 Odilo,
2021 2908 2107 2962 cui

515 2982 631 3044 hac
651 2992 941 3046 occasione
996 2994 1288 3050 commissa
1326 2996 1527 3051 dicitur
1571 2997 1742 3053 fuisse
1799 2996 1974 3052 sancti
2015 2995 2110 3051 Vi-
2139 3045 2179 3063 ,η

514 3078 684 3133 ctoris
707 3080 960 3148 ecclesia,
998 3082 1213 3138 ttonnisi
1244 3098 1388 3139 anno
1415 3084 1522 3140 992
1550 3094 1643 3140 aut
1677 3086 2027 3155 praecedenti,
2052 3087 2106 3141 in

514 3168 799 3240 regiminis
843 3174 1175 3229 consortium
1207 3191 1237 3229 a
1262 3177 1424 3232 beato
1453 3176 1648 3234 Maiolo
1690 3177 1852 3233 fuerit
1879 3179 2105 3234 ascifus.

518 3257 781 3314 Eamdem
833 3277 978 3318 anno
1017 3265 1239 3320 circiter
1292 3266 1429 3322 1019
1473 3268 1652 3323 datam
1689 3268 1860 3343 fuisse
1888 3268 2111 3339 conjicit

517 3348 825 3405 Guicbeno.
873 3350 929 3408 Si
983 3362 1160 3409 tamen
1207 3353 1341 3410 falsa
1370 3371 1474 3412 non
1508 3357 1580 3412 sit
1607 3357 1731 3413 data
1771 3359 1977 3413 charta:
2004 3358 2110 3413 llo-

510 3440 644 3525 ‘dulli
674 3445 834 3515 regis,
863 3444 916 3500 in
945 3446 1276 3502 Bibliotheca
1302 3448 1666 3516 Cluniacensi,
1691 3450 1794 3506 col.
1816 3450 1941 3513 Ml.
1970 3450 2111 3504 rela-

515 3542 604 3599 tae,
630 3549 772 3603 anno
795 3536 951 3604 1019,
976 3537 1482 3610 Agiltrudis,prima
1500 3539 1711 3597 Rodulli
1738 3559 2029 3613 ποι-,ωιτη
2055 3544 2109 3598 in

517 3624 709 3681 charta
742 3643 839 3698 pro
865 3639 1056 3686 sancto
1084 3629 1304 3687 Victore
1327 3643 1681 3700 memoratur,
1724 3635 1974 3689 defuncta
1994 3633 2108 3703 jam

506 3710 659 3784 ‘erat,
699 3734 826 3774 nam
882 3721 997 3792 ipse
1030 3723 1292 3781 lictlulfus
1322 3741 1546 3782 uxorem
1576 3743 1727 3782 suam
1770 3728 1840 3782 ibi
1892 3729 2111 3783 lraisin-

521 3806 645 3862 dam
672 3809 928 3878 appellat.
954 3811 1021 3866 Et
1048 3822 1228 3870 tamen
1255 3816 1517 3872 Rodulfus
1539 3817 1606 3871 ad
1627 3818 1811 3871 uxoris
1834 3832 1943 3872 suae
1964 3818 2110 3888 Agil-

508 3892 720 3966 ‘trudis,
756 3911 812 3956 et
849 3899 1037 3960 fratris
1065 3906 1146 3960 sui
1183 3905 1486 3964 Burcbardi
1523 3910 1786 3980 episcopi,
1817 3927 2025 3966 necnon
2053 3921 2109 3967 et

520 3987 766 4048 Odilonis
789 3985 1000 4051 abbatis
1025 4012 1238 4067 preces,
1281 4000 1464 4053 omnia
1500 3999 1871 4057 Cluuiacensis
1917 4018 2108 4057 monav

498 4083 672 4169 .sterii
727 4085 1008 4158 privilegia
1062 4104 1092 4142 a
1150 4089 1645 4159 przedecessoribus
1697 4092 1809 4146 suis
1849 4107 2109 4149 concessa

518 4174 877 4232 conﬁrmasse
906 4178 1108 4234 dicitur
1133 4179 1187 4235 in
1221 4180 1515 4250 diplomate
1539 4182 1680 4251 quod
1707 4197 1849 4238 anno
1877 4183 1980 4238 998
2010 4185 2104 4238 tla-

498 4261 640 4318 'tum
672 4265 892 4323 dicitur.
924 4269 1078 4325 Unde
1124 4271 1297 4326 satius
1322 4272 1498 4328 visum
1526 4281 1610 4327 est
1640 4274 1706 4329 ad
1730 4274 1938 4343 priores
1967 4274 2112 4345 ejus-

2212 424 2328 493 ipse
2353 439 2461 479 non
2497 423 2839 493 subscripsit,
2871 424 3119 493 quamvis
3148 438 3271 477 cum
3310 421 3540 494 Hugone
3567 422 3803 477 subscri-

2210 514 2420 585 pserint
2449 513 2713 569 Henricus
2734 514 2866 580 dux,
2893 522 2950 568 et
2974 512 3063 567 alii
3092 513 3325 568 comites
3352 528 3416 567 ac
3439 512 3543 566 viri
3572 511 3802 577 nobiles,

2209 620 2276 661 ex
2310 606 2508 676 quibus
2552 605 2855 676 Rodgerins
2898 614 2953 662 et
2995 604 3307 677 Raynaldus
3343 603 3583 675 episcopi
3632 603 3804 660 fuere.

2210 694 2381 750 Porro
2406 693 2646 761 ejusdem
2674 695 2876 750 chartae
2897 694 3175 765 exemplar
3211 693 3494 759 habemus,
3520 694 3679 764 cujus
3706 707 3807 762 ope

2211 785 2449 855 suppleri
2479 796 2707 856 possunt
2750 785 2954 855 aliquot
2990 786 3156 841 verba
3198 802 3317 856 qua:
3375 786 3430 840 in
3468 785 3809 857 autograpbo

2209 879 2468 935 Peraldus
2504 878 2684 949 legere
2703 895 2811 934 non
2842 880 3037 948 potuit,
3064 880 3209 949 quod
3251 878 3436 949 procul
3459 878 3627 934 dubio
3668 894 3807 934 non-

2210 971 2375 1027 nullis
2402 972 2455 1027 in
2476 971 2610 1027 locis
2637 971 2897 1027 detritum
2938 987 3051 1042 prae
3084 980 3359 1027 vetustate
3388 971 3590 1025 fuerat.
3624 969 3683 1024 ln
3709 984 3803 1023 eo-

2211 1062 2336 1119 dem
2389 1073 2578 1118 nostro
2604 1064 2921 1134 apographo
2949 1064 3197 1117 Ainricas
3245 1079 3342 1133 pro
3376 1061 3643 1117 Henricus
3675 1061 3808 1115 scri-

2210 1154 2373 1213 bitur.
2425 1156 2569 1225 quod
2608 1155 2663 1208 in
2717 1154 2994 1210 veteribus
3038 1155 3246 1210 chartis
3283 1154 3483 1224 passim
3524 1154 3804 1214 occurrit,

2211 1256 2389 1304 mater
2417 1261 2634 1317 quoque
2668 1246 2912 1316 Hugonis
2943 1246 3183 1316 episcopi
3216 1261 3321 1299 non
3369 1243 3689 1309 Adetlerdis,
3714 1245 3808 1298 sed

2210 1338 2498 1410 Adelaydis
2544 1338 2763 1403 dicitur,
2795 1339 2940 1409 quod
2978 1338 3146 1393 etiam
3187 1338 3405 1393 aliunde
3454 1336 3615 1392 nobis
3662 1352 3807 1390 com-

2210 1437 2427 1501 pertum
2458 1438 2572 1495 est;
2605 1438 2660 1484 et
2691 1430 2785 1501 qui
2819 1429 2963 1485 inter
2992 1428 3411 1484 subscribenteso
3431 1428 3574 1499 apud
3624 1425 3812 1481 Pera!-

2214 1524 2344 1580 dum
2401 1523 2641 1578 Marcius
2686 1540 2880 1588 comes,
2948 1523 3001 1576 in
3045 1506 3234 1577 nostro
3288 1519 3596 1575 Mauricius.
3638 1534 3810 1573 eomes

2213 1617 2537 1688 appellatur.
2564 1617 2704 1684 Quin
2732 1625 2795 1672 et-
2817 1616 2871 1671 in
2897 1615 3087 1671 eodem
3110 1613 3407 1684 exemplari
3434 1621 3625 1668 nostro
3656 1611 3816 1679 lingu

2209 1709 2543 1764 mentionem
2576 1707 2707 1763 facit
2727 1706 3036 1763 donationis
3065 1704 3312 1762 ecclesize
3338 1704 3514 1760 sancti
3543 1701 3815 1767 Marcelli,

2205 1799 2551 1865 aGaufredo,
2591 1799 2781 1856 matris
2806 1813 2919 1854 suae
2961 1798 3180 1864 marito,
3209 1796 3338 1853 olim
3382 1804 3576 1854 sancto
3612 1794 3813 1851 Maiolo

2206 1892 2381 1950 factae.
2406 1893 2506 1948 Sic
2523 1893 2666 1948 enim
2695 1901 2821 1963 post
2851 1893 2967 1948 haec
2995 1891 3183 1957 verba,
3214 1891 3514 1945 donationis
3562 1890 3687 1960 ﬁat,
3717 1889 3814 1943 ba-

2206 1987 2299 2041 bet
2321 1986 2513 2040 charta
2542 2004 2554 2038 :
2590 2004 2609 2037 t
2644 1984 2847 2040 Eodem
2871 1984 3036 2039 etiam
3065 1989 3193 2038 voto
3217 1991 3275 2037 et
3299 1980 3599 2046 desiderio,
3625 1979 3812 2035 consi-

2205 2074 2282 2131 lio
2312 2083 2369 2130 et
2394 2075 2721 2131 auctoritate
2755 2089 2918 2144 supra
2948 2057 3374 2129 memoratarum
3416 2069 3734 2141 principum
3757 2078 3813 2123 et

2206 2167 2589 2238 episcoporum
2630 2167 2937 2231 roboratus,
2968 2165 3135 2221 tradit
3174 2163 3287 2233 jam
3317 2164 3496 2219 dictus
3541 2161 3814 2232 apostolis

2208 2272 2274 2312 ac
2306 2258 2536 2327 praefato
2556 2257 2761 2323 abbati,
2795 2256 3165 2326 fratribusque
3189 2255 3290 2311 sibi
3319 2253 3651 2318 commissis,
3680 2269 3803 2325 pm

2208 2350 2431 2405 libatum
2462 2350 2820 2406 Cluniaeense
2843 2350 3150 2406 caenobium
3167 2348 3548 2413 incolentibus,
3568 2362 3687 2403 nec
3704 2363 3813 2402 non

2207 2443 2613 2499 successoribus
2643 2442 2856 2497 illorum
2907 2443 2960 2496 in
3018 2450 3357 2513 perpetuum,
3395 2439 3577 2496 locum
3632 2440 3817 2494 sancti

2209 2533 2449 2590 Marcelli
2498 2534 2552 2589 in
2604 2534 2868 2590 suburbio
2898 2531 3242 2589 Cabilonensi
3291 2530 3554 2602 positum,
3601 2528 3817 2585 scilicet

2208 2627 2301 2682 ubi
2350 2627 2467 2697 ipse
2512 2627 2665 2682 idem
2708 2633 2932 2683 sanctus
2972 2634 3183 2697 martyr
3211 2622 3510 2694 requiescit
3553 2636 3814 2692 corpore,

2210 2733 2334 2772 eum
2362 2716 2617 2774 omnibus
2639 2718 2707 2773 ad
2732 2732 2803 2773 sev
2819 2717 3241 2786 pertinentibus,
3270 2713 3551 2771 sicutolim
3575 2728 3608 2767 a
3637 2712 3814 2768 Gaul-

2212 2808 2367 2864 fredo
2423 2807 2647 2873 comite,
2709 2808 2899 2864 matris
2962 2807 3203 2877 ejusdem
3252 2804 3501 2876 pmulis
3556 2801 3813 2874 conjuge1

2199 2908 2403 2969 saneto
2417 2898 2612 2956 Maiolo
2634 2902 2857 2972 suisque
2882 2901 3291 2958 successoribus
3311 2898 3413 2954 fuit
3432 2899 3809 2961 commissum,

2212 2994 2279 3047 ad
2304 2995 2690 3063 possidendum
2721 3003 2777 3051 et
2804 2994 3165 3051 ordinandum
3216 3002 3381 3064 atque
3410 2991 3813 3062 disponendum

2207 3091 2333 3161 jure
2374 3096 2659 3158 perpetuo,
2691 3087 2810 3142 sine
2851 3086 3083 3156 alicujus
3113 3083 3566 3141 contradictione.
3596 3082 3811 3137 Placuit

2214 3192 2393 3236 autem
2434 3178 2560 3233 huic
2614 3184 2962 3242 testamento,
3004 3184 3191 3241 rete,
3221 3184 3281 3229 ut
3320 3174 3375 3229 in
3418 3172 3808 3238 editis.-Quam

2214 3272 2547 3329 additionem
2579 3270 2818 3339 spuriam
2844 3280 3104 3325 nonresse
3131 3273 3281 3337 patet
3317 3280 3395 3320 ex
3407 3266 3599 3320 charta
3623 3263 3805 3318 Theo-

2212 3364 2357 3422 baldi
2382 3361 2599 3418 comitis
2636 3360 3032 3424 Cabilonensis,
3066 3357 3310 3429 Hugonis
3337 3356 3508 3411 nostri
3564 3356 3806 3425 nepotis;

2213 3457 2267 3512 in
2290 3470 2397 3527 qua
2448 3454 2538 3509 ille
2569 3463 2801 3508 testatur
2844 3451 3235 3507 monasterium
3291 3447 3467 3504 sancti
3505 3446 3750 3501 Marcelli
3776 3463 3810 3500 a

2212 3549 2485 3607 Gaufredo
2509 3550 2730 3616 comite,
2758 3548 2848 3619 qui
2877 3547 3254 3612 Adheleidem,
3284 3544 3562 3600 Lamberti
3593 3544 3686 3597 avi
3725 3544 3810 3597 sui

2212 3642 2485 3707 relictam,
2520 3656 2747 3696 uxorem
2799 3640 3047 3704 duxerat,
3084 3645 3275 3693 sancto
3309 3634 3505 3691 Maiolo
3530 3649 3813 3690 commen-

2211 3736 2399 3788 datunt
2432 3732 2624 3796 fuisse,
2655 3729 3120 3787 consentientibus
3148 3724 3445 3782 Adbeleide
3473 3733 3531 3779 et
3578 3723 3809 3794 Hugonc

2213 3838 2327 3881 tum
2358 3825 2576 3887 clerico,
2592 3833 2776 3894 postea
2789 3821 3066 3892 episcopo.
3086 3817 3302 3882 Postea,
3331 3816 3530 3887 inquit,
3557 3828 3810 3886 regnante

2212 3917 2544 3971 serenissima
2596 3932 2712 3986 rege
2779 3913 3025 3978 Roberto,
3068 3896 3358 3967 avunculus
3399 3924 3548 3963 meus
3578 3909 3805 3962 domnus

2216 4009 2372 4080 [Iugo
2403 4025 2573 4064 comes
2597 4017 2646 4061 et
2675 4008 2969 4077 episcopus,
2992 4012 3247 4074 prtrsente
3290 4002 3404 4071 ipso
3434 4015 3574 4070 rege,
3602 4001 3808 4053 comiti-

2212 4099 2305 4153 bus
2334 4107 2382 4153 et
2430 4097 2680 4167 episcopis
2719 4096 2870 4150 istius
2907 4095 3118 4164 patrita,
3157 4090 3450 4161 supradicti
3496 4089 3807 4143 monasterii

2211 4190 2408 4243 donum
2430 4187 2651 4241 tradidit
2691 4186 2885 4240 domno
2925 4182 3141 4238 Odiloni
3166 4180 3364 4246 abbati,
3394 4180 3695 4234 successori
3716 4178 3805 4232 ab-

2212 4281 2346 4335 batis
2376 4278 2582 4341 Maioli,
2620 4286 2727 4332 etc.
2764 4275 2939 4342 Quam
2969 4273 3319 4330 donationem
3367 4269 3663 4327 conﬁrmat
3692 4270 3803 4338 ipse

518 4352 643 4409 dem
696 4358 840 4428 regis
865 4358 1038 4419 annos
1081 4363 1395 4433 praedictam
1458 4367 1633 4422 sancti
1664 4366 1898 4423 Victoris
1940 4369 2108 4423 dona-
2138 4411 2184 4435 η
2212 4369 2574 4433 Theobaldus,
2614 4365 2769 4435 cujus
2790 4366 2976 4422 charta
3013 4380 3076 4420 ea
3102 4364 3171 4419 de
3215 4378 3275 4418 re
3301 4362 3513 4432 integra
3543 4361 3694 4417 edita
3724 4368 3806 4415 est

514 4444 719 4501 tionem
744 4463 1016 4506 revocare.

583 4535 672 4591 75.
699 4536 857 4594 Anno
887 4541 991 4598 999
1019 4541 1174 4616 Hugo
1195 4545 1687 4605 Antissiodorensis
1711 4552 2018 4622 episcopus,
2049 4561 2107 4607 et

509 4641 696 4685 comes
729 4631 937 4688 scilicet
982 4635 1381 4706 Cabilonensis,
1437 4644 1829 4699 monasterium
1883 4646 2096 4700 Aurem-
2148 4674 2155 4679 ο

510 4716 703 4784 Vallis,
739 4721 878 4779 alias
932 4724 1223 4795 Paredum,
1255 4731 1367 4800 jam
1409 4744 1567 4788 antea
1600 4751 1629 4789 a
1673 4735 1963 4792 Lamberio
2006 4752 2099 4792 ce-

510 4810 645 4865 mite
670 4811 841 4883 ipsius
862 4826 1036 4885 patre,
1052 4830 1383 4888 e00perante
1405 4834 1597 4880 sancto
1619 4824 1836 4893 Maiolo,
1861 4826 2103 4881 aedifica-

511 4909 654 4968 tum,
709 4905 805 4959 sed
848 4909 992 4976 quod
1037 4912 1138 4968 sub
1175 4915 1399 4984 proprio
1440 4916 1638 4972 abbate
1682 4935 1803 4974 esse
1850 4919 2102 4986 debebat,

510 4995 846 5051 monasterio
865 4998 1211 5057 Cluniacensi
1254 5006 1471 5075 penitus
1497 5008 1747 5079 subjecit,
1776 5018 1833 5062 ut
1862 5016 2014 5078 patet
2034 5024 2097 5063 ex

2129 4411 2184 4469 D

2209 4460 2407 4518 saeculo
2462 4459 2728 4530 superiori
2774 4473 2896 4529 pag.
2960 4456 3085 4510 772.
3132 4455 3211 4528 ('5)
3256 4453 3427 4509 Porro
3481 4452 3803 4509 monasterii

2206 4549 2603 4627 Aureae-Vallis
2622 4549 2734 4604 sive
2762 4548 2954 4603 Paredi
2976 4547 3322 4603 donationem
3348 4544 3802 4601 Cluniacensibus

2207 4642 2406 4699 factam
2428 4641 2772 4697 confirmavit
2804 4637 3079 4695 Rubertus
3109 4654 3206 4694 rex
3230 4637 3597 4703 Francorum,
3627 4646 3688 4690 ut
3708 4637 3805 4692 ob-

2209 4735 2448 4804 servavit
2494 4734 2738 4789 Andreas
2788 4732 3128 4788 Duchesnius
3182 4730 3236 4784 in
3296 4729 3443 4784 notis
3498 4730 3570 4783 ad
3622 4730 3803 4784 Vitam

2207 4827 2352 4882 beati
2383 4824 2647 4894 llugonis,
2679 4841 2798 4895 quae
2850 4826 3122 4879 habentur
3165 4823 3219 4877 in
3250 4821 3555 4892 appendice
3596 4821 3803 4876 Biblio-

2206 4918 2381 4974 theca:
2401 4918 2778 4973 Cluniacensis
2799 4957 2814 4980 ,
2848 4916 2950 4971 col.
2985 4917 3076 4972 95.
3106 4913 3212 4971 Sed
3243 4925 3299 4968 et
3324 4914 3469 4969 idem
3501 4910 3661 4982 nugo
3690 4911 3804 4981 epi-

2202 5016 2398 5081 scapus
2445 5020 2499 5066 et
2546 5026 2734 5066 comes
2776 5010 2932 5064 villas
2959 5009 3027 5062 de
3057 5006 3257 5061 Vivens
3306 5012 3364 5059 et
3416 5004 3484 5059 de
3534 5002 3804 5058 Moneello

509 5079 627 5172 ej‘is
647 5084 856 5153 Char”:
885 5103 1047 5159 quam
1077 5107 1143 5147 ex
1173 5098 1511 5169 autographo
1537 5099 1709 5154 edidit
1741 5098 2002 5152 Pcraldus
2045 5099 2098 5152 in
2202 5079 2367 5172 atque
2395 5101 2499 5156 alia
2523 5100 2769 5171 quaedam
2795 5099 2935 5153 bona
2963 5097 3137 5151 eidem
3174 5093 3511 5150 monasterio
3542 5090 3801 5154 contulit,

511 5171 836 5232 collectione
879 5180 1191 5239 chartarum
1230 5184 1720 5258 Burgundicarum,
1776 5203 1896 5258 pag.
1951 5186 2053 5242 166
2081 5206 2093 5217 ·

511 5260 653 5358 [iam
680 5275 755 5319 est
794 5283 972 5355 rmense
1002 5272 1172 5338 Maio,
1207 5276 1495 5333 indictione
1529 5296 1629 5346 xu,
1658 5294 1797 5334 anno
1842 5282 2091 5333 incarna-

2199 5206 2261 5252 ut
2287 5205 2435 5266 patet
2450 5210 2515 5250 ex
2530 5195 2637 5248 alia
2651 5194 2767 5265 ejus
2781 5193 2970 5248 charta
2997 5206 3138 5245 anno
3153 5203 3220 5242 xx
3237 5184 3465 5241 Boberti
3488 5183 3638 5254 regis
3653 5183 3803 5238 data.

2271 5286 2361 5340 76.
2402 5283 2515 5339 [loc
2541 5284 2836 5353 ipso-anno
2861 5281 2986 5344 999,
3017 5280 3143 5336 (mu
3176 5276 3239 5331 ui
3264 5276 3570 5343 Amymator
3598 5286 3803 5328 mona-
