4116 5358
266 338 364 394 86!

1729 350 1975 406 ELOGllI
1988 351 2053 406 Μ.

3437 350 3545 405 869.

268 455 502 508 habetur
529 452 583 508 in
633 451 968 511 Bibliotheca
1014 454 1354 512 Chmiacensi
1381 502 1396 524 ,
1429 457 1533 513 col.
1584 457 1709 515 409.
1759 461 1857 514 llic
1885 472 1931 522 Α
2031 458 2119 518 79.
2159 460 2316 516 Anno
2345 462 2499 526 1022,
2531 461 2685 517 Odilo
2733 459 3018 517 Lirinense
3039 461 3428 517 monasterium
3462 478 3542 516 rc-

265 559 398 598 vero
428 542 576 597 locus
614 543 970 598 nobilissimus
1002 544 1206 599 dicitur
1233 545 1288 599 in
1315 545 1436 600 Vita
1469 549 1644 602 sancti
1675 547 1859 603 0dilo-

265 634 372 692 nis,
401 643 458 687 et
483 633 703 686 multum
731 634 800 689 ab
827 634 1017 689 eodem
1047 645 1238 690 sancto
1266 636 1380 691 viro
1407 637 1686 692 adauctus.

337 723 429 778 77.
470 724 630 778 Anno
676 739 742 778 xv
793 725 1014 780 Roberti
1067 727 1244 796 regis,
1297 743 1484 784 mense
1531 728 1857 799 Septembri,

265 815 605 886 proindeque
631 832 774 872 anno
803 833 926 873 tera:
957 818 1194 889 vulgaris
1225 820 1386 883 10H.
1436 823 1480 876 si
1529 822 1595 877 de
1640 837 1862 878 monar-

269 906 392 962 cbia
440 907 810 980 intelligatur,
860 909 1046 974 Wido,
1079 910 1276 966 nobilis
1314 913 1415 971 vir.
1470 915 1859 970 monasterium

270 997 610 1053 Thiernense
663 1015 694 1053 a
735 1001 845 1054 suis
882 1004 1189 1069 parentibus
1224 1004 1492 1072 quondam
1535 1005 1863 1058 swculariter

268 1105 566 1160 possessum
593 1088 853 1147 Cluniaco
882 1092 1134 1164 subjecit,
1172 1096 1505 1149 assentiente
1528 1095 1690 1151 Petro
1713 1095 1860 1164 ejus-

269 1183 393 1238 dem
439 1183 543 1239 loci
589 1183 784 1239 abbate
804 1226 818 1248 ,
857 1186 942 1240 cui
974 1194 1086 1241 toto
1116 1185 1237 1239 vitm
1269 1201 1380 1240 suae
1411 1196 1652 1256 tempore
1686 1203 1864 1243 reser-

271 1283 396 1328 vata
424 1283 550 1330 sunt
577 1275 790 1330 abbatis
813 1273 938 1342 jura
983 1285 1041 1330 et
1085 1285 1479 1345 praerogativae.
1516 1275 1589 1329 De
1617 1276 1862 1346 reliquiis

272 1367 448 1423 sancti
495 1366 879 1439 Symphoriani
925 1369 978 1423 in
1007 1368 1166 1422 altari
1202 1368 1446 1423 ecclesiae
1475 1369 1864 1438 Tbigernensis

273 1456 574 1514 reconditis
601 1457 1386 1530 agitGregoriusTuronensis,
1411 1458 1504 1513 lib.
1527 1474 1565 1512 ι.
1594 1459 1670 1513 De
1693 1459 1863 1528 gloria

272 1561 599 1624 martyrum,
627 1568 749 1622 cap.
778 1551 848 1606 εξ
867 1593 882 1617 ,
925 1552 991 1608 de
1021 1550 1240 1606 Genesti
1269 1550 1526 1620 martyris
1551 1551 1865 1606 inventione

275 1641 473 1697 ibidem
503 1641 670 1707 facta,
701 1643 878 1712 capite
906 1641 975 1696 67
1007 1641 1246 1711 ejusdem
1274 1640 1419 1695 libri.

343 1735 435 1791 78.
475 1735 674 1790 Eodem
704 1737 904 1791 sreculo
934 1735 1223 1791 undecimo
1271 1736 1511 1798 ineunte.
1544 1737 1638 1792 sed
1683 1737 1861 1792 incer-

1961 556 2192 626 gendum
2225 558 2484 624 suscepit,
2515 558 2674 624 eique
2699 554 2914 625 praefuit
2943 555 3007 608 ad
3029 569 3230 609 annum
3254 555 3410 617 1028,
3436 570 3543 624 quo

1961 647 2013 701 in
2045 643 2161 714 ejus
2190 645 2365 700 locum
2395 646 2652 701 suﬂectus
2699 655 2782 700 est
2822 644 3146 710 Amalricus,
3180 653 3240 699 ut
3284 645 3544 698 discimus

1959 755 2032 796 ex
2058 739 2267 796 duobus
2299 740 2569 795 chronicis
2601 755 2729 794 mss.
2763 754 2883 809 qua:
2926 753 3090 808 penes
3127 755 3226 793 nos
3258 738 3541 803 habemus,

1960 846 2193 900 quorum
2239 829 2623 886 cbronicorum
2655 843 2756 898 ope
2786 829 3159 884 emendandus
3184 839 3266 884 est
3314 829 3544 884 Vincen-

1962 921 2070 976 tius
2099 920 2355 986 Dan-alis,
2384 922 2624 991 ejusdem
2653 921 2755 976 loci
2787 920 3103 985 monachus,
3135 921 3225 990 qui
3260 919 3542 974 Odilonem

1963 1011 2246 1068 Lirinensi
2281 1013 2472 1067 insulae
2521 1012 2680 1082 paulo
2713 1019 2834 1081 post
2883 1011 3058 1065 sancti
3108 1010 3286 1064 Maioli
3339 1011 3547 1064 obitum

1962 1105 2275 1175 praefectum
2321 1105 2490 1159 fuisse
2521 1102 2741 1172 scripsit
2767 1104 2819 1156 in
2845 1101 3206 1172 Cbronologia
3233 1109 3546 1156 sanctorum

1963 1195 2351 1250 Lirinensium.
2382 1195 2526 1248 Duas
2555 1193 2697 1246 idem
2745 1200 2936 1245 auctor
2962 1191 3182 1244 chartas
3209 1189 3396 1251 refert,
3425 1201 3549 1256 qua:

1963 1290 2190 1346 Odiloue
2215 1288 2485 1342 Lirinensi
2513 1287 2709 1341 abbate
2737 1285 2876 1338 data:
2905 1292 3064 1346 sunt;
3095 1283 3187 1336 sed
3221 1281 3419 1336 nullam
3452 1279 3551 1333 ha-

1963 1381 2092 1435 bent
2118 1378 2379 1448 temporis
2421 1385 2626 1440 notam,
2655 1376 2794 1430 sicut
2826 1389 2930 1429 nec
2973 1374 3028 1427 in
3061 1372 3394 1427 Bibliotheca
3422 1369 3550 1426 Clu.

1965 1472 2230 1537 niacensi,
2269 1471 2358 1526 ubi
2389 1471 2582 1524 iterum
2610 1469 2767 1524 edita:
2795 1468 3081 1522 habentur.

2033 1563 2124 1617 80.
2162 1559 2358 1615 Varias
2394 1563 2544 1616 vices
2595 1574 2752 1630 passa
2803 1568 2888 1612 est
2929 1556 3254 1611 Juliacensis
3296 1555 3548 1620 ecclesia,

1964 1655 2106 1710 unde
2160 1653 2538 1709 diﬂlcillimnm
2593 1663 2677 1705 est
2737 1659 2950 1717 tempus
3015 1648 3294 1718 assignare
3355 1661 3462 1715 quo
3520 1662 3551 1700 a

1967 1745 2248 1800 monachis
2297 1743 2744 1800 Cluniacensibus
2775 1740 3012 1810 primum
3041 1737 3337 1792 inhabitata
3370 1734 3549 1790 fuerit.

275 1834 388 1880 tum
416 1840 527 1895 quo
547 1840 710 1890 anno,
741 1827 966 1897 contigit
993 1827 1303 1881 monasterii
1331 1828 1471 1896 apud
1501 1825 1859 1882 Valentiolam
1894 1824 1937 1880 Β
1963 1835 2122 1892 certe
2144 1833 2259 1904 jam
2297 1849 2458 1902 supra
2515 1831 2852 1886 laudavi...“
2905 1831 3149 1884 chartam
3195 1825 3411 1882 Quonis
3460 1838 3554 1883 εο.

273 1917 329 1973 in
361 1919 675 1988 episcopatu
705 1918 938 1989 Regensi
967 1919 1192 1974 erectio.
1223 1917 1360 1973 lluic
1387 1919 1730 1975 occasionem
1763 1920 1862 1974 de-

274 2010 355 2065 dit
393 2009 617 2065 donatio
664 2010 834 2065 curtis
883 2010 936 2065 in
979 2010 1169 2066 eodem
1215 2010 1371 2074 loco,
1424 2011 1577 2080 cujus
1614 2012 1864 2066 meminit

273 2101 569 2174 Gregorius
595 2099 636 2156 V
667 2101 723 2156 in
749 2101 894 2157 bulla
911 2100 1025 2170 jam
1051 2117 1081 2156 a
1108 2102 1267 2158 nobis
1295 2103 1529 2158 laudata.
1555 2105 1689 2158 Cum
1716 2105 1861 2159 enim

275 2212 452 2266 Ipsam
485 2206 816 2253 monasterio
844 2194 1174 2252 exstruendo
1201 2206 1382 2267 aptam
1407 2196 1707 2265 judicasset
1735 2199 1864 2252 bea-

277 2293 362 2340 tus
389 2285 567 2348 0dilo,
600 2286 741 2340 hanc
766 2283 1040 2340 licentiam
1071 2286 1140 2342 ab
1169 2287 1426 2356 episcopo
1455 2287 1608 2354 petiit
1636 2295 1693 2340 et
1719 2287 1865 2341 obti-

275 2375 412 2440 nuit,
443 2383 504 2429 ut
534 2383 682 2444 patet
711 2391 778 2430 ex
828 2376 998 2431 veteri
1054 2377 1246 2431 notitia
1300 2391 1463 2444 quam
1495 2392 1560 2430 ex
1589 2376 1866 2431 chartario

273 2463 618 2522 Cluniacensi
642 2467 970 2536 descriptam
998 2466 1282 2532 habemus,
1309 2469 1399 2523 ubi
1433 2468 1544 2522 haec
1570 2467 1821 2537 leguntur
1847 2485 1860 2519 :

280 2577 299 2611 σ
326 2557 484 2614 0dilo
514 2559 686 2613 abbas
717 2559 883 2614 mittit
931 2561 1226 2619 monachos
1274 2560 1341 2614 ad
1372 2559 1722 2616 Almeradum
1755 2561 1862 2615 Re-

273 2663 496 2719 gensem
525 2649 860 2720 episcopum,
889 2651 980 2720 qui
1008 2649 1346 2720 postularent
1375 2650 1647 2706 licentiam
1679 2667 1867 2707 mona-

272 2741 423 2797 sterii
449 2741 751 2797 aedificandi
777 2742 930 2813 juxta
955 2743 1240 2797 ecclesiam
1274 2742 1329 2796 in
1358 2743 1564 2798 honore
1586 2744 1711 2797 alnti
1741 2759 1868 2799 con-

272 2833 501 2890 fessoris
559 2832 777 2888 Maximi
839 2835 1137 2904 antiquitus
1193 2846 1571 2890 consecratam
1631 2836 1684 2890 in
1745 2835 1869 2890 villa

281 2923 612 2980 Valentiola.
654 2923 752 2979 Cui
783 2926 1079 2989 consensit,
1112 2927 1454 2995 decrevitque
1483 2935 1540 2979 ut
1570 2925 1712 2980 nulla
1744 2940 1868 2995 per-

276 3030 413 3072 sona
462 3015 663 3070 habeat
709 3015 1132 3072 dominationem
1163 3019 1275 3070 “aut
1325 3016 1772 3071 consuetudinem
1809 3017 1863 3072 in

274 3108 419 3163 dicto
448 3106 590 3172 loco,
623 3115 790 3176 atque
831 3105 1032 3162 fratres
1079 3107 1152 3162 ibi
1202 3119 1604 3163 commorantes
1643 3119 1866 3178 possent

275 3216 394 3270 qua:
425 3215 456 3254 a
491 3199 741 3256 ﬁdelibus
765 3199 1092 3255 oll’errentur
1121 3203 1388 3272 accipere.
1419 3221 1438 3253 ι
1477 3201 1628 3256 Nulla
1659 3212 1742 3257 est
1773 3219 1869 3272 ap-

275 3294 453 3364 posita
481 3295 634 3361 data,
663 3295 758 3349 sed
782 3309 849 3350 ex
877 3309 943 3349 eo
970 3295 1291 3363 conjicimns
1316 3296 1659 3351 Almeradum
1683 3297 1867 3352 saeculi

276 3385 554 3442 undecimi
609 3387 763 3441 initio
794 3387 1047 3442 Ecclesiae
1079 3387 1304 3458 Regensi
1359 3388 1638 3457 prrefuisse
1664 3430 1678 3454 ,
1723 3389 1869 3458 quod

274 3474 548 3532 Lirinensi
599 3477 969 3544 monasterio,
1020 3479 1104 3533 cui
1161 3491 1289 3534 tunc
1333 3479 1654 3535 Warnerius
1704 3481 1870 3538 abbas

275 3581 531 3644 praeerat,
563 3573 769 3642 aliquot
798 3575 936 3629 bona
963 3573 1273 3627 contulerit.
1327 3572 1643 3628 \Varnerius
1673 3575 1871 3644 quippe

277 3665 332 3721 in
360 3665 997 3721 Lirinensis'monasterii
1027 3665 1287 3734 regimine
1315 3661 1561 3720 sanctum
1584 3663 1869 3722 Odilonem

276 3760 580 3830 praecessit.
631 3757 780 3813 Idem
825 3758 1148 3814 Almeradus
1175 3800 1189 3824 ,
1241 3775 1367 3823 seu,
1400 3767 1459 3813 ut
1489 3760 1560 3814 ibi
1593 3761 1869 3825 scribitur,

280 3851 682 3912 Helmeradus,
738 3851 791 3904 in
843 3851 1035 3905 charta
1100 3851 1374 3918 quadam,
1426 3859 1620 3920 agente
1674 3855 1874 3905 domno

280 3941 574 3996 Warnerio
605 3939 948 3997 Cluniacensi
979 3940 1288 4010 prteposito,
1319 3941 1539 4010 agnovit
1569 3957 1753 3996 coram
1788 3957 1874 3996 re-

279 4035 462 4104 liquiis
486 4035 539 4089 in
566 4034 802 4104 imagine
830 4035 1002 4088 sancti
1033 4032 1176 4088 Petri
1208 4034 1476 4089 contentis
1505 4033 1608 4089 sibi
1635 4035 1874 4088 decimas

279 4129 487 4200 proprii
532 4127 738 4184 laboris
786 4143 892 4182 non
945 4128 1128 4182 deberi
1169 4128 1221 4183 in
1269 4129 1432 4184 terris
1475 4125 1792 4184 Valentiolze
1820 4136 1876 4182 et

281 4218 514 4274 aliarum
593 4221 999 4289 possessionum
1079 4235 1108 4274 a
1171 4219 1430 4275 Chmiaco
1499 4220 1869 4290 pendentium.

280 4313 481 4368 Charta
531 4313 653 4367 data
684 4321 768 4369 est
813 4313 866 4367 in
903 4313 1019 4382 ipsa
1047 4313 1276 4368 ecclesia
1307 4312 1638 4374 Valentiolze,
1671 4311 1763 4365 sed
1793 4322 1875 4365 est

281 4405 486 4472 absque
517 4405 664 4469 data,
698 4403 841 4458 sicut
879 4412 934 4458 et
981 4403 1160 4468 tertia,
1192 4403 1285 4458 ubi
1317 4403 1458 4457 idem
1494 4403 1720 4456 antistes
1749 4418 1874 4456 san-

282 4503 370 4549 cto
399 4493 618 4549 Odiioni
656 4493 884 4548 dimittit
932 4509 1142 4548 annuos
1179 4494 1443 4562 quosdam
1485 4493 1713 4553 reditus,
1739 4507 1875 4562 quos

284 4585 514 4640 ecclesia
546 4584 864 4640 Valentiolre
911 4585 1117 4640 solebat
1166 4585 1418 4655 ejiscopo
1449 4585 1677 4638 solvere.
1713 4582 1875 4637 Deni-

285 4693 390 4747 que
433 4677 857 4739 Archimbertus
903 4679 1122 4747 quidam
1188 4685 1240 4732 et
1287 4675 1511 4730 Pontius
1563 4675 1705 4729 filius
1761 4675 1879 4744 ejus

285 4768 741 4825 Cluniacensibus
769 4769 1047 4823 monachis
1073 4769 1328 4824 dimisere
1351 4768 1610 4838 quidquid
1638 4767 1718 4822 sui
1743 4765 1880 4834 juris

286 4861 340 4915 in
373 4861 500 4915 villa
547 4859 882 4919 Valentiolre.
927 4870 1070 4923 etc.,
1125 4875 1245 4915 esse
1292 4858 1714 4914 contendebant.
1768 4855 1881 4910 lloc

290 4962 470 5008 actum
502 4961 588 5007 est
611 4953 664 5006 in
690 4952 922 5006 concilio
971 4951 1113 5022 quod
1163 4950 1264 5004 fuit
1317 4951 1370 5004 in
1420 4965 1553 5019 (πρυ
1585 4946 1688 5018 (sic
1719 4947 1883 5000 habet

289 5049 534 5097 nostrum
566 5042 962 5112 apngraphum,
993 5056 1060 5093 an
1094 5038 1376 5108 legendum
1405 5054 1586 5106 campo
1618 5043 1710 5088 aut
1739 5035 1880 5104 capi-

295 5134 468 5162 o..l..9\
521 5134 699 5162 ..ι-...ηοξ
735 5133 960 5162 Ώηηιη..2
1015 5141 1280 5162 θηωοηηοΛ
1318 5130 1579 5162 ΙΛοΛιιΙῖηΑ
1611 5127 1859 5162 onicnnnn

1964 1935 2260 1996 gnomento
2310 1923 2590 1988 Willelmi,
2651 1920 2975 1992 Burgundia:
3019 1919 3192 1982 ducis,
3243 1917 3426 1972 datam
3466 1930 3554 1971 re-

1963 2029 2163 2091 gnante
2189 2017 2508 2086 Rodulpbo,
2561 2017 2612 2070 in
2645 2030 2771 2084 qua,
2802 2022 3090 2084 postquam
3147 2009 3322 2064 fassus
3365 2009 3557 2062 fuisset

1964 2125 2024 2165 se
2054 2109 2231 2163 Maioli
2264 2117 2319 2163 et
2345 2106 2590 2162 0dilonis
2632 2105 2888 2158 abbatum
2916 2115 3078 2156 voces
3106 2099 3270 2154 surda
3299 2113 3429 2151 aure
3461 2097 3554 2150 diu

1965 2201 2258 2266 audivisse,
2287 2206 2643 2268 compunctus
2693 2194 2908 2248 tandem
2938 2190 3206 2268 Juliacum
3255 2189 3558 2245 restituisse

1967 2294 2190 2350 dicitur.

2040 2388 2128 2442 8i.
2179 2384 2380 2439 Verum
2437 2389 2558 2452 post
2614 2379 2810 2434 factam
2869 2373 3318 2432 Cluniacensibus
3363 2371 3555 2427 Juliaci

1967 2478 2365 2534 restitutionem
2419 2475 2487 2529 ab
2530 2473 2728 2529 Ottone
2776 2469 3062 2532 \Villelmo,
3094 2466 3344 2521 eumdem
3377 2463 3556 2519 locum

1967 2571 2210 2632 nonnulli
2254 2569 2539 2625 saaculares
2569 2567 2669 2620 viri
2717 2565 2816 2620 sibi
2859 2562 3158 2617 attribuere
3187 2567 3556 2622 tentaverunt,

1967 2676 2198 2732 quorum
2247 2666 2476 2714 conatus
2526 2655 2738 2710 nonnisi
2789 2653 3018 2708 alterius
3065 2664 3222 2706 terrm
3269 2650 3558 2718 largitione

1970 2749 2262 2807 retundere
2293 2747 2470 2819 potuit
2496 2759 2681 2802 comes
2711 2743 3048 2814 Baynaldus,
3078 2740 3293 2796 Ottonis
3323 2738 3558 2795 tilias.“

1970 2843 2262 2913 probamus
2291 2854 2359 2893 ex
2390 2839 2559 2894 veteri
2607 2837 2801 2893 notitia
2848 2849 2968 2905 quas
3019 2833 3072 2888 in
3129 2832 3408 2888 chartario
3435 2830 3562 2886 Clu-

1970 2933 2211 2990 niacensi
2259 2931 2490 2987 habetur
2527 2929 2613 2984 his
2642 2927 2822 2983 verbis
2853 2944 2866 2980 :
2903 2945 2921 2978 ‹
2957 2926 3084 2981 Οιιο
3113 2938 3318 2989 comes,
3349 2924 3443 2993 qui
3469 2937 3562 2978 co-

1970 3027 2315 3098 gnominatur
2344 3021 2675 3085 Willelmus,
2731 3017 2966 3074 reddidit
2999 3017 3282 3071 monachis
3310 3015 3362 3069 in
3395 3014 3563 3069 famo-

1971 3119 2189 3174 sissimo
2220 3116 2470 3174 cmnobio
2516 3113 2794 3169 Cluniensi
2847 3112 2956 3167 Deo
3000 3110 3362 3166 servientibus
3412 3115 3562 3179 pote-

1972 3218 2170 3265 statem
2201 3221 2323 3278 quae
2352 3205 2553 3261 dicitur
2581 3203 2842 3260 Juliacus.
2877 3202 3062 3271 Longo
3092 3210 3335 3271 tempore
3382 3209 3564 3254 trans-

1971 3309 2112 3364 acto,
2139 3304 2495 3354 surrexerunt
2538 3298 2715 3367 Aymo
2773 3304 2828 3350 et
2869 3293 3127 3351 Otbertus
3174 3291 3269 3346 filii
3313 3289 3561 3354 Aldonis,

1972 3389 2378 3462 proclamantes
2426 3402 2546 3441 eam
2596 3394 2919 3456 potestatem
2970 3398 3126 3438 suam
3185 3381 3564 3437 ltaereditatem

1973 3497 2096 3539 esse
2131 3501 2144 3537 :
2180 3483 2274 3537 sed
2306 3482 2422 3536 htec
2449 3478 2717 3534 calumnia
2757 3476 2991 3532 cessavit
3017 3475 3070 3529 in
3103 3474 3388 3544 praesentia
3422 3473 3567 3542 Bay-

1973 3575 2116 3630 naldi
2164 3575 2405 3636 comitis,
2431 3573 2524 3626 filii
2566 3569 2859 3641 supradicti
2888 3566 3162 3624 Willelmi.
3195 3565 3286 3634 qui
3334 3580 3432 3632 pro
3462 3563 3567 3616 hac

1973 3665 2244 3722 calumnia
2294 3663 2442 3718 dedit
2481 3662 2722 3732 praefatis
2767 3658 2995 3730 Aymoni
3041 3665 3097 3711 et
3145 3654 3370 3710 Otberto
3401 3652 3566 3706 aliam

1974 3757 2264 3828 quamdam
2293 3762 2639 3822 potestatem,
2672 3767 2835 3820 quam
2875 3753 3248 3817 susceperunt,
3278 3754 3331 3800 et
3361 3756 3558 3814 quere-

1975 3851 2080 3904 lam
2111 3850 2497 3918 deposuerunt.
2531 3844 2758 3914 Signum
2787 3839 3044 3912 Raynaldi
3074 3837 3306 3892 comitis.
3338 3836 3566 3904 Signum

1974 3936 2284 3994 Arlheleidis
2308 3936 2496 3991 uxoris
2527 3933 2664 4002 ejus.
2715 3932 2938 4002 Signum
2988 3927 3192 3983 Azelmi
3243 3925 3454 3980 abbatis
3499 3929 3566 3978 de

1977 4031 2156 4086 Monte
2189 4026 2653 4084 Sancti-Joannis.
2701 4025 2834 4078 Acta
2866 4031 2990 4076 sunt
3017 4021 3138 4076 hare
3158 4018 3296 4088 apud
3326 4023 3568 4070 castrum

1977 4122 2326 4184 Divionense,
2353 4132 2498 4172 anno
2528 4114 2699 4179 1022,
2727 4112 3021 4167 indictione
3050 4123 3122 4173 v1,
3158 4107 3419 4160 Rotberto
3447 4116 3573 4172 rege

1977 4215 2331 4270 Francorum.
2375 4229 2394 4261 ›
2434 4207 2689 4263 Nondum
2722 4213 2900 4258 tamen
2946 4215 3090 4255 anno
3121 4197 3259 4252 1022
3285 4194 3569 4251 defunctus

1977 4316 2097 4365 erat
2127 4302 2625 4365 Otto-Willelmus;
2660 4297 2754 4354 sed
2787 4311 2942 4351 error
2969 4302 3054 4349 est
3084 4290 3315 4346 librarii.
3360 4287 3572 4342 Utrius-

1979 4414 2084 4470 que
2111 4412 2238 4452 vero
2269 4391 2633 4449 restitutionis
2660 4386 2906 4444 meminit
2938 4384 3209 4438 Robertus
3235 4377 3574 4470 Burgundio-

1983 4467 2108 4542 num
2141 4487 2247 4540 dux
2276 4484 2328 4537 in
2359 4481 2529 4536 veteri
2567 4479 2798 4548 quadam
2845 4474 3061 4536 notitia,
3091 4485 3158 4526 ex
3189 4471 3380 4526 eodem
3408 4467 3570 4522 char-

1986 4579 2142 4642 tario,
2171 4584 2412 4644 tempore
2441 4569 2657 4625 llenrici
2689 4567 2833 4638 regis
2866 4565 3053 4619 fratris
3081 4563 3162 4616 sui
3191 4563 3350 4625 data;
3385 4559 3438 4612 in
3467 4571 3572 4627 qua

1983 4668 2204 4739 quidem
2233 4663 2425 4719 notitia
2472 4669 2706 4716 testatur
2759 4657 3035 4710 Robertus
3069 4651 3401 4734 Willelmum
3432 4647 3556 4739 ejus

1985 4736 2090 4830 que
2137 4758 2307 4812 filium
2355 4751 2697 4824 Raynaldum
2724 4789 2738 4813 ,
2790 4745 3116 4800 auctoritate
3144 4753 3197 4796 et
3222 4741 3375 4809 jussu
3407 4736 3577 4834 patris

1987 4850 2068 4906 sui
2099 4845 2321 4901 Roberti
2355 4843 2515 4912 regis,
2547 4839 2813 4895 Jutiacum
2857 4832 3201 4890 Cluniacensi
3243 4832 3577 4880 monasterio

1984 4938 2290 4996 restituisse
2317 4977 2330 5001 ,
2378 4949 2502 4989 cum
2533 4944 2802 4987 consensu
2847 4925 3093 4995 Hugonis
3127 4919 3345 4977 comitis
3370 4913 3584 5001 Cabilo-

1986 5029 2190 5094 nensis,
2224 5027 2560 5093 aliorumque
2582 5023 2825 5076 virorum
2851 5013 3112 5068 nobilium
3141 5008 3410 5076 utriusque
3441 4999 3583 5055 mili-

1988 5125 2075 5162 lim
2127 5119 2266 5160 ns!!!“
2302 5120 2416 5158 Enen
2447 5114 2730 5156 nnnﬂrmnl
2761 5117 2814 5152 nl
2843 5103 3200 5150 corroborat.
