4116 5358
498 243 603 301 865

1411 250 1465 306 S.
1511 251 1824 308 ODILONIS
1862 252 2355 314 CLUMACENSIS
2389 258 2677 316 ABDATIS
2706 262 2748 316 V

3640 266 3742 322 εδει

503 369 614 420 sus,
641 355 1306 450 suprajanuamecclesite
1332 360 1569 430 ejusdem
1602 364 1728 429 loci,
1757 382 1860 434 qua
1891 368 2069 426 aditus
2102 376 2142 434 Α
2172 371 2427 426 Chartam
2475 375 2736 444 integram
2768 374 2932 430 refert
2961 375 3250 442 Perardus,
3301 394 3424 448 pag.
3469 381 3593 445 177,
3623 397 3742 450 qua:

498 449 580 495 est
606 442 672 495 ad
702 430 1014 512 claustrum,
1043 445 1356 517 insculptus,
1384 451 1474 519 qui
1508 452 1624 506 haec
1652 430 1852 509 indicat
1879 457 2065 526 paucis

498 529 620 584 istis
650 531 826 588 verbis
860 549 874 587 :

566 626 691 691 Hoc,
709 627 815 688 tibi,
846 627 950 678 Rex
991 642 1289 695 regum,....
1338 634 1573 703 condidit,
1631 637 2066 705 OJilo;templum.

497 718 696 775 Verum
729 730 896 777 totam
928 726 1006 780 rei
1031 736 1195 797 gestae
1224 731 1418 785 seriem
1449 736 1669 803 exponit
1694 737 1917 804 ipsemet
1944 749 2072 789 san-

495 820 618 866 ctus
644 813 813 868 abbas
861 815 915 869 in
964 816 1326 876 instrumento
1355 822 1708 891 fundationis,
1739 827 1881 897 quod
1908 841 2067 896 supra

496 906 836 976 paragrapho
865 909 1102 965 secundo
1132 911 1402 982 integrum
1432 917 1700 972 dedimus.

566 995 654 1053 85.
694 996 850 1053 Circa
881 999 995 1054 btec
1022 1008 1261 1071 tempora
1287 1004 1595 1064 Kadolenus
1624 1009 1923 1064 vicecomes
1946 1023 2068 1065 cum

498 1100 664 1141 uxore
694 1101 789 1144 sua
819 1097 876 1143 et
902 1088 1011 1145 filio
1032 1089 1303 1150 Willelmo
1328 1095 1474 1151 dedit
1497 1101 1824 1154 monasterio
1852 1101 2072 1155 Clunia-

497 1175 645 1230 censi
666 1176 840 1232 locum
859 1179 951 1250 qui
974 1181 1251 1237 dicebatur
1274 1182 1457 1240 Sancti
1478 1186 1703 1243 Joannis
1724 1189 1790 1242 de
1806 1189 2068 1258 Molgoue,

498 1265 650 1335 cujus
681 1267 759 1322 rei
788 1269 1063 1340 complura
1092 1271 1450 1331 instrumenta
1477 1278 1750 1334 exstitisse
1773 1278 2073 1349 colligimus

498 1371 566 1414 ex
595 1359 765 1415 variis
813 1361 1020 1417 notitiis
1075 1379 1196 1432 quae
1227 1365 1278 1418 in
1307 1365 1750 1425 Cluniacensibus
1790 1371 2074 1426 citartariis

501 1465 566 1505 ea
593 1450 662 1504 de
699 1467 759 1506 re
797 1451 1084 1508 habentur.
1115 1455 1241 1512 Haec
1261 1456 1481 1514 donatio
1510 1458 1652 1516 facta
1689 1460 1786 1517 fuit
1829 1471 2072 1531 regnante

501 1539 726 1596 Roberto
757 1559 873 1614 rege
913 1555 960 1598 et
987 1547 1294 1614 prwsidente
1327 1548 1600 1619 Aquitanis
1625 1551 1892 1606 Willelmo
1921 1554 2070 1616 duce,

499 1647 674 1687 manu
716 1632 882 1690 Maio.
946 1634 1007 1690 Ei
1056 1637 1376 1710 subscripsit
1422 1639 1750 1698 lsembertus
1795 1643 2076 1713 episcopus

2168 465 2292 518 data
2321 471 2404 515 est
2433 461 2614 532 Logis,
2645 477 2789 517 anno
2819 463 2974 527 1029,
3016 465 3227 520 Bodulfi
3273 468 3415 537 regis
3461 485 3628 523 xxxv.
3671 471 3742 525 lbi

2167 553 2362 606 dicitur
2415 571 2434 602 ‹
2463 553 2852 607 monasterium
2893 554 2946 608 in
2975 555 3180 611 honore
3231 556 3324 612 Dei
3359 569 3413 612 et
3444 557 3745 614 Salvatoris

2167 644 2339 697 nostri
2386 641 2514 698 Jesn
2568 643 2788 708 Christi,
2834 644 3183 715 ejusdemque
3230 648 3511 716 genitricis
3541 648 3743 708 Mariis.

2168 735 2450 803 sanctique
2475 733 2625 788 Petri
2650 734 2899 803 apostoli,
2923 749 3134 790 necnon
3169 748 3224 791 et
3248 739 3392 793 beati
3425 738 3633 792 Nicolai
3666 739 3746 792 al-

2169 828 2242 881 mi
2289 825 2619 881 confessoris
2662 835 3053 890 constructum,
3111 829 3272 883 situm
3323 828 3375 881 in
3429 829 3746 898 episcopatu

2169 919 2574 975 Bisoncionensi
2602 919 2759 988 juxta
2801 918 3178 981 Polliniacum,
3222 921 3274 974 in
3320 920 3438 976 loco
3475 921 3568 990 qui
3603 931 3751 976 recte

2169 1008 2337 1062 Vallis
2366 1016 2613 1068 vocatur.
2659 1015 3052 1062 constructum.
3078 1028 3097 1060 ι
3139 1008 3312 1064 Porro
3356 1011 3750 1064 monasterium

2172 1099 2313 1153 istud
2339 1099 2408 1153 ab
2436 1096 2935 1153 Ottone‘Willelmo
2965 1112 2995 1151 a
3023 1097 3388 1153 fundamentis
3415 1098 3751 1154 aedificatum

2171 1189 2338 1244 fuisse
2385 1189 2642 1244 discimus
2705 1204 2772 1243 ex
2824 1189 3012 1243 charta
3068 1187 3308 1260 Hugonis
3355 1191 3756 1261 archiepiscopi

2173 1280 2641 1344 Vesonk'onensis,
2681 1279 2772 1334 ubi
2793 1272 3094 1334 confirmat
3135 1280 3480 1335 donationem
3509 1279 3755 1336 decima—

2171 1387 2314 1435 rum,
2362 1371 2721 1435 oblationem,
2748 1371 3172 1439 sepulturarum,
3204 1370 3595 1441 cappellarum,
3619 1379 3710 1424 etc
3739 1409 3760 1432 ,

2172 1463 2227 1517 in
2257 1461 2378 1516 villa
2409 1478 2529 1533 qua:
2563 1461 2759 1516 dicitur
2788 1459 3172 1526 Mediolanum,
3205 1470 3262 1515 et
3288 1459 3549 1529 cappellaa
3579 1458 3758 1512 sancti

2173 1551 2411 1608 Victoris
2438 1554 2575 1622 apud
2601 1552 2952 1614 Madriacnm,
2983 1568 3012 1606 a
3055 1551 3322 1607 Walterio
3352 1551 3761 1622 praedecessore

2175 1661 2274 1700 suo
2301 1645 2499 1700 factam
2537 1644 2780 1700 ecclesia:
2805 1643 2910 1698 loci
2959 1642 3147 1710 Vallis,
3172 1660 3358 1712 quam,
3385 1644 3579 1713 inquit,
3606 1641 3764 1697 Otto-

499 1726 878 1795 Pictaviensis,
907 1730 998 1800 qui
1029 1746 1148 1787 sese
1175 1735 1470 1803 pontiﬁcem
1486 1735 1865 1807 Aquitanorum
1888 1735 2075 1806 appel’
2103 1722 2150 1782 Β
2176 1735 2479 1791 Willelmus
2513 1740 2916 1798 construxerat,
2945 1741 2999 1788 et
3041 1732 3157 1804 ipse
3182 1733 3478 1787 Walterius
3507 1732 3564 1786 in
3593 1733 3764 1786 hono-

499 1816 599 1884 lat,
628 1827 684 1873 et
712 1834 834 1876 cum
867 1835 932 1875 eo
960 1819 1212 1878 Jordanis
1240 1825 1524 1896 episcopus
1568 1826 1994 1891 Lemoviceusis,
2019 1835 2074 1883 et

501 1910 658 1967 Robo
684 1912 1127 1970 Eucolismensis.
1162 1915 1295 1971 Item
1325 1916 1592 1973 Jofl‘redus
1621 1929 1676 1973 et
1705 1917 1969 1975 Acfredus
1995 1917 2076 1972 vi-

500 2004 810 2069 cecomites,
845 2014 956 2060 tum
984 2006 1285 2064 Willelmus
1315 2010 1380 2065 de
1423 2009 1746 2067 Partenaco.
1797 2011 2074 2080 Nusquam

501 2110 632 2151 vero
657 2095 962 2154 Kadolenus
991 2100 1375 2170 subscripsisse
1410 2102 1625 2173 legitur,
1655 2104 1797 2174 quod
1843 2103 2078 2160 fortasse

502 2187 718 2242 nonnisi
760 2197 880 2258 post
923 2190 1090 2260 ipsius
1119 2201 1349 2248 mortem
1391 2193 1749 2250 instrumenta
1795 2195 1952 2266 hujus
1997 2196 2078 2252 rei

500 2277 746 2333 confecta
772 2278 994 2336 fuerint.

569 2366 659 2422 84.
700 2367 816 2423 Non
856 2369 1026 2437 liquet
1063 2388 1172 2442 quo
1205 2381 1447 2444 tempore
1476 2375 1798 2445 incmperint
1825 2378 2075 2434 monachi

499 2457 716 2512 domum
741 2459 807 2514 de
834 2460 1062 2515 Sariano
1095 2463 1416 2520 inhabitare.
1449 2466 1604 2522 Initia
1632 2483 1728 2522 sua
1762 2467 1918 2523 debet
1943 2468 2079 2524 Leo-

499 2551 718 2622 degario
763 2552 999 2620 cuidam,
1027 2555 1293 2612 monacho
1335 2558 1698 2625 Cluniacensi,
1736 2562 1825 2630 qui
1857 2562 1926 2616 ibi
1954 2577 2078 2632 pro-

503 2643 625 2712 prio
646 2642 832 2698 labore
856 2644 1140 2700 ecclesiam
1164 2649 1498 2716 construxit;
1527 2665 1632 2719 qua
1654 2650 1858 2718 dotata,
1876 2649 2076 2711 factum

497 2745 584 2790 est
605 2744 666 2790 ut
690 2736 764 2792 ibi
788 2738 1038 2792 monachi
1070 2739 1500 2796 instituerentur.
1533 2743 1716 2799 Dicata
1743 2754 1823 2800 est
1851 2741 2077 2800 ecclesia

499 2839 531 2879 a
586 2824 935 2895 Regimbaldo
982 2827 1288 2886 Arelatensi
1332 2834 1761 2903 archiepiscopo,
1796 2835 1887 2905 qui
1937 2849 2078 2890 anno

500 2915 723 2972 circiter
767 2918 896 2973 1051
946 2920 1073 2975 huic
1101 2923 1343 2978 ecclesiae
1372 2940 1604 2993 praeesse
1629 2926 1812 2995 cmpit.
1844 2927 1968 2981 Hmc
1992 2927 2078 2980 di—

500 3005 702 3060 scimus
730 3021 794 3061 ex
825 3009 993 3062 veteri
1025 3012 1256 3079 quadam
1297 3013 1492 3068 notitia
1514 3054 1530 3078 ,
1576 3029 1736 3082 quam
1783 3031 1946 3083 penes
1980 3030 2078 3071 nos

2178 1842 2293 1882 rem
2323 1827 2492 1882 beatas
2531 1825 2711 1880 Marias
2738 1833 3173 1880 consecraverat.
3201 1823 3260 1877 lu
3303 1823 3411 1877 alio
3447 1822 3765 1892 apagrapbo

2177 1917 2294 1972 haec
2313 1917 2492 1972 omnia
2521 1916 2892 1971 intercedente
2921 1914 3149 1972 0dilone
3186 1912 3384 1968 abbate
3424 1911 3765 1966 concessisse

2177 2005 2378 2061 dicitur
2407 2007 2520 2076 ipse
2548 2004 2721 2075 Hugo.
2765 2005 2896 2058 Data
2924 2011 3007 2058 est
3049 2018 3190 2057 anno
3236 2001 3396 2066 1055,
3441 2001 3530 2056 die
3577 2000 3761 2055 sancti

2177 2101 2423 2168 Joannis,
2450 2110 2506 2156 et
2533 2101 2972 2169 subscripserunt
3002 2098 3070 2152 ιι.
3109 2097 3453 2167 praepositus,
3482 2095 3768 2151 Robertls

2179 2193 2366 2258 abbas,
2390 2201 2499 2247 tum
2525 2190 2890 2245 archidiaconi
2919 2189 3043 2253 duo,
3067 2187 3340 2242 Radaldus
3365 2185 3560 2251 abbas,
3589 2193 3649 2248 et
3671 2185 3763 2240 alii

2177 2282 2480 2352 complures
2508 2279 2755 2336 canonici
2783 2286 2838 2333 ct.
2861 2277 3170 2334 sreculares.

2247 2373 2336 2429 86.
2372 2371 2517 2426 Ante
2553 2385 2752 2425 annum
2801 2368 2939 2425 1054
2981 2367 3351 2438 consignanda
3393 2375 3478 2422 est
3514 2364 3770 2420 fundatio

2178 2463 2488 2519 monasterii
2535 2461 2603 2516 de
2645 2460 2966 2527 Chauriaco,
3016 2475 3138 2530 quae
3181 2474 3214 2512 a
3267 2458 3544 2528 Stephano
3576 2456 3770 2512 Claro-

2179 2551 2449 2607 montensi
2495 2551 2751 2620 episcopo
2795 2548 2938 2604 facta
2992 2557 3076 2603 est
3122 2548 3222 2602 sub
3271 2547 3533 2617 regimine
3588 2543 3766 2600 sancti

2179 2641 2442 2709 0dilonis,
2487 2642 2541 2696 in
2571 2641 2800 2712 gratiam
2825 2638 3251 2696 Celsiniancnsis
3306 2638 3652 2693 monasterii.
3689 2637 3765 2690 Eo

2178 2735 2378 2803 quippe
2420 2747 2562 2786 anno
2609 2731 2722 2802 jam
2772 2729 2976 2794 Renco,
3028 2728 3290 2798 Stephani
3336 2724 3396 2782 IV
3453 2743 3763 2787 successor.

2178 2821 2434 2877 Ecclesiae
2477 2818 2906 2880 Claromonteusi
2957 2826 3213 2888 praeerat,
3256 2833 3416 2888 quam
3455 2817 3763 2874 Ecclesiau

2181 2919 2358 2976 adhuc
2384 2931 2526 2972 anno
2557 2915 2694 2971 1052
2739 2917 2978 2985 regebat.
3013 2913 3184 2983 Hujus
3232 2927 3394 2982 porro
3426 2913 3778 2968 fundationis

2184 3010 2432 3066 nOtitiam
2461 3009 2722 3062 habemus
2745 3006 2797 3060 in
2825 3006 3101 3062 chartario
3123 3005 3514 3060 Celsiniancnsi
3544 3023 3556 3059 :
3593 3025 3612 3056 ι
3649 3005 3769 3060 Ste-

500 3095 761 3152 babemus
791 3098 844 3152 in
874 3101 1150 3155 veteribus
1191 3103 1524 3158 membranis
1570 3105 1933 3176 descriptam,
1961 3106 2073 3172 ubi,
2104 3095 2147 3156 C
2179 3103 2388 3174 pilanus
2413 3107 2614 3156 sanctae
2650 3098 2744 3153 Dei
2768 3097 3026 3154 Ecclesiae
3054 3097 3521 3152 Claromontensis
3551 3097 3770 3165 episco-

499 3185 776 3254 praemissa
826 3187 974 3242 brevi
1021 3187 1276 3256 formula,
1301 3193 1417 3246 haec
1451 3192 1702 3264 leguntur
1737 3211 1750 3248 :
1788 3213 1806 3245 α
1848 3196 2077 3261 Quidam

500 3272 600 3328 Dei
625 3274 883 3342 famulus,
911 3280 1126 3335 nomine
1150 3279 1535 3350 Leodegarius,
1563 3283 1866 3340 Cluniensis
1893 3302 2081 3341 mona-

500 3367 653 3420 sterii
684 3366 856 3423 frater
881 3380 938 3424 et
979 3373 1294 3440 monachus,
1324 3374 1375 3429 in
1403 3375 1525 3430 vilia
1558 3392 1676 3446 quae
1704 3388 1923 3433 vocatur
1955 3379 2082 3432 Sar-

500 3455 690 3521 rianis,
719 3473 880 3528 quam
920 3458 1220 3518 Willelmus
1267 3466 1540 3534 quondam
1570 3467 1677 3520 dux
1703 3469 1995 3536 provincia:
2024 3479 2081 3523 et

501 3556 658 3617 pater
684 3551 891 3619 patriae,
921 3563 1229 3610 sanctorum
1277 3557 1640 3626 apostolorum
1671 3558 1818 3613 Petri
1847 3568 1901 3615 et
1927 3559 2080 3615 Pauli

500 3645 559 3692 et
599 3640 930 3696 monasterio
956 3641 1228 3697 Cluniensi
1281 3651 1336 3698 et
1385 3643 1504 3699 luco
1548 3646 1601 3700 in
1635 3663 1742 3716 quo
1780 3662 1838 3702 se
1865 3649 2080 3717 sepeliri

501 3727 732 3796 rogavit,
763 3738 818 3785 et
855 3730 1011 3785 beato
1058 3731 1249 3789 Maiolo
1288 3735 1467 3790 adhuc
1493 3735 1545 3789 in
1576 3752 1738 3792 carne
1768 3738 1995 3800 vivente,
2026 3747 2082 3792 et

467 3889 471 3893 ~
500 3819 690 3875 vivens
739 3822 1022 3894 delegavit,
1056 3835 1109 3880 et
1141 3827 1377 3882 moriens
1415 3827 1662 3884 donando
1695 3830 1960 3894 attribuit,
1993 3847 2082 3886 ec-

500 3907 740 3982 clesiamj
759 3921 1075 3968 construere
1103 3916 1349 3982 studuit,
1395 3927 1451 3972 et
1491 3933 1611 3972 eam
1653 3933 1976 3974 consecrare
2027 3928 2082 3975 et

503 4000 756 4057 dedicare
784 4005 996 4075 rogavit
1019 4022 1048 4057 a
1080 4006 1276 4063 domno
1311 4018 1366 4062 et
1392 4011 1684 4065 venerabili
1728 4011 2082 4082 Rgimbaldo

500 4093 896 4150 Arelatensium
925 4097 1351 4169 archiepiscopo,
1385 4101 1452 4155 ad
1481 4102 1740 4155 honorem
1769 4101 1861 4156 Dei
1889 4110 1944 4156 et
1970 4116 2082 4156 me-

503 4186 737 4241 moriam
765 4187 1058 4244 Dominieze
1083 4200 1136 4245 et
1162 4192 1618 4248 victoriosissimaa
1646 4195 1842 4260 crucis,
1873 4202 1928 4248 et
1959 4210 2083 4249 san-

504 4280 716 4329 ctorum
743 4279 1110 4345 apostolorum
1133 4280 1281 4336 Petri
1309 4292 1362 4336 et
1384 4282 1558 4347 Pauli,
1589 4293 1644 4338 et
1668 4285 1812 4340 beati
1845 4283 2082 4342 Marcelli

499 4377 658 4434 papae
676 4374 731 4420 et
753 4368 1026 4438 martyris,
1050 4377 1106 4425 et
1125 4369 1268 4425 beati
1296 4371 1571 4427 Saturnini
1597 4375 1848 4445 martyris
1873 4375 2078 4446 inclyti,

504 4460 562 4510 et
579 4455 819 4517 omnium
845 4467 1152 4514 sanctorum
1179 4461 1471 4517 viventium
1502 4471 1557 4517 et
1587 4466 1926 4535 regnantium
1956 4481 2080 4521 cum

505 4545 682 4616 capite
727 4562 826 4602 suo
875 4548 1091 4604 Christo
1135 4566 1231 4620 per
1275 4555 1455 4608 omnia
1501 4557 1698 4610 saecula
1736 4557 2078 4613 sazculorum.

503 4637 681 4694 Donat
706 4638 882 4694 etiam
901 4643 1242 4711 supradictus
1270 4643 1438 4700 frater
1480 4650 1801 4717 supradicta:
1836 4650 2081 4705 ecclesia:

503 4733 592 4788 die
621 4734 1046 4789 consecrationis
1076 4750 1186 4791 suae
1212 4753 1456 4794 mansum
1505 4757 1691 4808 unum,
1720 4743 1784 4796 ad
1816 4751 2084 4798 sustenta-

505 4826 708 4880 tionem
739 4834 795 4880 et
835 4825 1122 4880 utilitatem
1166 4843 1264 4897 per
1307 4831 1646 4886 suecedeutia
1680 4843 1920 4902 tempora
1949 4833 2083 4888 inibi

504 4915 608 4936 h--
647 4917 782 4936 --ηηο
863 4918 898 4936 ,ο
1079 4919 1179 4936 n.-
1253 4921 1280 4936 η

2180 3207 2300 3263 pus,
2329 3198 2385 3246 et
2407 3197 2580 3244 mater
2605 3203 2702 3243 sua
2727 3196 2783 3244 et
2807 3186 3004 3243 fratres
3033 3188 3140 3253 sui,
3163 3186 3430 3256 simulque
3453 3186 3689 3256 [lorgius
3713 3196 3769 3241 et

2184 3282 2326 3336 ﬁlius
2378 3279 2494 3348 ejus
2541 3278 2939 3344 Faramuudus,
2970 3286 3026 3332 et
3058 3293 3245 3333 omnes
3289 3277 3539 3332 canonici
3563 3288 3768 3333 sancta:

2184 3372 2438 3430 Ecclesia:
2483 3370 2964 3434 Claromontensis,
3001 3369 3267 3424 dederunt
3315 3369 3427 3423 Deo
3469 3378 3527 3423 et
3576 3379 3770 3423 saneto

2181 3462 2344 3517 Petro
2374 3471 2430 3516 et
2475 3461 2542 3515 ad
2573 3460 2750 3515 locum
2781 3459 3255 3525 Cclsiuiacensem,
3302 3459 3394 3528 qui
3428 3459 3643 3529 regitur
3672 3459 3774 3512 sub

2181 3553 2577 3623 gubernatione
2605 3550 2788 3606 domni
2818 3548 3061 3606 0dilonis
3093 3549 3328 3615 abbatis,
3359 3560 3471 3605 tres
3507 3550 3774 3623 ecclesias

2182 3655 2236 3699 et
2266 3660 2360 3699 se:
2389 3643 2781 3714 appendarias;
2821 3645 2997 3713 prima
3044 3642 3275 3698 ecclesia
3322 3651 3552 3697 vocatur
3593 3643 3776 3696 Chau-

2185 3735 2383 3799 riacus,
2434 3743 2493 3788 ut
2534 3733 2606 3788 ibi
2659 3733 3050 3788 monasterium
3098 3742 3482 3799 construatur;
3531 3734 3772 3789 secunda

2183 3835 2371 3879 sancta
2400 3822 2598 3890 Maria;
2635 3824 2817 3889 tertia,
2839 3811 2844 3816 ’
2863 3833 3052 3880 sancta
3081 3823 3330 3880 Marcella
3377 3841 3500 3879 cum
3531 3825 3775 3879 decima-

2183 3913 2294 3968 rias
2315 3912 2457 3982 (sic),
2485 3913 2836 3981 baptisteriis,
2858 3911 3167 3982 sepulturis,
3193 3913 3422 3982 campis,
3452 3915 3773 3983 pratis,etc.

2183 4004 2347 4059 Facta
2379 4013 2466 4060 est
2496 4004 2611 4060 htec
2641 4005 2860 4059 donatio
2909 4019 3089 4059 mense
3119 4004 3459 4068 Decembrio,
3490 4003 3631 4059 feria
3665 4015 3776 4060 ter-

2185 4095 2280 4160 tia,
2313 4102 2572 4162 regnante
2597 4092 2828 4148 Domino
2859 4102 3045 4148 nostro
3070 4092 3196 4148 Jesu
3220 4092 3457 4148 Christo.
3483 4111 3502 4144 ι

2253 4184 2340 4239 87.
2370 4183 2481 4238 Sub
2507 4181 2748 4251 ejusdem
2785 4183 3044 4252 Stephani
3077 4184 3419 4252 pontificatu,
3456 4191 3631 4252 atque
3687 4184 3778 4238 iis-

2183 4274 2308 4328 dem
2346 4272 2458 4327 fere
2487 4271 2909 4335 conditionibus,
2944 4270 3229 4325 fundatum
3259 4279 3342 4325 est
3373 4274 3778 4326 monasterium

2184 4369 2358 4424 sancti
2403 4366 2548 4421 Flori
2600 4368 2742 4437 apud
2790 4367 3088 4432 Arvernos,
3137 4367 3281 4436 quod
3328 4364 3784 4421 Cluniacensibus

2188 4461 2469 4516 monachis
2495 4460 2594 4514 sub
2621 4459 2765 4514 beati
2793 4458 3037 4514 0dilonis
3065 4458 3330 4529 regimine
3357 4457 3411 4511 in
3441 4458 3781 4510 monasterio

2189 4534 2582 4609 Celsiniancnsi
2631 4552 2947 4621 degentibus
2975 4565 3296 4606 concessere
3341 4549 3678 4604 Amblardus
3728 4558 3784 4602 et

2190 4645 2534 4715 Eustorgius,
2565 4644 2668 4698 viri
2713 4643 2938 4709 nobiles,
2965 4659 3195 4714 quorum
3235 4641 3547 4698 donationis
3581 4641 3786 4694 instruo

2192 4747 2433 4794 utentum
2485 4737 2538 4791 in
2582 4736 2972 4791 Celsiniancnsi
3019 4735 3294 4790 chartario
3326 4733 3586 4796 habetur,
3622 4734 3788 4800 eique

2188 4843 2311 4883 cum
2340 4826 2698 4881 donator-ibus
2728 4823 3165 4893 subscripserunt
3208 4822 3520 4890 Stephanus
3568 4821 3781 4890 episco-

2249 4932 2280 4936 ν-
2320 4915 2777 4936 ΠΙν-η-.--..-.ιΑ-.-ξ-
2816 4922 2858 4936 ,ιο
2893 4912 3160 4936 ηλΙ-.Α-ι..ι-

3217 4913 3527 4936 -.Ζηηιυςη-Α..
3596 4909 3752 4936 Πιθηκ-
