4116 5358
1619 283 1672 316 ξ.

281 372 396 431 865

1745 351 2071 412 ELOGIUM.

3438 350 3544 412 866

361 488 452 544 88.
484 488 640 540 Anno
665 483 818 547 1057,
849 481 1235 535 monasterium
1261 478 1432 534 sancti
1453 474 1693 531 Marcelli
1724 471 1863 540 apud
1889 472 1944 532 Α
1969 467 2119 521 rado.
2148 466 2212 521 Et
2237 467 2451 536 quidem
2477 465 2616 520 hanc
2657 464 2999 519 donationem
3028 463 3368 520 confirmavit
3400 465 3543 524 idem

299 578 642 638 Saleiacum,
689 575 740 626 in
790 572 1101 640 episcopatu
1158 580 1212 625 et
1263 570 1522 624 comitatu
1586 564 1868 619 Valentino

297 674 694 725 constructum,
727 661 1004 715 monachis
1025 658 1473 714 Cluniacensibus
1500 654 1755 710 traditum
1785 660 1869 706 est

297 757 363 808 ad
395 751 799 808 instaurandam
852 750 924 803 ibi
980 749 1318 818 disciplinam
1378 746 1698 817 regularem,
1749 757 1870 811 qua:

297 848 396 901 sub
427 843 710 898 abbatibus
756 841 825 895 ibi
878 841 1181 895 constitutis
1213 839 1418 894 servari
1465 853 1568 891 non
1600 842 1866 906 potuerat.

298 935 572 989 llabemus
597 931 713 1000 ejus
737 930 1100 986 concessionis
1131 930 1397 992 chartam,
1425 941 1584 995 quam
1614 941 1680 978 ex
1710 923 1867 976 char-

297 1027 438 1080 tario
461 1023 802 1078 Cluniacensi
832 1020 1173 1091 proferimus.
1206 1037 1223 1070 ι
1254 1019 1433 1074 Primo
1459 1015 1676 1071 homine
1703 1023 1871 1067 trans-

297 1117 600 1188 grediente,
631 1124 732 1168 etc.
765 1113 875 1183 Ego
905 1112 1206 1166 Ademarus
1239 1123 1444 1170 comes,
1475 1115 1528 1160 et
1561 1119 1698 1157 uxor
1727 1117 1870 1167 mea,

299 1207 519 1260 nomine
542 1205 789 1268 Rotildis,
819 1219 922 1256 una
951 1217 1070 1256 cum
1099 1200 1223 1255 filiis
1250 1197 1468 1260 nostris,
1508 1195 1700 1249 Pontio
1725 1192 1874 1246 vide-

300 1298 426 1352 licet
452 1298 726 1366 episcopo,
755 1294 997 1364 l‘lugone,
1024 1292 1331 1353 Lamberto,
1358 1286 1655 1349 Gontardo,
1683 1281 1874 1338 Geral-

297 1387 388 1453 do,
433 1386 723 1456 quemdam
770 1384 968 1441 locum.
1001 1382 1296 1436 Saltiacum
1349 1378 1586 1439 nomine,
1623 1376 1785 1428 situm
1818 1373 1871 1427 in

287 1477 615 1546 episcopatu
659 1482 716 1528 et
757 1473 1012 1527 comitatu
1061 1470 1358 1524 Valentius:
1395 1467 1655 1531 civitatis,
1683 1477 1875 1517 conse-

299 1576 509 1620 cratum
537 1565 591 1618 in
619 1565 822 1619 honore
851 1561 1020 1616 sancti
1056 1560 1290 1615 Marcelli
1318 1555 1591 1628 martyris,
1628 1558 1729 1609 sub
1757 1555 1876 1624 qui—

300 1657 527 1712 busdam
555 1654 837 1710 abbatibus
870 1655 1130 1708 hactenus
1158 1653 1211 1706 in
1239 1650 1562 1722 negligentia
1589 1663 1734 1702 cura:
1764 1645 1876 1700 ani-

301 1764 514 1804 marum
544 1748 799 1819 positum,
829 1755 885 1799 ut
914 1747 980 1800 ad
1021 1755 1218 1800 statum
1263 1739 1504 1798 melioris
1534 1738 1877 1794 rectitudinis

1969 556 2268 622 Conradus,
2301 572 2445 611 anno
2484 572 2604 610 xm
2639 556 2786 627 regni
2819 554 2925 619 sui,
2954 555 3006 609 id
3030 562 3113 608 est
3147 569 3270 609 mra:
3305 555 3544 628 vulgaris

1969 663 2112 703 anno
2133 650 2254 705 983.

2039 739 2128 794 90.
2170 740 2327 793 Anno
2370 739 2506 794 l039
2544 739 2908 808 consignanda
2961 749 3044 794 est
3103 737 3344 795 fundatio
3399 739 3547 797 cella:

1971 830 2143 883 sancti
2172 828 2450 883 Laurentii
2503 829 2556 883 in
2593 843 2729 900 pago
2763 829 3163 896 Matisconensi,
3199 837 3258 884 ut
3284 837 3437 900 patet
3479 845 3549 887 ex

1971 919 2160 972 charta
2187 919 2554 973 Archimbaldi
2593 919 2949 982 vicecomitis,
2979 921 3070 990 qui
3109 921 3210 976 hoc
3235 920 3350 989 ipso
3383 935 3547 985 anno,

1973 1009 2271 1064 indictione
2300 1025 2402 1076 vn,
2443 1020 2704 1079 regnante
2734 1010 2966 1066 llcnrico
2992 1027 3140 1083 rege,
3171 1011 3316 1068 dedit
3337 1012 3550 1070 Odiloni

1973 1101 2154 1155 abbati
2192 1117 2435 1156 mansum
2474 1101 2684 1156 vineale
2715 1101 2768 1156 in
2800 1116 2933 1172 pago
2957 1101 3336 1158 Matisconensi
3363 1103 3550 1169 situm,

1973 1206 2037 1245 ea
2065 1193 2270 1248 scilicet
2308 1193 2616 1248 conditione
2645 1202 2705 1247 ut
2748 1192 2800 1247 in
2840 1192 3074 1250 ecclesia
3101 1194 3272 1249 sancti
3305 1193 3552 1249 Lauren-

1975 1289 2057 1353 tii,
2097 1305 2258 1359 quam
2303 1291 2416 1360 ipse
2451 1289 2561 1358 jam
2617 1299 2774 1344 antea
2839 1289 3180 1345 Cluniacensi
3224 1286 3554 1344 nionasterio

1973 1379 2296 1445 contulerat,
2353 1383 2740 1436 monachorum
2803 1381 2902 1436 sub
2958 1379 3238 1451 disciplina
3309 1380 3551 1437 Cluniaci

1975 1474 2232 1529 abbatum
2259 1476 2554 1530 viventium
2582 1485 2882 1530 conventus
2911 1475 3302 1540 institueretur,
3335 1475 3387 1529 in
3421 1490 3554 1546 quo-

1976 1579 2095 1617 rum
2143 1581 2272 1619 usus
2317 1581 2560 1620 mansum
2616 1565 2744 1620 illud
2792 1581 2914 1620 cum
2960 1566 3176 1621 cazteris
3202 1565 3268 1619 ad
3307 1566 3554 1621 eamdem

1976 1653 2262 1708 ecclesiam
2291 1655 2688 1723 pertinentibus
2717 1656 2954 1711 cederet.

2049 1746 2137 1799 9|.
2177 1746 2334 1800 Anno
2379 1745 2536 1812 1045,
2581 1747 2667 1801 cui
2711 1762 2890 1800 tamen
2939 1746 3162 1802 indictio
3195 1761 3271 1812 xl,
3301 1759 3461 1816 quam
3502 1744 3557 1800 in

300 1840 477 1894 valeat
503 1837 764 1900 converti,
796 1851 917 1891 cum
947 1836 1198 1890 omnibus
1224 1849 1343 1903 quae
1372 1832 1438 1886 ad
1483 1833 1658 1900 ipsum
1698 1828 1872 1882 locum

1981 1838 2293 1906 apographo
2320 1838 2506 1891 charta
2536 1837 2771 1907 praefert,
2800 1853 2903 1891 non
2935 1838 3253 1901 concordat,
3286 1846 3559 1892 monaste-

298 1919 604 2000 perti'nent,
644 1927 897 1983 videlicet
940 1927 1120 1991 terris,
1168 1925 1404 1996 pascuis,
1458 1923 1628 1986 silvis,
1680 1919 1874 1982 vineis,

293 2022 478 2091 aquis,
508 2019 848 2083 molendinis,
880 2019 1050 2088 pratis
1075 2028 1129 2073 et
1150 2017 1362 2072 cunctis
1388 2015 1501 2070 suis
1531 2011 1874 2098 appenditiis,

293 2114 566 2170 donamus
593 2112 702 2166 Deo
727 2120 783 2166 et
809 2111 1012 2166 sanctis
1047 2109 1304 2180 apostolis
1334 2107 1496 2162 Petro
1532 2115 1587 2160 et
1609 2103 1796 2166 Paulo,
1823 2110 1879 2156 et

295 2202 585 2258 monachis
627 2201 1090 2264 Cluniacensibus,
1149 2199 1346 2268 quibus
1399 2202 1596 2265 praeest
1644 2193 1876 2247 domnus

289 2293 456 2350 Odilo
477 2294 665 2358 abbas,
695 2292 761 2346 ad
788 2291 1164 2362 possidendum
1197 2298 1253 2344 et
1275 2287 1653 2348 ordinandum,
1685 2281 1878 2350 etjure

297 2383 646 2439 hereditario
675 2381 930 2451 quidquid
956 2395 1114 2450 agere
1135 2378 1405 2433 voluerint
1435 2374 1721 2445 agendum.
1754 2371 1878 2426 Ideo

299 2483 481 2529 autem
530 2474 645 2528 hac
674 2473 903 2527 facimus
931 2481 1196 2541 quatenus
1225 2478 1337 2523 tam
1368 2483 1466 2523 nos
1509 2481 1670 2537 quam
1699 2463 1878 2519 cuncti

293 2566 588 2636 propinqui
615 2573 671 2619 et
693 2563 854 2618 amici
881 2562 1072 2626 nostri,
1104 2561 1283 2616 anima
1325 2560 1488 2614 etiam
1521 2557 1700 2613 domui
1725 2554 1881 2608 Latn-

300 2655 440 2709 berti
469 2654 712 2719 comitis,
740 2653 824 2707 vel
855 2653 1047 2708 animae
1074 2651 1315 2707 omnium
1342 2649 1578 2704 fidelium
1611 2649 1880 2704 Christia—

293 2758 496 2798 norum
523 2751 839 2798 mereantur
868 2743 1068 2797 habere
1096 2742 1412 2796 societatem
1436 2749 1490 2795 et
1517 2747 1726 2810 partem
1760 2753 1880 2794 ora.

302 2836 511 2890 tinuum
543 2848 823 2889 servorum
848 2833 942 2888 Dei
967 2832 1068 2904 [in]
1110 2832 1369 2888 Clunian
1421 2831 1753 2886 monasterio
1795 2830 1879 2885 vel

293 2923 359 2978 in
390 2932 603 2980 cunctis
623 2925 738 2978 suis
772 2923 1100 2993 appenditiis
1122 2922 1340 2978 Christo
1369 2921 1736 2976 militantium.
1767 2921 1876 2975 Ac-

295 3022 421 3068 .tum
453 3013 691 3083 publice,
732 3027 874 3066 anno
925 3012 994 3067 ab
1033 3011 1404 3067 incarnatione
1457 3010 1667 3066 Domini
1715 3009 1875 3074 1057,

301 3113 566 3174 regnante
607 3103 827 3158 Conone
875 3102 1241 3172 imperatore,
1289 3115 1429 3154 anno
1481 3114 1515 3152 ι
1563 3099 1713 3167 regni
1764 3098 1870 3152 sui.

305 3196 497 3251 Testes
520 3195 820 3251 Ademarus
848 3207 1051 3257 comes,
1099 3203 1155 3249 et
1195 3205 1331 3246 uxor
1359 3204 1455 3245 sua
1501 3189 1752 3252 Rotiltlis,
1780 3188 1874 3257 qui

299 3285 448 3340 hanc
481 3285 822 3340 donationem
864 3282 1128 3348 fecerunt,
1179 3291 1234 3336 et
1272 3281 1455 3336 decem
1485 3280 1672 3335 uncias
1701 3281 1818 3333 auri
1847 3294 1877 3332 a

306 3377 588 3432 monachis
620 3392 717 3447 pro
741 3389 806 3431 ea
834 3383 1176 3447 acceperunt,
1205 3382 1260 3430 et
1287 3373 1552 3428 Edraldus
1577 3371 1878 3426 monachus

307 3486 564 3542 magnum
606 3470 882 3527 servitium
915 3470 994 3524 eis
1029 3468 1178 3534 fecit,
1211 3468 1302 3539 qui
1339 3481 1457 3522 eam
1509 3475 1694 3520 sancto
1723 3464 1880 3520 Petro

305 3559 614 3629 acquisivit.
643 3557 866 3613 Pontius
885 3559 1185 3628 episcopus,
1210 3567 1264 3613 et
1287 3557 1454 3612 frater
1481 3557 1596 3625 ejus
1626 3555 1798 3622 llugo,
1827 3562 1882 3609 et

305 3649 654 3715 Lambertus,
705 3648 1050 3714 Gontardus,
1105 3647 1366 3702 Geraldus
1421 3646 1616 3700 fratres
1670 3659 1878 3699 eorum.

307 3737 616 3793 Rainardus
658 3738 938 3808 presbyter
961 3737 1201 3806 scripsit,
1229 3736 1466 3792 dictante
1509 3734 1825 3789 Raintardo.
1856 3751 1876 3785 ι

308 3829 530 3886 Pontius
551 3832 853 3902 episcopus,
884 3829 1141 3884 Ademari
1168 3829 1447 3898 ﬁliusiqui
1474 3829 1526 3882 in
1559 3829 1662 3882 hac
1687 3828 1879 3882 charta

309 3931 647 3977 memoratur
688 3922 847 3991 eique
871 3920 1208 3989 subscripsit,
1240 3919 1672 3973 Valentinensem
1698 3917 1883 3972 Eccle-

309 4015 444 4067 siam
467 4022 588 4082 post
603 4011 902 4080 Cuigonem
928 4013 1084 4066 rexit.
1110 4011 1346 4066 Sedebat
1366 4011 1542 4065 adhuc
1559 4023 1700 4063 anno
1722 4009 1880 4076 1047,

311 4111 369 4155 ιιι
396 4117 462 4157 ex
491 4101 764 4157 nonnullis
786 4101 988 4156 chartis
1014 4101 1320 4172 colligitur;
1349 4109 1407 4155 at
1435 4115 1544 4170 quo
1571 4114 1714 4154 anno
1739 4100 1883 4155 hanc

305 4195 494 4250 sedem
510 4194 690 4250 inierit
711 4201 805 4247 aut
841 4193 1124 4259 dimiserit,
1142 4193 1297 4248 nobis
1311 4202 1642 4263 compertum
1656 4207 1760 4247 non
1776 4200 1879 4248 est.

378 4285 468 4339 89.
497 4282 669 4338 Porro
696 4282 1019 4338 Lambertus
1065 4297 1268 4348 comes,
1299 4281 1496 4337 ibidem
1527 4291 1880 4348 memoratus,

307 4375 560 4429 Ademari
608 4374 887 4430 donatoris
946 4382 1100 4444 pater
1156 4372 1276 4440 fuit,
1339 4374 1430 4443 qui
1493 4374 1884 4428 monasterium

310 4465 483 4534 ipsum
524 4465 699 4521 sancti
725 4464 958 4519 Marcelli
992 4465 1204 4534 penitus
1247 4465 1542 4520 desolatam
1588 4465 1880 4520 restaurari

310 4565 616 4620 curaverat,
648 4564 708 4609 ut
734 4569 800 4610 ex
831 4554 934 4608 alia
973 4555 1161 4609 charta
1209 4562 1378 4624 patet,
1411 4555 1463 4608 in
1494 4570 1600 4624 qna
1647 4555 1726 4609 sic
1753 4570 1878 4610 cum

311 4663 481 4702 uxore
513 4663 610 4703 sua
656 4647 946 4702 Fuletrude
990 4647 1261 4716 loquitur:
1290 4667 1307 4698 ι
1329 4647 1598 4702 Donamus
1627 4648 1693 4702 de
1721 4651 1882 4704 rebus

311 4739 658 4810 proprietatis
689 4750 888 4794 nostra:
916 4739 1026 4794 Deo
1056 4750 1112 4794 et
1155 4748 1341 4795 sancto
1377 4739 1648 4806 Marcello,
1686 4751 1740 4795 et
1769 4757 1882 4796 mo-

312 4830 499 4885 nachis
535 4829 744 4886 Oddoui
774 4839 830 4884 et
858 4831 1132 4893 Duranno,
1172 4838 1227 4883 et
1255 4829 1321 4883 ad
1350 4830 1467 4884 illos
1502 4829 1591 4900 qui
1633 4831 1698 4884 ad
1730 4831 1878 4885 illum

312 4923 486 4978 locum
516 4922 782 4984 venerint,
812 4923 1002 4976 damus
1036 4937 1133 4991 pro
1163 4921 1286 4977 filiis
1313 4924 1516 4977 nostris
1536 4922 1804 4980 Ademaro
1827 4933 1881 4979 et

311 5011 598 5068 Lamberto
623 5023 677 5068 et
711 5012 1021 5081 parentibus
1058 5012 1277 5076 nostris,
1333 5022 1391 5067 ut
1434 5013 1663 5069 ecclesia
1712 5013 1888 5068 sancti

311 5105 541 5130 "-s-AII":
705 5104 1061 5130 ﬂAM-lzﬂnﬂ‘ll-
1125 5105 1617 5130 n‘AQIARIA-:-Imnuuln
1772 5105 1858 5130 an:

705 5102 1061 5130 ..ΑΜᾸΞΩΑΑΟ-ι-
1125 5105 1617 5130 ηιηυιΑΑΙΑ-ξ-ι-κηδιι-

1901 3155 1948 3219 C

1977 1926 2124 1979 rium
2170 1925 2342 1979 sancti
2382 1924 2680 1980 Salvatoris
2725 1923 3077 1979 Niverncnsis
3109 1922 3558 1979 Cluniacensibus

1980 2011 2282 2081 subjectum
2310 2011 2414 2067 fuit
2458 2013 2526 2067 ab
2557 2012 2782 2084 Hugone
2821 2013 3065 2084 ejusdem
3106 2012 3258 2068 urbis
3283 2014 3556 2083 episcopo,

1979 2106 2402 2162 assentientibus
2450 2106 2731 2162 Adalelmo
2777 2107 2876 2162 loci
2925 2117 3137 2162 rectore
3179 2119 3234 2162 et
3281 2107 3558 2163 canonicis

1977 2198 2219 2254 ecclesiae
2244 2199 2420 2252 sancti
2450 2198 2651 2268 Cyrici,
2681 2197 2746 2252 ad
2775 2214 3003 2268 quorum
3023 2197 3114 2267 jus
3141 2206 3296 2253 antea
3324 2199 3558 2268 pertine-

1978 2286 2092 2340 bat.
2123 2287 2542 2340 lustrumentum
2570 2301 2635 2341 ea
2665 2287 2732 2341 de
2765 2301 2822 2342 re
2853 2286 3160 2342 confectum
3205 2286 3258 2340 in
3283 2287 3557 2344 chartario

1979 2376 2316 2431 Cluniacensi
2341 2385 2538 2440 exstat,
2567 2376 2752 2431 datum
2784 2377 2998 2448 publice
3024 2377 3077 2431 in
3107 2385 3294 2432 sancta
3321 2379 3553 2449 synodo,

1982 2488 2125 2528 anno
2155 2474 2314 2538 1045,
2349 2474 2641 2528 indictione
2671 2489 2746 2538 xx,
2774 2481 2970 2528 octavo
2998 2473 3120 2528 ldus
3145 2472 3484 2529 Novembris.

2051 2565 2142 2620 9‘2.
2184 2564 2294 2620 Sub
2319 2563 2553 2619 Henrico
2576 2578 2701 2636 rege
2722 2563 3078 2628 Francorum,
3109 2571 3165 2616 at
3189 2563 3452 2617 incertum
3475 2570 3560 2619 cst

1980 2673 2088 2726 quo
2113 2673 2273 2720 anno,
2303 2657 2498 2712 Petrus
2525 2655 2744 2728 Rogerii
2765 2655 3054 2725 episcopus
3084 2653 3392 2709 Tolosanus
3413 2655 3558 2723 apud

1978 2747 2296 2802 Cluniacnm
2345 2747 2624 2809 existens,
2681 2745 3068 2800 monachorum
3126 2743 3198 2798 ibi
3249 2742 3557 2814 degentium

1981 2839 2321 2895 sanctitatem
2357 2840 2608 2902 miratus,
2657 2837 2883 2893 contulit
2923 2836 3004 2891 eis
3041 2834 3330 2891 ecclesiam
3359 2844 3560 2890 sanctae

1980 2928 2254 2983 Columba:
2300 2927 2354 2981 in
2399 2942 2498 2982 sua
2540 2926 2761 2982 dioecesi
2803 2927 2985 2980 sitam.
3019 2925 3219 2980 Ibidem
3263 2925 3561 2982 monachos

1979 3018 2146 3082 fuisse
2179 3018 2460 3072 institutos
2485 3015 2789 3086 colligimus
2813 3032 2918 3071 non
2941 3015 3116 3071 solum
3145 3015 3290 3086 quod
3321 3014 3387 3069 ad
3418 3013 3560 3070 hanc

1979 3108 2289 3162 ecclesiam'
2320 3107 2503 3161 multa;
2548 3106 2668 3160 aliae
2723 3121 2846 3162 cum
2888 3106 3106 3180 praediis
3152 3115 3205 3160 et
3239 3104 3562 3176 appendittis

1983 3200 2303 3265 attinebant,
2333 3215 2518 3255 verum
2551 3200 2715 3254 etiam
2745 3200 2886 3270 quod
2925 3200 2976 3254 in
3003 3198 3294 3270 diplomate
3320 3195 3557 3252 Pascha-

1981 3290 2048 3344 lis
2071 3290 2132 3353 ll,
2153 3291 2205 3344 in
2233 3289 2562 3344 Bibliotheca
2589 3289 2952 3355 Cluniacensi,
2979 3303 3102 3359 pag.
3131 3287 3256 3353 571,
3283 3287 3427 3343 inter
3449 3285 3563 3345 alia

1981 3395 2102 3450 quae
2140 3380 2588 3436 Cluniacensibus
2626 3381 2932 3444 confirmat,
2973 3380 3233 3445 occurrit,
3264 3379 3320 3434 in
3353 3379 3560 3450 episco-

1982 3483 2108 3541 patu
2141 3470 2400 3526 Tolosano
2429 3473 2803 3526 monasterium
2842 3481 3041 3526 sancta:
3071 3470 3358 3528 Columbw.
3399 3469 3564 3529 Eam-

1981 3565 2105 3618 dem
2135 3561 2444 3628 ecclesiam,
2477 3563 2660 3618 nescio
2689 3577 2796 3632 quo
2842 3573 3001 3633 pacto
3051 3578 3080 3616 a
3111 3562 3563 3621 Cluniacensibus

1984 3652 2302 3716 alienatam,
2336 3652 2466 3720 ipsis
2491 3653 2728 3706 restituit
2755 3651 2996 3707 Amelius
3026 3651 3308 3722 episcopus
3335 3651 3558 3708 Tolosa-

1983 3755 2104 3802 nus,
2152 3739 2345 3794 Pontio
2395 3749 2523 3794 tunc
2569 3739 2910 3796 Cluniacensi
2959 3741 3172 3804 abbate,
3223 3749 3282 3794 ut
3329 3756 3396 3796 ex
3441 3740 3562 3812 ejus

1983 3829 2173 3885 charta
2223 3837 2392 3899 patet,
2433 3828 2558 3884 data
2593 3845 2736 3885 anno
2782 3829 2941 3895 mo,
2989 3839 3246 3900 regnante
3285 3829 3561 3888 Ludovico

1984 3933 2130 3987 rege,
2171 3931 2290 3987 qua:
2333 3917 2544 3988 integra
2591 3917 2821 3972 habetur
2855 3919 2908 3973 in
2957 3918 3290 3974 Bibliotheca
3336 3919 3559 3975 Clunia-

1983 4009 2156 4074 censi,
2190 4008 2296 4064 col.
2325 4008 2452 4064 578.
2499 4009 2788 4064 Anselmns
2829 4011 3120 4065 canonicos
3149 4010 3390 4065 ecclesiae
3416 4010 3558 4066 Leo-

1984 4099 2209 4164 diensis,
2242 4099 2295 4154 in
2345 4099 2484 4154 libro
2517 4099 2590 4153 De
2619 4100 2782 4170 gestis
2814 4101 3052 4171 ejusdem
3087 4100 3330 4157 ecclesiae
3349 4101 3562 4173 pontifi-

1986 4205 2132 4256 cum,
2158 4190 2335 4260 capite
2389 4191 2479 4256 5'5,
2536 4193 2726 4246 scribit
2767 4192 2985 4247 beatum
3024 4191 3303 4248 Odilonem
3334 4193 3563 4266 ejusque

1987 4296 2333 4338 successores
2373 4282 2548 4352 plures
2593 4283 2836 4337 ecclesias
2880 4284 2934 4337 in
2976 4284 3226 4352 parochia
3280 4283 3560 4340 Leodiensi

1989 4374 2376 4445 acquisivisse;
2406 4375 2460 4428 in
2494 4374 2702 4445 quibus,
2735 4374 2934 4443 inquit,
2968 4374 3194 4444 religiosi
3221 4374 3464 4431 monachi
3492 4374 3560 4429 ab

1989 4467 2103 4537 ipso
2127 4466 2222 4520 sub
2263 4467 2471 4520 nomine
2506 4466 2771 4536 prioratus
2811 4477 2930 4520 sunt
2971 4467 3176 4534 statuti,
3207 4468 3296 4535 qui
3335 4467 3484 4523 nocte
3513 4475 3565 4522 et

1990 4559 2074 4612 die
2101 4574 2196 4628 pro
2226 4568 2364 4611 statu
2392 4555 2622 4611 ecclesia:
2652 4573 2805 4610 aures
2836 4559 3026 4612 divina:
3056 4558 3429 4614 misericordiw
3459 4573 3565 4613 non

1986 4658 2186 4704 cessant
2217 4647 2543 4717 perpulsare.

2056 4741 2146 4796 95.
2188 4740 2312 4794 llaec
2338 4738 2557 4794 fuerunt
2581 4739 2848 4810 praecipua
2875 4741 3200 4796 monasteria
3226 4756 3369 4809 quae,
3391 4755 3563 4809 quan-

1990 4837 2103 4884 tum
2127 4830 2337 4885 discere
2360 4832 2636 4898 potuimus
2665 4845 2730 4882 ex
2762 4831 3002 4900 antiquis
3030 4831 3412 4892 monumentis,
3438 4829 3568 4885 0di-

1987 4920 2128 4975 lonis
2151 4932 2408 4990 tempore,
2425 4920 2680 4975 abbatum
2697 4920 3132 4976 Cluniacensium
3154 4920 3398 4988 regimini
3420 4936 3570 4977 com-

1991 5013 2158 5066 missa
2202 5010 2440 5076 fuerunt,
2491 5021 2686 5079 printer
2717 5010 2821 5064 alia
2869 5013 3002 5064 bene
3051 5009 3240 5070 multa,
3276 5024 3420 5078 quae,
3457 5011 3571 5082 jam

1993 5113 2149 5130 ιιι-ΙΛΑ
2197 5103 2292 5128 ,ιηιι
2350 5101 2462 5128 Αἶ--δ-
2507 5100 2924 5126 n-.-.nnnan-—:'\-.n
2982 5097 3242 5124 βΙ--..ξ-ΑΑ
3296 5102 3376 5122 ⁸--.
