4116 5358
534 207 636 264 86Ί

1422 208 1502 264 ’5.
1543 206 1860 265 ODlLONIS
1898 210 2399 268 CLUNIACENSiS
2437 211 2729 268 ABBATIS
2765 212 2804 268 γ

3696 219 3798 276 868

532 337 629 394 per
657 320 885 386 Gallias;
934 319 1230 389 inquibus,
1275 331 1470 390 agente
1514 321 1853 390 potissimum
1892 320 2116 392 llugone
2144 334 2192 388 Α
2221 325 2536 393 przedictum
2566 323 2922 379 Cluniaceuse
2959 325 3289 388 coenobium,
3326 335 3386 380 ut
3425 328 3479 381 in
3523 328 3643 397 ipso
3682 345 3803 398 per-

533 429 687 484 rege,
740 421 801 466 ttt
846 420 1119 466 testantur
1164 412 1469 466 Ademat'us
1514 421 1569 466 et
1622 421 1814 467 auctor
1862 413 2117 467 Chronici

532 503 705 558 sancti
741 500 1018 564 Maxentii,
1046 500 1129 553 vir
1166 510 1386 555 sanctus
1422 500 1766 570 disciplinam
1813 501 2118 570 regularem

533 593 788 648 restituit.
831 591 1134 647 Willelmus
1176 607 1390 661 quoque
1439 591 1836 660 Aquitanorum
1885 593 2012 657 dux,
2063 599 2122 645 ut

533 683 673 737 idem
695 683 900 738 Adema
912 698 1001 737 rus
1025 683 1241 748 asserit,
1273 682 1529 736 nonnulla
1552 683 1770 737 ditionis
1796 699 1907 738 sure
1935 698 2122 737 mona-

531 779 698 835 steria
720 777 965 834 0dilonis
987 778 1302 848 magisterio
1354 779 1540 833 eadem
1567 778 1632 833 de
1657 793 1819 834 causa
1845 793 2120 833 commen-

534 868 703 922 davit.
739 865 878 922 lliuc
904 867 956 921 iu
989 869 1318 922 monasterio
1344 868 1732 936 Angeriacensi
1770 867 2115 938 Raynaldum

536 961 786 1015 abbatem
826 959 1033 1014 institui
1069 960 1280 1014 curavit
1309 961 1361 1013 in
1391 959 1607 1013 Alduini
1646 959 1846 1024 locum,
1878 961 1970 1029 qui
2004 959 2118 1015 fato

532 1052 750 1106 functus
774 1059 913 1113 erat,
945 1059 1002 1105 et
1047 1067 1144 1121 pro
1178 1050 1456 1121 Raynaldo
1490 1051 1697 1119 pariter
1729 1051 1984 1105 defuncto
2010 1052 2117 1122 Ay-

533 1141 797 1196 mericum
845 1141 1158 1208 substituit;
1210 1143 1455 1211 quamvis
1493 1141 1774 1212 llayualdo
1817 1141 2115 1197 Goliridum

533 1234 872 1289 successisse
945 1234 1092 1289 dicat
1158 1236 1416 1290 Chroniei
1478 1235 1848 1289 Mallcacensis
1906 1244 2110 1290 auctor.

533 1322 705 1378 Tanta
749 1337 942 1394 nempe
979 1333 1096 1379 erat
1140 1326 1284 1379 beati
1327 1325 1588 1390 0dilonis,
1641 1335 1697 1379 et
1725 1328 2116 1380 monachorum

532 1415 970 1471 Cluuiaceusium
1002 1417 1102 1472 sub
1143 1417 1312 1487 ipsius
1338 1419 1601 1487 regimine
1623 1418 1946 1483 viventium,
1976 1419 2115 1487 apud

534 1525 724 1565 omnes
754 1510 960 1580 Opinio,
1009 1519 1068 1563 ut
1105 1511 1348 1581 plerique
1384 1513 1611 1566 aliorum
1661 1512 1904 1566 locorum
1935 1527 2118 1567 mona-

532 1600 643 1666 chi,
683 1600 880 1668 quibus
922 1601 1220 1671 disciplinae
1272 1603 1534 1674 regularis
1570 1619 1724 1656 amor
1765 1604 1959 1667 iuerat,
1990 1603 2116 1658 Ciu-

2221 414 2508 470 l‘ectionem
2550 418 2863 489 monasticzn
2889 417 3013 472 vitae
3055 427 3406 488 cognosceret
3431 435 3495 475 ac
3523 421 3760 479 disceret
3784 441 3799 477 :

2221 521 2330 575 qua
2369 505 2698 560 sullicieuter
2727 507 2966 562 imbutus
3007 508 3074 561 ad
3109 508 3352 578 patr-iam
3384 518 3626 566 nostram
3658 514 3803 568 redi-

2221 607 2327 663 ret,
2358 609 2412 652 et
2437 599 2638 652 sitienti
2663 599 2860 666 patrize
2901 607 3100 654 nostra:
3124 609 3309 668 potum
3341 603 3659 658 monasticze
3684 619 3806 672 pro-

2217 685 2470 742 fessionis
2498 689 2826 758 propinaret.
2878 688 3052 755 Quod,
3098 690 3333 744 donante
3362 692 3541 761 gratia
3588 692 3708 756 Dei,
3749 704 3806 749 ut

2219 776 2591 831 ordiuavimus
2637 775 2841 832 factum
2887 787 2988 833 est.
3022 776 3158 832 Nam
3207 779 3379 834 isdem
3417 781 3522 847 vir,
3554 783 3802 838 doctrina

2220 867 2520 938 disciplina:
2561 870 2826 940 regularis
2857 884 2979 923 cum
3009 870 3122 924 suis
3152 870 3425 926 sodalibus
3453 873 3698 942 perfecte
3727 875 3806 929 iu-

2219 970 2476 1025 structus,
2511 977 2768 1032 prospere
2793 964 2858 1017 ad
2894 978 2990 1017 uos
3015 978 3267 1018 reversus
3291 974 3394 1020 est.
3428 966 3601 1032 Quem
3630 968 3808 1036 primo

2219 1052 2494 1106 doctorem
2522 1053 2839 1108 monasticae
2865 1053 2993 1107 vita:
3017 1054 3070 1108 iu
3094 1054 3424 1108 monasterio
3445 1055 3622 1110 sancti
3644 1054 3808 1110 Joan-

2218 1145 2303 1198 nis
2350 1145 2417 1199 de
2459 1145 2604 1200 Peﬁa
2639 1146 3046 1207 constituimus,
3096 1153 3173 1210 et,
3221 1155 3281 1200 ut
3306 1145 3509 1205 fratres
3549 1147 3654 1202 sub
3691 1148 3810 1218 ipso

2219 1234 2543 1304 regulariter
2569 1235 2833 1300 viverent,
2865 1250 2986 1290 eum
3017 1246 3295 1305 pastorem
3322 1237 3630 1292 animarum
3671 1251 3810 1309 pra-

2216 1327 2468 1391 fecimus,
2509 1339 2564 1382 et
2604 1329 2921 1396 praedictum
2957 1329 3370 1394 monasterium,
3398 1339 3458 1383 ut
3493 1330 3810 1386 firmiterin

2219 1417 2513 1472 stabilitate
2543 1418 2806 1489 regularis
2829 1418 2954 1472 vitae
2983 1421 3321 1488 persisteret,
3353 1418 3628 1489 regalibus
3649 1420 3812 1476 donis

2216 1515 2378 1576 atque
2426 1507 2754 1562 ﬁrmissimis
2799 1509 3098 1577 privilegiis
3146 1509 3505 1572 munivinus,
3547 1519 3658 1564 etc.
3696 1508 3812 1565 Hoc

2217 1613 2349 1667 ergo
2381 1598 2714 1654 monasterio
2761 1599 2996 1669 regulari
3037 1599 3390 1669 dispositione
3433 1600 3694 1655 decenter
3718 1615 3810 1654 or-

531 1692 1075 1747 niacensiummorcs
1115 1694 1609 1763 amplecterentur;
1645 1695 1754 1748 itno
1781 1705 1834 1748 ct
1863 1695 1987 1748 inde
2017 1695 2110 1749 ah-
2147 1685 2192 1742 B
2221 1689 2426 1754 dinato,
2473 1703 2660 1745 omnes
2709 1691 2949 1760 episcopi
2998 1701 3051 1746 et
3105 1691 3377 1761 principes
3433 1691 3603 1746 totius
3654 1692 3809 1761 regni

532 1783 693 1838 bates
721 1782 1053 1852 acciperent,
1077 1786 1326 1852 quamvis
1351 1786 1430 1839 sui
1451 1785 1594 1853 jurs
1621 1794 1983 1848 remanerent,
2019 1800 2118 1838 nec

533 1876 670 1932 alias
705 1879 1041 1932 monasterio
1071 1879 1414 1934 Cluniacensi
1462 1879 1650 1947 subjici
1701 1879 1920 1933 vellent.
1965 1879 2117 1946 Quod

534 1977 651 2026 tum
694 1971 929 2025 maxime
960 1971 1123 2026 liebat
1153 1973 1195 2025 si
1256 1973 1307 2026 id
1341 1973 1677 2029 postularent
1723 1972 1994 2038 monachi,
2026 1980 2120 2023 aut

532 2061 773 2131 placeret
837 2063 1108 2133 episc0pis
1168 2063 1281 2117 sive
1335 2063 1668 2133 principibus
1730 2064 1829 2118 sub
1886 2078 2116 2132 quorum

535 2153 890 2222 dispositione
934 2155 1229 2208 constituta
1269 2163 1426 2208 erant
1453 2154 1718 2224 ejusmodi
1765 2155 2115 2208 monasteria.

537 2240 630 2297 Sic
659 2243 936 2307 Durando,
961 2242 1052 2311 qui
1077 2243 1306 2298 consilio
1331 2243 1544 2298 abbatis
1565 2242 1961 2308 Cluniacensis,
1986 2243 2119 2298 alio-

537 2345 767 2402 rumque
795 2331 1002 2387 ordinis
1028 2330 1308 2398 abbatum,
1342 2333 1748 2387 Saviuiacensis
1781 2333 1947 2387 abbas
1973 2347 2120 2387 crea-

535 2432 624 2478 tus
671 2424 871 2487 fuerat,
910 2420 1166 2478 sull'ectus
1210 2432 1295 2477 est
1328 2423 1525 2478 lterius
1568 2423 1872 2478 monachus
1901 2423 2118 2478 Clunia-

535 2515 734 2582 censis,
784 2515 1012 2570 consilio
1065 2517 1240 2570 sancti
1283 2514 1547 2582 0dilonis,
1593 2515 1668 2569 uti
1721 2524 1948 2569 testatur
1979 2514 2118 2567 Bur-

533 2604 774 2661 chardus
816 2603 1195 2675 Lugdunensis
1240 2605 1472 2659 antistes
1513 2605 1566 2658 in
1616 2605 1808 2659 charta
1848 2619 1912 2658 ea
1955 2604 2021 2658 de
2061 2619 2120 2658 re

536 2695 880 2767 conscripta,
927 2697 1079 2766 cujus
1133 2697 1510 2752 autltetnicum
1556 2713 1666 2767 pra:
1720 2697 1970 2751 manibus
2026 2696 2120 2750 ha-

537 2789 751 2844 bemus.

611 2878 704 2933 94.
733 2876 850 2932 Νοη
880 2887 1057 2932 autem
1089 2879 1472 2934 continebatur
1500 2880 1640 2933 intra
1665 2879 1961 2934 Galliarum
1985 2883 2120 2936 lines

540 2969 856 3025 monasterii
888 2969 1263 3025 Clun‘iacensis
1293 2972 1517 3040 ejusque
1551 2970 1878 3024 sanctissimi
1909 2971 2120 3026 abbatis

2221 1781 2577 1835 communiter
2604 1783 2892 1837 consilium
2933 1782 3190 1844 inierunt.
3223 1791 3278 1839 et
3307 1784 3376 1837 ad
3404 1798 3494 1838 me
3520 1785 3812 1839 venientes

2220 1875 2570 1940 unanimiter,
2612 1885 2672 1931 ut
2713 1878 3021 1933 cteuobium
3063 1879 3239 1934 sancti
3283 1877 3509 1934 Joannis
3548 1880 3617 1934 de
3660 1880 3810 1934 Peﬁa

2221 1967 2604 2021 decoraveram
2646 1969 2958 2024 monasticae
3005 1969 3274 2040 religioni,
3309 1970 3387 2025 sic
3426 1970 3591 2024 etiam
3637 1970 3811 2024 hone-

2221 2066 2422 2113 starcm
2453 2058 2641 2113 eadem
2687 2059 2923 2130 regulari
2965 2062 3112 2116 beati
3157 2062 3434 2116 Benedicti
3473 2061 3813 2130 professione

2219 2153 2455 2210 Onieuse
2492 2154 2902 2220 monasterium,
2944 2155 3218 2224 quondam
3261 2171 3290 2207 a
3325 2155 3578 2225 religioso
3617 2153 3814 2210 Santio

2219 2244 2421 2300 comite
2443 2244 2499 2298 in
2527 2244 2734 2300 honore
2757 2245 2928 2300 sancti
2955 2244 3253 2300 Salvatoris
3276 2255 3675 2310 constructum,
3703 2254 3810 2301 etc.

2219 2335 2303 2389 Ad
2349 2336 2740 2390 monasterium
2780 2337 2955 2392 sancti
3002 2337 3226 2392 Joannis
3268 2337 3334 2392 de
3377 2336 3718 2399 Peﬁa'misi,
3757 2345 3816 2392 et

2220 2425 2479 2480 domuum
2521 2423 2836 2490 Paternum,
2869 2441 3027 2495 quem
3073 2426 3142 2480 ibi
3189 2426 3439 2482 abbatem
3484 2426 3813 2482 veneranda:

2221 2517 2657 2586 congregationis
2701 2516 3137 2586 prmfeceramus,
3185 2519 3253 2573 ad
3300 2533 3398 2571 nos
3447 2519 3640 2573 venire
3686 2532 3811 2573 cum

2223 2605 2518 2676 aliquantis
2546 2605 2816 2677 religiosis
2846 2605 3108 2664 fratribus
3135 2608 3498 2677 expostulari.
3526 2608 3632 2675 Qui
3662 2607 3814 2663 beni-

2223 2711 2326 2766 gne
2351 2696 2613 2752 ol‘oedicns
2641 2713 2776 2753 mere
2798 2696 2960 2766 justas
2984 2699 3254 2768 petitioni,
3287 2699 3430 2768 quod
3471 2699 3540 2752 ab
3566 2713 3636 2753 eo
3659 2708 3810 2768 pete-

2222 2789 2347 2844 bam
2391 2790 2509 2844 sine
2557 2789 2736 2859 aliqua
2784 2791 3041 2846 dilatione
3093 2791 3408 2861 impetravi;
3461 2789 3812 2859 depulsisque

2223 2881 2546 2940 mulieribus
2579 2881 2634 2935 iu
2666 2881 2883 2937 Onieusi
2915 2884 3246 2938 monasterio
3282 2883 3399 2937 sine
3443 2882 3623 2952 aliqua
3655 2897 3810 2936 reve-

2228 2974 2400 3026 rentia
2430 2973 2825 3039 habitantibus,
2853 2991 3122 3032 consensu
3149 2985 3204 3031 et
3224 2975 3502 3031 voluntate
3536 2983 3702 3044 atque
3727 2990 3813 3043 pe-

541 3062 706 3126 fama,
734 3077 855 3132 quae
882 3062 1224 3116 occasionem
1262 3061 1492 3131 praebuit
1518 3061 1874 3117 Cluniacense
1901 3063 2121 3118 iustitu-
2148 3039 2197 3102 (λ
2227 3061 2414 3116 titione
2439 3063 2682 3118 omnium
2725 3064 2915 3134 patriar
2948 3074 3148 3120 nostrae
3176 3065 3552 3135 episcoporum
3590 3080 3657 3120 ac
3701 3065 3810 3118 cle-

541 3165 657 3210 tum
691 3154 745 3208 in
794 3162 1014 3208 exteras
1044 3153 1288 3208 nationes
1320 3153 1672 3223 propagandi.
1706 3152 1918 3208 lllustre
1959 3152 2121 3222 hujus

544 3249 622 3303 rei
651 3247 957 3318 exemplum
984 3246 1247 3301 habemus
1272 3249 1322 3301 in
1350 3248 1547 3301 Sancio
1573 3247 1948 3318 Hispaniarum
1974 3266 2120 3321 rege,

542 3339 659 3409 qui,
689 3353 812 3394 cum
843 3338 1296 3392 monasteriorum
1343 3337 1395 3390 in
1444 3352 1541 3392 suo
1589 3353 1753 3408 regno
1791 3347 1936 3394 recte
1965 3339 2124 3394 insti-

543 3431 864 3487 tuendorum
891 3429 1164 3484 desiderio
1194 3437 1496 3491 teneretur,
1528 3429 1868 3494 Cluniacum,
1900 3445 1966 3484 ex
2013 3433 2126 3500 epi-

545 3537 832 3594 scoporum
857 3531 910 3578 et
935 3521 1258 3592 optimatum
1291 3521 1538 3585 consilio,
1569 3521 1716 3576 misit
1741 3537 1906 3576 unum
1933 3537 1963 3577 e
1988 3522 2123 3587 suis,

543 3612 837 3668 Paternum
867 3612 1107 3678 nomine,
1164 3612 1254 3680 qui
1299 3612 1536 3683 regulari
1567 3612 1850 3682 disciplina
1896 3613 2126 3669 sanctis-

544 3717 651 3772 que
679 3701 783 3758 loci
823 3701 966 3758 illius
1007 3702 1491 3758 consuetudinibus
1533 3703 1702 3772 probe
1742 3702 2000 3768 imbutus,
2032 3719 2127 3759 eas

479 3792 481 3794 ’
543 3792 888 3864 postmodum
933 3794 1104 3850 redux
1137 3794 1189 3848 in
1228 3794 1609 3863 Hispaniarum
1656 3796 2001 3850 monasteriis
2027 3797 2126 3850 ob-

546 3885 753 3942 servari
779 3894 1016 3940 curaret.
1049 3884 1105 3940 ld
1133 3883 1391 3940 discimus
1417 3900 1482 3940 ex
1513 3884 1754 3956 ejusdem
1781 3886 1923 3957 regis
1951 3886 2126 3956 diplo-

547 3985 694 4032 suate
715 3990 815 4046 pro
840 3977 1177 4032 monasterio
1204 3976 1448 4040 Oniensi,
1478 3976 1621 4047 quod
1652 3984 1838 4034 noster
1866 3977 2128 4047 Yepezius

550 4067 605 4121 iu
639 4065 939 4139 appendice
977 4067 1109 4122 tomi
1144 4065 1187 4121 ν
1229 4066 1517 4120 Annalium
1559 4065 1768 4120 ordinis
1804 4066 1978 4121 nostri
2017 4067 2131 4121 edi-

551 4159 658 4224 dit,
707 4157 798 4214 ubi
842 4157 1126 4227 piissimus
1171 4157 1425 4228 princeps
1477 4157 1556 4212 sic
1602 4155 1884 4226 loquitur:
1933 4175 1951 4208 ι
1986 4155 2130 4212 Ordo

554 4248 906 4313 monasticus,
939 4247 1182 4303 omnium
1209 4247 1702 4304 ecclesiasticorutu
1737 4247 1990 4303 ordinum
2016 4262 2133 4317 pou

543 4341 896 4407 lectissimus,
946 4351 1057 4396 ttttu
1090 4343 1348 4414 temporis
1386 4343 1531 4398 omni
1567 4352 1765 4398 nostra:
1791 4344 1983 4414 patria:
2012 4351 2131 4399 erat

545 4444 878 4508 tguOtus.....
916 4435 1151 4498 tandem,
1191 4435 1493 4505 inspirante
1537 4432 1669 4500 Deo,
1703 4452 1733 4490 a
1775 4438 2129 4506 prudentibus

544 4544 608 4584 ac
642 4523 912 4595 religiosis
955 4525 1088 4580 viris
1119 4525 1336 4582 salubre
1382 4528 1557 4596 reperi
1586 4528 1902 4595 consilium;
1934 4529 2131 4599 quibus

547 4616 912 4677 referentibus
967 4617 1126 4672 didici
1164 4619 1289 4687 quia
1319 4617 1708 4688 perfectionem
1741 4622 1901 4691 hujus
1931 4631 2133 4676 sanctae

544 4727 709 4782 quam
773 4707 1121 4782 requirebam
1192 4708 1546 4777 professionis
1616 4725 1777 4766 neruo
1834 4712 2131 4781 perfectius

546 4805 835 4862 ostendere
893 4809 1140 4875 poterat,
1196 4816 1357 4870 quam
1409 4803 1757 4872 congregatio
1819 4803 2130 4860 monasterii

546 4895 941 4961 Cluuiaceusis,
969 4906 1094 4964 qua:
1123 4892 1174 4945 in
1206 4890 1396 4948 eodem
1431 4901 1672 4962 tempore
1701 4893 1900 4950 clarius
1926 4895 2136 4949 ueteris

550 4987 895 5044 monasteriis
927 4985 1104 5042 sancti
1145 4985 1424 5040 Benedicti
1450 4985 1688 5056 perfecta
1720 4986 1946 5042 ﬂorebat
1976 5001 2135 5052 regu-

551 5078 647 5133 lari
693 5079 968 5149 religione,
998 5077 1298 5136 auxi‘iiante
1334 5079 1464 5143 Deo,
1509 5087 1564 5132 et
1605 5080 1915 5134 venerando
1941 5078 2135 5132 abbate

552 5165 773 5224 0dilone
805 5170 1242 5226 administrante.
1281 5167 1446 5237 Igitur
1471 5183 1631 5236 super
1665 5170 1764 5222 hoc
1794 5168 2008 5236 negotio
2038 5181 2131 5220 ac-

555 5261 671 5328 cepi
702 5261 769 5314 ab
791 5263 1038 5317 omuihtts
1071 5260 1346 5332 episcopis
1374 5260 1575 5313 nostris
1604 5259 1884 5315 consilium
1915 5267 1970 5312 et
1998 5258 2136 5327 opti-

2227 3151 2488 3218 ricorum,
2519 3154 2810 3209 statuimus
2833 3154 2906 3210 ibi
2931 3155 3400 3227 congregationem
3429 3154 3810 3224 religiosorum

2181 3247 2185 3252 '
2225 3244 2650 3309 monachorum,
2698 3245 2896 3314 quibus
2939 3247 3211 3311 abbatem,
3242 3248 3505 3302 Garseam
3559 3248 3811 3311 nomine,

2227 3334 2521 3388 secundum
2550 3335 2790 3404 regulam
2817 3338 2991 3392 sancti
3016 3336 3320 3403 Benedicti,
3347 3338 3622 3392 communi
3646 3339 3812 3393 etiam

2226 3423 2454 3479 fratrum
2502 3428 2896 3484 acclamatione
2935 3430 3347 3498 prreposuimus.
3386 3430 3655 3485 Domuum
3685 3444 3818 3486 vero

2226 3517 2542 3584 Paternum,
2579 3519 2772 3573 abbate
2815 3519 2919 3575 loci
2951 3519 3241 3590 diligenter
3277 3519 3562 3583 instructo,
3598 3527 3655 3574 et.
3684 3535 3818 3575 con-

2228 3611 2547 3680 gregatione
2591 3611 2890 3667 honorifice
2935 3612 3208 3675 ordinata,
3254 3611 3319 3666 ad
3364 3612 3646 3681 proprium
3696 3626 3816 3667 mo-

2227 3702 2526 3756 nasterium
2583 3702 2911 3757 remisimus.
2963 3701 3032 3757 Ut
3072 3718 3202 3773 ergo
3246 3703 3596 3770 iuconvulsa,
3653 3721 3678 3756 ι
3707 3712 3815 3758 etc.

2227 3793 2387 3848 Plura
2425 3793 2670 3849 decernit
2714 3809 2807 3848 rex
2836 3809 2937 3864 pro
2972 3793 3240 3848 electione
3277 3793 3491 3849 abbatis
3533 3808 3598 3850 ac
3627 3810 3820 3850 mona-

2229 3883 2380 3939 sterii
2410 3882 2773 3949 immunitate,
2798 3883 2942 3953 quod
2966 3883 3096 3937 nulli
3121 3882 3345 3938 omnino
3369 3882 3672 3953 subjectum
3695 3897 3821 3939 esse

2228 3973 2362 4037 vult,
2393 3973 2464 4026 ita
2491 3981 2550 4026 ut
2595 3974 2640 4027 si
2684 3975 2853 4029 abbas
2888 3973 3174 4043 aliquando
3209 3975 3456 4044 gravium
3492 3973 3820 4030 delictorum

2230 4076 2358 4117 rcus
2378 4060 2535 4130 dejici
2565 4071 2892 4125 mereretur,
2915 4063 2970 4117 id
2994 4063 3336 4117 solummodo
3361 4063 3451 4118 liat
3477 4063 3531 4116 in
3563 4061 3819 4118 consilio.

2231 4152 2500 4208 Creterum
2531 4152 2823 4218 Paternus,
2862 4153 2914 4208 in
2961 4153 3254 4224 diplomate
3275 4154 3422 4224 regio
3456 4165 3820 4221 memoratus,

2232 4249 2279 4302 is
2303 4247 2415 4316 ipse
2443 4257 2528 4302 est
2548 4247 2616 4302 ad
2641 4261 2802 4316 quem
2830 4246 2987 4303 0dilo
3021 4247 3300 4316 epistolam
3331 4247 3567 4316 scripsit,
3606 4248 3660 4302 in
3694 4247 3821 4318 Spi-

2235 4336 2410 4406 cilegii
2458 4344 2605 4391 torno
2644 4337 2706 4402 ll,
2751 4354 2874 4409 pag.
2923 4337 3048 4402 386,
3079 4338 3302 4400 editam,
3351 4336 3442 4391 ubi
3481 4350 3608 4391 eum
3658 4339 3825 4392 ἀξινἱηὶ

2235 4428 2432 4483 amoris
2471 4429 2727 4497 fervidum
2773 4431 3024 4484 domuum
3061 4429 3372 4496 Pa:eruum,
3405 4431 3576 4499 gregis
3625 4429 3737 4483 Chr
3760 4433 3826 4484 sti

2235 4523 2428 4592 affectu
2455 4529 2673 4590 paterna
2707 4533 3098 4592 procuratorem
3127 4523 3421 4591 providum,
3462 4523 3724 4592 appellat.
3749 4525 3827 4578 Ex

2237 4617 2426 4670 eadem
2465 4630 2599 4669 vero
2637 4616 2864 4684 cpistola
2912 4617 3072 4672 facile
3115 4617 3292 4692 colligi
3334 4626 3514 4688 potest
3559 4626 3827 4686 quartam

2239 4705 2437 4760 Saucio
2462 4707 2576 4777 regi
2605 4715 2767 4774 atque
2794 4707 2910 4777 ejus
2936 4707 3046 4762 lilio
3069 4707 3351 4762 Rauimiro
3373 4709 3658 4764 devinctus
3683 4719 3832 4765 esset

2237 4798 2426 4863 Odilo,
2475 4799 2569 4868 qui
2621 4800 2952 4867 quotidiauis
3003 4800 3255 4869 precibus
3303 4801 3371 4854 ad
3422 4815 3617 4856 omnes
3665 4803 3830 4857 horas

2240 4888 2513 4960 Hispania:
2558 4904 2782 4960 regnum
2820 4889 2874 4944 in
2903 4889 3120 4959 publico
3147 4901 3414 4944 conventu
3445 4892 3829 4946 commendari

2239 4981 2483 5037 curabat.
2517 4981 2718 5036 Habuit
2745 4995 2959 5051 quoque
2987 4979 3359 5036 Cluuiacensis
3384 4984 3523 5037 ordo
3555 4994 3831 5037 monaste-

2243 5072 2320 5125 ria
2356 5071 2409 5125 in
2441 5071 2710 5140 Hispaniis
2739 5071 2962 5125 omnino
3005 5085 3116 5124 sua:
3153 5071 3516 5140 jurisdictioui
3557 5071 3827 5143 subjecta,

2241 5165 2408 5219 etiam
2439 5175 2680 5232 tempore
2716 5163 2892 5220 sancti
2923 5160 3185 5218 0dilonis.
3232 5164 3309 5217 Ex
3342 5163 3427 5218 his
3470 5164 3575 5217 fuit
3616 5165 3830 5219 celebre

2244 5255 2634 5308 monasterium
2671 5255 2846 5309 sancti
2879 5254 3015 5308 Zoili
3047 5255 3112 5308 de
3136 5253 3415 5316 Carrione,
3445 5256 3537 5309 uti
3567 5255 3832 5310 Arnulfus
