4116 5358
280 314 402 396 :869

1743 340 2090 398 'ELOGIUM.

3479 354 3586 411 870

296 454 460 517 “55,
493 452 767 525 Eugenius
803 461 1030 524 quartus
1060 451 1451 511 Carrionenses
1480 456 1710 527 priores,
1759 457 1883 512 Clu-
1910 463 1960 523 Α
1988 456 2121 526 priis
2143 458 2450 515 nOntiuibus
2481 455 2752 532 designat,
2780 463 2850 519 ob
2879 462 3251 523 inobedienter
3282 468 3582 539 neglecam

295 545 645 601 niacensibus
671 546 1002 611 subtuctos,
1035 546 1248 601 abbatis
1281 547 1437 602 titulo
1462 548 1700 603 donavit.

294 659 381 715 Vl.
408 658 754 716 Summorum
780 660 1109 728 pontificum,
1143 677 1344 732 regum,
1372 660 1702 732 aliorumque
1730 663 1880 732 prin—

503 731 677 799 cipum
702 727 825 800 erga
852 740 1093 783 sanctum
1135 727 1683 800 Odilonem'a/fectus.

360 820 451 877 95.
492 820 670 875 Tanta
706 829 827 875 erat
855 819 1294 875 Cluniacensium
1342 823 1733 879 monachorum
1783 827 1883 881 sub

287 912 430 967 beati
465 912 713 968 Odilonis
757 912 1021 982 regimine
1064 912 1376 968 sanctitatis
1403 912 1578 979 fama,
1610 923 1668 969 ut
1697 915 1884 972 ﬁdeles

286 1021 493 1077 qunque
516 1021 581 1061 ac
605 1005 680 1077 pii
704 1005 807 1059 viri
832 1019 926 1059 eos
954 1004 1235 1060 beneﬁciis
1256 1014 1349 1058 aut
1370 1005 1754 1063 donationibus
1779 1008 1882 1063 sibi

288 1098 568 1153 devincire
592 1105 878 1168 cuperent,
901 1096 1004 1149 rati
1031 1094 1169 1149 nihil
1203 1095 1306 1149 sibi
1330 1095 1659 1160 defuturum,
1686 1098 1731 1151 si
1763 1106 1882 1152 tan-

290 1200 468 1245 torum
516 1190 757 1244 virorum
802 1176 1054 1259 precibus
1083 1197 1139 1242 et
1186 1188 1490 1257 patrocinio
1533 1190 1673 1259 apud
1710 1190 1880 1245 Deum

288 1281 701 1351 adjuvarentur.
729 1280 867 1335 Hinc
900 1290 976 1335 tot
1000 1279 1316 1351 pontiﬁcum
1356 1281 1552 1343 bullas,
1586 1290 1666 1336 tot
1692 1297 1878 1353 regula

286 1383 340 1428 et
383 1375 776 1443 imperatorum
823 1373 1119 1444 diplomata
1170 1373 1224 1427 in
1257 1389 1443 1427 eorum
1491 1375 1721 1445 gratiam
1753 1376 1879 1430 data

284 1464 541 1536 legimus.
566 1465 722 1534 queis
751 1473 1047 1519 autvetera
1083 1463 1364 1533 privilegia
1399 1466 1877 1532 conﬁrmarentur,

287 1561 381 1608 aut
403 1570 546 1610 nova
576 1555 1039 1618 concederentur;
1082 1562 1162 1609 tot
1202 1554 1507 1624 principum
1544 1554 1881 1626 aliarumque

282 1645 566 1709 virorum,
614 1643 874 1699 nobilium
907 1644 1067 1700 simul
1116 1654 1171 1699 et
1214 1645 1569 1715 ignobilium,
1621 1649 1874 1714 chartas,

284 1736 481 1807 quibus
529 1745 624 1790 aut
650 1752 789 1791 nova
834 1735 1260 1797 instituebantur
1305 1738 1550 1792 caenobia
1583 1754 1613 1793 a
1653 1738 1873 1794 Clunia-

1986 551 2252 603 bonorum
2285 548 2666 608 Cluniacensis
2697 557 3010 612 monasterii
3044 560 3444 615 restitutionem
3476 577 3572 618 ex-

1984 639 2499 697 communicationis
2566 642 2782 699 vinculo
2848 645 3109 704 innodare
3166 664 3275 704 non
3347 649 3581 711 differat.

1982 722 2221 786 Joannes
2242 731 2394 798 XlX,
2425 742 2485 786 ut
2518 734 2732 804 prrcfert
2761 737 2948 793 titulus
2980 738 3033 794 in
3085 740 3327 797 Bullario
3356 742 3581 798 Clunia-

1983 821 2150 884 censi,
2182 837 2306 893 pag.
2332 823 2384 886 8,
2418 824 2726 879 interventu
2754 828 2929 883 sancti
2959 827 3174 886 Henrici
3205 831 3578 903 imperatoris,

1977 909 2099 980 jura
2128 914 2310 967 omnia
2346 921 2456 968 tam
2488 915 2789 984 spiritualia
2830 933 2992 988 quam
3037 922 3355 991 temporalia
3385 940 3584 980 monre-

1983 1004 2134 1058 sterii
2165 1002 2542 1061 Cluniacensis
2571 1008 2807 1063 asseruit
2855 1010 2909 1064 in
2941 1012 3165 1082 epistola
3218 1029 3382 1085 quam
3413 1031 3475 1072 ea
3512 1018 3580 1072 de

1980 1109 2045 1149 re
2071 1096 2292 1165 scripsit
2327 1095 2566 1152 Odiloni.
2600 1097 2880 1154 Laudatur
2922 1101 3123 1159 ibidem
3173 1104 3280 1161 alia
3328 1105 3578 1176 ejusdem

1984 1187 2258 1255 pontiﬁcis
2287 1186 2548 1257 epistola,
2594 1203 2701 1259 qua
2731 1188 3038 1248 interventu
3071 1195 3307 1253 Conradi
3341 1198 3579 1269 impera-

1983 1277 2139 1357 toris‘
2162 1280 2346 1332 omnia
2390 1280 2710 1335 monasterii
2755 1280 3132 1340 Cluniacensis
3176 1286 3319 1343 bona
3361 1297 3416 1343 et
3450 1289 3576 1357 jura

1982 1367 2287 1423 conﬁrmat.
2335 1369 2480 1425 Idem
2527 1370 2799 1440 pontifex,
2839 1372 2893 1427 in
2924 1375 3151 1444 epistola
3178 1378 3244 1433 ad
3277 1380 3573 1435 Robertum

1979 1460 2316 1516 Francorum
2344 1479 2566 1533 regem,
2593 1479 2718 1519 eum
2764 1472 2822 1519 ut
2863 1467 3114 1523 eumdem
3149 1468 3328 1525 locum
3381 1482 3572 1527 contra

1982 1551 2262 1606 invasores
2315 1561 2532 1608 tueatur
2575 1554 2785 1609 invitat.
2832 1556 3065 1629 Scripsit
3108 1568 3165 1615 et
3188 1561 3255 1615 ad
3303 1561 3575 1617 Burehar-

1982 1643 2556 1728 dum.Lugdunensem
2585 1648 3074 1721 archiepiscopum,
3104 1660 3216 1707 tum
3245 1654 3312 1709 ad
3340 1654 3567 1710 Gausle-

1980 1749 2107 1788 num
2144 1734 2625 1805 Matisconensem,
2654 1753 2753 1808 pro
2778 1742 3071 1796 asserenda
3111 1742 3351 1812 ejusdem
3384 1761 3571 1801 mona-

283 1828 540 1883 eensibus
568 1827 850 1883 monachis
878 1827 1227 1881 inhabitanda
1248 1868 1263 1894 ,
1309 1838 1402 1884 aut
1444 1840 1593 1885 certe
1616 1830 1727 1900 jam
1753 1848 1872 1887 ere-
1905 1821 1947 1880 Β
1977 1827 2127 1881 sterii
2161 1828 2505 1885 immunitate
2543 1830 2610 1885 ab
2640 1830 2788 1885 omni
2828 1830 3212 1901 jurisdictione
3256 1837 3569 1908 episcopali.

281 1928 367 1975 cta
395 1918 619 1990 praediis
649 1919 924 1989 variisque
958 1921 1389 1989 possessionibus
1417 1925 1781 1993 augebantur,
1812 1936 1873 1979 ut

281 2011 335 2064 in
360 2011 442 2066 eis
468 2011 663 2065 saltem
707 2021 1044 2065 accresceret
1080 2009 1189 2067 Deo
1218 2013 1317 2067 sub
1352 2022 1460 2068 tam
1498 2025 1686 2071 sancta
1712 2018 1875 2074 disci-

278 2100 424 2171 plina
452 2101 806 2157 servientium
835 2114 1111 2156 numerus.
1141 2101 1365 2157 Ccrtare
1394 2103 1719 2161 videbantur
1739 2124 1871 2178 pon-

281 2192 455 2247 tiﬁces
483 2200 540 2246 et
566 2207 741 2263 reges,
777 2192 884 2246 utri
924 2207 1113 2248 eorum
1160 2209 1288 2264 erga
1331 2194 1721 2253 Cluniacenses
1756 2214 1871 2252 ma-

278 2280 684 2346 gniﬁcentiores
708 2289 911 2336 essent.
942 2279 1238 2336 Pontiﬁces
1266 2282 1730 2341 intercedentibus
1770 2302 1872 2341 sac-

275 2370 382 2425 culi
427 2370 771 2439 principibus
797 2368 1077 2441 privilegia
1109 2369 1593 2439 impertiebantur;
1625 2374 1709 2429 isti
1739 2390 1869 2431 vero

278 2461 755 2517 commendatione
799 2460 1119 2532 pontiﬁcum
1147 2501 1162 2525 ,
1211 2476 1308 2516 sua
1354 2464 1677 2520 auctoritate
1723 2467 1867 2523 bona

274 2553 613 2609 monasterio
633 2551 748 2621 jam
783 2564 936 2624 parta
979 2553 1303 2620 tuebantur,
1332 2556 1591 2626 novisque
1616 2558 1864 2615 donatio-

264 2643 433 2698 nibus
465 2653 649 2698 tctera
673 2644 1098 2715 ampliﬁcabant.

342 2736 434 2791 96.
478 2734 681 2790 Videre
709 2745 794 2791 est
825 2736 879 2791 in
908 2736 1052 2791 bulla
1083 2736 1331 2808 Gregorii
1375 2738 1587 2810 quinti,
1618 2756 1779 2811 quam
1807 2758 1867 2800 se

261 2825 581 2879 interventu
610 2824 825 2881 Otlonis
866 2827 1214 2896 imperatoris
1237 2830 1574 2886 concessisse
1610 2841 1859 2899 testatur,

262 2933 434 2987 quant
482 2927 742 2972 accurate
795 2927 852 2974 et
900 2920 1205 2973 minutatim
1254 2921 1435 2975 omnia
1492 2921 1865 2981 Cluniacensis

264 3011 596 3066 monasterii
644 3013 785 3067 bona
836 3014 1203 3077 recensuerit,
1255 3031 1323 3070 ne
1372 3032 1476 3087 qua
1519 3028 1703 3073 essent
1743 3034 1863 3089 qua:

262 3099 442 3171 ipsius
468 3102 884 3159 conﬁrmatione
911 3114 1181 3159 carerent.
1210 3103 1368 3160 Edita
1403 3114 1487 3162 est
1516 3107 1570 3161 in
1618 3106 1860 3165 Bullario

1974 1917 2031 1971 in
2060 1917 2285 1987 epistola
2311 1929 2493 1974 autent
2526 1920 2594 1975 ad
2624 1921 2913 1978 universos
2943 1922 3132 1980 ﬁdeles
3157 1926 3364 1983 directa
3406 1937 3570 1983 testa-

1974 2014 2064 2061 tur
2094 2023 2170 2069 se.
2202 2017 2613 2065 antecessorum
2647 2025 2872 2066 suorum
2902 2014 3146 2082 vestigiis
3188 2014 3565 2085 inbzcrentem,

1972 2113 2094 2152 sum
2134 2114 2405 2155 consensu
2454 2100 2746 2155 multorum
2775 2103 3156 2174 episcoporum
3206 2117 3333 2164 tunc
3381 2110 3570 2166 Bonae

1972 2187 2025 2241 in
2062 2190 2269 2259 synodo
2299 2191 2352 2245 in
2386 2193 2675 2260 praesentia
2708 2194 2891 2248 domui
2930 2194 3164 2252 Conradi
3219 2198 3566 2269 imperatoris

1970 2292 2144 2347 nuper
2185 2282 2427 2334 coronati
2476 2292 2964 2353 congregatornm,
3012 2287 3193 2341 omnia
3240 2288 3566 2345 Cluniacen-

1970 2367 2112 2421 sium
2160 2370 2441 2439 privilegia
2488 2381 2543 2426 et
2581 2373 2953 2430 immunitates
2995 2377 3375 2436 conﬁrmasse.
3425 2382 3563 2436 Data

1967 2465 2056 2513 est
2094 2459 2287 2527 quinto
2335 2460 2606 2515 Kalendas
2652 2463 2888 2532 Aprilis,
2941 2482 3086 2521 anno
3134 2466 3364 2525 Joannis
3410 2486 3564 2541 papa:

1967 2549 2154 2616 tertio,
2186 2551 2482 2607 indictione
2513 2569 2577 2618 x;
2606 2567 2726 2622 qua:
2750 2555 2967 2625 quidem
2997 2558 3396 2632 ehronologieze
3418 2571 3564 2616 notae

1966 2656 2111 2696 anno
2142 2642 2278 2697 1027
2321 2643 2526 2714 optimc
2571 2655 2899 2714 congruunt.
2934 2647 3178 2719 Denique
3222 2649 3471 2708 Clemens
3519 2652 3568 2708 ll

1966 2734 2034 2789 ad
2066 2733 2372 2806 episcopos,
2402 2735 2681 2807 principes
2710 2746 2764 2792 et
2793 2750 3078 2811 magnates
3108 2740 3295 2797 Gallim
3320 2745 3558 2815 scripsit.

1964 2831 2025 2878 ut
2077 2824 2157 2880 eis
2204 2825 2410 2896 pariter
2466 2825 2843 2883 Cluniacensis
2902 2832 3217 2886 monasterii
3273 2833 3558 2891 tuitionem

1964 2915 2395 2973 commendaret.

2033 3001 2121 3058 97.
2164 3004 2283 3072 Quo
2310 3014 2493 3060 autem
2540 3005 2661 3062 loco
2690 3009 2832 3079 apud
2881 3009 3064 3065 sicculi
3095 3012 3372 3083 principes
3402 3014 3560 3070 hat-i-

1964 3105 2051 3151 tus
2092 3094 2260 3152 fuerit
2304 3096 2498 3161 Odilo.
2546 3098 2781 3169 probant
2829 3102 3141 3173 complures
3202 3105 3555 3163 donationum

258 3192 637 3260 Cluniacensi,
664 3209 789 3267 pag.
820 3195 907 3261 10,
938 3212 1100 3266 quam
1130 3196 1250 3252 ideo
1280 3197 1386 3253 huc
1409 3197 1656 3267 proferre
1681 3201 1855 3257 visutn
1886 3189 1930 3250 ί)
1963 3189 2169 3244 Charm
2195 3203 2333 3259 quas
2360 3203 2521 3261 5"?”
2556 3190 2927 3255 Ῐίιυάίινίιηυεο
2973 3202 3028 3248 ei
3065 3195 3218 3250 νθτῖίι
3261 3196 3553 3268 άίΡ¹⁴¹¹¹²³ι³

262 3299 375 3340 non
396 3294 501 3341 est.
525 3284 917 3343 Observatioue
938 3289 1095 3359 digna
1115 3298 1242 3345 sunt
1261 3290 1613 3360 quaaibidetu,
1626 3294 1855 3364 page“,

266 3376 534 3434 Silvester
551 3378 613 3443 ll,
641 3378 888 3450 Gregorii
914 3394 1216 3445 successor,
1243 3381 1311 3436 ad
1335 3381 1552 3437 beatum
1576 3381 1855 3439 Odilonem

263 3468 504 3525 scribit:
550 3469 889 3526 Sileester....
927 3470 1142 3526 Odiloni
1189 3472 1378 3526 dilecto
1422 3474 1566 3543 ﬁlio,
1593 3485 1643 3530 et
1680 3476 1859 3531 abbati

261 3559 548 3629 prmelaro,
573 3570 728 3631 atque
753 3562 1010 3616 universte
1025 3564 1413 3638 congregationi
1447 3564 1545 3618 sibi
1569 3566 1858 3623 commissa:

264 3653 488 3707 charum
517 3653 741 3707 salutem
755 3663 803 3706 et
827 3654 1170 3723 apostoiicam
1199 3655 1632 3710 benedictionem.
1660 3656 1860 3713 Vestris

263 3761 357 3799 nos
383 3745 734 3799 sanctissimis
763 3746 904 3799 omni
952 3754 1180 3814 tempore
1208 3748 1579 3802 committimus
1607 3749 1858 3804 orationi-

261 3836 380 3900 l'us,
404 3848 454 3890 et
484 3844 540 3890 ut
568 3836 801 3907 accipere
828 3837 1112 3906 dignemini
1148 3836 1390 3905 ﬁdelibus
1421 3855 1700 3894 exoramus
1725 3841 1859 3911 peti-

259 3926 495 3982 tionibus
516 3943 536 3982 .'
567 3928 693 3997 quia
737 3928 793 3981 in
820 3943 1128 3998 quocunque
1176 3936 1353 3980 noster
1396 3927 1618 3981 valuerit
1652 3939 1854 3998 status,

258 4015 409 4070 nullo
456 4016 614 4070 modo
656 4026 821 4073 uester
862 4017 1125 4087 defectum
1167 4017 1352 4072 sentiet
1393 4018 1690 4087 profectus,
1745 4031 1853 4078 etc.

255 4096 541 4167 Habemus
560 4111 694 4166 duas
715 4110 992 4167 Benedicti
1025 4110 1134 4166 Vill
1164 4108 1419 4180 epistolas
1448 4113 1707 4170 adversus
1732 4113 1857 4171 Clu-

251 4204 537 4261 niacensis
587 4204 905 4260 monasterii
953 4203 1219 4259 bonorum
1254 4203 1552 4259 invasores.
1597 4205 1653 4260 In
1684 4206 1853 4276 priori

251 4295 489 4366 epistola
524 4295 848 4351 adhortatur
874 4294 1213 4365 Aquitanim,
1260 4294 1585 4366 Burgundiaz
1618 4311 1683 4351 ac
1726 4296 1858 4353 Pro-

251 4389 451 4444 vincire
475 4387 782 4460 episcopos,
814 4387 1011 4457 quibus
1038 4387 1157 4457 ipsa
1199 4386 1457 4457 inscripta
1497 4394 1603 4453 est,
1635 4396 1695 4442 ut
1724 4389 1855 4444 viri-

254 4480 381 4536 liter
409 4487 581 4552 agant
606 4480 663 4535 in
704 4480 903 4535 tuendo
931 4477 1273 4534 Cluniacensi
1307 4480 1638 4559 monasterio
1659 4522 1673 4545 ,
1702 4482 1845 4549 quod

255 4587 284 4626 a
315 4572 595 4628 Willelmo
622 4572 962 4628 nobilissimo
988 4572 1387 4641 Aquitanorum
1428 4574 1673 4644 principe
1712 4591 1843 4630 con-

256 4674 547 4730 structum,
571 4674 627 4722 et
655 4668 725 4721 ab
748 4682 834 4733 eo,
861 4666 1130 4736 simulque
1164 4665 1508 4721 laudantibus
1551 4677 1608 4722 et
1649 4683 1843 4740 appro-

256 4759 510 4816 bantibus
536 4759 908 4815 Romanorum
942 4760 1292 4831 imperatore,
1325 4776 1388 4815 ac
1431 4760 1760 4816 Francorum
1787 4771 1842 4817 et

255 4850 697 4923 Burgundionum
726 4853 970 4924 regibus,
991 4852 1092 4908 sub
1121 4854 1344 4924 speciali
1371 4853 1630 4911 Romana:
1660 4856 1847 4913 Eccle-

256 4942 349 5000 sia
375 4943 544 4999 tutela
575 4944 816 5015 positum
850 4942 1046 4998 fuerat.
1075 4943 1150 4998 Ex
1184 4946 1374 5000 eadem
1415 4944 1643 5015 epistola
1689 4932 1843 5001 colli?

257 5034 430 5106 gimus
472 5037 779 5093 Rebertum
823 5034 1159 5092 Francorum
1199 5052 1381 5108 regem
1427 5037 1693 5106 ejusmodi
1730 5052 1844 5093 mo-

1874 4527 1923 4586 Β

1962 3277 2017 3331 in
2060 3278 2178 3346 ejus
2225 3280 2456 3351 gratiam
2506 3280 2653 3335 data.
2704 3280 2848 3337 Idem
2908 3291 3177 3339 testantur
3230 3289 3551 3358 pontiﬁcum

1959 3367 2150 3436 bullae,
2202 3370 2255 3423 in
2285 3371 2482 3441 quibus
2516 3370 2747 3425 Romani
2780 3373 3071 3442 pontiﬁces
3112 3374 3553 3434 Cluniacensinm

1962 3475 2150 3515 curam
2194 3477 2252 3517 se
2293 3464 2601 3532 suscepisse
2652 3472 2939 3531 testantur,
2988 3466 3056 3521 ad
3106 3468 3159 3522 id
3207 3470 3551 3539 potissimum

1960 3555 2352 3624 imperatorum
2393 3565 2486 3611 aut
2517 3571 2704 3625 regum
2755 3556 3061 3612 interventu
3108 3562 3361 3629 permoti.
3392 3561 3553 3617 Certe

1962 3646 2087 3704 Otto
2116 3648 2331 3714 tertius,
2360 3664 2467 3718 quo
2494 3648 2797 3718 imperante
2822 3646 2978 3703 Odilo
3002 3650 3056 3705 in
3079 3653 3397 3707 monasterii
3425 3653 3551 3709 Clu-

1961 3738 2235 3794 niacensis
2280 3740 2520 3810 regimen
2553 3747 2866 3807 assumptus
2895 3748 3007 3805 est,
3051 3743 3399 3798 conﬁrmavit
3446 3745 3550 3815 ipsi

1960 3830 2353 3886 monasterium
2403 3830 2578 3885 sancti
2617 3828 2796 3884 Maioli
2829 3831 2970 3901 apud
3004 3828 3261 3902 Papiam,
3291 3844 3349 3888 ut
3373 3851 3439 3889 ex
3466 3837 3549 3891 di-

1960 3921 2196 3992 plomate
2215 3937 2279 3977 ea
2306 3923 2372 3977 de
2396 3936 2454 3977 re
2475 3921 2724 3977 confecto
2745 3930 2913 3992 patet,
2942 3924 3084 3993 quod
3113 3939 3178 3979 ex
3215 3926 3546 3983 llibliotl.eca

1959 4016 2304 4071 Cluniacensi
2324 4015 2437 4086 jam
2468 4030 2630 4085 supra
2658 4014 3018 4071 laudavimus.
3045 4015 3163 4071 Pra:
3186 4019 3398 4076 caeteris
3422 4035 3550 4074 vero

1959 4106 2240 4163 Odiloaem
2272 4108 2439 4163 coluit
2482 4107 2739 4161 Adhelais
2784 4106 3021 4177 Augusta
3046 4149 3060 4173 ,
3087 4107 3301 4165 Otlonis
3325 4108 3349 4165 l
3376 4111 3549 4182 impco

1959 4198 2159 4253 ratoris
2188 4212 2346 4262 uxor,
2387 4197 2544 4267 cujus
2573 4196 2751 4251 Vitam
2785 4196 2897 4265 ipse
2929 4197 3010 4250 vir
3039 4209 3262 4254 sanctus
3301 4203 3547 4257 conscri-

1956 4288 2085 4360 psit.
2128 4286 2357 4343 Unicnm
2382 4288 2560 4344 locum
2593 4287 2838 4358 proferre
2872 4286 3124 4355 suﬁiciet,
3162 4305 3228 4346 ex
3261 4308 3367 4363 quo
3389 4303 3545 4363 pate-

1956 4380 2035 4436 bit
2067 4392 2268 4451 quanta
2298 4390 2353 4437 et
2381 4397 2542 4451 quam
2586 4382 2797 4435 sincera
2845 4378 3010 4435 fuerit
3057 4383 3230 4438 beata:
3261 4381 3420 4453 hujus
3464 4384 3546 4440 fe-

1958 4474 2120 4529 minae
2145 4488 2272 4544 erga
2299 4485 2545 4529 sanctum
2584 4471 2835 4527 abbatem
2889 4473 3308 4530 veneratio.'Sic
3345 4477 3545 4547 quippe

1950 4581 2012 4623 ea
2035 4567 2100 4621 de
2119 4581 2177 4621 re
2200 4566 2439 4637 loquitur
2460 4565 2574 4636 ipse
2594 4561 2769 4630 Odilo,
2787 4564 2853 4620 de
2870 4579 2947 4629 se,
2965 4565 3131 4621 tacito
3155 4565 3279 4622 licet
3302 4568 3540 4637 nomine,

1950 4660 2031 4714 sic
2061 4660 2289 4729 loquens
2319 4658 2489 4714 :Erat
2539 4659 2750 4729 quidem
2799 4659 2869 4712 ibi
2913 4660 2969 4713 in
3014 4662 3295 4730 prwsentia
3335 4665 3539 4731 ipsius,

1950 4752 2114 4824 paulo
2140 4751 2352 4807 scilicet.
2376 4760 2537 4806 antea
2569 4766 2731 4820 quam
2764 4759 2910 4807 esset
2946 4766 2977 4807 e
3005 4753 3116 4807 vita
3156 4754 3392 4819 exitura,
3424 4771 3539 4808 mo-

1953 4844 2173 4906 nachus,
2204 4845 2314 4915 qui,
2345 4843 2463 4898 licet
2496 4854 2627 4897 esset
2671 4842 2922 4913 indignus
2946 4843 3107 4897 abbas
3132 4845 3365 4906 vocitari,
3392 4845 3455 4898 ab
3478 4862 3540 4899 ea

1951 4946 2128 4992 tamen
2169 4920 2459 5006 putabatur
2495 4934 2725 5005 alicujus
2752 4952 2863 4999 esse
2892 4935 3140 4997 momenti
3184 4948 3203 4985 :
3227 4951 3380 5005 quem
3426 4953 3545 4989 cum

1949 5032 2044 5087 illa
2069 5032 2362 5100 respiceret,
2386 5038 2435 5084 et
2461 5030 2569 5098 ipse
2586 5044 2700 5081 eam
2717 5038 2847 5081 esset
2877 5024 3119 5088 intuitus,
3144 5026 3293 5094 erepit
3327 5036 3548 5096 uterq..e

1965 5127 1989 5136 Δ
2145 5124 2155 5136 Ω
2235 5126 2247 5136 Ι
2373 5123 2426 5136 οι.
