4116 5358
501 325 598 379 8Ἱι

1465 309 1522 364 S.
1564 303 1881 364 ODlLONlS
1916 261 2410 358 CLUNIACENSIS
2448 289 2735 349 ABBATIS
2779 291 2818 346 ν

3647 279 3756 334 8⁸7⁸1

501 433 730 487 animam
756 442 922 481 meam
944 421 1226 478 committo.
1260 438 1280 471 ι
1314 417 1447 472 lude
1480 433 1572 486 per
1602 417 1701 470 iter
1723 431 1823 484 quo
1844 421 2074 476 uenerat,
2104 419 2154 478 Α
2180 421 2453 465 cessorem
2482 406 2630 470 data,
2658 403 2749 458 ubi
2792 401 2872 456 sic
2913 398 3150 469 loquitur
3181 415 3192 448 :
3230 395 3440 451 Scimus
3467 393 3661 462 itaque.
3694 410 3759 447 ex

503 525 732 597 pervenit
770 520 836 573 ad
866 518 1034 570 locum
1064 514 1178 579 ubi,
1208 512 1482 566 ordinante
1508 509 1640 574 Deo,
1663 507 1961 584 decreverat
1981 503 2081 558 sibi

505 613 682 685 parari
713 608 1029 679 sepulcrum.
1061 603 1244 659 Ottoni
1285 599 1601 670 imperatori
1647 597 1914 652 successit
1959 610 2085 649 san-

505 713 623 758 ctus
653 700 941 759 Henricus,
976 695 1365 750 monachorum
1397 700 1574 754 tutor,
1619 689 1708 758 qui
1755 703 1912 765 suum
1959 699 2084 754 erga

506 791 819 846 Cluniacum
893 785 1146 841 allectum
1203 782 1358 836 donis
1417 778 1720 850 magniﬁcis
1770 775 2087 846 comproba-

515 883 609 933 vit.
652 880 800 934 Inter
827 893 888 931 ea
916 884 1103 941 erant,
1157 883 1218 926 ut
1268 871 1437 926 refert
1473 871 1775 924 Ademarns
1813 870 1863 922 in
1913 869 2087 922 Chro-

512 972 659 1036 nico,
701 979 957 1038 sceptrum
987 981 1229 1028 aureum,
1259 963 1464 1031 sphera
1492 977 1652 1014 aurea
1673 1001 1688 1024 ,
1731 961 2088 1013 vestimentum

513 1059 782 1130 imperiale
829 1071 1069 1120 aureum,
1099 1069 1288 1108 corona
1329 1068 1489 1104 aurea
1511 1091 1526 1116 ,
1567 1050 1850 1118 cruciﬁxus
1879 1065 2088 1114 aureus,

514 1149 783 1221 pensantia
813 1143 970 1199 simul
999 1143 1158 1196 libras
1195 1152 1418 1202 centum,
1447 1149 1492 1193 et
1527 1139 1632 1192 alia
1658 1139 1842 1190 multa.
1884 1137 1987 1191 Sed
2015 1147 2089 1201 et,

516 1242 594 1295 uti
624 1238 969 1308 prosequitur
997 1235 1245 1289 laudatus
1273 1241 1479 1295 auctor,
1506 1247 1622 1283 cum
1657 1228 1881 1282 Odilone
1911 1227 2093 1280 abbate

518 1333 754 1402 ejusdem
783 1329 884 1381 loci
907 1327 1137 1381 crebrius
1168 1325 1481 1392 colloquium
1511 1321 1773 1392 familiare
1804 1319 2088 1382 exercebat,

517 1434 565 1477 et
591 1424 645 1477 in
674 1419 800 1474 aula
832 1417 1015 1489 palatii
1039 1418 1120 1471 sui
1145 1433 1260 1470 cum
1291 1413 1600 1484 primoribus
1627 1410 1865 1464 ducebat.
1896 1409 2094 1463 Eadem

521 1513 719 1582 repetit
746 1518 937 1566 auctor
963 1506 1215 1562 Chronici
1245 1504 1419 1560 sancti
1461 1501 1715 1557 Maxentii
1750 1517 1845 1556 seu
1882 1500 2097 1554 Mallea—

521 1601 722 1657 censis.

591 1692 678 1748 98.
721 1691 1020 1762 Diplomata
1050 1688 1201 1742 varia
1231 1685 1472 1757 [lagonis
1502 1685 1830 1739 Francorum
1859 1683 2020 1754 regis.
2043 1690 2098 1737 et

520 1784 743 1839 Roberti
779 1760 894 1852 ejus
916 1782 1008 1836 ﬁlii
1037 1790 1092 1836 et
1115 1779 1464 1842 successoris,
1495 1778 1636 1832 ultro
1659 1776 1886 1847 probant
1916 1775 2096 1846 quain
2129 1760 2170 1817 Β

521 1874 876 1928 veneratione
921 1871 1063 1941 apud
1107 1884 1202 1924 eos
1246 1875 1430 1923 essent
1476 1866 1717 1922 0dilonis
1757 1865 2014 1920 sanctitas
2047 1873 2101 1918 et

524 1982 736 2022 nzorum
770 1964 1100 2020 innocentia.
1134 1963 1268 2016 Eum
1300 1976 1421 2015 cum
1467 1959 1586 2013 aliis
1630 1959 1782 2027 regni
1831 1956 2097 2026 episcopis

522 2068 578 2112 et
614 2057 927 2127 proceribus
975 2054 1164 2108 adesse
1213 2051 1387 2104 voluit
1428 2049 1696 2104 ltobertus
1755 2045 2099 2101 translationi

524 2148 768 2218 corporis
789 2147 961 2202 sancti
997 2143 1190 2200 Aniani
1234 2141 1374 2213 apud
1411 2141 1754 2204 Aurelianos,
1782 2154 1943 2209 quam
1973 2138 2101 2209 piis~

524 2245 694 2298 simus
737 2243 987 2312 princeps
1029 2239 1437 2295 celeberrimam
1474 2250 1594 2292 esse
1641 2236 1874 2291 volebat.
1926 2251 1944 2286 ‹
1984 2233 2100 2288 Non

527 2332 697 2387 defuit
723 2331 915 2396 etiam,
950 2350 968 2383 ι
1007 2329 1178 2400 inquit
1208 2328 1506 2397 Helgadus,
1545 2345 1562 2376 ι
1602 2324 1890 2394 praesentia
1919 2323 2103 2378 domni

525 2431 581 2477 et
616 2422 942 2478 venerabilis
987 2420 1230 2477 Odilonis
1271 2416 1714 2473 Cluniacensium
1764 2413 2012 2479 abbatis,
2049 2420 2102 2466 et

527 2512 754 2566 aliorum
799 2513 1062 2566 bonorum
1091 2510 1333 2566 virorum
1363 2523 1470 2562 non
1509 2507 1716 2562 minimi
1743 2505 1944 2573 meriti,
1980 2519 2102 2559 cum

524 2603 718 2672 quibus
729 2617 940 2672 semper
952 2601 1292 2657 desiderabat
1307 2598 1562 2670 colloqui.
1577 2618 1594 2650 ›
1617 2598 1811 2667 Quanti
1840 2612 1970 2653 vero
1985 2596 2107 2651 Odi-

528 2695 670 2750 lonis
687 2695 1032 2750 sanctitatem
1060 2701 1414 2748 veneraretur
1429 2692 1721 2757 Robertus,
1745 2705 1811 2746 ex
1826 2687 2103 2746 Chronico

525 2785 835 2843 Divionensi
852 2784 1150 2855 intelligere
1164 2784 1562 2854 possumus,ubi
1579 2782 1805 2853 legimus
1815 2781 2103 2852 quod.ch

525 2875 830 2931 Willelmus
849 2875 1018 2930 sancti
1047 2875 1270 2944 Benigni
1299 2875 1465 2928 abbas
1486 2872 1785 2942 accepisset
1807 2869 2102 2926 Rohertutu

526 2971 730 3034 regem
753 2964 808 3018 in
847 2963 1154 3034 Burgundia
1183 2963 1364 3018 omnia
1410 2965 1783 3017 devastantem
1822 2958 2104 3013 Divioncm

532 3056 791 3111 accedere
839 3056 994 3122 velle,
1045 3074 1065 3108 ι
1108 3055 1365 3125 praefatus
1395 3054 1561 3108 abbas
1602 3051 1939 3118 Willelmus,
1977 3068 1996 3102 ι
2029 3049 2106 3104 ait

2181 501 2534 558 indissolubili
2559 497 2922 570 familiaritate
2964 504 3011 550 et
3042 495 3288 548 societate
3335 506 3440 561 qua
3469 488 3594 542 olim
3623 489 3760 555 patri

2182 604 2348 649 uestro
2385 592 2670 664 probamur
2712 587 2960 659 copulati,
2998 588 3074 640 ita
3097 585 3151 638 in
3196 578 3365 638 vestra
3392 581 3650 650 ﬁdelitate
3679 579 3764 633 de-

2183 687 2307 750 voti,
2335 694 2442 740 etc.
2489 681 2617 751 Ejus
2643 682 2899 751 implorat
2944 695 3100 750 opem
3147 687 3391 748 tempore
3421 675 3616 739 famis,
3645 689 3764 745 quae

2178 775 2291 847 jam
2325 791 2352 830 a
2380 775 2599 830 biennio
2625 774 2678 828 in
2711 771 2901 828 Galliis
2930 771 3257 827 invaluerat.

2260 869 2381 924 100.
2413 870 2623 935 Quanta
2649 854 2829 923 autem
2870 867 3096 937 polleret
3142 865 3281 937 apud
3307 863 3580 936 principes
3607 861 3767 918 simul

2188 973 2242 1017 et
2265 961 2488 1032 p0puios
2512 962 2593 1014 eis
2615 959 2888 1028 subjectos
2909 959 3232 1012 auctoritate
3256 956 3471 1026 probari
3499 964 3681 1024 potest
3702 968 3769 1006 ex

2191 1054 2400 1106 {sumso
2429 1051 2519 1106 illo
2565 1051 2769 1105 foedere
2795 1051 3036 1120 publico,
3070 1047 3214 1120 quod
3243 1047 3401 1118 vulgo
3433 1045 3663 1099 Treuva-
3680 1045 3771 1098 Dei

2193 1143 2509 1212 appellatur,
2558 1143 2625 1195 ab
2674 1142 2789 1211 ipso
2833 1138 3060 1195 Odilone
3106 1139 3458 1208 (ueterisque,
3490 1147 3552 1192 ut
3605 1136 3772 1190 refert

2195 1232 2348 1303 llugo
2398 1232 2821 1286 Flaviniacensis
2848 1231 2901 1285 in
2943 1230 3214 1286 Chronico
3243 1229 3308 1282 ad
3355 1243 3560 1282 annum
3607 1225 3771 1290 l0“,

2194 1327 2326 1380 viris
2372 1325 2475 1394 piis
2525 1325 2714 1378 divinis
2783 1322 3183 1376 revelationibus
3239 1320 3557 1376 institutum.
3616 1317 3775 1372 Aliud

2195 1416 2499 1484 exemplum
2545 1413 2887 1468 auctoritatis
2934 1412 3051 1480 eius
3098 1412 3152 1465 in
3199 1409 3421 1480 populos
3464 1408 3780 1479 suppeditat

2196 1507 2498 1562 Ademarus
2533 1507 2586 1560 in
2614 1504 2906 1569 Chronico,
2933 1504 3024 1558 ubi
3053 1501 3218 1557 refert
3240 1503 3385 1557 cives
3407 1501 3778 1555 Biturieenses

2197 1596 2446 1660 Gosliao,
2491 1596 2582 1666 qui
2630 1612 2697 1650 ex
2735 1595 3004 1649 EIlOlIaCho
3043 1593 3215 1647 sancti
3265 1592 3543 1647 Benedicti
3602 1589 3781 1644 factus

2199 1685 2377 1740 fuerat
2403 1703 2432 1739 a
2480 1685 2718 1740 Roberto
2753 1699 2880 1755 rege
2921 1683 3357 1752 archiepiscopus
3402 1680 3778 1743 Bituricensis,

2200 1792 2296 1848 per
2324 1777 2750 1846 quinquennium
2792 1775 3073 1841 restitisse,
3114 1775 3256 1844 quod
3281 1771 3558 1836 Goslinus,
3585 1772 3689 1826 etsi
3715 1787 3781 1824 ex

2205 1870 2377 1939 stirpe
2424 1870 2592 1939 regia,
2620 1884 2686 1922 ex
2733 1878 2916 1923 scorto
2972 1877 3150 1922 tamen
3205 1875 3364 1920 natus
3411 1863 3780 1928 fuisset;sed,

2201 1974 2464 2032 sequestro
2512 1961 2720 2014 tandem
2766 1960 3009 2027 Odilone,
3042 1957 3213 2030 inquit
3252 1958 3342 2014 ille
3381 1966 3600 2018 auctor,
3639 1957 3784 2024 regis

2201 2051 2448 2106 voluntas
2472 2047 3030 2121 prmvaluit.0dilonis
3065 2058 3245 2102 tamen
3266 2047 3649 2100 auctoritatem
3686 2058 3786 2097 ex—

2201 2159 2354 2200 osam
2386 2142 2627 2198 nonnulli
2659 2144 2918 2198 habuere.
2951 2141 3095 2196 Talis
3123 2141 3222 2196 fuit
3258 2139 3526 2194 Adalbero
3565 2137 3788 2191 Lauda-

2202 2236 2387 2291 nensis
2402 2235 2705 2305 episcopus,
2730 2234 2817 2303 qui
2845 2233 2896 2287 in
2919 2233 3158 2288 carmine
3179 2231 3246 2286 ad
3262 2231 3558 2286 Robertum
3577 2243 3784 2298 regem,

2203 2328 2345 2398 quod
2373 2325 2618 2381 Valesius
2649 2325 2840 2392 edidit,
2871 2323 3151 2381 0dilonem
3186 2340 3356 2394 regem
3385 2338 3484 2393 per
3513 2320 3794 2376 deridicu-

2201 2415 2312 2471 lum
2345 2424 2644 2487 nuncupat.

2275 2503 2397 2558 lOl.
2425 2504 2496 2558 At
2523 2518 2682 2560 nemo
2726 2502 2996 2558 existimet
3038 2503 3341 2574 principum
3377 2501 3612 2572 gratiam
3654 2498 3788 2554 Odi-

2203 2592 2386 2648 lenem
2445 2593 2842 2649 adulationibus
2893 2603 2986 2648 aut
3047 2593 3192 2648 molli
3246 2592 3649 2655 assentatione,
3704 2591 3788 2646 vel

2204 2683 2369 2757 etiam
2398 2685 2537 2753 apud
2584 2683 2857 2754 simplices
2887 2682 3028 2739 fastu
3074 2683 3175 2739 sibi
3211 2683 3564 2748 conciliasse,
3603 2698 3727 2737 cum
3759 2698 3792 2736 e

2205 2775 2480 2830 contrario
2526 2775 2818 2831 maximam
2869 2774 3011 2830 hanc
3061 2775 3441 2829 auctoritatem
3498 2773 3792 2828 sanctitate

2205 2883 2420 2925 morum
2447 2875 2500 2921 et
2522 2867 2645 2921 boni
2673 2865 2850 2920 studio
2883 2865 3265 2934 promerendi,
3303 2863 3467 2919 etiam
3496 2863 3793 2933 aliquando

2205 2959 2568 3020 severioribus
2615 2958 2828 3023 verbis,
2877 2958 3096 3013 acribus
3139 2958 3681 3029 reprehensionibus,
3729 2972 3794 3010 ac

2209 3051 2370 3106 minis
2399 3051 2464 3108 de
2490 3049 2674 3108 divino
2693 3048 2897 3118 judicio
2923 3049 3204 3105 intentatis
3235 3040 3336 3104 sibi
3365 3050 3791 3119 comparaverit.

529 3147 1025 3219 Cbronographus,
1073 3165 1091 3199 ι
1139 3146 1434 3201 monachos
1479 3159 1577 3215 per
1624 3145 1727 3199 alia
1777 3144 2100 3199 monasteria
2128 3125 2175 3190 Ο
2207 3139 2458 3196 Testatur
2505 3138 2632 3196 Otto
2686 3139 2992 3196 Willelmus
3039 3139 3147 3196 dux
3196 3139 3664 3212 Burgundionum,
3711 3144 3795 3196 vir

524 3234 686 3308 jussit
711 3239 1099 3295 secedere......
1127 3237 1314 3307 paucis
1341 3235 1410 3291 ob
1435 3236 1734 3292 custodiam
1764 3234 1865 3290 loci
1893 3242 1947 3290 et
1977 3249 2103 3290 sau-

533 3328 606 3382 cti
629 3327 850 3397 Benigni
878 3327 1156 3382 servitium
1181 3341 1304 3382 cum
1333 3325 1532 3382 domno
1559 3324 1756 3382 abbate
1783 3323 2008 3381 Odilone
2046 3324 2100 3379 in

535 3417 640 3473 hoc
667 3417 786 3474 loco
827 3417 1065 3474 dimissis
1097 3435 1110 3472 :
1141 3432 1300 3487 quem
1340 3416 1409 3470 ad
1451 3417 1554 3472 hoc
1582 3424 1907 3482 accerscrat,
1941 3423 2022 3480 ut,
2057 3415 2102 3470 si

531 3507 674 3562 forte
700 3523 794 3564 rex
821 3507 1022 3577 aliquid
1046 3507 1172 3561 mali
1204 3515 1390 3562 contra
1423 3507 1568 3562 hunc
1594 3505 1772 3562 locum
1799 3505 2101 3572 moliretur,

539 3599 681 3654 illius
711 3600 962 3670 precibus
990 3607 1246 3654 exoratus
1271 3598 1588 3653 dimitteret.
1627 3617 1645 3650 ι
1678 3597 1746 3654 Ει
1775 3613 1833 3654 re
1859 3598 1972 3668 ipsa
1995 3596 2106 3651 Ro—

531 3692 717 3746 licrtus
747 3691 880 3745 nihil
926 3691 1049 3745 mali
1081 3691 1408 3745 monasterio
1434 3690 1635 3745 iutttlit.
1674 3691 1942 3746 Robertus
1967 3690 2105 3746 Bur-

536 3786 863 3854 gundionum
895 3785 1023 3851 dux,
1069 3783 1308 3854 ejusdem
1337 3783 1561 3840 Roberti
1593 3786 1735 3856 regis
1764 3786 1934 3850 Illius,
1977 3801 2105 3841 san-

533 3887 679 3931 ctum
726 3876 1004 3932 0dilonem
1045 3893 1155 3931 sua:
1194 3877 1382 3932 salutis
1425 3888 1472 3931 et
1519 3877 1732 3931 honoris
1785 3878 2020 3932 devotum
2061 3886 2107 3931 et

532 3966 738 4036 fidelem
778 3967 1003 4021 amicum
1062 3968 1313 4037 appellat.
1363 3967 1667 4022 Willelmus
1710 3965 2105 4039 Aquitanorum

534 4055 642 4110 dux
689 4056 759 4110 ita
788 4072 912 4110 eum
941 4059 1336 4123 venerabatur,
1367 4065 1447 4123 ut,
1477 4066 1611 4114 teste
1637 4059 1926 4126 Ademaro,
1961 4074 2022 4116 se
2053 4060 2107 4114 in

534 4163 594 4203 eo
621 4145 848 4218 Spiritus
873 4151 1040 4203 sancti
1071 4149 1316 4218 templum
1361 4150 1702 4220 contemplari
1745 4161 1937 4219 putare
1965 4151 2114 4206 dice—

537 4248 657 4305 ret,
692 4256 847 4312 seque
874 4241 922 4295 ei
948 4241 1001 4294 in
1029 4242 1270 4294 manibus
1293 4240 1707 4296 commendatum
1739 4243 1984 4310 traderet,
2022 4243 2108 4299 cui

538 4329 678 4394 ideo,
707 4325 766 4383 ut
789 4345 952 4400 supra
990 4331 1428 4398 observavimus,
1478 4330 1684 4402 aliquot
1731 4333 1952 4389 ditionis
1999 4348 2110 4388 suae

540 4421 867 4474 monasteria
898 4421 1144 4489 subjecit.

2203 3231 2434 3286 istorum
2457 3239 2759 3302 temporum
2786 3229 3216 3302 potentissimus,
3262 3230 3316 3286 in
3364 3231 3556 3285 charta
3597 3231 3711 3302 jam
3760 3247 3790 3285 a

2208 3321 2366 3377 nobis
2409 3322 2657 3392 superius
2682 3320 2922 3385 laudata,
2955 3335 3014 3376 se
3035 3321 3237 3378 diutius
3262 3323 3424 3376 surda
3448 3338 3580 3376 aure
3619 3322 3792 3376 sancti
3889 3389 3902 3395 η

2205 3409 2397 3468 Ηαὶοιὶ
2451 3421 2499 3466 et
2561 3411 2742 3466 domui
2806 3409 3050 3466 0dilonis
3114 3412 3368 3466 clamores
3419 3412 3789 3481 prteteriuisse,

2209 3505 2398 3574 eisque
2428 3505 2644 3560 tandem
2675 3520 2879 3560 morem
2911 3505 3167 3576 gessisse.
3195 3505 3388 3561 Narrat
3421 3522 3641 3577 quoque
3667 3505 3794 3562 Gla-‘

2205 3595 2305 3651 ber
2332 3594 2616 3662 Rodulfus,
2647 3594 2897 3650 Historia:
2916 3610 3028 3650 sum
3055 3595 3194 3651 libro
3223 3612 3281 3661 tt,
3311 3611 3430 3666 cap.
3464 3598 3497 3652 8
3519 3635 3535 3662 ,
3572 3597 3788 3651 beatum

2205 3683 2486 3740 0dilonem
2515 3683 2755 3741 Roberto
2783 3684 2894 3756 regi
2921 3700 3044 3740 cum
3067 3687 3308 3742 exercitu
3333 3702 3431 3742 suo
3457 3687 3524 3742 ad
3548 3686 3789 3742 obsidio-

2207 3791 2328 3832 nem
2375 3777 2540 3833 castri
2589 3777 2760 3834 sancti
2816 3776 3072 3834 Germani
3133 3793 3303 3848 prope
3351 3779 3787 3834 Antissiodorum

2208 3868 2399 3924 urbem
2445 3869 2758 3939 properanti
2785 3869 3122 3934 occurrisse;
3174 3871 3268 3925 sed
3319 3886 3480 3934 cum,
3520 3871 3598 3924 uti
3650 3871 3790 3925 idem

2210 3969 2403 4016 auctor
2428 3961 2792 4029 prosequitur,
2820 3975 3004 4030 regem
3033 3960 3256 4031 ejusque
3283 3961 3543 4030 primates
3563 3961 3648 4014 vir
3670 3976 3794 4014 san-

2209 4061 2328 4108 ctus
2359 4051 2746 4122 redarguisset,
2778 4052 2921 4119 quod
2966 4051 3225 4106 adversus
3258 4059 3464 4106 tantum
3495 4051 3589 4106 Dei
3617 4052 3793 4122 ponti-

2211 4142 2390 4209 ficem,
2428 4150 2676 4198 sanctum
2709 4140 3061 4208 Germanum,
3103 4141 3285 4199 hostili
3335 4157 3497 4196 manu
3548 4142 3797 4213 insurge-

2212 4240 2367 4298 rent,
2400 4232 2610 4303 ipsique
2651 4232 2751 4287 viri
2796 4231 2894 4288 Dei
2926 4232 3129 4286 monita
3160 4231 3644 4303 contempsissent,
3683 4240 3796 4286 stac

2211 4322 2307 4376 tim
2337 4321 2556 4389 nebula,
2585 4322 2842 4377 divinitus
2863 4330 3073 4388 exorta,
3097 4332 3338 4377 castrum
3359 4321 3582 4376 omnino
3612 4331 3800 4375 conte-

2215 4423 2360 4468 etum
2388 4413 2506 4477 fuit,
2551 4429 2654 4483 qua
2684 4415 2877 4470 muniti
2905 4415 3111 4471 obsessi
3152 4429 3404 4486 magnam
3431 4414 3797 4469 obsidentium

610 4508 698 4563 99.
744 4475 1406 4582 Rodulfus'Transjuranm
1435 4511 1758 4583 Burgundia:
1787 4526 1904 4578 rex,
1951 4509 2111 4579 hujus
2137 4475 2451 4574 DStragem
2492 4475 2687 4558 iecere.
2735 4503 2908 4558 Simili
2954 4502 3068 4560 fere
3120 4475 3415 4568 miraculo,
3464 4501 3796 4568 'Willeltnus,

545 4599 780 4653 nominis
828 4601 1035 4664 tertius,
1082 4600 1135 4654 in
1169 4601 1284 4672 ipso
1331 4603 1481 4672 regni
1531 4602 1614 4658 sui
1662 4601 1816 4657 initio
1862 4601 2111 4656 chartam

544 4686 732 4752 edidit,
761 4701 865 4756 qua
894 4688 1133 4742 declarat
1155 4705 1212 4744 se
1240 4691 1553 4745 monasterii
1580 4690 1955 4746 Cluniacensis
1979 4690 2115 4746 velle

543 4790 668 4832 esse
696 4787 917 4831 tutorem
944 4779 1357 4846 invictissimum,
1389 4795 1685 4849 omnesque
1714 4780 1862 4852 regni
1887 4780 1970 4835 sui
1995 4795 2118 4848 pro-

545 4883 700 4925 ceres
741 4884 805 4924 ac
828 4868 1037 4939 iudices
1077 4878 1416 4925 contestatur
1449 4880 1508 4925 ut
1553 4872 1696 4927 idem
1748 4872 1848 4942 ipsi
1893 4871 2114 4926 faciant.

549 4959 791 5016 Habetur
809 4961 911 5016 hoc
933 4959 1166 5030 diploma
1208 4960 1260 5014 in
1289 4959 1616 5017 Bibliotheca
1648 4961 1971 5028 Sehushna,
1997 4975 2125 5015 ceu-

553 5049 693 5103 turia
722 5065 762 5115 l,
785 5050 873 5105 ch.
904 5049 994 5105 55.
1017 5049 1178 5104 Plura
1210 5051 1276 5107 de
1300 5051 1404 5108 hoc
1429 5052 1671 5124 principe
1705 5066 1998 5122 congerere
2027 5065 2121 5105 su-

551 5137 810 5208 perﬂuum
835 5149 1002 5206 esset,
1050 5155 1172 5196 cum
1216 5141 1398 5197 varias
1447 5139 1616 5212 ipsius
1657 5143 1878 5197 chartas
1921 5141 2122 5209 passim

553 5241 714 5296 supra
739 5227 1154 5284 laudaverimus.
1189 5228 1343 5286 [laud
1374 5229 1550 5285 minor
1573 5237 1692 5285 erat
1729 5229 1867 5296 apud
1907 5239 2124 5283 exteras

555 5329 740 5358 annum
759 5319 998 5358 niiilnnic
1025 5322 1161 5358 fama
1194 5339 1353 5358 nll'lf"
1381 5323 1517 5352 ειη-Ἀ
1545 5321 1722 5358 (lallnc

1770 5319 1899 5358 Pium
1927 5319 2126 5358 Q-nmin

2215 4595 2537 4665 cognomine
2563 4594 2963 4660 Ducca-Uncta,
2997 4609 3181 4648 comes
3207 4593 3652 4659 Matisconensis,
3675 4608 3798 4648 cum

2216 4686 2576 4740 exstruxisset
2619 4694 2858 4739 castrum
2925 4695 3115 4740 contra
3167 4674 3526 4749 Cluniacnm,
3579 4691 3802 4754 repente

2219 4777 2441 4831 claudus
2465 4776 2641 4831 factus
2668 4787 2772 4842 est,
2797 4786 2847 4830 et
2887 4775 2998 4846 Ugo
3024 4791 3206 4832 comes
3235 4775 3353 4846 ejus
3384 4776 3556 4831 hostis
3577 4783 3801 4854 captum

2217 4865 2376 4937 paulo
2403 4875 2523 4934 post
2549 4873 2786 4920 castrum
2817 4865 2946 4920 illud
2976 4866 3161 4931 diruit,
3194 4875 3252 4920 ut
3280 4874 3467 4921 narrat
3493 4865 3803 4920 Adcmarus

2222 4958 2276 5012 in
2303 4955 2572 5012 Chronico
2616 4957 2684 5011 ad
2728 4973 2925 5011 annmn
2979 4957 3136 5012 l020.
3168 4957 3593 5027 Ermengardem
3629 4957 3804 5013 comi-

2223 5049 2432 5114 tissam,
2465 5063 2585 5119 qua:
2610 5047 2886 5104 0dilonem
2919 5049 2983 5102 ad
3011 5050 3344 5118 peccandum
3379 5049 3635 5103 inthasse
3669 5048 3805 5103 dici-

2225 5153 2331 5207 tur,
2379 5145 2456 5200 ita
2509 5159 2628 5199 sese
2682 5159 2843 5214 super
2887 5144 3152 5198 carbones
3207 5144 3460 5199 ardentes
3510 5139 3805 5198 volutando

2229 5236 2509 5299 deterruit,
2539 5244 2597 5287 ut
2646 5235 2760 5290 haec
2808 5235 2913 5305 piis
2939 5235 3193 5304 operibus
3221 5234 3343 5288 dein
3395 5233 3600 5288 intenta
3634 5231 3804 5286 multa

2229 5325 2366 5358 Ιιηιμι
2396 5324 3028 5358 snnnnclnrinanuli-inani!
3079 5323 3351 5358 Pnrlsnnac
3377 5323 3448 5358 illi
3471 5324 3632 5358 Ali-nn
3658 5337 3804 5358 nnrn
