4116 5358
303 281 405 337 873

1746 283 2074 341 ELOGIUM.
3450 291 3555 345 87L

309 414 327 446 ι
359 411 411 450 xi
439 394 560 450 Kal.
591 396 824 453 officium
866 398 958 457 ﬂat
997 398 1216 469 plenum
1249 413 1348 469 pro
1391 399 1608 454 domina
1660 398 1884 453 Ermen-
1912 405 1958 460 Α
1989 406 2150 451 esset.
2188 397 2260 451 Ea
2299 398 2398 453 fuit
2436 403 2673 465 occasio,
2708 403 2760 457 ni
2813 402 2983 468 fallor.
3036 420 3133 460 cur
3159 404 3394 463 Joannes
3435 409 3559 465 ιιι-Χ

303 490 467 559 gardc
501 491 777 545 comitissa
801 531 816 556 ,
851 507 970 561 qum
1008 493 1207 546 donum
1244 492 1418 546 sancti
1462 490 1702 545 Mauricii
1753 506 1877 545 cum

305 582 639 650 appendiciis
667 583 778 637 suis
817 583 883 637 ad
912 583 1189 637 servitium
1236 591 1291 637 et
1332 583 1721 637 recreationcm
1772 582 1881 635 ira-

284 682 449 743 ,trum
486 673 743 727 debilium
773 682 827 727 et
857 673 1192 728 infirmorum
1225 675 1289 728 de
1322 683 1590 728 conventu
1630 672 1881 727 Silvinia-

305 763 452 816 censi
484 778 581 832 per
606 778 821 816 manum
851 762 1144 817 beatissimi
1177 762 1239 818 P.
1270 762 1333 816 Ν.
1380 761 1623 817 Odilunis
1672 763 1780 815 Deo
1827 767 1883 816 et

305 851 552 906 ecclesia:
600 850 972 906 Silviuiacensi
1038 853 1275 906 donavit.
1328 853 1459 906 item
1510 848 1656 906 dedit
1718 851 1881 904 etiam

306 951 522 1013 portum
545 939 614 996 de
646 941 931 995 Firmitate
952 956 1114 1010 super
1140 941 1417 1012 Aligerim.
1442 941 1573 995 item
1604 942 1751 995 dedit
1777 956 1884 994 ma-

308 1046 467 1101 gnam
495 1046 714 1085 crucem
743 1046 985 1085 auream.
1025 1031 1153 1086 Item
1185 1033 1289 1085 duo
1330 1031 1651 1085 candelabra
1692 1045 1885 1099 argen-

308 1130 416 1176 tea.
458 1122 592 1176 item
636 1122 769 1176 duos
811 1136 1018 1191 pannos
1069 1131 1423 1192 purpuratos.
1472 1122 1745 1190 multaque
1783 1120 1884 1174 alia

308 1208 449 1265 bona
479 1212 603 1266 huic
635 1211 967 1267 monasterio
998 1210 1125 1266 fecit
1146 1220 1202 1266 et
1234 1212 1380 1266 dedit
1408 1212 1459 1265 in
1492 1212 1653 1266 terris
1684 1220 1737 1265 et
1760 1225 1888 1281 pra-

310 1299 398 1352 tis.
448 1317 468 1351 ι

310 1407 421 1463 Yﬂ.
467 1408 1087 1483 Monasteriijibertales
1126 1420 1327 1473 tuetur,
1385 1413 1887 1483 archiepiscopatum

776 1479 1175 1549 Lugdunensem
1203 1492 1426 1536 recusat.

382 1568 506 1623 l0'2.
533 1567 739 1623 Tantus
765 1570 1079 1639 pontificum
1104 1579 1158 1624 et
1186 1571 1490 1643 principum
1516 1587 1645 1641 crga
1673 1571 1887 1627 beatum

301 1656 596 1714 ﬂdilonem
624 1674 689 1714 ac
715 1660 1098 1716 Cluniacenses
1122 1661 1345 1717 affectus
1368 1663 1621 1718 cohibere
1650 1679 1754 1717 non
1794 1677 1889 1733 po-

1984 487 2256 542 Romanus
2283 478 2518 557 pontifex
2548 493 2613 545 ad
2637 492 2973 558 Ganslinum,
3005 504 3113 549 tum
3137 497 3300 551 etiam
3328 500 3394 553 ad
3424 500 3556 554 Bur-

1982 577 2244 632 chardum
2274 577 2681 648 Lugdunensem
2734 582 2940 639 litteras
2989 588 3280 656 scripserit,
3312 605 3405 645 eos
3433 607 3557 662 gra-

1981 671 2121 724 viter
2151 671 2555 739 reprehendens
2581 675 2721 742 quod
2772 680 3156 732 monasterium
3180 678 3550 752 Cluniacense,

1983 758 2201 827 speciali
2223 761 2530 828 apostolica:
2560 764 2770 817 tuitioni
2799 766 3165 830 commissum.
3190 778 3243 823 et
3272 768 3552 828 Odiloncm

1983 851 2378 905 sanctissimum
2434 855 2681 908 abbatem
2735 869 3011 911 vexarent.
3063 858 3327 915 Defuncto
3372 872 3553 920 tamen

1984 939 2141 1010 paulo
2165 950 2283 1011 post
2320 941 2597 1008 Gauslino,
2647 945 2887 1015 vesugiis
2922 947 3087 1015 ipsius
3128 949 3322 1006 institit
3348 951 3552 1009 Walle-

1985 1030 2099 1084 rius
2128 1032 2243 1098 ejus
2268 1048 2567 1100 successor,
2590 1043 2648 1088 ut
2694 1046 2912 1089 narrant
2946 1037 3137 1095 Petrus
3162 1057 3191 1095 a
3226 1041 3427 1097 Sancto
3464 1043 3560 1099 Ju-

1986 1120 2152 1186 liano,
2185 1123 2383 1193 aliique
2411 1126 2608 1194 passim
2650 1128 2961 1196 scriptores.
3000 1130 3153 1187 Unde
3197 1149 3383 1188 ansam
3413 1151 3560 1190 sumo

1986 1212 2114 1283 psit,
2174 1215 2249 1269 uti
2295 1217 2534 1283 videtur,
2588 1219 2725 1273 idem
2765 1218 3000 1275 Joannes
3046 1225 3283 1292 pontifex
3324 1227 3559 1283 Bobcrto

1988 1304 2099 1373 regi
2134 1305 2427 1362 ‘scribendi
2476 1310 2737 1365 adversus
2783 1328 2875 1367 eos
2916 1315 3226 1371 sacerdotes
3261 1320 3352 1388 qui
3401 1321 3560 1391 privi-

1988 1392 2125 1465 legia
2153 1411 2248 1465 per
2276 1400 2458 1452 sedem
2490 1400 2836 1469 apostolicam
2863 1401 3202 1460 Cluniacensi
3232 1411 3559 1466 monasterio

1988 1497 2242 1538 concessa
2266 1487 2569 1541 convellere
2600 1489 2896 1575 tentabant.
2932 1491 3041 1547 lmo
3071 1508 3181 1548 rem
3206 1496 3268 1549 ad
3295 1498 3558 1567 synodum

1989 1586 2108 1641 qua:
2140 1573 2321 1628 Romae
2372 1590 2515 1631 anno
2564 1573 2699 1632 1027
2746 1578 2930 1634 habita
2976 1590 3060 1636 est
3118 1583 3346 1638 delatam
3396 1586 3562 1642 fuisse

1989 1668 2140 1730 patet
2183 1677 2249 1715 ex
2293 1661 2531 1732 ejusdem
2585 1666 2855 1735 pontificis
2898 1670 3123 1739 epistola
3173 1673 3239 1725 ad
3283 1674 3563 1733 universos

312 1750 418 1803 tuit
465 1750 856 1804 monachorum
885 1751 1248 1815 aemulatores,
1287 1753 1416 1822 quin
1464 1753 1545 1807 eis
1568 1755 1781 1821 negotia
1813 1752 1890 1807 fa-
1920 1744 1968 1806 Β
1996 1747 2202 1816 fideles,
2226 1751 2279 1805 in
2309 1767 2447 1821 qua,
2493 1755 2831 1811 conﬁrmatis
2860 1757 2925 1811 de
2974 1773 3241 1815 consensu
3274 1764 3565 1822 astantium

313 1847 612 1903 cesserant,
643 1847 754 1892 tum
783 1839 852 1893 ob
886 1840 1259 1909 temporalium
1285 1840 1549 1895 bonorum
1586 1841 1889 1911 possessio-

314 1944 433 1993 nes,
467 1939 580 1983 tum
622 1929 698 1984 ob
725 1930 1002 2001 privilegia
1047 1932 1128 1986 eis
1166 1947 1442 1996 concessa,
1484 1948 1605 2004 qua:
1651 1934 1893 1989 nonnulli

305 2021 621 2077 convellere
677 2023 803 2077 totis
861 2022 1070 2078 viribus
1123 2024 1301 2078 conati
1350 2033 1497 2077 sunt.
1545 2023 1894 2095 Paragrapho

306 2113 583 2184 superiori
603 2113 775 2169 bullas
798 2114 999 2184 aliquot
1020 2114 1335 2183 pontificum
1357 2113 1715 2178 laudavimus,
1739 2114 1895 2183 queis

316 2202 470 2258 viros
494 2203 548 2257 in
578 2201 774 2258 saeculo
800 2212 1047 2274 potentes
1070 2202 1464 2273 redarguebant
1487 2203 1750 2258 bonorum
1781 2218 1895 2258 mo-

317 2294 547 2349 nasterii
570 2295 864 2349 invasores.
894 2294 963 2348 At
987 2293 1156 2348 multo
1180 2293 1446 2349 difﬁcilius
1493 2293 1594 2349 fuit
1642 2293 1895 2350 Matisco-

312 2385 567 2440 nensium
597 2386 970 2456 episcoporum
1000 2385 1282 2440 conatibus
1310 2385 1606 2449 obsistere,
1634 2386 1725 2455 qui
1755 2400 1896 2457 εδει-θ

320 2475 570 2530 ferebant
610 2476 996 2531 monasterium
1034 2475 1416 2542 Cluniacense,
1448 2476 1590 2531 intra
1620 2492 1732 2532 sum
1760 2478 1897 2532 dice-

312 2582 510 2623 ceseos
541 2568 674 2623 fines
700 2578 1070 2623 constructum
1090 2609 1105 2635 ,
1138 2584 1168 2622 a
1196 2584 1292 2624 sua
1320 2569 1490 2638 ipsius
1516 2566 1899 2637 iurisdictione

312 2657 505 2711 eximi.
545 2656 935 2713 Coneesserant
967 2661 1162 2730 quippe
1191 2661 1472 2730 pontifices
1516 2659 1747 2715 Romani
1782 2662 1899 2731 pri-

316 2747 513 2817 vilegia
542 2748 1011 2814 Cluniacensihus,
1042 2751 1235 2820 quibus
1259 2767 1324 2807 ex
1363 2751 1617 2807 Willelmi
1658 2753 1903 2807 condito-

319 2839 399 2894 ris
444 2842 751 2896 testamenti
800 2842 1114 2911 prrescripto
1161 2858 1224 2897 ac
1262 2857 1447 2912 regum
1497 2852 1553 2897 et
1596 2843 1898 2913 principum

323 2943 593 2984 concessu
639 2931 948 2985 immunitas
982 2933 1291 2987 omnimoda
1330 2935 1659 2989 monasterio
1685 2932 1901 2989 Clunia-

320 3018 471 3072 censi
507 3020 890 3075 asserebatur:
940 3021 1145 3076 scilicet
1173 3030 1229 3075 ut
1256 3023 1504 3077 monachi
1532 3020 1899 3079 Cluniacensis

320 3107 640 3161 monasterii
678 3122 708 3160 a
739 3123 1060 3178 quocunque
1082 3109 1354 3180 episcopo,
1387 3118 1550 3180 prout
1577 3110 1753 3165 abbati
1785 3112 1899 3179 pla-
1926 3087 1970 3148 Ο

324 3206 497 3261 ceret,
532 3197 769 3251 ordinari
801 3206 1051 3267 possent;
1079 3213 1176 3253 nec
1204 3200 1495 3268 quidquam
1525 3198 1663 3268 juris
1688 3201 1741 3254 in
1779 3200 1899 3255 loco

324 3282 421 3338 illo
446 3284 672 3341 haberet
710 3287 994 3356 episcopus
1030 3287 1460 3354 Matisconeusis,
1503 3290 1610 3345 imo
1658 3305 1758 3345 nec
1794 3292 1900 3345 nisi

330 3373 399 3428 ab
428 3375 626 3431 abbate
673 3377 934 3431 invitatus
984 3376 1107 3432 illuc
1141 3378 1398 3433 accedere
1436 3388 1637 3448 posset.
1670 3380 1795 3434 Haec
1823 3380 1904 3435 di-

329 3474 473 3521 serte
516 3466 785 3522 habentur
813 3468 865 3523 in
894 3468 1032 3523 bulla
1057 3467 1300 3540 Gregorii
1351 3469 1524 3539 quinti
1556 3462 1599 3525 a‘
1629 3472 1784 3527 nobis
1810 3486 1904 3540 pa-

332 3560 599 3629 ragrapho
628 3560 892 3627 superiori
941 3561 1173 3628 laudata,
1221 3577 1340 3632 qua:
1381 3576 1411 3616 a
1452 3563 1905 3633 subsequentibus

324 3650 676 3716 pontificibus
703 3650 1019 3705 confirmata
1042 3650 1279 3705 fuerunt.

402 3737 524 3792 105.
552 3738 862 3810 Privilegiis
897 3741 1026 3796 istis
1061 3742 1299 3796 munitus
1320 3734 1481 3797 0dilo
1524 3738 1902 3796 Burcbardum

335 3829 694 3886 Viennensem
712 3833 1172 3903 archiepiscopum
1197 3834 1441 3888 invitavit
1463 3843 1519 3888 ut
1539 3834 1905 3888 ordinationes

330 3922 474 3988 apud
502 3919 817 3976 Cluuiacum
846 3918 1163 3976 celebraret.
1205 3921 1357 3988 Quod
1398 3937 1519 3976 cum
1555 3921 1640 3975 ille
1669 3920 1903 3986 fecisset,

335 4008 573 4074 graviter
625 4019 952 4079 conquestus
1011 4021 1089 4066 est
1148 4008 1440 4065 Gauslinns
1500 4009 1908 4065 Matisconeusis

326 4099 619 4169 episcopus
641 4101 902 4156 adversus
927 4117 1074 4165 eum,
1099 4117 1320 4172 remque
1344 4098 1533 4156 detulit
1556 4101 1621 4155 ad
1644 4104 1906 4172 synodum

335 4188 632 4254 Ansanam.
658 4192 744 4246 cui
767 4207 909 4248 anno
942 4193 1079 4247 1025
1109 4193 1304 4248 habitae
1334 4194 1476 4248 inter
1514 4192 1647 4248 alios
1690 4192 1910 4262 pontifi-

336 4293 426 4333 ces
457 4279 719 4335 intererat
741 4295 954 4349 quoque
986 4280 1350 4335 Burcltartlus.
1382 4281 1483 4348 Qui
1530 4296 1653 4335 cum
1685 4297 1716 4334 a
1759 4281 1907 4336 Catt-

1992 1840 2309 1910 pentificum
2341 1846 2652 1899 munasterii
2681 1845 3048 1903 Cluniacensis
3084 1851 3397 1924 privilegiis,
3430 1871 3563 1925 pra!»

1994 1943 2144 1989 acute
2174 1935 2339 1989 etiam
2370 1935 2620 1992 Conrado
2653 1938 3008 2008 imperatore.
3034 1941 3193 2010 paulo
3230 1953 3386 1999 antea
3417 1961 3567 2002 coro-

1992 2031 2143 2088 lato,
2194 2025 2445 2092 prohibet
2529 2041 2599 2081 ne
2646 2027 2767 2097 quis
2822 2030 3117 2085 monachos
3188 2031 3569 2091 Cluniacenses

1994 2114 2468 2170 excommunicare
2502 2117 2716 2180 audeat,
2747 2117 2956 2187 aliaque
2979 2118 3150 2176 fusius
3170 2124 3424 2193 exponit,
3447 2139 3568 2193 qua:

1996 2200 2169 2256 videri
2202 2213 2427 2271 possunt
2464 2205 2519 2258 in
2551 2204 2790 2261 Bullario
2817 2207 3189 2274 Cluniacensi,
3216 2228 3337 2282 pag.
3368 2214 3421 2268 9.
3454 2212 3571 2268 Cte-

1992 2296 2174 2345 terum
2214 2292 2331 2348 haec
2367 2296 2733 2350 controversia
2767 2297 2960 2367 saepius
2986 2301 3296 2368 posteasub
3323 2300 3568 2357 Odilonis

1994 2383 2401 2438 successoribus
2440 2385 2750 2454 recruduit;
2793 2389 2884 2442 sed
2911 2389 3037 2458 quid
3073 2391 3288 2445 tandem
3317 2406 3380 2446 ea
3412 2406 3569 2448 occa-

1996 2470 2150 2526 sione
2180 2472 2232 2526 in
2268 2473 2501 2529 concilio
2544 2474 2797 2533 Remensi
2839 2478 2939 2532 sub
2988 2478 3275 2535 Callistoli
3307 2489 3570 2537 statutum

1996 2559 2184 2627 fuerit,
2216 2561 2413 2632 legesis
2438 2565 2578 2635 apud
2604 2564 2918 2621 0rderieum
2945 2569 3199 2624 Vitalem.

2026 2680 2029 2683 -
2071 2651 2194 2706 104.
2223 2652 2353 2706 Eam
2385 2669 2511 2709 vero
2533 2656 2843 2711 monasterii
2867 2657 2950 2712 sui
2981 2658 3338 2716 immunitatis
3360 2661 3571 2718 tuendae

1994 2744 2432 2803 sollicitudinem.
2486 2761 2593 2816 qua
2642 2747 2927 2803 tenebatur
2983 2750 3065 2805 vir
3112 2762 3350 2817 sanctus,
3400 2753 3573 2807 ambi-

2000 2834 2132 2887 tioni
2171 2850 2513 2905 nequaquam
2569 2852 2687 2891 esse
2736 2839 3071 2893 tribuendam
3118 2841 3202 2895 vel
3248 2858 3314 2896 ex
3355 2856 3419 2896 eo
3457 2841 3573 2897 solo

1998 2933 2148 2994 patet
2181 2926 2323 2993 quod
2367 2927 2725 2996 amplissimas
2770 2929 3061 2998 dignitates
3102 2931 3244 2985 ultro
3289 2932 3390 2985 sibi
3426 2932 3574 2985 obla-

2004 3021 2087 3067 tas
2139 3024 2453 3069 constanter
2504 3019 2854 3072 recusaverit.
2913 3019 3082 3088 Hujus
3131 3020 3208 3073 rei
3266 3014 3572 3091 exemplum

2002 3101 2209 3156 illustre
2252 3104 2567 3173 suppeditat
2601 3107 2757 3160 nobis
2795 3105 2993 3161 Glaber
3044 3107 3309 3163 Rodulf‘us
3353 3109 3490 3164 libro
3537 3125 3569 3162 v

2002 3190 2252 3247 Historiae
2279 3209 2406 3259 suae,
2456 3210 2574 3265 cap.
2622 3194 2676 3259 ι,
2712 3197 2825 3262 ubi,
2853 3206 2974 3266 post
3003 3196 3198 3252 relatas
3244 3200 3421 3253 varias
3460 3198 3577 3253 dis-

2001 3283 2333 3351 ceptationes
2376 3299 2495 3354 quas
2546 3295 2668 3355 post
2714 3286 3010 3342 Burchardi
3048 3285 3419 3358 Lugdunensis
3462 3290 3577 3366 epi-

2000 3371 2153 3441 sc0pi
2184 3380 2408 3427 mortem
2440 3374 2493 3428 in
2535 3376 2865 3431 successoris
2905 3377 3167 3433 electione
3213 3387 3414 3433 exorta:
3454 3377 3544 3433 fue

2003 3470 2149 3525 runt,
2177 3463 2292 3518 bac
2315 3464 2589 3535 subjungit
2612 3483 2625 3519 :
2658 3484 2675 3517 ι
2704 3465 2834 3533 Qum
2852 3468 3033 3522 omnia
3057 3469 3182 3523 dum
3206 3468 3408 3538 perlata
3440 3467 3574 3524 fuis-

2001 3563 2124 3607 sent
2158 3557 2403 3611 Romano
2452 3557 2714 3625 pontifici,
2761 3568 3071 3629 suggestum
3123 3568 3208 3613 est
3250 3560 3302 3614 ei
3353 3575 3381 3613 a
3437 3560 3572 3614 viris

2004 3645 2250 3702 fidelibus
2284 3656 2345 3701 ut
2383 3662 2481 3702 sua
2509 3650 2831 3705 auctoritate
2870 3650 3082 3704 Patrem
3109 3648 3412 3712 Odilonem,
3442 3648 3571 3703 Clu-

2009 3736 2275 3791 niacensis
2302 3738 2614 3793 monasterii
2642 3739 2911 3804 abbatem,
2943 3738 3141 3794 ibidem
3182 3738 3403 3809 eligeret
3439 3752 3573 3793 con-

2006 3829 2208 3883 secrari
2259 3828 2601 3898 pontificem;
2647 3831 2726 3886 sic
2770 3830 2911 3884 enim
2964 3831 3127 3886 totius
3166 3830 3298 3884 cieri
3347 3844 3412 3884 ac
3464 3828 3579 3899 ple-

2006 3917 2090 3972 bis
2131 3926 2323 3987 aptans
2360 3920 2692 3975 acclamabat
2732 3920 2966 3976 devotio.
3016 3920 3119 3985 Qui
3162 3920 3410 3989 protinus
3445 3919 3569 3973 mit-

2003 4014 2125 4062 tens
2167 4008 2343 4062 eidem
2396 4007 2540 4063 Patri
2580 4009 2798 4079 pallium
2836 4010 2994 4064 simul
3045 4019 3101 4064 et
3150 4009 3427 4073 annulum,
3472 4008 3567 4063 im-

2005 4099 2216 4168 peravit
2265 4100 2515 4155 emndem
2554 4101 2822 4169 prmdietze
2871 4100 3077 4155 civitati
3136 4098 3251 4154 fore
3300 4097 3572 4167 archiepi-

2006 4203 2249 4258 scopum.
2280 4188 2386 4244 Sed
2416 4191 2496 4243 vir
2518 4190 2800 4259 religiosus
2820 4204 2931 4244 sum
2954 4189 3271 4244 humilitatis
3293 4190 3581 4244 attendens

2008 4281 2340 4350 propositum
2388 4278 2712 4335 omnimodis
2769 4281 2948 4335 renuit
2976 4280 3120 4345 fieri,
3147 4280 3366 4351 pallium
3396 4288 3452 4333 et
3477 4294 3579 4332 an-

328 4369 473 4425 slino
499 4386 560 4426 ea
592 4372 660 4425 de
708 4388 767 4425 re
800 4386 982 4427 coram
1012 4372 1262 4427 Patribus
1296 4382 1663 4437 accusaretur,
1692 4372 1906 4441 culpam
1941 4431 1980 4441 ﬁ
2012 4370 2196 4423 nulum
2228 4369 2550 4440 suscipiens,
2580 4370 2653 4423 illi
2678 4371 2770 4439 qui
2820 4372 2929 4425 Deo
2958 4370 3150 4438 dignus
3178 4370 3458 4435 existeret,
3489 4383 3579 4424 re-

337 4476 550 4516 onmcm
584 4462 635 4515 in
658 4463 939 4517 Odilonem
980 4462 1184 4530 rejecit.
1215 4464 1543 4518 Accersitus
1567 4466 1748 4533 itaque
1786 4479 1912 4519 san-
1936 4431 1987 4490 Β
2014 4460 2249 4514 servavit
2272 4459 2453 4515 futuro
2471 4461 2710 4531 pontifici
2732 4461 2970 4530 ejusdem
2993 4460 3157 4515 sedis.
3186 4479 3204 4511 ι
3230 4460 3374 4515 Idem
3398 4469 3587 4517 narrat

339 4558 457 4605 ctus
486 4552 659 4606 abbas
711 4567 836 4606 cum
866 4552 1073 4622 aliquot
1098 4568 1128 4607 e
1149 4554 1261 4607 suis
1286 4554 1563 4608 monachis
1591 4554 1912 4622 comparuit,
2016 4552 2166 4624 fingo
2195 4555 2362 4610 abbas
2384 4554 2810 4610 Flaviniaccnsis
2848 4555 2904 4608 in
2932 4553 3205 4609 Chronico
3239 4551 3582 4617 Virdunensi,

333 4643 665 4712 protulitque
696 4643 748 4697 in
775 4644 1009 4698 medium
1034 4645 1307 4714 privilegia
1337 4659 1459 4713 quae
1486 4645 1646 4699 modo
1670 4657 1919 4698 recense—
2016 4644 2106 4699 ubi
2136 4645 2187 4698 id
2214 4661 2243 4697 a
2273 4644 2537 4716 Gregorio
2568 4660 2698 4714 papa
2729 4644 2929 4699 factum
2963 4644 3130 4700 fuisse
3170 4645 3395 4709 scribit,
3425 4657 3584 4712 quem

335 4730 544 4796 bamus,
582 4735 739 4802 queis
764 4733 970 4788 licitum
1001 4742 1088 4789 est
1106 4734 1286 4788 abbati
1307 4732 1646 4788 Cluniacensi
1666 4740 1745 4797 ut,
1767 4737 1916 4801 [νωι-
2019 4737 2234 4806 quidem
2264 4734 2584 4805 Gregorium
2607 4734 2719 4803 ejus
2739 4736 2975 4792 nominis
2992 4744 3208 4790 sextum
3234 4733 3400 4787 fuisse
3425 4730 3589 4785 refert

335 4820 523 4879 habito
547 4823 931 4880 Matisconensi
978 4826 1262 4896 episc0po,
1306 4839 1682 4895 quemcunque
1731 4822 1913 4879 mallet
2019 4835 2176 4881 vetus
2211 4836 2399 4879 auctor
2432 4826 2687 4881 Chronici
2719 4825 3092 4880 Cluniaeensis
3137 4838 3240 4878 ms.
3286 4820 3359 4873 At
3389 4820 3589 4887 Grego-

332 4913 647 4983 episcoputn
674 4923 859 4984 posset
902 4930 1183 4971 accersere
1220 4916 1288 4970 ad
1326 4916 1678 4970 celebrandas
1710 4916 1766 4968 in
1801 4930 1915 4969 mo-
2022 4915 2135 4969 rius
2160 4928 2301 4968 anno
2329 4913 2465 4968 1044
2496 4914 2700 4968 electus
2722 4920 2807 4967 est
2843 4914 2897 4967 in
2924 4913 3227 4966 Romanum
3254 4907 3591 4975 pontificem.

333 5006 579 5059 nasterio
608 5006 954 5062 Cluniacensi
982 5007 1374 5062 ordinationes.
1410 5008 1479 5062 At
1506 5008 1695 5062 Patres
1721 5007 1812 5076 qui
1840 5006 1913 5062 ibi
2020 5018 2128 5074 quo
2156 5010 2396 5074 tempore
2414 5001 2530 5071 jam
2557 5004 2626 5058 ab
2651 5002 2851 5070 aliquot
2874 4999 3031 5054 annis
3057 4994 3367 5059 Odelricus.
3394 4995 3484 5064 qui
3511 5007 3598 5046 τε-

334 5094 555 5126 ιι.’1οιηιησ
633 5095 782 5126 Ιηλιέι.
839 5097 1027 5126 ιηηυυῑῖ
1088 5098 1540 5126 Γληιιυιιιηυιηοζη
1595 5096 1888 5126 Annua-{hung
2019 5094 2205 5126 νει-οηθῖ
2239 5086 2446 5126 {Lini-tn;
2476 5091 2794 5126 cnhclilnlnc
2824 5097 2903 5126 ραι
2970 5083 3316 5126 animmnai
3350 5081 3603 5126 Εορὶιειίςρ
