  <div class='ocr_page' id='page_1' title='image "/cluster/home/n/w/nwhite01/storage/ocr_20150623/142/hvd.32044015471808/443.png"; bbox 0 0 4116 5358; ppageno 0'>
   <div class='ocr_carea' id='block_1_1' title="bbox 563 317 675 374">
    <p class='ocr_par' dir='ltr' id='par_1_1' title="bbox 563 317 675 374">
     <span class='ocr_line' id='line_1_1' title="bbox 563 317 675 374; baseline -0.018 0"><span class='ocrx_word' id='word_1_1' title='bbox 563 317 675 374; x_wconf 81' lang='lat'><strong>875</strong></span> 
     </span>
    </p>
   </div>
   <div class='ocr_carea' id='block_1_2' title="bbox 1453 313 2793 377">
    <p class='ocr_par' dir='ltr' id='par_1_2' title="bbox 1453 313 2793 377">
     <span class='ocr_line' id='line_1_2' title="bbox 1453 313 2793 377; baseline 0.003 -3"><span class='ocrx_word' id='word_1_2' title='bbox 1453 317 1508 374; x_wconf 91' lang='lat' dir='ltr'><strong>S.</strong></span> <span class='ocrx_word' id='word_1_3' title='bbox 1549 316 1865 376; x_wconf 75' lang='lat' dir='ltr'><strong>ODlLONlS</strong></span> <span class='ocrx_word' id='word_1_4' title='bbox 1903 313 2398 377; x_wconf 70' lang='lat' dir='ltr'><strong>,CLUNIACENSIS</strong></span> <span class='ocrx_word' id='word_1_5' title='bbox 2433 317 2726 376; x_wconf 74' lang='lat' dir='ltr'><strong>ABBATIS</strong></span> <span class='ocrx_word' id='word_1_6' title='bbox 2753 322 2793 377; x_wconf 71' lang='grc' dir='ltr'><strong>ν</strong></span> 
     </span>
    </p>
   </div>
   <div class='ocr_carea' id='block_1_3' title="bbox 3723 319 3822 374">
    <p class='ocr_par' dir='ltr' id='par_1_3' title="bbox 3723 319 3822 374">
     <span class='ocr_line' id='line_1_3' title="bbox 3723 319 3822 374; baseline -0.061 0"><span class='ocrx_word' id='word_1_7' title='bbox 3723 319 3822 374; x_wconf 80' lang='grc'><strong>878</strong></span> 
     </span>
    </p>
   </div>
   <div class='ocr_carea' id='block_1_4' title="bbox 567 427 3823 506">
    <p class='ocr_par' dir='ltr' id='par_1_4' title="bbox 567 427 3823 506">
     <span class='ocr_line' id='line_1_4' title="bbox 567 427 3823 506; baseline 0.002 -21"><span class='ocrx_word' id='word_1_8' title='bbox 567 431 754 486; x_wconf 86' lang='lat' dir='ltr'><strong>Diurni</strong></span> <span class='ocrx_word' id='word_1_9' title='bbox 783 430 1006 485; x_wconf 80' lang='lat' dir='ltr'><strong>Romani</strong></span> <span class='ocrx_word' id='word_1_10' title='bbox 1050 428 1124 483; x_wconf 90' lang='lat' dir='ltr'><strong>ait</strong></span> <span class='ocrx_word' id='word_1_11' title='bbox 1168 427 1448 485; x_wconf 85' lang='lat' dir='ltr'><strong>0dilonem</strong></span> <span class='ocrx_word' id='word_1_12' title='bbox 1479 446 1510 484; x_wconf 88' lang='lat' dir='ltr'><strong>a</strong></span> <span class='ocrx_word' id='word_1_13' title='bbox 1540 431 1834 487; x_wconf 89' lang='lat' dir='ltr'><strong>Benedicto</strong></span> <span class='ocrx_word' id='word_1_14' title='bbox 1871 431 1941 486; x_wconf 77' lang='lat' dir='ltr'><strong>IX</strong></span> <span class='ocrx_word' id='word_1_15' title='bbox 1979 433 2030 487; x_wconf 93' lang='lat' dir='ltr'><strong>in</strong></span> <span class='ocrx_word' id='word_1_16' title='bbox 2063 448 2149 486; x_wconf 88' lang='lat' dir='ltr'><strong>ar-</strong></span> <span class='ocrx_word' id='word_1_17' title='bbox 2175 436 2222 492; x_wconf 79' lang='grc' dir='ltr'><strong>Α</strong></span> <span class='ocrx_word' id='word_1_18' title='bbox 2252 442 2518 500; x_wconf 78' lang='lat' dir='ltr'><strong>praesente</strong></span> <span class='ocrx_word' id='word_1_19' title='bbox 2542 433 2683 488; x_wconf 89' lang='lat' dir='ltr'><strong>beati</strong></span> <span class='ocrx_word' id='word_1_20' title='bbox 2709 434 2882 489; x_wconf 88' lang='lat' dir='ltr'><strong>Patris</strong></span> <span class='ocrx_word' id='word_1_21' title='bbox 2904 433 3174 489; x_wconf 83' lang='lat' dir='ltr'><strong>Benedicti</strong></span> <span class='ocrx_word' id='word_1_22' title='bbox 3210 434 3426 498; x_wconf 88' lang='lat' dir='ltr'><strong>vicario,</strong></span> <span class='ocrx_word' id='word_1_23' title='bbox 3452 436 3541 506; x_wconf 88' lang='lat' dir='ltr'><strong>qui</strong></span> <span class='ocrx_word' id='word_1_24' title='bbox 3571 435 3823 490; x_wconf 76' lang='lat' dir='ltr'><strong>abbatum</strong></span> 
     </span>
    </p>
   </div>
   <div class='ocr_carea' id='block_1_5' title="bbox 563 517 2144 588">
    <p class='ocr_par' dir='ltr' id='par_1_5' title="bbox 563 517 2144 588">
     <span class='ocr_line' id='line_1_5' title="bbox 563 517 2144 588; baseline 0.002 -15"><span class='ocrx_word' id='word_1_25' title='bbox 563 519 963 587; x_wconf 89' lang='lat' dir='ltr'><strong>chiepiscopum</strong></span> <span class='ocrx_word' id='word_1_26' title='bbox 990 517 1399 588; x_wconf 74' lang='lat' dir='ltr'><strong>Lugdunensem</strong></span> <span class='ocrx_word' id='word_1_27' title='bbox 1432 518 1597 573; x_wconf 88' lang='lat' dir='ltr'><strong>fuisse</strong></span> <span class='ocrx_word' id='word_1_28' title='bbox 1625 521 1875 575; x_wconf 90' lang='lat' dir='ltr'><strong>electum.</strong></span> <span class='ocrx_word' id='word_1_29' title='bbox 1897 523 1966 576; x_wconf 81' lang='lat' dir='ltr'><strong>At</strong></span> <span class='ocrx_word' id='word_1_30' title='bbox 1991 522 2058 584; x_wconf 90' lang='lat' dir='ltr'><strong>id,</strong></span> <span class='ocrx_word' id='word_1_31' title='bbox 2085 531 2144 576; x_wconf 86' lang='lat' dir='ltr'><strong>ut</strong></span> 
     </span>
    </p>
   </div>
   <div class='ocr_carea' id='block_1_6' title="bbox 557 610 2142 681">
    <p class='ocr_par' dir='ltr' id='par_1_6' title="bbox 557 610 2142 681">
     <span class='ocr_line' id='line_1_6' title="bbox 557 610 2142 681; baseline 0 -14"><span class='ocrx_word' id='word_1_32' title='bbox 557 613 780 681; x_wconf 85' lang='lat' dir='ltr'><strong>quidem</strong></span> <span class='ocrx_word' id='word_1_33' title='bbox 804 625 1108 675; x_wconf 83' lang='lat' dir='ltr'><strong>censemus,</strong></span> <span class='ocrx_word' id='word_1_34' title='bbox 1137 612 1236 665; x_wconf 89' lang='lat' dir='ltr'><strong>sub</strong></span> <span class='ocrx_word' id='word_1_35' title='bbox 1257 610 1482 665; x_wconf 80' lang='lat' dir='ltr'><strong>Joannis</strong></span> <span class='ocrx_word' id='word_1_36' title='bbox 1511 611 1634 666; x_wconf 78' lang='lat' dir='ltr'><strong>XIX</strong></span> <span class='ocrx_word' id='word_1_37' title='bbox 1665 612 1976 681; x_wconf 83' lang='lat' dir='ltr'><strong>pontificatu</strong></span> <span class='ocrx_word' id='word_1_38' title='bbox 2008 629 2142 667; x_wconf 86' lang='lat' dir='ltr'><strong>eon-</strong></span> 
     </span>
    </p>
   </div>
   <div class='ocr_carea' id='block_1_7' title="bbox 553 701 2142 772">
    <p class='ocr_par' dir='ltr' id='par_1_7' title="bbox 553 701 2142 772">
     <span class='ocr_line' id='line_1_7' title="bbox 553 701 2142 772; baseline 0.002 -16"><span class='ocrx_word' id='word_1_39' title='bbox 553 702 747 771; x_wconf 84' lang='lat' dir='ltr'><strong>tigisse</strong></span> <span class='ocrx_word' id='word_1_40' title='bbox 771 701 1117 756; x_wconf 90' lang='lat' dir='ltr'><strong>verisimilius</strong></span> <span class='ocrx_word' id='word_1_41' title='bbox 1137 711 1238 755; x_wconf 90' lang='lat' dir='ltr'><strong>est.</strong></span> <span class='ocrx_word' id='word_1_42' title='bbox 1267 702 1384 772; x_wconf 85' lang='lat' dir='ltr'><strong>Ipse</strong></span> <span class='ocrx_word' id='word_1_43' title='bbox 1403 703 1545 756; x_wconf 91' lang='lat' dir='ltr'><strong>enim</strong></span> <span class='ocrx_word' id='word_1_44' title='bbox 1574 701 1827 765; x_wconf 84' lang='lat' dir='ltr'><strong>Joannes,</strong></span> <span class='ocrx_word' id='word_1_45' title='bbox 1847 705 1898 758; x_wconf 93' lang='lat' dir='ltr'><strong>in</strong></span> <span class='ocrx_word' id='word_1_46' title='bbox 1920 705 2142 772; x_wconf 88' lang='lat' dir='ltr'><strong>epistola</strong></span> 
     </span>
    </p>
   </div>
   <div class='ocr_carea' id='block_1_8' title="bbox 549 791 2138 862">
    <p class='ocr_par' dir='ltr' id='par_1_8' title="bbox 549 791 2138 862">
     <span class='ocr_line' id='line_1_8' title="bbox 549 791 2138 862; baseline 0.003 -18"><span class='ocrx_word' id='word_1_47' title='bbox 549 795 615 846; x_wconf 88' lang='lat' dir='ltr'><strong>ad</strong></span> <span class='ocrx_word' id='word_1_48' title='bbox 655 791 960 857; x_wconf 86' lang='lat' dir='ltr'><strong>Odiionem,</strong></span> <span class='ocrx_word' id='word_1_49' title='bbox 992 807 1186 862; x_wconf 81' lang='lat' dir='ltr'><strong>graves</strong></span> <span class='ocrx_word' id='word_1_50' title='bbox 1233 793 1491 848; x_wconf 89' lang='lat' dir='ltr'><strong>adversus</strong></span> <span class='ocrx_word' id='word_1_51' title='bbox 1516 810 1637 847; x_wconf 92' lang='lat' dir='ltr'><strong>eum</strong></span> <span class='ocrx_word' id='word_1_52' title='bbox 1667 794 1912 862; x_wconf 81' lang='lat' dir='ltr'><strong>querelas</strong></span> <span class='ocrx_word' id='word_1_53' title='bbox 1943 804 2138 860; x_wconf 84' lang='lat' dir='ltr'><strong>movet,</strong></span> 
     </span>
    </p>
   </div>
   <div class='ocr_carea' id='block_1_9' title="bbox 551 883 2134 954">
    <p class='ocr_par' dir='ltr' id='par_1_9' title="bbox 551 883 2134 954">
     <span class='ocr_line' id='line_1_9' title="bbox 551 883 2134 954; baseline 0.006 -22"><span class='ocrx_word' id='word_1_54' title='bbox 551 883 721 951; x_wconf 82' lang='lat' dir='ltr'><strong>quod,</strong></span> <span class='ocrx_word' id='word_1_55' title='bbox 747 883 1055 952; x_wconf 86' lang='lat' dir='ltr'><strong>posthabita</strong></span> <span class='ocrx_word' id='word_1_56' title='bbox 1082 900 1240 953; x_wconf 91' lang='lat' dir='ltr'><strong>q—uam</strong></span> <span class='ocrx_word' id='word_1_57' title='bbox 1274 885 1501 940; x_wconf 78' lang='lat' dir='ltr'><strong>debebat</strong></span> <span class='ocrx_word' id='word_1_58' title='bbox 1545 886 1786 954; x_wconf 82' lang='lat' dir='ltr'><strong>pontiﬁci</strong></span> <span class='ocrx_word' id='word_1_59' title='bbox 1820 889 2134 949; x_wconf 87' lang='lat' dir='ltr'><strong>reverentia,</strong></span> 
     </span>
    </p>
   </div>
   <div class='ocr_carea' id='block_1_10' title="bbox 545 972 2136 1045">
    <p class='ocr_par' dir='ltr' id='par_1_10' title="bbox 545 972 2136 1045">
     <span class='ocr_line' id='line_1_10' title="bbox 545 972 2136 1045; baseline 0.003 -20"><span class='ocrx_word' id='word_1_60' title='bbox 545 972 669 1028; x_wconf 83' lang='lat' dir='ltr'><strong>obla</strong></span> <span class='ocrx_word' id='word_1_61' title='bbox 684 983 806 1028; x_wconf 85' lang='lat' dir='ltr'><strong>tum&#39;</strong></span> <span class='ocrx_word' id='word_1_62' title='bbox 827 974 1478 1044; x_wconf 48' lang='lat' dir='ltr'><strong>EcclesiasLugdunensis</strong></span> <span class='ocrx_word' id='word_1_63' title='bbox 1523 976 1760 1045; x_wconf 85' lang='lat' dir='ltr'><strong>regimen</strong></span> <span class='ocrx_word' id='word_1_64' title='bbox 1813 987 2136 1031; x_wconf 83' lang='lat' dir='ltr'><strong>recusasset.</strong></span> 
     </span>
    </p>
   </div>
   <div class='ocr_carea' id='block_1_11' title="bbox 547 1063 2137 1140">
    <p class='ocr_par' dir='ltr' id='par_1_11' title="bbox 547 1063 2137 1140">
     <span class='ocr_line' id='line_1_11' title="bbox 547 1063 2137 1140; baseline 0.004 -22"><span class='ocrx_word' id='word_1_65' title='bbox 547 1063 789 1134; x_wconf 62' lang='lat' dir='ltr'><strong>Ep&#39;istola</strong></span> <span class='ocrx_word' id='word_1_66' title='bbox 810 1081 878 1120; x_wconf 88' lang='lat' dir='ltr'><strong>ea</strong></span> <span class='ocrx_word' id='word_1_67' title='bbox 911 1066 976 1121; x_wconf 91' lang='lat' dir='ltr'><strong>de</strong></span> <span class='ocrx_word' id='word_1_68' title='bbox 1007 1083 1065 1121; x_wconf 90' lang='lat' dir='ltr'><strong>re</strong></span> <span class='ocrx_word' id='word_1_69' title='bbox 1098 1068 1304 1136; x_wconf 78' lang='lat' dir='ltr'><strong>integra</strong></span> <span class='ocrx_word' id='word_1_70' title='bbox 1351 1067 1584 1122; x_wconf 88' lang='lat' dir='ltr'><strong>habetur</strong></span> <span class='ocrx_word' id='word_1_71' title='bbox 1616 1075 1759 1121; x_wconf 91' lang='lat' dir='ltr'><strong>tomo</strong></span> <span class='ocrx_word' id='word_1_72' title='bbox 1790 1067 1829 1121; x_wconf 90' lang='lat' dir='ltr'><strong>ll</strong></span> <span class='ocrx_word' id='word_1_73' title='bbox 1862 1067 2137 1140; x_wconf 87' lang='lat' dir='ltr'><strong>Spicilcgii</strong></span> 
     </span>
    </p>
   </div>
   <div class='ocr_carea' id='block_1_12' title="bbox 543 1154 2138 1228">
    <p class='ocr_par' dir='ltr' id='par_1_12' title="bbox 543 1154 2138 1228">
     <span class='ocr_line' id='line_1_12' title="bbox 543 1154 2138 1228; baseline 0.004 -21"><span class='ocrx_word' id='word_1_74' title='bbox 543 1154 864 1222; x_wconf 82' lang='lat' dir='ltr'><strong>Acheriani,</strong></span> <span class='ocrx_word' id='word_1_75' title='bbox 894 1171 1018 1226; x_wconf 87' lang='lat' dir='ltr'><strong>pag.</strong></span> <span class='ocrx_word' id='word_1_76' title='bbox 1063 1155 1355 1226; x_wconf 46' lang='lat' dir='ltr'><strong>87,‘quam</strong></span> <span class='ocrx_word' id='word_1_77' title='bbox 1407 1156 1602 1228; x_wconf 80' lang='lat' dir='ltr'><strong>legisse</strong></span> <span class='ocrx_word' id='word_1_78' title='bbox 1642 1157 1912 1212; x_wconf 89' lang='lat' dir='ltr'><strong>neminem</strong></span> <span class='ocrx_word' id='word_1_79' title='bbox 1965 1159 2138 1227; x_wconf 84' lang='lat' dir='ltr'><strong>poeni-</strong></span> 
     </span>
    </p>
   </div>
   <div class='ocr_carea' id='block_1_13' title="bbox 554 1250 710 1304">
    <p class='ocr_par' dir='ltr' id='par_1_13' title="bbox 554 1250 710 1304">
     <span class='ocr_line' id='line_1_13' title="bbox 554 1250 710 1304; baseline 0.013 -2"><span class='ocrx_word' id='word_1_80' title='bbox 554 1250 710 1304; x_wconf 81' lang='lat' dir='ltr'><strong>tebit.</strong></span> 
     </span>
    </p>
   </div>
   <div class='ocr_carea' id='block_1_14' title="bbox 618 1342 2134 1415">
    <p class='ocr_par' dir='ltr' id='par_1_14' title="bbox 618 1342 2134 1415">
     <span class='ocr_line' id='line_1_14' title="bbox 618 1342 2134 1415; baseline -0.001 -16"><span class='ocrx_word' id='word_1_81' title='bbox 618 1342 749 1399; x_wconf 78' lang='grc'><strong>105.</strong></span> <span class='ocrx_word' id='word_1_82' title='bbox 794 1343 907 1400; x_wconf 83' lang='grc' dir='ltr'>Νοιι</span> <span class='ocrx_word' id='word_1_83' title='bbox 943 1344 1120 1414; x_wconf 88' lang='lat' dir='ltr'><strong>paruit</strong></span> <span class='ocrx_word' id='word_1_84' title='bbox 1152 1353 1332 1399; x_wconf 86' lang='lat' dir='ltr'><strong>tamen</strong></span> <span class='ocrx_word' id='word_1_85' title='bbox 1365 1360 1519 1415; x_wconf 66' lang='lat' dir='ltr'><strong>papa:</strong></span> <span class='ocrx_word' id='word_1_86' title='bbox 1545 1345 1766 1400; x_wconf 88' lang='lat' dir='ltr'><strong>monitis</strong></span> <span class='ocrx_word' id='word_1_87' title='bbox 1805 1343 1960 1399; x_wconf 89' lang='lat' dir='ltr'><strong>O.lilo</strong></span> <span class='ocrx_word' id='word_1_88' title='bbox 1982 1384 1997 1410; x_wconf 94' lang='lat'><strong>,</strong></span> <span class='ocrx_word' id='word_1_89' title='bbox 2041 1343 2134 1413; x_wconf 85' lang='lat' dir='ltr'><strong>qui</strong></span> 
     </span>
    </p>
   </div>
   <div class='ocr_carea' id='block_1_15' title="bbox 549 1436 2131 1507">
    <p class='ocr_par' dir='ltr' id='par_1_15' title="bbox 549 1436 2131 1507">
     <span class='ocr_line' id='line_1_15' title="bbox 549 1436 2131 1507; baseline -0.002 -14"><span class='ocrx_word' id='word_1_90' title='bbox 549 1439 654 1494; x_wconf 92' lang='lat' dir='ltr'><strong>bac</strong></span> <span class='ocrx_word' id='word_1_91' title='bbox 685 1441 736 1492; x_wconf 92' lang='lat' dir='ltr'><strong>in</strong></span> <span class='ocrx_word' id='word_1_92' title='bbox 764 1438 876 1493; x_wconf 89' lang='lat' dir='ltr'><strong>sola</strong></span> <span class='ocrx_word' id='word_1_93' title='bbox 902 1453 961 1492; x_wconf 91' lang='lat' dir='ltr'><strong>re</strong></span> <span class='ocrx_word' id='word_1_94' title='bbox 984 1436 1297 1507; x_wconf 74' lang='lat' dir='ltr'><strong>pontificum</strong></span> <span class='ocrx_word' id='word_1_95' title='bbox 1327 1437 1592 1490; x_wconf 87' lang='lat' dir='ltr'><strong>mandatis</strong></span> <span class='ocrx_word' id='word_1_96' title='bbox 1623 1454 1728 1490; x_wconf 91' lang='lat' dir='ltr'><strong>non</strong></span> <span class='ocrx_word' id='word_1_97' title='bbox 1756 1437 2131 1506; x_wconf 87' lang='lat' dir='ltr'><strong>obtemperare</strong></span> 
     </span>
    </p>
   </div>
   <div class='ocr_carea' id='block_1_16' title="bbox 547 1526 2130 1596">
    <p class='ocr_par' dir='ltr' id='par_1_16' title="bbox 547 1526 2130 1596">
     <span class='ocr_line' id='line_1_16' title="bbox 547 1526 2130 1596; baseline -0.002 -12"><span class='ocrx_word' id='word_1_98' title='bbox 547 1531 757 1585; x_wconf 91' lang='lat' dir='ltr'><strong>licitum</strong></span> <span class='ocrx_word' id='word_1_99' title='bbox 785 1543 906 1583; x_wconf 90' lang='lat' dir='ltr'><strong>esse</strong></span> <span class='ocrx_word' id='word_1_100' title='bbox 935 1528 1034 1582; x_wconf 91' lang='lat' dir='ltr'><strong>sibi</strong></span> <span class='ocrx_word' id='word_1_101' title='bbox 1063 1527 1438 1592; x_wconf 81' lang='lat' dir='ltr'><strong>existimabat;</strong></span> <span class='ocrx_word' id='word_1_102' title='bbox 1478 1527 1614 1582; x_wconf 91' lang='lat' dir='ltr'><strong>alias</strong></span> <span class='ocrx_word' id='word_1_103' title='bbox 1644 1528 1841 1596; x_wconf 89' lang='lat' dir='ltr'><strong>quippe</strong></span> <span class='ocrx_word' id='word_1_104' title='bbox 1868 1527 1999 1580; x_wconf 87' lang='lat' dir='ltr'><strong>nihil</strong></span> <span class='ocrx_word' id='word_1_105' title='bbox 2029 1526 2130 1581; x_wconf 89' lang='lat' dir='ltr'><strong>sibi</strong></span> 
     </span>
    </p>
   </div>
   <div class='ocr_carea' id='block_1_17' title="bbox 546 1617 2131 1690">
    <p class='ocr_par' dir='ltr' id='par_1_17' title="bbox 546 1617 2131 1690">
     <span class='ocr_line' id='line_1_17' title="bbox 546 1617 2131 1690; baseline -0.001 -14"><span class='ocrx_word' id='word_1_106' title='bbox 546 1621 713 1677; x_wconf 89' lang='lat' dir='ltr'><strong>licere</strong></span> <span class='ocrx_word' id='word_1_107' title='bbox 739 1619 960 1690; x_wconf 89' lang='lat' dir='ltr'><strong>putabat</strong></span> <span class='ocrx_word' id='word_1_108' title='bbox 985 1617 1188 1687; x_wconf 91' lang='lat' dir='ltr'><strong>absque</strong></span> <span class='ocrx_word' id='word_1_109' title='bbox 1215 1633 1402 1672; x_wconf 89' lang='lat' dir='ltr'><strong>eorum</strong></span> <span class='ocrx_word' id='word_1_110' title='bbox 1446 1620 1628 1684; x_wconf 90' lang='lat' dir='ltr'><strong>venia,</strong></span> <span class='ocrx_word' id='word_1_111' title='bbox 1659 1619 1704 1674; x_wconf 88' lang='lat' dir='ltr'><strong>si</strong></span> <span class='ocrx_word' id='word_1_112' title='bbox 1749 1634 1836 1673; x_wconf 90' lang='lat' dir='ltr'><strong>res</strong></span> <span class='ocrx_word' id='word_1_113' title='bbox 1861 1628 2006 1674; x_wconf 85' lang='lat' dir='ltr'><strong>esset</strong></span> <span class='ocrx_word' id='word_1_114' title='bbox 2034 1618 2131 1674; x_wconf 88' lang='lat' dir='ltr'><strong>ali-</strong></span> 
     </span>
    </p>
   </div>
   <div class='ocr_carea' id='block_1_18' title="bbox 543 1710 2126 1784">
    <p class='ocr_par' dir='ltr' id='par_1_18' title="bbox 543 1710 2126 1784">
     <span class='ocr_line' id='line_1_18' title="bbox 543 1710 2126 1784; baseline -0.004 -13"><span class='ocrx_word' id='word_1_115' title='bbox 543 1715 702 1784; x_wconf 84' lang='lat' dir='ltr'><strong>cujus</strong></span> <span class='ocrx_word' id='word_1_116' title='bbox 748 1712 1026 1767; x_wconf 91' lang='lat' dir='ltr'><strong>momenti.</strong></span> <span class='ocrx_word' id='word_1_117' title='bbox 1081 1710 1219 1764; x_wconf 88' lang='lat' dir='ltr'><strong>Hinc</strong></span> <span class='ocrx_word' id='word_1_118' title='bbox 1266 1727 1388 1765; x_wconf 92' lang='lat' dir='ltr'><strong>cum</strong></span> <span class='ocrx_word' id='word_1_119' title='bbox 1437 1712 1706 1766; x_wconf 84' lang='lat' dir='ltr'><strong>homicida</strong></span> <span class='ocrx_word' id='word_1_120' title='bbox 1753 1714 2005 1781; x_wconf 88' lang='lat' dir='ltr'><strong>quidam,</strong></span> <span class='ocrx_word' id='word_1_121' title='bbox 2037 1711 2126 1780; x_wconf 83' lang='lat' dir='ltr'><strong>qui</strong></span> 
     </span>
    </p>
   </div>
   <div class='ocr_carea' id='block_1_19' title="bbox 2247 525 3826 596">
    <p class='ocr_par' dir='ltr' id='par_1_19' title="bbox 2247 525 3826 596">
     <span class='ocr_line' id='line_1_19' title="bbox 2247 525 3826 596; baseline 0.004 -21"><span class='ocrx_word' id='word_1_122' title='bbox 2247 533 2332 577; x_wconf 83' lang='lat' dir='ltr'><strong>est</strong></span> <span class='ocrx_word' id='word_1_123' title='bbox 2365 525 2551 589; x_wconf 91' lang='lat' dir='ltr'><strong>abbas,</strong></span> <span class='ocrx_word' id='word_1_124' title='bbox 2591 527 2855 594; x_wconf 88' lang='lat' dir='ltr'><strong>quispiam</strong></span> <span class='ocrx_word' id='word_1_125' title='bbox 2888 525 3023 580; x_wconf 90' lang='lat' dir='ltr'><strong>alius</strong></span> <span class='ocrx_word' id='word_1_126' title='bbox 3047 526 3213 581; x_wconf 86' lang='lat' dir='ltr'><strong>abbas</strong></span> <span class='ocrx_word' id='word_1_127' title='bbox 3244 528 3393 596; x_wconf 88' lang='lat' dir='ltr'><strong>virga</strong></span> <span class='ocrx_word' id='word_1_128' title='bbox 3425 528 3685 596; x_wconf 89' lang='lat' dir='ltr'><strong>pastorali</strong></span> <span class='ocrx_word' id='word_1_129' title='bbox 3718 537 3826 582; x_wconf 83' lang='lat' dir='ltr'><strong>ute-</strong></span> 
     </span>
    </p>
   </div>
   <div class='ocr_carea' id='block_1_20' title="bbox 2245 617 3823 687">
    <p class='ocr_par' dir='ltr' id='par_1_20' title="bbox 2245 617 3823 687">
     <span class='ocr_line' id='line_1_20' title="bbox 2245 617 3823 687; baseline -0.002 -14"><span class='ocrx_word' id='word_1_130' title='bbox 2245 628 2428 683; x_wconf 86' lang='lat' dir='ltr'><strong>retur;</strong></span> <span class='ocrx_word' id='word_1_131' title='bbox 2471 618 2630 687; x_wconf 86' lang='lat' dir='ltr'><strong>idque</strong></span> <span class='ocrx_word' id='word_1_132' title='bbox 2661 617 2804 672; x_wconf 91' lang='lat' dir='ltr'><strong>beati</strong></span> <span class='ocrx_word' id='word_1_133' title='bbox 2842 619 2940 672; x_wconf 93' lang='lat' dir='ltr'><strong>viri</strong></span> <span class='ocrx_word' id='word_1_134' title='bbox 2971 617 3259 672; x_wconf 89' lang='lat' dir='ltr'><strong>humilitati</strong></span> <span class='ocrx_word' id='word_1_135' title='bbox 3291 619 3676 685; x_wconf 79' lang='lat' dir='ltr'><strong>indulgendum</strong></span> <span class='ocrx_word' id='word_1_136' title='bbox 3704 617 3823 670; x_wconf 90' lang='lat' dir='ltr'><strong>fuit.</strong></span> 
     </span>
    </p>
   </div>
   <div class='ocr_carea' id='block_1_21' title="bbox 2243 709 3826 778">
    <p class='ocr_par' dir='ltr' id='par_1_21' title="bbox 2243 709 3826 778">
     <span class='ocr_line' id='line_1_21' title="bbox 2243 709 3826 778; baseline -0.001 -15"><span class='ocrx_word' id='word_1_137' title='bbox 2243 709 2485 778; x_wconf 89' lang='lat' dir='ltr'><strong>Denique</strong></span> <span class='ocrx_word' id='word_1_138' title='bbox 2509 723 2630 762; x_wconf 91' lang='lat' dir='ltr'><strong>eum</strong></span> <span class='ocrx_word' id='word_1_139' title='bbox 2653 724 2682 761; x_wconf 94' lang='lat' dir='ltr'><strong>e</strong></span> <span class='ocrx_word' id='word_1_140' title='bbox 2703 724 2858 762; x_wconf 85' lang='lat' dir='ltr'><strong>sacro</strong></span> <span class='ocrx_word' id='word_1_141' title='bbox 2884 720 3065 763; x_wconf 89' lang='lat' dir='ltr'><strong>monte</strong></span> <span class='ocrx_word' id='word_1_142' title='bbox 3091 709 3456 762; x_wconf 76' lang='lat' dir='ltr'><strong>discedentem</strong></span> <span class='ocrx_word' id='word_1_143' title='bbox 3482 709 3826 762; x_wconf 82' lang='lat' dir='ltr'><strong>Thenbaldus</strong></span> 
     </span>
    </p>
   </div>
   <div class='ocr_carea' id='block_1_22' title="bbox 2241 798 3826 868">
    <p class='ocr_par' dir='ltr' id='par_1_22' title="bbox 2241 798 3826 868">
     <span class='ocr_line' id='line_1_22' title="bbox 2241 798 3826 868; baseline 0.002 -17"><span class='ocrx_word' id='word_1_144' title='bbox 2241 808 2296 851; x_wconf 90' lang='lat' dir='ltr'><strong>et</strong></span> <span class='ocrx_word' id='word_1_145' title='bbox 2327 799 2480 852; x_wconf 88' lang='lat' dir='ltr'><strong>tnulti</strong></span> <span class='ocrx_word' id='word_1_146' title='bbox 2511 815 2541 853; x_wconf 88' lang='lat' dir='ltr'><strong>e</strong></span> <span class='ocrx_word' id='word_1_147' title='bbox 2573 798 2830 852; x_wconf 83' lang='lat' dir='ltr'><strong>fratribus</strong></span> <span class='ocrx_word' id='word_1_148' title='bbox 2861 799 3154 852; x_wconf 82' lang='lat' dir='ltr'><strong>honorifice</strong></span> <span class='ocrx_word' id='word_1_149' title='bbox 3182 801 3452 868; x_wconf 81' lang='lat' dir='ltr'><strong>prosecuti</strong></span> <span class='ocrx_word' id='word_1_150' title='bbox 3481 810 3631 862; x_wconf 81' lang='lat' dir='ltr'><strong>sunt,</strong></span> <span class='ocrx_word' id='word_1_151' title='bbox 3662 818 3691 852; x_wconf 91' lang='lat' dir='ltr'><strong>a</strong></span> <span class='ocrx_word' id='word_1_152' title='bbox 3721 817 3826 868; x_wconf 92' lang='lat' dir='ltr'><strong>quo</strong></span> 
     </span>
    </p>
   </div>
   <div class='ocr_carea' id='block_1_23' title="bbox 2241 888 3824 959">
    <p class='ocr_par' dir='ltr' id='par_1_23' title="bbox 2241 888 3824 959">
     <span class='ocr_line' id='line_1_23' title="bbox 2241 888 3824 959; baseline 0.002 -18"><span class='ocrx_word' id='word_1_153' title='bbox 2241 888 2670 957; x_wconf 83' lang='lat' dir='ltr'><strong>impetraverunt</strong></span> <span class='ocrx_word' id='word_1_154' title='bbox 2696 898 2752 941; x_wconf 80' lang='grc' dir='ltr'><strong>ιιι</strong></span> <span class='ocrx_word' id='word_1_155' title='bbox 2777 905 2990 942; x_wconf 81' lang='lat' dir='ltr'><strong>omnem</strong></span> <span class='ocrx_word' id='word_1_156' title='bbox 3021 904 3173 942; x_wconf 85' lang='lat' dir='ltr'><strong>suam</strong></span> <span class='ocrx_word' id='word_1_157' title='bbox 3199 906 3416 957; x_wconf 86' lang='lat' dir='ltr'><strong>operam</strong></span> <span class='ocrx_word' id='word_1_158' title='bbox 3450 891 3824 959; x_wconf 75' lang='lat' dir='ltr'><strong>interponeret</strong></span> 
     </span>
    </p>
   </div>
   <div class='ocr_carea' id='block_1_24' title="bbox 2246 979 3822 1048">
    <p class='ocr_par' dir='ltr' id='par_1_24' title="bbox 2246 979 3822 1048">
     <span class='ocr_line' id='line_1_24' title="bbox 2246 979 3822 1048; baseline 0.001 -16"><span class='ocrx_word' id='word_1_159' title='bbox 2246 980 2311 1032; x_wconf 89' lang='lat' dir='ltr'><strong>ad</strong></span> <span class='ocrx_word' id='word_1_160' title='bbox 2337 979 2692 1033; x_wconf 72' lang='lat' dir='ltr'><strong>obtinenmun</strong></span> <span class='ocrx_word' id='word_1_161' title='bbox 2719 980 3048 1033; x_wconf 82' lang='lat' dir='ltr'><strong>monasterio</strong></span> <span class='ocrx_word' id='word_1_162' title='bbox 3071 979 3350 1032; x_wconf 81' lang='lat' dir='ltr'><strong>Casinensi</strong></span> <span class='ocrx_word' id='word_1_163' title='bbox 3382 979 3580 1048; x_wconf 86' lang='lat' dir='ltr'><strong>aliquid</strong></span> <span class='ocrx_word' id='word_1_164' title='bbox 3599 997 3630 1034; x_wconf 87' lang='lat' dir='ltr'><strong>e</strong></span> <span class='ocrx_word' id='word_1_165' title='bbox 3652 981 3822 1034; x_wconf 85' lang='lat' dir='ltr'><strong>sancti</strong></span> 
     </span>
    </p>
   </div>
   <div class='ocr_carea' id='block_1_25' title="bbox 2239 1069 3820 1139">
    <p class='ocr_par' dir='ltr' id='par_1_25' title="bbox 2239 1069 3820 1139">
     <span class='ocr_line' id='line_1_25' title="bbox 2239 1069 3820 1139; baseline -0.001 -16"><span class='ocrx_word' id='word_1_166' title='bbox 2239 1069 2407 1123; x_wconf 85' lang='lat' dir='ltr'><strong>Mauri</strong></span> <span class='ocrx_word' id='word_1_167' title='bbox 2441 1070 2710 1139; x_wconf 89' lang='lat' dir='ltr'><strong>reliquiis;</strong></span> <span class='ocrx_word' id='word_1_168' title='bbox 2750 1071 2890 1138; x_wconf 89' lang='lat' dir='ltr'><strong>quod</strong></span> <span class='ocrx_word' id='word_1_169' title='bbox 2937 1070 3218 1138; x_wconf 91' lang='lat' dir='ltr'><strong>septennio</strong></span> <span class='ocrx_word' id='word_1_170' title='bbox 3251 1080 3435 1138; x_wconf 90' lang='lat' dir='ltr'><strong>postea</strong></span> <span class='ocrx_word' id='word_1_171' title='bbox 3481 1070 3687 1124; x_wconf 87' lang='lat' dir='ltr'><strong>faetnm</strong></span> <span class='ocrx_word' id='word_1_172' title='bbox 3718 1081 3820 1125; x_wconf 89' lang='lat' dir='ltr'><strong>est.</strong></span> 
     </span>
    </p>
   </div>
   <div class='ocr_carea' id='block_1_26' title="bbox 2238 1157 3820 1216">
    <p class='ocr_par' dir='ltr' id='par_1_26' title="bbox 2238 1157 3820 1216">
     <span class='ocr_line' id='line_1_26' title="bbox 2238 1157 3820 1216; baseline 0.001 -2"><span class='ocrx_word' id='word_1_173' title='bbox 2238 1161 2448 1214; x_wconf 86' lang='lat' dir='ltr'><strong>Etenim</strong></span> <span class='ocrx_word' id='word_1_174' title='bbox 2482 1176 2605 1215; x_wconf 92' lang='lat' dir='ltr'><strong>cum</strong></span> <span class='ocrx_word' id='word_1_175' title='bbox 2654 1177 2715 1214; x_wconf 88' lang='lat' dir='ltr'><strong>os</strong></span> <span class='ocrx_word' id='word_1_176' title='bbox 2744 1161 2949 1214; x_wconf 85' lang='lat' dir='ltr'><strong>brachii</strong></span> <span class='ocrx_word' id='word_1_177' title='bbox 3002 1162 3174 1214; x_wconf 91' lang='lat' dir='ltr'><strong>sancti</strong></span> <span class='ocrx_word' id='word_1_178' title='bbox 3217 1157 3384 1214; x_wconf 82' lang='lat' dir='ltr'><strong>Mauri</strong></span> <span class='ocrx_word' id='word_1_179' title='bbox 3417 1177 3442 1214; x_wconf 89' lang='lat' dir='ltr'><strong>a</strong></span> <span class='ocrx_word' id='word_1_180' title='bbox 3476 1160 3820 1216; x_wconf 82' lang='lat' dir='ltr'><strong>Fossatensi-</strong></span> 
     </span>
    </p>
   </div>
   <div class='ocr_carea' id='block_1_27' title="bbox 2235 1249 3819 1320">
    <p class='ocr_par' dir='ltr' id='par_1_27' title="bbox 2235 1249 3819 1320">
     <span class='ocr_line' id='line_1_27' title="bbox 2235 1249 3819 1320; baseline 0.002 -19"><span class='ocrx_word' id='word_1_181' title='bbox 2235 1249 2336 1302; x_wconf 90' lang='lat' dir='ltr'><strong>bus</strong></span> <span class='ocrx_word' id='word_1_182' title='bbox 2375 1250 2474 1303; x_wconf 91' lang='lat' dir='ltr'><strong>sibi</strong></span> <span class='ocrx_word' id='word_1_183' title='bbox 2511 1249 2700 1304; x_wconf 87' lang='lat' dir='ltr'><strong>fuisset</strong></span> <span class='ocrx_word' id='word_1_184' title='bbox 2740 1265 3082 1314; x_wconf 88' lang='lat' dir='ltr'><strong>concessum,</strong></span> <span class='ocrx_word' id='word_1_185' title='bbox 3121 1250 3248 1303; x_wconf 89' lang='lat' dir='ltr'><strong>illud</strong></span> <span class='ocrx_word' id='word_1_186' title='bbox 3289 1261 3543 1320; x_wconf 63' lang='lat' dir='ltr'><strong>argentea</strong></span> <span class='ocrx_word' id='word_1_187' title='bbox 3576 1252 3631 1304; x_wconf 90' lang='lat' dir='ltr'><strong>in</strong></span> <span class='ocrx_word' id='word_1_188' title='bbox 3665 1253 3819 1304; x_wconf 86' lang='lat' dir='ltr'><strong>theca</strong></span> 
     </span>
    </p>
   </div>
   <div class='ocr_carea' id='block_1_28' title="bbox 2235 1339 3818 1413">
    <p class='ocr_par' dir='ltr' id='par_1_28' title="bbox 2235 1339 3818 1413">
     <span class='ocr_line' id='line_1_28' title="bbox 2235 1339 3818 1413; baseline 0.002 -19"><span class='ocrx_word' id='word_1_189' title='bbox 2235 1339 2497 1394; x_wconf 88' lang='lat' dir='ltr'><strong>inclusum</strong></span> <span class='ocrx_word' id='word_1_190' title='bbox 2526 1356 2619 1395; x_wconf 86' lang='lat' dir='ltr'><strong>sex</strong></span> <span class='ocrx_word' id='word_1_191' title='bbox 2647 1341 2814 1395; x_wconf 89' lang='lat' dir='ltr'><strong>e-suis</strong></span> <span class='ocrx_word' id='word_1_192' title='bbox 2838 1339 3096 1397; x_wconf 84' lang='lat' dir='ltr'><strong>fratribus</strong></span> <span class='ocrx_word' id='word_1_193' title='bbox 3120 1343 3410 1407; x_wconf 87' lang='lat' dir='ltr'><strong>commisit,</strong></span> <span class='ocrx_word' id='word_1_194' title='bbox 3435 1343 3526 1412; x_wconf 90' lang='lat' dir='ltr'><strong>qui</strong></span> <span class='ocrx_word' id='word_1_195' title='bbox 3558 1344 3738 1413; x_wconf 85' lang='lat' dir='ltr'><strong>ipsum</strong></span> <span class='ocrx_word' id='word_1_196' title='bbox 3767 1344 3818 1397; x_wconf 92' lang='lat' dir='ltr'><strong>in</strong></span> 
     </span>
    </p>
   </div>
   <div class='ocr_carea' id='block_1_29' title="bbox 2233 1429 3306 1488">
    <p class='ocr_par' dir='ltr' id='par_1_29' title="bbox 2233 1429 3306 1488">
     <span class='ocr_line' id='line_1_29' title="bbox 2233 1429 3306 1488; baseline 0.002 -4"><span class='ocrx_word' id='word_1_197' title='bbox 2233 1429 2527 1485; x_wconf 90' lang='lat' dir='ltr'><strong>Casinense</strong></span> <span class='ocrx_word' id='word_1_198' title='bbox 2564 1433 2946 1487; x_wconf 89' lang='lat' dir='ltr'><strong>monasterium</strong></span> <span class='ocrx_word' id='word_1_199' title='bbox 2980 1433 3306 1488; x_wconf 85' lang='lat' dir='ltr'><strong>detulerunt.</strong></span> 
     </span>
    </p>
   </div>
   <div class='ocr_carea' id='block_1_30' title="bbox 2303 1523 3819 1582">
    <p class='ocr_par' dir='ltr' id='par_1_30' title="bbox 2303 1523 3819 1582">
     <span class='ocr_line' id='line_1_30' title="bbox 2303 1523 3819 1582; baseline 0.003 -5"><span class='ocrx_word' id='word_1_200' title='bbox 2303 1523 2424 1577; x_wconf 82' lang='grc'><strong>107.</strong></span> <span class='ocrx_word' id='word_1_201' title='bbox 2466 1523 2581 1577; x_wconf 81' lang='lat' dir='ltr'><strong>Non</strong></span> <span class='ocrx_word' id='word_1_202' title='bbox 2615 1525 2791 1579; x_wconf 90' lang='lat' dir='ltr'><strong>minus</strong></span> <span class='ocrx_word' id='word_1_203' title='bbox 2819 1535 2999 1580; x_wconf 91' lang='lat' dir='ltr'><strong>autem</strong></span> <span class='ocrx_word' id='word_1_204' title='bbox 3039 1526 3193 1580; x_wconf 78' lang='lat' dir='ltr'><strong>0dilo</strong></span> <span class='ocrx_word' id='word_1_205' title='bbox 3231 1536 3355 1580; x_wconf 86' lang='lat' dir='ltr'><strong>erat</strong></span> <span class='ocrx_word' id='word_1_206' title='bbox 3397 1527 3542 1581; x_wconf 90' lang='lat' dir='ltr'><strong>domi</strong></span> <span class='ocrx_word' id='word_1_207' title='bbox 3596 1527 3819 1582; x_wconf 89' lang='lat' dir='ltr'><strong>humilis</strong></span> 
     </span>
    </p>
   </div>
   <div class='ocr_carea' id='block_1_31' title="bbox 2232 1615 3819 1684">
    <p class='ocr_par' dir='ltr' id='par_1_31' title="bbox 2232 1615 3819 1684">
     <span class='ocr_line' id='line_1_31' title="bbox 2232 1615 3819 1684; baseline 0.003 -17"><span class='ocrx_word' id='word_1_208' title='bbox 2232 1615 2373 1668; x_wconf 91' lang='lat' dir='ltr'><strong>inter</strong></span> <span class='ocrx_word' id='word_1_209' title='bbox 2422 1630 2549 1670; x_wconf 90' lang='lat' dir='ltr'><strong>suos</strong></span> <span class='ocrx_word' id='word_1_210' title='bbox 2604 1630 2764 1684; x_wconf 89' lang='lat' dir='ltr'><strong>quam</strong></span> <span class='ocrx_word' id='word_1_211' title='bbox 2822 1617 2961 1684; x_wconf 90' lang='lat' dir='ltr'><strong>apud</strong></span> <span class='ocrx_word' id='word_1_212' title='bbox 3016 1627 3249 1670; x_wconf 84' lang='lat' dir='ltr'><strong>exteros.</strong></span> <span class='ocrx_word' id='word_1_213' title='bbox 3305 1615 3441 1671; x_wconf 73' lang='lat' dir='ltr'><strong>Hinc</strong></span> <span class='ocrx_word' id='word_1_214' title='bbox 3490 1618 3819 1672; x_wconf 88' lang='lat' dir='ltr'><strong>nascebatur</strong></span> 
     </span>
    </p>
   </div>
   <div class='ocr_carea' id='block_1_32' title="bbox 2230 1707 3814 1775">
    <p class='ocr_par' dir='ltr' id='par_1_32' title="bbox 2230 1707 3814 1775">
     <span class='ocr_line' id='line_1_32' title="bbox 2230 1707 3814 1775; baseline 0.004 -17"><span class='ocrx_word' id='word_1_215' title='bbox 2230 1713 2379 1759; x_wconf 89' lang='lat' dir='ltr'><strong>tanta</strong></span> <span class='ocrx_word' id='word_1_216' title='bbox 2410 1719 2536 1775; x_wconf 82' lang='lat' dir='ltr'><strong>erga</strong></span> <span class='ocrx_word' id='word_1_217' title='bbox 2577 1720 2670 1760; x_wconf 88' lang='lat' dir='ltr'><strong>eos</strong></span> <span class='ocrx_word' id='word_1_218' title='bbox 2707 1707 2796 1774; x_wconf 93' lang='lat' dir='ltr'><strong>qui</strong></span> <span class='ocrx_word' id='word_1_219' title='bbox 2841 1707 2939 1761; x_wconf 89' lang='lat' dir='ltr'><strong>sibi</strong></span> <span class='ocrx_word' id='word_1_220' title='bbox 2971 1707 3395 1774; x_wconf 77' lang='lat' dir='ltr'><strong>subjiciebantur</strong></span> <span class='ocrx_word' id='word_1_221' title='bbox 3425 1709 3814 1774; x_wconf 82' lang='lat' dir='ltr'><strong>manSuetudo,</strong></span> 
     </span>
    </p>
   </div>
   <div class='ocr_carea' id='block_1_33' title="bbox 543 1779 3814 1875">
    <p class='ocr_par' dir='ltr' id='par_1_33' title="bbox 543 1779 3814 1875">
     <span class='ocr_line' id='line_1_33' title="bbox 543 1779 3814 1875; baseline 0 -22"><span class='ocrx_word' id='word_1_222' title='bbox 543 1805 881 1875; x_wconf 73' lang='lat' dir='ltr'><strong>Stephanum</strong></span> <span class='ocrx_word' id='word_1_223' title='bbox 923 1803 1425 1858; x_wconf 83' lang='lat' dir='ltr'><strong>Claromontensem</strong></span> <span class='ocrx_word' id='word_1_224' title='bbox 1470 1805 1769 1869; x_wconf 71' lang='lat' dir='ltr'><strong>occiderat,</strong></span> <span class='ocrx_word' id='word_1_225' title='bbox 1805 1805 2126 1860; x_wconf 80' lang='lat' dir='ltr'><strong>Cluniacum</strong></span> <span class='ocrx_word' id='word_1_226' title='bbox 2161 1779 2202 1837; x_wconf 79' lang='grc' dir='ltr'><strong><em>Β</em></strong></span> <span class='ocrx_word' id='word_1_227' title='bbox 2234 1807 2291 1851; x_wconf 90' lang='lat' dir='ltr'><strong>ut</strong></span> <span class='ocrx_word' id='word_1_228' title='bbox 2327 1799 2490 1853; x_wconf 91' lang='lat' dir='ltr'><strong>etiam</strong></span> <span class='ocrx_word' id='word_1_229' title='bbox 2535 1799 2774 1853; x_wconf 86' lang='lat' dir='ltr'><strong>nonnulli</strong></span> <span class='ocrx_word' id='word_1_230' title='bbox 2825 1799 2875 1853; x_wconf 82' lang='lat' dir='ltr'><strong>ci</strong></span> <span class='ocrx_word' id='word_1_231' title='bbox 2923 1799 3053 1853; x_wconf 90' lang='lat' dir='ltr'><strong>vitio</strong></span> <span class='ocrx_word' id='word_1_232' title='bbox 3101 1810 3312 1854; x_wconf 77' lang='lat' dir='ltr'><strong>vertere</strong></span> <span class='ocrx_word' id='word_1_233' title='bbox 3353 1801 3532 1854; x_wconf 82' lang='lat' dir='ltr'><strong>conati</strong></span> <span class='ocrx_word' id='word_1_234' title='bbox 3588 1800 3814 1869; x_wconf 77' lang='lat' dir='ltr'><strong>fuerint,</strong></span> 
     </span>
    </p>
   </div>
   <div class='ocr_carea' id='block_1_34' title="bbox 542 1893 2126 1966">
    <p class='ocr_par' dir='ltr' id='par_1_34' title="bbox 542 1893 2126 1966">
     <span class='ocr_line' id='line_1_34' title="bbox 542 1893 2126 1966; baseline -0.003 -14"><span class='ocrx_word' id='word_1_235' title='bbox 542 1897 884 1958; x_wconf 86' lang='lat' dir='ltr'><strong>secessisset,</strong></span> <span class='ocrx_word' id='word_1_236' title='bbox 921 1893 1105 1964; x_wconf 89' lang='lat' dir='ltr'><strong>ibique</strong></span> <span class='ocrx_word' id='word_1_237' title='bbox 1132 1896 1432 1950; x_wconf 85' lang='lat' dir='ltr'><strong>monachus</strong></span> <span class='ocrx_word' id='word_1_238' title='bbox 1473 1895 1649 1951; x_wconf 90' lang='lat' dir='ltr'><strong>factus</strong></span> <span class='ocrx_word' id='word_1_239' title='bbox 1678 1897 2012 1966; x_wconf 73' lang='lat' dir='ltr'><strong>pmnitentia:</strong></span> <span class='ocrx_word' id='word_1_240' title='bbox 2043 1895 2126 1948; x_wconf 90' lang='lat' dir='ltr'><strong>la-</strong></span> 
     </span>
    </p>
   </div>
   <div class='ocr_carea' id='block_1_35' title="bbox 545 1987 2128 2062">
    <p class='ocr_par' dir='ltr' id='par_1_35' title="bbox 545 1987 2128 2062">
     <span class='ocr_line' id='line_1_35' title="bbox 545 1987 2128 2062; baseline -0.002 -18"><span class='ocrx_word' id='word_1_241' title='bbox 545 1990 748 2062; x_wconf 87' lang='lat' dir='ltr'><strong>crymis</strong></span> <span class='ocrx_word' id='word_1_242' title='bbox 775 1988 1123 2042; x_wconf 89' lang='lat' dir='ltr'><strong>commissum</strong></span> <span class='ocrx_word' id='word_1_243' title='bbox 1153 1989 1362 2042; x_wconf 89' lang='lat' dir='ltr'><strong>crimen</strong></span> <span class='ocrx_word' id='word_1_244' title='bbox 1393 1989 1615 2043; x_wconf 87' lang='lat' dir='ltr'><strong>diluisse</strong></span> <span class='ocrx_word' id='word_1_245' title='bbox 1663 1988 1936 2043; x_wconf 90' lang='lat' dir='ltr'><strong>nonnullis</strong></span> <span class='ocrx_word' id='word_1_246' title='bbox 1979 1987 2128 2042; x_wconf 87' lang='lat' dir='ltr'><strong>vide-</strong></span> 
     </span>
    </p>
   </div>
   <div class='ocr_carea' id='block_1_36' title="bbox 519 2082 2126 2153">
    <p class='ocr_par' dir='ltr' id='par_1_36' title="bbox 519 2082 2126 2153">
     <span class='ocr_line' id='line_1_36' title="bbox 519 2082 2126 2153; baseline -0.001 -17"><span class='ocrx_word' id='word_1_247' title='bbox 519 2095 710 2147; x_wconf 71' lang='lat' dir='ltr'><strong>.a&#39;etur,</strong></span> <span class='ocrx_word' id='word_1_248' title='bbox 737 2083 847 2137; x_wconf 90' lang='lat' dir='ltr'><strong>imo</strong></span> <span class='ocrx_word' id='word_1_249' title='bbox 872 2091 926 2136; x_wconf 89' lang='lat' dir='ltr'><strong>et</strong></span> <span class='ocrx_word' id='word_1_250' title='bbox 947 2083 1016 2136; x_wconf 92' lang='lat' dir='ltr'><strong>ob</strong></span> <span class='ocrx_word' id='word_1_251' title='bbox 1041 2083 1253 2153; x_wconf 87' lang='lat' dir='ltr'><strong>egregia</strong></span> <span class='ocrx_word' id='word_1_252' title='bbox 1283 2083 1484 2136; x_wconf 89' lang='lat' dir='ltr'><strong>talenta</strong></span> <span class='ocrx_word' id='word_1_253' title='bbox 1513 2082 1672 2137; x_wconf 91' lang='lat' dir='ltr'><strong>talem</strong></span> <span class='ocrx_word' id='word_1_254' title='bbox 1703 2098 1825 2138; x_wconf 94' lang='lat' dir='ltr'><strong>eum</strong></span> <span class='ocrx_word' id='word_1_255' title='bbox 1853 2096 1974 2137; x_wconf 89' lang='lat' dir='ltr'><strong>esse</strong></span> <span class='ocrx_word' id='word_1_256' title='bbox 2002 2097 2126 2136; x_wconf 91' lang='lat' dir='ltr'><strong>cen-</strong></span> 
     </span>
    </p>
   </div>
   <div class='ocr_carea' id='block_1_37' title="bbox 511 2173 2126 2244">
    <p class='ocr_par' dir='ltr' id='par_1_37' title="bbox 511 2173 2126 2244">
     <span class='ocr_line' id='line_1_37' title="bbox 511 2173 2126 2244; baseline -0.001 -15"><span class='ocrx_word' id='word_1_257' title='bbox 511 2183 729 2229; x_wconf 83' lang='lat' dir='ltr'><strong>-serent</strong></span> <span class='ocrx_word' id='word_1_258' title='bbox 769 2175 859 2244; x_wconf 90' lang='lat' dir='ltr'><strong>qui</strong></span> <span class='ocrx_word' id='word_1_259' title='bbox 910 2173 976 2227; x_wconf 92' lang='lat' dir='ltr'><strong>ad</strong></span> <span class='ocrx_word' id='word_1_260' title='bbox 1010 2174 1372 2228; x_wconf 88' lang='lat' dir='ltr'><strong>sacerdotium</strong></span> <span class='ocrx_word' id='word_1_261' title='bbox 1417 2174 1639 2228; x_wconf 88' lang='lat' dir='ltr'><strong>deberet</strong></span> <span class='ocrx_word' id='word_1_262' title='bbox 1695 2173 2026 2243; x_wconf 87' lang='lat' dir='ltr'><strong>promoveri,</strong></span> <span class='ocrx_word' id='word_1_263' title='bbox 2072 2174 2126 2228; x_wconf 91' lang='lat' dir='ltr'><strong>id</strong></span> 
     </span>
    </p>
   </div>
   <div class='ocr_carea' id='block_1_38' title="bbox 541 2263 2126 2334">
    <p class='ocr_par' dir='ltr' id='par_1_38' title="bbox 541 2263 2126 2334">
     <span class='ocr_line' id='line_1_38' title="bbox 541 2263 2126 2334; baseline -0.003 -14"><span class='ocrx_word' id='word_1_264' title='bbox 541 2281 647 2320; x_wconf 81' lang='lat' dir='ltr'><strong>non</strong></span> <span class='ocrx_word' id='word_1_265' title='bbox 673 2274 756 2320; x_wconf 89' lang='lat' dir='ltr'><strong>est</strong></span> <span class='ocrx_word' id='word_1_266' title='bbox 786 2280 950 2319; x_wconf 90' lang='lat' dir='ltr'><strong>ausus</strong></span> <span class='ocrx_word' id='word_1_267' title='bbox 975 2265 1253 2334; x_wconf 87' lang='lat' dir='ltr'><strong>piissimus</strong></span> <span class='ocrx_word' id='word_1_268' title='bbox 1282 2264 1447 2317; x_wconf 88' lang='lat' dir='ltr'><strong>abbas</strong></span> <span class='ocrx_word' id='word_1_269' title='bbox 1467 2263 1672 2333; x_wconf 87' lang='lat' dir='ltr'><strong>absque</strong></span> <span class='ocrx_word' id='word_1_270' title='bbox 1705 2263 1962 2332; x_wconf 84' lang='lat' dir='ltr'><strong>peculiari</strong></span> <span class='ocrx_word' id='word_1_271' title='bbox 1994 2279 2126 2332; x_wconf 88' lang='lat' dir='ltr'><strong>pon-</strong></span> 
     </span>
    </p>
   </div>
   <div class='ocr_carea' id='block_1_39' title="bbox 537 2355 2123 2427">
    <p class='ocr_par' dir='ltr' id='par_1_39' title="bbox 537 2355 2123 2427">
     <span class='ocr_line' id='line_1_39' title="bbox 537 2355 2123 2427; baseline -0.001 -17"><span class='ocrx_word' id='word_1_272' title='bbox 537 2358 700 2412; x_wconf 80' lang='lat' dir='ltr'><strong>tilio-is</strong></span> <span class='ocrx_word' id='word_1_273' title='bbox 732 2359 1008 2412; x_wconf 89' lang='lat' dir='ltr'><strong>mandato.</strong></span> <span class='ocrx_word' id='word_1_274' title='bbox 1039 2356 1154 2423; x_wconf 89' lang='lat' dir='ltr'><strong>Qua</strong></span> <span class='ocrx_word' id='word_1_275' title='bbox 1185 2357 1250 2412; x_wconf 90' lang='lat' dir='ltr'><strong>de</strong></span> <span class='ocrx_word' id='word_1_276' title='bbox 1299 2372 1356 2411; x_wconf 89' lang='lat' dir='ltr'><strong>re</strong></span> <span class='ocrx_word' id='word_1_277' title='bbox 1407 2357 1772 2427; x_wconf 84' lang='lat' dir='ltr'><strong>interrogatus</strong></span> <span class='ocrx_word' id='word_1_278' title='bbox 1801 2357 2038 2425; x_wconf 77' lang='lat' dir='ltr'><strong>pontifex</strong></span> <span class='ocrx_word' id='word_1_279' title='bbox 2071 2355 2123 2409; x_wconf 90' lang='lat' dir='ltr'><strong>id</strong></span> 
     </span>
    </p>
   </div>
   <div class='ocr_carea' id='block_1_40' title="bbox 535 2446 2120 2519">
    <p class='ocr_par' dir='ltr' id='par_1_40' title="bbox 535 2446 2120 2519">
     <span class='ocr_line' id='line_1_40' title="bbox 535 2446 2120 2519; baseline -0.002 -17"><span class='ocrx_word' id='word_1_280' title='bbox 535 2464 882 2519; x_wconf 78' lang='lat' dir='ltr'><strong>nequaquam</strong></span> <span class='ocrx_word' id='word_1_281' title='bbox 931 2448 1047 2502; x_wconf 83' lang='lat' dir='ltr'><strong>fieri</strong></span> <span class='ocrx_word' id='word_1_282' title='bbox 1097 2449 1389 2516; x_wconf 89' lang='lat' dir='ltr'><strong>permisit,</strong></span> <span class='ocrx_word' id='word_1_283' title='bbox 1436 2448 1572 2502; x_wconf 90' lang='lat' dir='ltr'><strong>satis</strong></span> <span class='ocrx_word' id='word_1_284' title='bbox 1611 2462 1732 2502; x_wconf 88' lang='lat' dir='ltr'><strong>esse</strong></span> <span class='ocrx_word' id='word_1_285' title='bbox 1774 2458 1923 2502; x_wconf 70' lang='lat' dir='ltr'><strong>ratus</strong></span> <span class='ocrx_word' id='word_1_286' title='bbox 1960 2447 2004 2500; x_wconf 90' lang='lat' dir='ltr'><strong>si</strong></span> <span class='ocrx_word' id='word_1_287' title='bbox 2047 2446 2120 2500; x_wconf 89' lang='lat' dir='ltr'><strong>illi</strong></span> 
     </span>
    </p>
   </div>
   <div class='ocr_carea' id='block_1_41' title="bbox 517 2537 2119 2606">
    <p class='ocr_par' dir='ltr' id='par_1_41' title="bbox 517 2537 2119 2606">
     <span class='ocr_line' id='line_1_41' title="bbox 517 2537 2119 2606; baseline -0.002 -12"><span class='ocrx_word' id='word_1_288' title='bbox 517 2537 818 2594; x_wconf 68' lang='lat' dir='ltr'><strong>homicidae</strong></span> <span class='ocrx_word' id='word_1_289' title='bbox 849 2548 962 2593; x_wconf 93' lang='lat' dir='ltr'><strong>toto</strong></span> <span class='ocrx_word' id='word_1_290' title='bbox 987 2538 1108 2592; x_wconf 67' lang='lat' dir='ltr'><strong>vitae</strong></span> <span class='ocrx_word' id='word_1_291' title='bbox 1133 2552 1244 2592; x_wconf 67' lang='lat' dir='ltr'><strong>sum</strong></span> <span class='ocrx_word' id='word_1_292' title='bbox 1267 2547 1505 2606; x_wconf 89' lang='lat' dir='ltr'><strong>tempore</strong></span> <span class='ocrx_word' id='word_1_293' title='bbox 1532 2537 1911 2590; x_wconf 86' lang='lat' dir='ltr'><strong>communione.</strong></span> <span class='ocrx_word' id='word_1_294' title='bbox 1932 2545 2119 2592; x_wconf 87' lang='lat' dir='ltr'><strong>sancta</strong></span> 
     </span>
    </p>
   </div>
   <div class='ocr_carea' id='block_1_42' title="bbox 534 2629 2114 2702">
    <p class='ocr_par' dir='ltr' id='par_1_42' title="bbox 534 2629 2114 2702">
     <span class='ocr_line' id='line_1_42' title="bbox 534 2629 2114 2702; baseline -0.004 -16"><span class='ocrx_word' id='word_1_295' title='bbox 534 2631 749 2702; x_wconf 87' lang='lat' dir='ltr'><strong>privato</strong></span> <span class='ocrx_word' id='word_1_296' title='bbox 771 2631 824 2683; x_wconf 85' lang='lat' dir='ltr'><strong>in</strong></span> <span class='ocrx_word' id='word_1_297' title='bbox 845 2631 988 2684; x_wconf 68' lang='lat' dir='ltr'><strong>exitu</strong></span> <span class='ocrx_word' id='word_1_298' title='bbox 1014 2630 1132 2684; x_wconf 75' lang='lat' dir='ltr'><strong>vita:</strong></span> <span class='ocrx_word' id='word_1_299' title='bbox 1171 2647 1265 2699; x_wconf 84' lang='lat' dir='ltr'><strong>pro</strong></span> <span class='ocrx_word' id='word_1_300' title='bbox 1289 2629 1647 2684; x_wconf 79' lang='lat' dir='ltr'><strong>misericordia</strong></span> <span class='ocrx_word' id='word_1_301' title='bbox 1675 2629 1918 2682; x_wconf 78' lang='lat' dir='ltr'><strong>viaticum</strong></span> <span class='ocrx_word' id='word_1_302' title='bbox 1943 2629 2114 2693; x_wconf 76' lang='lat' dir='ltr'><strong>detur,</strong></span> 
     </span>
    </p>
   </div>
   <div class='ocr_carea' id='block_1_43' title="bbox 530 2717 2118 2784">
    <p class='ocr_par' dir='ltr' id='par_1_43' title="bbox 530 2717 2118 2784">
     <span class='ocr_line' id='line_1_43' title="bbox 530 2717 2118 2784; baseline -0.001 -8"><span class='ocrx_word' id='word_1_303' title='bbox 530 2727 597 2776; x_wconf 82' lang='lat' dir='ltr'><strong>ut</strong></span> <span class='ocrx_word' id='word_1_304' title='bbox 625 2720 1132 2775; x_wconf 76' lang='lat' dir='ltr'><strong>testantur-Patres</strong></span> <span class='ocrx_word' id='word_1_305' title='bbox 1180 2719 1397 2776; x_wconf 88' lang='lat' dir='ltr'><strong>concilii</strong></span> <span class='ocrx_word' id='word_1_306' title='bbox 1442 2735 1480 2773; x_wconf 86' lang='grc' dir='ltr'><strong>ιι</strong></span> <span class='ocrx_word' id='word_1_307' title='bbox 1519 2717 1960 2784; x_wconf 88' lang='lat' dir='ltr'><strong>Lemovicensis,</strong></span> <span class='ocrx_word' id='word_1_308' title='bbox 2005 2733 2118 2774; x_wconf 80' lang='lat' dir='ltr'><strong>ses-</strong></span> 
     </span>
    </p>
   </div>
   <div class='ocr_carea' id='block_1_44' title="bbox 532 2809 1098 2877">
    <p class='ocr_par' dir='ltr' id='par_1_44' title="bbox 532 2809 1098 2877">
     <span class='ocr_line' id='line_1_44' title="bbox 532 2809 1098 2877; baseline -0.004 -11"><span class='ocrx_word' id='word_1_309' title='bbox 532 2811 685 2866; x_wconf 84' lang='lat' dir='ltr'><strong>sione</strong></span> <span class='ocrx_word' id='word_1_310' title='bbox 710 2811 764 2877; x_wconf 76' lang='lat'><strong>2,</strong></span> <span class='ocrx_word' id='word_1_311' title='bbox 791 2809 891 2864; x_wconf 80' lang='lat' dir='ltr'><strong>sub</strong></span> <span class='ocrx_word' id='word_1_312' title='bbox 907 2809 1098 2864; x_wconf 67' lang='lat' dir='ltr'><strong>linem.</strong></span> 
     </span>
    </p>
   </div>
   <div class='ocr_carea' id='block_1_45' title="bbox 826 2940 1808 3012">
    <p class='ocr_par' dir='ltr' id='par_1_45' title="bbox 826 2940 1808 3012">
     <span class='ocr_line' id='line_1_45' title="bbox 826 2940 1808 3012; baseline -0.002 -16"><span class='ocrx_word' id='word_1_313' title='bbox 826 2941 957 2997; x_wconf 79' lang='lat' dir='ltr'><strong>Vill.</strong></span> <span class='ocrx_word' id='word_1_314' title='bbox 1003 2940 1244 2998; x_wconf 82' lang='lat' dir='ltr'><strong>Odilonis</strong></span> <span class='ocrx_word' id='word_1_315' title='bbox 1267 2943 1482 2998; x_wconf 78' lang='lat' dir='ltr'><strong>virtutes</strong></span> <span class='ocrx_word' id='word_1_316' title='bbox 1511 2942 1808 3012; x_wconf 63' lang='lat' dir='ltr'><strong>pra’cipuw.</strong></span> 
     </span>
    </p>
   </div>
   <div class='ocr_carea' id='block_1_46' title="bbox 599 3071 2112 3146">
    <p class='ocr_par' dir='ltr' id='par_1_46' title="bbox 599 3071 2112 3146">
     <span class='ocr_line' id='line_1_46' title="bbox 599 3071 2112 3146; baseline -0.003 -16"><span class='ocrx_word' id='word_1_317' title='bbox 599 3075 722 3133; x_wconf 77' lang='grc'><strong>106.</strong></span> <span class='ocrx_word' id='word_1_318' title='bbox 759 3074 1291 3146; x_wconf 63' lang='lat' dir='ltr'><strong>Humilitatis,-qu2</strong></span> <span class='ocrx_word' id='word_1_319' title='bbox 1328 3074 1587 3129; x_wconf 90' lang='lat' dir='ltr'><strong>virtutum</strong></span> <span class='ocrx_word' id='word_1_320' title='bbox 1631 3073 1872 3128; x_wconf 91' lang='lat' dir='ltr'><strong>omnium</strong></span> <span class='ocrx_word' id='word_1_321' title='bbox 1921 3071 2112 3128; x_wconf 88' lang='lat' dir='ltr'><strong>funda-</strong></span> 
     </span>
    </p>
   </div>
   <div class='ocr_carea' id='block_1_47' title="bbox 2231 1889 3811 1961">
    <p class='ocr_par' dir='ltr' id='par_1_47' title="bbox 2231 1889 3811 1961">
     <span class='ocr_line' id='line_1_47' title="bbox 2231 1889 3811 1961; baseline 0.003 -19"><span class='ocrx_word' id='word_1_322' title='bbox 2231 1889 2375 1959; x_wconf 87' lang='lat' dir='ltr'><strong>quod</strong></span> <span class='ocrx_word' id='word_1_323' title='bbox 2407 1891 2460 1944; x_wconf 87' lang='lat' dir='ltr'><strong>in</strong></span> <span class='ocrx_word' id='word_1_324' title='bbox 2493 1891 2700 1961; x_wconf 88' lang='lat' dir='ltr'><strong>agendo</strong></span> <span class='ocrx_word' id='word_1_325' title='bbox 2732 1890 3022 1954; x_wconf 78' lang='lat' dir='ltr'><strong>videretur,</strong></span> <span class='ocrx_word' id='word_1_326' title='bbox 3053 1906 3212 1960; x_wconf 88' lang='lat' dir='ltr'><strong>quam</strong></span> <span class='ocrx_word' id='word_1_327' title='bbox 3262 1900 3318 1943; x_wconf 93' lang='lat' dir='ltr'><strong>ut</strong></span> <span class='ocrx_word' id='word_1_328' title='bbox 3347 1892 3684 1960; x_wconf 75' lang='lat' dir='ltr'><strong>superiorem</strong></span> <span class='ocrx_word' id='word_1_329' title='bbox 3717 1893 3811 1946; x_wconf 80' lang='lat' dir='ltr'><strong>de-</strong></span> 
     </span>
    </p>
   </div>
   <div class='ocr_carea' id='block_1_48' title="bbox 2229 1981 3813 2053">
    <p class='ocr_par' dir='ltr' id='par_1_48' title="bbox 2229 1981 3813 2053">
     <span class='ocr_line' id='line_1_48' title="bbox 2229 1981 3813 2053; baseline -0.001 -15"><span class='ocrx_word' id='word_1_330' title='bbox 2229 1993 2398 2048; x_wconf 88' lang='lat' dir='ltr'><strong>ceret,</strong></span> <span class='ocrx_word' id='word_1_331' title='bbox 2446 1983 2822 2053; x_wconf 73' lang='lat' dir='ltr'><strong>indulgentior.</strong></span> <span class='ocrx_word' id='word_1_332' title='bbox 2877 1985 2947 2036; x_wconf 89' lang='lat' dir='ltr'><strong>At</strong></span> <span class='ocrx_word' id='word_1_333' title='bbox 2995 1983 3138 2052; x_wconf 89' lang='lat' dir='ltr'><strong>ipse,</strong></span> <span class='ocrx_word' id='word_1_334' title='bbox 3180 1983 3257 2036; x_wconf 90' lang='lat' dir='ltr'><strong>uti</strong></span> <span class='ocrx_word' id='word_1_335' title='bbox 3298 1981 3491 2036; x_wconf 86' lang='lat' dir='ltr'><strong>Petrus</strong></span> <span class='ocrx_word' id='word_1_336' title='bbox 3537 1983 3813 2050; x_wconf 86' lang='lat' dir='ltr'><strong>Damiani,</strong></span> 
     </span>
    </p>
   </div>
   <div class='ocr_carea' id='block_1_49' title="bbox 2227 2075 3809 2146">
    <p class='ocr_par' dir='ltr' id='par_1_49' title="bbox 2227 2075 3809 2146">
     <span class='ocr_line' id='line_1_49' title="bbox 2227 2075 3809 2146; baseline 0 -16"><span class='ocrx_word' id='word_1_337' title='bbox 2227 2076 2428 2146; x_wconf 90' lang='lat' dir='ltr'><strong>aliique</strong></span> <span class='ocrx_word' id='word_1_338' title='bbox 2453 2084 2571 2144; x_wconf 89' lang='lat' dir='ltr'><strong>post</strong></span> <span class='ocrx_word' id='word_1_339' title='bbox 2593 2091 2715 2128; x_wconf 93' lang='lat' dir='ltr'><strong>eum</strong></span> <span class='ocrx_word' id='word_1_340' title='bbox 2741 2085 2994 2130; x_wconf 77' lang='lat' dir='ltr'><strong>auctores</strong></span> <span class='ocrx_word' id='word_1_341' title='bbox 3019 2075 3374 2142; x_wconf 87' lang='lat' dir='ltr'><strong>scripserunt,</strong></span> <span class='ocrx_word' id='word_1_342' title='bbox 3404 2076 3764 2144; x_wconf 86' lang='lat' dir='ltr'><strong>respondebat</strong></span> <span class='ocrx_word' id='word_1_343' title='bbox 3791 2095 3809 2130; x_wconf 87' lang='lat'><strong>:</strong></span> 
     </span>
    </p>
   </div>
   <div class='ocr_carea' id='block_1_50' title="bbox 2227 2165 3810 2229">
    <p class='ocr_par' dir='ltr' id='par_1_50' title="bbox 2227 2165 3810 2229">
     <span class='ocr_line' id='line_1_50' title="bbox 2227 2165 3810 2229; baseline -0.003 -5"><span class='ocrx_word' id='word_1_344' title='bbox 2227 2169 2288 2224; x_wconf 88' lang='lat' dir='ltr'><strong>Si</strong></span> <span class='ocrx_word' id='word_1_345' title='bbox 2321 2168 2654 2221; x_wconf 77' lang='lat' dir='ltr'><strong>damnandus</strong></span> <span class='ocrx_word' id='word_1_346' title='bbox 2681 2183 2819 2229; x_wconf 86' lang='lat' dir='ltr'><strong>sum,</strong></span> <span class='ocrx_word' id='word_1_347' title='bbox 2857 2166 2995 2220; x_wconf 86' lang='lat' dir='ltr'><strong>malo</strong></span> <span class='ocrx_word' id='word_1_348' title='bbox 3039 2165 3282 2219; x_wconf 84' lang='lat' dir='ltr'><strong>damnari</strong></span> <span class='ocrx_word' id='word_1_349' title='bbox 3322 2167 3387 2219; x_wconf 84' lang='lat' dir='ltr'><strong>de</strong></span> <span class='ocrx_word' id='word_1_350' title='bbox 3438 2167 3810 2220; x_wconf 80' lang='lat' dir='ltr'><strong>misericordia</strong></span> 
     </span>
    </p>
   </div>
   <div class='ocr_carea' id='block_1_51' title="bbox 2224 2255 3810 2329">
    <p class='ocr_par' dir='ltr' id='par_1_51' title="bbox 2224 2255 3810 2329">
     <span class='ocr_line' id='line_1_51' title="bbox 2224 2255 3810 2329; baseline 0.001 -19"><span class='ocrx_word' id='word_1_351' title='bbox 2224 2275 2380 2329; x_wconf 88' lang='lat' dir='ltr'><strong>quam</strong></span> <span class='ocrx_word' id='word_1_352' title='bbox 2412 2257 2475 2310; x_wconf 82' lang='lat' dir='ltr'><strong>de</strong></span> <span class='ocrx_word' id='word_1_353' title='bbox 2510 2258 2728 2310; x_wconf 83' lang='lat' dir='ltr'><strong>duritia.</strong></span> <span class='ocrx_word' id='word_1_354' title='bbox 2763 2255 2900 2310; x_wconf 80' lang='lat' dir='ltr'><strong>Hinc</strong></span> <span class='ocrx_word' id='word_1_355' title='bbox 2925 2296 2941 2320; x_wconf 94' lang='lat'><strong>,</strong></span> <span class='ocrx_word' id='word_1_356' title='bbox 2983 2257 3059 2309; x_wconf 91' lang='lat' dir='ltr'><strong>uti</strong></span> <span class='ocrx_word' id='word_1_357' title='bbox 3090 2255 3254 2310; x_wconf 90' lang='lat' dir='ltr'><strong>refert</strong></span> <span class='ocrx_word' id='word_1_358' title='bbox 3303 2257 3442 2310; x_wconf 90' lang='lat' dir='ltr'><strong>idem</strong></span> <span class='ocrx_word' id='word_1_359' title='bbox 3472 2265 3666 2310; x_wconf 90' lang='lat' dir='ltr'><strong>auctor</strong></span> <span class='ocrx_word' id='word_1_360' title='bbox 3691 2297 3707 2321; x_wconf 92' lang='lat'><strong>,</strong></span> <span class='ocrx_word' id='word_1_361' title='bbox 3754 2257 3810 2312; x_wconf 89' lang='lat' dir='ltr'><strong>in</strong></span> 
     </span>
    </p>
   </div>
   <div class='ocr_carea' id='block_1_52' title="bbox 2224 2348 3809 2418">
    <p class='ocr_par' dir='ltr' id='par_1_52' title="bbox 2224 2348 3809 2418">
     <span class='ocr_line' id='line_1_52' title="bbox 2224 2348 3809 2418; baseline 0 -14"><span class='ocrx_word' id='word_1_362' title='bbox 2224 2349 2566 2418; x_wconf 87' lang='lat' dir='ltr'><strong>imponendis</strong></span> <span class='ocrx_word' id='word_1_363' title='bbox 2592 2348 2921 2416; x_wconf 68' lang='lat' dir='ltr'><strong>paenitentia:</strong></span> <span class='ocrx_word' id='word_1_364' title='bbox 2958 2349 3150 2413; x_wconf 90' lang='lat' dir='ltr'><strong>modis,</strong></span> <span class='ocrx_word' id='word_1_365' title='bbox 3199 2349 3267 2401; x_wconf 90' lang='lat' dir='ltr'><strong>ita</strong></span> <span class='ocrx_word' id='word_1_366' title='bbox 3299 2359 3414 2403; x_wconf 87' lang='lat' dir='ltr'><strong>erat</strong></span> <span class='ocrx_word' id='word_1_367' title='bbox 3440 2349 3588 2403; x_wconf 90' lang='lat' dir='ltr'><strong>circa</strong></span> <span class='ocrx_word' id='word_1_368' title='bbox 3619 2367 3809 2404; x_wconf 88' lang='lat' dir='ltr'><strong>erran-</strong></span> 
     </span>
    </p>
   </div>
   <div class='ocr_carea' id='block_1_53' title="bbox 2223 2438 3810 2507">
    <p class='ocr_par' dir='ltr' id='par_1_53' title="bbox 2223 2438 3810 2507">
     <span class='ocr_line' id='line_1_53' title="bbox 2223 2438 3810 2507; baseline 0 -15"><span class='ocrx_word' id='word_1_369' title='bbox 2223 2445 2303 2492; x_wconf 88' lang='lat' dir='ltr'><strong>tes</strong></span> <span class='ocrx_word' id='word_1_370' title='bbox 2332 2438 2686 2506; x_wconf 88' lang='lat' dir='ltr'><strong>compatiens,</strong></span> <span class='ocrx_word' id='word_1_371' title='bbox 2717 2447 2774 2490; x_wconf 95' lang='lat' dir='ltr'><strong>nt</strong></span> <span class='ocrx_word' id='word_1_372' title='bbox 2803 2451 3140 2507; x_wconf 86' lang='lat' dir='ltr'><strong>nequaquam</strong></span> <span class='ocrx_word' id='word_1_373' title='bbox 3171 2438 3475 2492; x_wconf 87' lang='lat' dir='ltr'><strong>districtum</strong></span> <span class='ocrx_word' id='word_1_374' title='bbox 3507 2439 3683 2506; x_wconf 91' lang='lat' dir='ltr'><strong>patris</strong></span> <span class='ocrx_word' id='word_1_375' title='bbox 3715 2440 3810 2492; x_wconf 82' lang='lat' dir='ltr'><strong>im-</strong></span> 
     </span>
    </p>
   </div>
   <div class='ocr_carea' id='block_1_54' title="bbox 2220 2526 3803 2597">
    <p class='ocr_par' dir='ltr' id='par_1_54' title="bbox 2220 2526 3803 2597">
     <span class='ocr_line' id='line_1_54' title="bbox 2220 2526 3803 2597; baseline 0.001 -16"><span class='ocrx_word' id='word_1_376' title='bbox 2220 2527 2452 2597; x_wconf 89' lang='lat' dir='ltr'><strong>perium,</strong></span> <span class='ocrx_word' id='word_1_377' title='bbox 2494 2527 2586 2580; x_wconf 90' lang='lat' dir='ltr'><strong>sed</strong></span> <span class='ocrx_word' id='word_1_378' title='bbox 2628 2535 2935 2580; x_wconf 86' lang='lat' dir='ltr'><strong>maternum</strong></span> <span class='ocrx_word' id='word_1_379' title='bbox 2982 2527 3158 2595; x_wconf 87' lang='lat' dir='ltr'><strong>potius</strong></span> <span class='ocrx_word' id='word_1_380' title='bbox 3200 2526 3480 2581; x_wconf 74' lang='lat' dir='ltr'><strong>exhiberet</strong></span> <span class='ocrx_word' id='word_1_381' title='bbox 3526 2527 3803 2582; x_wconf 79' lang='lat' dir='ltr'><strong>affectum.</strong></span> 
     </span>
    </p>
   </div>
   <div class='ocr_carea' id='block_1_55' title="bbox 2220 2616 3801 2689">
    <p class='ocr_par' dir='ltr' id='par_1_55' title="bbox 2220 2616 3801 2689">
     <span class='ocr_line' id='line_1_55' title="bbox 2220 2616 3801 2689; baseline 0.001 -18"><span class='ocrx_word' id='word_1_382' title='bbox 2220 2618 2340 2684; x_wconf 86' lang='lat' dir='ltr'><strong>Quo</strong></span> <span class='ocrx_word' id='word_1_383' title='bbox 2368 2617 2587 2686; x_wconf 84' lang='lat' dir='ltr'><strong>quidem</strong></span> <span class='ocrx_word' id='word_1_384' title='bbox 2629 2616 2824 2686; x_wconf 82' lang='lat' dir='ltr'><strong>agendi</strong></span> <span class='ocrx_word' id='word_1_385' title='bbox 2865 2617 3040 2678; x_wconf 90' lang='lat' dir='ltr'><strong>modo,</strong></span> <span class='ocrx_word' id='word_1_386' title='bbox 3080 2626 3138 2668; x_wconf 92' lang='lat' dir='ltr'><strong>ut</strong></span> <span class='ocrx_word' id='word_1_387' title='bbox 3168 2617 3420 2671; x_wconf 79' lang='lat' dir='ltr'><strong>observat</strong></span> <span class='ocrx_word' id='word_1_388' title='bbox 3448 2616 3801 2689; x_wconf 82' lang='lat' dir='ltr'><strong>Chronogra-</strong></span> 
     </span>
    </p>
   </div>
   <div class='ocr_carea' id='block_1_56' title="bbox 2217 2708 3803 2784">
    <p class='ocr_par' dir='ltr' id='par_1_56' title="bbox 2217 2708 3803 2784">
     <span class='ocr_line' id='line_1_56' title="bbox 2217 2708 3803 2784; baseline 0 -19"><span class='ocrx_word' id='word_1_389' title='bbox 2217 2712 2355 2782; x_wconf 87' lang='lat' dir='ltr'><strong>phus</strong></span> <span class='ocrx_word' id='word_1_390' title='bbox 2409 2709 2820 2774; x_wconf 83' lang='lat' dir='ltr'><strong>Cluniacensis,</strong></span> <span class='ocrx_word' id='word_1_391' title='bbox 2876 2709 3351 2779; x_wconf 69' lang='lat' dir='ltr'><strong>prmclarissitnum</strong></span> <span class='ocrx_word' id='word_1_392' title='bbox 3399 2708 3803 2784; x_wconf 77' lang='lat' dir='ltr'><strong>clementissimi</strong></span> 
     </span>
    </p>
   </div>
   <div class='ocr_carea' id='block_1_57' title="bbox 2216 2801 3803 2870">
    <p class='ocr_par' dir='ltr' id='par_1_57' title="bbox 2216 2801 3803 2870">
     <span class='ocr_line' id='line_1_57' title="bbox 2216 2801 3803 2870; baseline -0.001 -14"><span class='ocrx_word' id='word_1_393' title='bbox 2216 2803 2316 2856; x_wconf 85' lang='lat' dir='ltr'><strong>viri</strong></span> <span class='ocrx_word' id='word_1_394' title='bbox 2351 2801 2562 2856; x_wconf 91' lang='lat' dir='ltr'><strong>titulum</strong></span> <span class='ocrx_word' id='word_1_395' title='bbox 2591 2810 2914 2856; x_wconf 88' lang='lat' dir='ltr'><strong>consecutus</strong></span> <span class='ocrx_word' id='word_1_396' title='bbox 2941 2810 3044 2863; x_wconf 89' lang='lat' dir='ltr'><strong>est,</strong></span> <span class='ocrx_word' id='word_1_397' title='bbox 3075 2816 3235 2870; x_wconf 91' lang='lat' dir='ltr'><strong>quem</strong></span> <span class='ocrx_word' id='word_1_398' title='bbox 3267 2801 3462 2855; x_wconf 87' lang='lat' dir='ltr'><strong>ibidem</strong></span> <span class='ocrx_word' id='word_1_399' title='bbox 3502 2803 3803 2855; x_wconf 80' lang='lat' dir='ltr'><strong>misericor-</strong></span> 
     </span>
    </p>
   </div>
   <div class='ocr_carea' id='block_1_58' title="bbox 2216 2889 3797 2960">
    <p class='ocr_par' dir='ltr' id='par_1_58' title="bbox 2216 2889 3797 2960">
     <span class='ocr_line' id='line_1_58' title="bbox 2216 2889 3797 2960; baseline 0.001 -16"><span class='ocrx_word' id='word_1_400' title='bbox 2216 2891 2487 2946; x_wconf 79' lang='lat' dir='ltr'><strong>dissimam</strong></span> <span class='ocrx_word' id='word_1_401' title='bbox 2537 2889 2815 2945; x_wconf 84' lang='lat' dir='ltr'><strong>Odiiouem</strong></span> <span class='ocrx_word' id='word_1_402' title='bbox 2863 2890 3118 2960; x_wconf 85' lang='lat' dir='ltr'><strong>appellat.</strong></span> <span class='ocrx_word' id='word_1_403' title='bbox 3181 2889 3304 2944; x_wconf 71' lang='lat' dir='ltr'><strong>Haec</strong></span> <span class='ocrx_word' id='word_1_404' title='bbox 3369 2891 3549 2945; x_wconf 88' lang='lat' dir='ltr'><strong>omnia</strong></span> <span class='ocrx_word' id='word_1_405' title='bbox 3617 2900 3797 2946; x_wconf 83' lang='lat' dir='ltr'><strong>tamen</strong></span> 
     </span>
    </p>
   </div>
   <div class='ocr_carea' id='block_1_59' title="bbox 2214 2979 3797 3052">
    <p class='ocr_par' dir='ltr' id='par_1_59' title="bbox 2214 2979 3797 3052">
     <span class='ocr_line' id='line_1_59' title="bbox 2214 2979 3797 3052; baseline -0.001 -16"><span class='ocrx_word' id='word_1_406' title='bbox 2214 2982 2520 3052; x_wconf 88' lang='lat' dir='ltr'><strong>prudentia,</strong></span> <span class='ocrx_word' id='word_1_407' title='bbox 2554 2983 2812 3035; x_wconf 84' lang='lat' dir='ltr'><strong>virtutum</strong></span> <span class='ocrx_word' id='word_1_408' title='bbox 2844 2981 3075 3045; x_wconf 90' lang='lat' dir='ltr'><strong>nutrice,</strong></span> <span class='ocrx_word' id='word_1_409' title='bbox 3108 2980 3178 3034; x_wconf 90' lang='lat' dir='ltr'><strong>ita</strong></span> <span class='ocrx_word' id='word_1_410' title='bbox 3212 2979 3570 3048; x_wconf 86' lang='lat' dir='ltr'><strong>temperabat,</strong></span> <span class='ocrx_word' id='word_1_411' title='bbox 3602 2991 3663 3032; x_wconf 87' lang='lat' dir='ltr'><strong>ut</strong></span> <span class='ocrx_word' id='word_1_412' title='bbox 3691 2995 3797 3034; x_wconf 87' lang='lat' dir='ltr'><strong>non</strong></span> 
     </span>
    </p>
   </div>
   <div class='ocr_carea' id='block_1_60' title="bbox 2216 3072 3794 3144">
    <p class='ocr_par' dir='ltr' id='par_1_60' title="bbox 2216 3072 3794 3144">
     <span class='ocr_line' id='line_1_60' title="bbox 2216 3072 3794 3144; baseline -0.001 -16"><span class='ocrx_word' id='word_1_413' title='bbox 2216 3074 2332 3144; x_wconf 87' lang='lat' dir='ltr'><strong>ejus</strong></span> <span class='ocrx_word' id='word_1_414' title='bbox 2359 3073 2620 3127; x_wconf 81' lang='lat' dir='ltr'><strong>facilitate</strong></span> <span class='ocrx_word' id='word_1_415' title='bbox 2663 3073 2928 3143; x_wconf 79' lang='lat' dir='ltr'><strong>regularis</strong></span> <span class='ocrx_word' id='word_1_416' title='bbox 2954 3072 3244 3141; x_wconf 62' lang='lat' dir='ltr'><strong>disciplinae</strong></span> <span class='ocrx_word' id='word_1_417' title='bbox 3271 3073 3424 3143; x_wconf 86' lang='lat' dir='ltr'><strong>vigor</strong></span> <span class='ocrx_word' id='word_1_418' title='bbox 3450 3072 3794 3139; x_wconf 87' lang='lat' dir='ltr'><strong>dispendium</strong></span> 
     </span>
    </p>
   </div>
   <div class='ocr_carea' id='block_1_61' title="bbox 517 3152 3793 3237">
    <p class='ocr_par' dir='ltr' id='par_1_61' title="bbox 517 3152 3793 3237">
     <span class='ocr_line' id='line_1_61' title="bbox 517 3152 3793 3237; baseline -0.003 -12"><span class='ocrx_word' id='word_1_419' title='bbox 517 3176 767 3224; x_wconf 82' lang='lat' dir='ltr'><strong>mentum</strong></span> <span class='ocrx_word' id='word_1_420' title='bbox 795 3175 893 3230; x_wconf 88' lang='lat' dir='ltr'><strong>est,</strong></span> <span class='ocrx_word' id='word_1_421' title='bbox 917 3167 1189 3237; x_wconf 88' lang='lat' dir='ltr'><strong>egregium</strong></span> <span class='ocrx_word' id='word_1_422' title='bbox 1215 3164 1516 3234; x_wconf 85' lang='lat' dir='ltr'><strong>exemplum</strong></span> <span class='ocrx_word' id='word_1_423' title='bbox 1540 3164 1652 3232; x_wconf 91' lang='lat' dir='ltr'><strong>jam</strong></span> <span class='ocrx_word' id='word_1_424' title='bbox 1683 3165 1736 3218; x_wconf 95' lang='lat' dir='ltr'><strong>in</strong></span> <span class='ocrx_word' id='word_1_425' title='bbox 1760 3162 1986 3218; x_wconf 86' lang='lat' dir='ltr'><strong>Odilone</strong></span> <span class='ocrx_word' id='word_1_426' title='bbox 2011 3163 2108 3218; x_wconf 84' lang='lat' dir='ltr'><strong>ad-</strong></span> <span class='ocrx_word' id='word_1_427' title='bbox 2139 3152 2182 3212; x_wconf 79' lang='grc' dir='ltr'>α</span> <span class='ocrx_word' id='word_1_428' title='bbox 2217 3163 2432 3231; x_wconf 87' lang='lat' dir='ltr'><strong>aliquod</strong></span> <span class='ocrx_word' id='word_1_429' title='bbox 2463 3172 2763 3232; x_wconf 84' lang='lat' dir='ltr'><strong>pateretur.</strong></span> <span class='ocrx_word' id='word_1_430' title='bbox 2801 3161 2960 3217; x_wconf 88' lang='lat' dir='ltr'><strong>Certe</strong></span> <span class='ocrx_word' id='word_1_431' title='bbox 3009 3178 3272 3218; x_wconf 89' lang='lat' dir='ltr'><strong>sunnnam</strong></span> <span class='ocrx_word' id='word_1_432' title='bbox 3301 3163 3418 3232; x_wconf 89' lang='lat' dir='ltr'><strong>ejus</strong></span> <span class='ocrx_word' id='word_1_433' title='bbox 3451 3164 3793 3233; x_wconf 89' lang='lat' dir='ltr'><strong>prudentiam</strong></span> 
     </span>
    </p>
   </div>
   <div class='ocr_carea' id='block_1_62' title="bbox 521 3253 2107 3326">
    <p class='ocr_par' dir='ltr' id='par_1_62' title="bbox 521 3253 2107 3326">
     <span class='ocr_line' id='line_1_62' title="bbox 521 3253 2107 3326; baseline -0.006 -11"><span class='ocrx_word' id='word_1_434' title='bbox 521 3259 712 3315; x_wconf 83' lang='lat' dir='ltr'><strong>mirati</strong></span> <span class='ocrx_word' id='word_1_435' title='bbox 749 3272 953 3320; x_wconf 91' lang='lat' dir='ltr'><strong>sumus,</strong></span> <span class='ocrx_word' id='word_1_436' title='bbox 991 3257 1083 3326; x_wconf 93' lang='lat' dir='ltr'><strong>qui</strong></span> <span class='ocrx_word' id='word_1_437' title='bbox 1113 3256 1403 3325; x_wconf 85' lang='lat' dir='ltr'><strong>dignitates</strong></span> <span class='ocrx_word' id='word_1_438' title='bbox 1447 3271 1512 3310; x_wconf 90' lang='lat' dir='ltr'><strong>eo</strong></span> <span class='ocrx_word' id='word_1_439' title='bbox 1552 3255 1746 3310; x_wconf 84' lang='lat' dir='ltr'><strong>ardore</strong></span> <span class='ocrx_word' id='word_1_440' title='bbox 1784 3253 2107 3324; x_wconf 80' lang='lat' dir='ltr'><strong>refugiebat,</strong></span> 
     </span>
    </p>
   </div>
   <div class='ocr_carea' id='block_1_63' title="bbox 513 3343 2106 3418">
    <p class='ocr_par' dir='ltr' id='par_1_63' title="bbox 513 3343 2106 3418">
     <span class='ocr_line' id='line_1_63' title="bbox 513 3343 2106 3418; baseline -0.003 -16"><span class='ocrx_word' id='word_1_441' title='bbox 513 3361 634 3418; x_wconf 74' lang='lat' dir='ltr'><strong>quo</strong></span> <span class='ocrx_word' id='word_1_442' title='bbox 668 3347 914 3416; x_wconf 88' lang='lat' dir='ltr'><strong>plerique</strong></span> <span class='ocrx_word' id='word_1_443' title='bbox 959 3346 1049 3400; x_wconf 88' lang='lat' dir='ltr'><strong>alii</strong></span> <span class='ocrx_word' id='word_1_444' title='bbox 1085 3345 1259 3400; x_wconf 86' lang='lat' dir='ltr'><strong>solent</strong></span> <span class='ocrx_word' id='word_1_445' title='bbox 1302 3360 1399 3402; x_wconf 85' lang='lat' dir='ltr'><strong>eas</strong></span> <span class='ocrx_word' id='word_1_446' title='bbox 1448 3345 1727 3414; x_wconf 89' lang='lat' dir='ltr'><strong>aucupari.</strong></span> <span class='ocrx_word' id='word_1_447' title='bbox 1775 3344 2019 3410; x_wconf 88' lang='lat' dir='ltr'><strong>Quantas</strong></span> <span class='ocrx_word' id='word_1_448' title='bbox 2052 3343 2106 3398; x_wconf 88' lang='lat' dir='ltr'><strong>iu</strong></span> 
     </span>
    </p>
   </div>
   <div class='ocr_carea' id='block_1_64' title="bbox 523 3435 2108 3507">
    <p class='ocr_par' dir='ltr' id='par_1_64' title="bbox 523 3435 2108 3507">
     <span class='ocr_line' id='line_1_64' title="bbox 523 3435 2108 3507; baseline -0.006 -11"><span class='ocrx_word' id='word_1_449' title='bbox 523 3438 688 3496; x_wconf 88' lang='lat' dir='ltr'><strong>corde</strong></span> <span class='ocrx_word' id='word_1_450' title='bbox 718 3437 888 3507; x_wconf 88' lang='lat' dir='ltr'><strong>ipsius</strong></span> <span class='ocrx_word' id='word_1_451' title='bbox 913 3437 1123 3491; x_wconf 90' lang='lat' dir='ltr'><strong>radices</strong></span> <span class='ocrx_word' id='word_1_452' title='bbox 1149 3436 1352 3506; x_wconf 87' lang='lat' dir='ltr'><strong>egisset</strong></span> <span class='ocrx_word' id='word_1_453' title='bbox 1380 3437 1481 3490; x_wconf 91' lang='lat' dir='ltr'><strong>ista</strong></span> <span class='ocrx_word' id='word_1_454' title='bbox 1511 3436 1698 3495; x_wconf 85' lang='lat' dir='ltr'><strong>virtus.</strong></span> <span class='ocrx_word' id='word_1_455' title='bbox 1725 3435 1900 3504; x_wconf 85' lang='lat' dir='ltr'><strong>colligi</strong></span> <span class='ocrx_word' id='word_1_456' title='bbox 1929 3439 2108 3504; x_wconf 93' lang='lat' dir='ltr'><strong>potest</strong></span> 
     </span>
    </p>
   </div>
   <div class='ocr_carea' id='block_1_65' title="bbox 501 3526 2105 3598">
    <p class='ocr_par' dir='ltr' id='par_1_65' title="bbox 501 3526 2105 3598">
     <span class='ocr_line' id='line_1_65' title="bbox 501 3526 2105 3598; baseline -0.005 -11"><span class='ocrx_word' id='word_1_457' title='bbox 501 3545 592 3587; x_wconf 75' lang='lat' dir='ltr'><strong>ex</strong></span> <span class='ocrx_word' id='word_1_458' title='bbox 619 3531 700 3586; x_wconf 91' lang='lat' dir='ltr'><strong>eis</strong></span> <span class='ocrx_word' id='word_1_459' title='bbox 727 3546 847 3596; x_wconf 68' lang='lat' dir='ltr'><strong>qua}</strong></span> <span class='ocrx_word' id='word_1_460' title='bbox 870 3530 1010 3598; x_wconf 85' lang='lat' dir='ltr'><strong>apud</strong></span> <span class='ocrx_word' id='word_1_461' title='bbox 1033 3529 1288 3583; x_wconf 71' lang='lat' dir='ltr'><strong>(lasinum</strong></span> <span class='ocrx_word' id='word_1_462' title='bbox 1315 3539 1551 3582; x_wconf 90' lang='lat' dir='ltr'><strong>montem</strong></span> <span class='ocrx_word' id='word_1_463' title='bbox 1575 3529 1622 3582; x_wconf 90' lang='lat' dir='ltr'><strong>ei</strong></span> <span class='ocrx_word' id='word_1_464' title='bbox 1649 3529 1942 3596; x_wconf 83' lang='lat' dir='ltr'><strong>contigere.</strong></span> <span class='ocrx_word' id='word_1_465' title='bbox 1971 3526 2105 3579; x_wconf 87' lang='lat' dir='ltr'><strong>Cum</strong></span> 
     </span>
    </p>
   </div>
   <div class='ocr_carea' id='block_1_66' title="bbox 520 3614 2100 3690">
    <p class='ocr_par' dir='ltr' id='par_1_66' title="bbox 520 3614 2100 3690">
     <span class='ocr_line' id='line_1_66' title="bbox 520 3614 2100 3690; baseline -0.005 -14"><span class='ocrx_word' id='word_1_466' title='bbox 520 3622 667 3676; x_wconf 88' lang='lat' dir='ltr'><strong>enim</strong></span> <span class='ocrx_word' id='word_1_467' title='bbox 707 3619 996 3690; x_wconf 86' lang='lat' dir='ltr'><strong>aliquando</strong></span> <span class='ocrx_word' id='word_1_468' title='bbox 1025 3619 1214 3672; x_wconf 86' lang='lat' dir='ltr'><strong>beatus</strong></span> <span class='ocrx_word' id='word_1_469' title='bbox 1240 3617 1345 3682; x_wconf 89' lang='lat' dir='ltr'><strong>vir,</strong></span> <span class='ocrx_word' id='word_1_470' title='bbox 1376 3626 1442 3670; x_wconf 79' lang='lat' dir='ltr'><strong>ut.</strong></span> <span class='ocrx_word' id='word_1_471' title='bbox 1455 3617 1660 3688; x_wconf 86' lang='lat' dir='ltr'><strong>legitur</strong></span> <span class='ocrx_word' id='word_1_472' title='bbox 1699 3617 1840 3684; x_wconf 89' lang='lat' dir='ltr'><strong>apud</strong></span> <span class='ocrx_word' id='word_1_473' title='bbox 1865 3614 2100 3668; x_wconf 78' lang='lat' dir='ltr'><strong>Leonem</strong></span> 
     </span>
    </p>
   </div>
   <div class='ocr_carea' id='block_1_67' title="bbox 521 3703 2102 3774">
    <p class='ocr_par' dir='ltr' id='par_1_67' title="bbox 521 3703 2102 3774">
     <span class='ocr_line' id='line_1_67' title="bbox 521 3703 2102 3774; baseline -0.005 -9"><span class='ocrx_word' id='word_1_474' title='bbox 521 3709 884 3765; x_wconf 69' lang='lat' dir='ltr'><strong>llarsieanum</strong></span> <span class='ocrx_word' id='word_1_475' title='bbox 919 3709 970 3762; x_wconf 90' lang='lat' dir='ltr'><strong>in</strong></span> <span class='ocrx_word' id='word_1_476' title='bbox 992 3708 1262 3764; x_wconf 79' lang='lat' dir='ltr'><strong>Chronico</strong></span> <span class='ocrx_word' id='word_1_477' title='bbox 1290 3706 1593 3773; x_wconf 74' lang='lat' dir='ltr'><strong>(lasincnsi,</strong></span> <span class='ocrx_word' id='word_1_478' title='bbox 1617 3706 1754 3760; x_wconf 92' lang='lat' dir='ltr'><strong>libro</strong></span> <span class='ocrx_word' id='word_1_479' title='bbox 1781 3721 1845 3769; x_wconf 83' lang='grc' dir='ltr'>ιι,</span> <span class='ocrx_word' id='word_1_480' title='bbox 1868 3721 1987 3774; x_wconf 90' lang='lat' dir='ltr'><strong>cap.</strong></span> <span class='ocrx_word' id='word_1_481' title='bbox 2009 3703 2102 3771; x_wconf 79' lang='lat'><strong>53,</strong></span> 
     </span>
    </p>
   </div>
   <div class='ocr_carea' id='block_1_68' title="bbox 517 3795 2104 3869">
    <p class='ocr_par' dir='ltr' id='par_1_68' title="bbox 517 3795 2104 3869">
     <span class='ocr_line' id='line_1_68' title="bbox 517 3795 2104 3869; baseline -0.004 -13"><span class='ocrx_word' id='word_1_482' title='bbox 517 3800 650 3856; x_wconf 86' lang='lat' dir='ltr'><strong>illud</strong></span> <span class='ocrx_word' id='word_1_483' title='bbox 677 3816 894 3854; x_wconf 85' lang='lat' dir='ltr'><strong>sacrum</strong></span> <span class='ocrx_word' id='word_1_484' title='bbox 921 3799 1129 3853; x_wconf 91' lang='lat' dir='ltr'><strong>ordinis</strong></span> <span class='ocrx_word' id='word_1_485' title='bbox 1161 3799 1327 3854; x_wconf 81' lang='lat' dir='ltr'><strong>nOStri</strong></span> <span class='ocrx_word' id='word_1_486' title='bbox 1359 3809 1520 3869; x_wconf 89' lang='lat' dir='ltr'><strong>caput</strong></span> <span class='ocrx_word' id='word_1_487' title='bbox 1548 3797 1933 3852; x_wconf 86' lang='lat' dir='ltr'><strong>monasterium</strong></span> <span class='ocrx_word' id='word_1_488' title='bbox 1966 3795 2104 3849; x_wconf 88' lang='lat' dir='ltr'><strong>invi-</strong></span> 
     </span>
    </p>
   </div>
   <div class='ocr_carea' id='block_1_69' title="bbox 515 3885 2104 3959">
    <p class='ocr_par' dir='ltr' id='par_1_69' title="bbox 515 3885 2104 3959">
     <span class='ocr_line' id='line_1_69' title="bbox 515 3885 2104 3959; baseline -0.004 -11"><span class='ocrx_word' id='word_1_489' title='bbox 515 3906 640 3948; x_wconf 83' lang='lat' dir='ltr'><strong>sere</strong></span> <span class='ocrx_word' id='word_1_490' title='bbox 666 3891 967 3953; x_wconf 85' lang='lat' dir='ltr'><strong>statuisset,</strong></span> <span class='ocrx_word' id='word_1_491' title='bbox 997 3900 1235 3944; x_wconf 87' lang='lat' dir='ltr'><strong>montem</strong></span> <span class='ocrx_word' id='word_1_492' title='bbox 1268 3890 1440 3959; x_wconf 88' lang='lat' dir='ltr'><strong>ipsum</strong></span> <span class='ocrx_word' id='word_1_493' title='bbox 1467 3889 1542 3943; x_wconf 92' lang='lat' dir='ltr'><strong>ob</strong></span> <span class='ocrx_word' id='word_1_494' title='bbox 1559 3887 1894 3943; x_wconf 82' lang='lat' dir='ltr'><strong>sanctissimi</strong></span> <span class='ocrx_word' id='word_1_495' title='bbox 1923 3885 2104 3941; x_wconf 90' lang='lat' dir='ltr'><strong>Patris</strong></span> 
     </span>
    </p>
   </div>
   <div class='ocr_carea' id='block_1_70' title="bbox 517 3976 2098 4050">
    <p class='ocr_par' dir='ltr' id='par_1_70' title="bbox 517 3976 2098 4050">
     <span class='ocr_line' id='line_1_70' title="bbox 517 3976 2098 4050; baseline -0.004 -12"><span class='ocrx_word' id='word_1_496' title='bbox 517 3984 882 4038; x_wconf 87' lang='lat' dir='ltr'><strong>reverentiam</strong></span> <span class='ocrx_word' id='word_1_497' title='bbox 945 3983 1109 4050; x_wconf 85' lang='lat' dir='ltr'><strong>pedes</strong></span> <span class='ocrx_word' id='word_1_498' title='bbox 1165 3982 1434 4050; x_wconf 87' lang='lat' dir='ltr'><strong>integrum</strong></span> <span class='ocrx_word' id='word_1_499' title='bbox 1493 3979 1858 4035; x_wconf 87' lang='lat' dir='ltr'><strong>conscendere</strong></span> <span class='ocrx_word' id='word_1_500' title='bbox 1911 3976 2098 4032; x_wconf 90' lang='lat' dir='ltr'><strong>voluit.</strong></span> 
     </span>
    </p>
   </div>
   <div class='ocr_carea' id='block_1_71' title="bbox 517 4068 2101 4140">
    <p class='ocr_par' dir='ltr' id='par_1_71' title="bbox 517 4068 2101 4140">
     <span class='ocr_line' id='line_1_71' title="bbox 517 4068 2101 4140; baseline -0.004 -12"><span class='ocrx_word' id='word_1_501' title='bbox 517 4072 751 4128; x_wconf 91' lang='lat' dir='ltr'><strong>Tantum</strong></span> <span class='ocrx_word' id='word_1_502' title='bbox 798 4075 973 4127; x_wconf 89' lang='lat' dir='ltr'><strong>virum</strong></span> <span class='ocrx_word' id='word_1_503' title='bbox 1020 4088 1141 4127; x_wconf 91' lang='lat' dir='ltr'><strong>cum</strong></span> <span class='ocrx_word' id='word_1_504' title='bbox 1183 4087 1247 4126; x_wconf 92' lang='lat' dir='ltr'><strong>eo</strong></span> <span class='ocrx_word' id='word_1_505' title='bbox 1275 4072 1668 4140; x_wconf 80' lang='lat' dir='ltr'><strong>honorequem</strong></span> <span class='ocrx_word' id='word_1_506' title='bbox 1708 4071 1926 4139; x_wconf 78' lang='lat' dir='ltr'><strong>exigere</strong></span> <span class='ocrx_word' id='word_1_507' title='bbox 1954 4068 2101 4122; x_wconf 87' lang='lat' dir='ltr'><strong>vide-</strong></span> 
     </span>
    </p>
   </div>
   <div class='ocr_carea' id='block_1_72' title="bbox 510 4157 2101 4231">
    <p class='ocr_par' dir='ltr' id='par_1_72' title="bbox 510 4157 2101 4231">
     <span class='ocr_line' id='line_1_72' title="bbox 510 4157 2101 4231; baseline -0.004 -14"><span class='ocrx_word' id='word_1_508' title='bbox 510 4164 682 4224; x_wconf 84' lang='lat' dir='ltr'><strong>batur</strong></span> <span class='ocrx_word' id='word_1_509' title='bbox 709 4179 920 4217; x_wconf 85' lang='lat' dir='ltr'><strong>sutnma</strong></span> <span class='ocrx_word' id='word_1_510' title='bbox 959 4161 1076 4231; x_wconf 86' lang='lat' dir='ltr'><strong>ejus</strong></span> <span class='ocrx_word' id='word_1_511' title='bbox 1117 4163 1421 4216; x_wconf 88' lang='lat' dir='ltr'><strong>sanctitatis</strong></span> <span class='ocrx_word' id='word_1_512' title='bbox 1449 4160 1610 4223; x_wconf 87' lang='lat' dir='ltr'><strong>fama,</strong></span> <span class='ocrx_word' id='word_1_513' title='bbox 1645 4173 1909 4228; x_wconf 86' lang='lat' dir='ltr'><strong>excepere</strong></span> <span class='ocrx_word' id='word_1_514' title='bbox 1949 4157 2101 4212; x_wconf 89' lang='lat' dir='ltr'><strong>Casi-</strong></span> 
     </span>
    </p>
   </div>
   <div class='ocr_carea' id='block_1_73' title="bbox 513 4249 2100 4323">
    <p class='ocr_par' dir='ltr' id='par_1_73' title="bbox 513 4249 2100 4323">
     <span class='ocr_line' id='line_1_73' title="bbox 513 4249 2100 4323; baseline -0.003 -15"><span class='ocrx_word' id='word_1_515' title='bbox 513 4265 714 4320; x_wconf 74' lang='lat' dir='ltr'><strong>nates;</strong></span> <span class='ocrx_word' id='word_1_516' title='bbox 745 4255 836 4308; x_wconf 89' lang='lat' dir='ltr'><strong>sed</strong></span> <span class='ocrx_word' id='word_1_517' title='bbox 859 4271 981 4308; x_wconf 86' lang='lat' dir='ltr'><strong>eum</strong></span> <span class='ocrx_word' id='word_1_518' title='bbox 1011 4254 1063 4308; x_wconf 90' lang='lat' dir='ltr'><strong>in</strong></span> <span class='ocrx_word' id='word_1_519' title='bbox 1089 4253 1381 4323; x_wconf 83' lang='lat' dir='ltr'><strong>capitulum</strong></span> <span class='ocrx_word' id='word_1_520' title='bbox 1410 4269 1506 4323; x_wconf 91' lang='lat' dir='ltr'><strong>pro</strong></span> <span class='ocrx_word' id='word_1_521' title='bbox 1531 4253 1750 4320; x_wconf 88' lang='lat' dir='ltr'><strong>antiqua</strong></span> <span class='ocrx_word' id='word_1_522' title='bbox 1784 4249 2100 4305; x_wconf 86' lang='lat' dir='ltr'><strong>monasterii</strong></span> 
     </span>
    </p>
   </div>
   <div class='ocr_carea' id='block_1_74' title="bbox 492 4339 2093 4408">
    <p class='ocr_par' dir='ltr' id='par_1_74' title="bbox 492 4339 2093 4408">
     <span class='ocr_line' id='line_1_74' title="bbox 492 4339 2093 4408; baseline -0.001 -14"><span class='ocrx_word' id='word_1_523' title='bbox 492 4346 906 4399; x_wconf 88' lang='lat' dir='ltr'><strong>.consuetudine</strong></span> <span class='ocrx_word' id='word_1_524' title='bbox 951 4346 1212 4400; x_wconf 83' lang='lat' dir='ltr'><strong>deductus</strong></span> <span class='ocrx_word' id='word_1_525' title='bbox 1257 4344 1468 4408; x_wconf 89' lang='lat' dir='ltr'><strong>fuisset,</strong></span> <span class='ocrx_word' id='word_1_526' title='bbox 1499 4344 1567 4397; x_wconf 94' lang='lat' dir='ltr'><strong>ibi</strong></span> <span class='ocrx_word' id='word_1_527' title='bbox 1599 4358 1630 4396; x_wconf 89' lang='lat' dir='ltr'><strong>a</strong></span> <span class='ocrx_word' id='word_1_528' title='bbox 1659 4339 1972 4396; x_wconf 84' lang='lat' dir='ltr'><strong>&#39;l&#39;heobaldo</strong></span> <span class='ocrx_word' id='word_1_529' title='bbox 1998 4340 2093 4394; x_wconf 87' lang='lat' dir='ltr'><strong>ab-</strong></span> 
     </span>
    </p>
   </div>
   <div class='ocr_carea' id='block_1_75' title="bbox 513 4429 2101 4504">
    <p class='ocr_par' dir='ltr' id='par_1_75' title="bbox 513 4429 2101 4504">
     <span class='ocr_line' id='line_1_75' title="bbox 513 4429 2101 4504; baseline -0.004 -15"><span class='ocrx_word' id='word_1_530' title='bbox 513 4435 642 4489; x_wconf 90' lang='lat' dir='ltr'><strong>bate</strong></span> <span class='ocrx_word' id='word_1_531' title='bbox 664 4451 825 4488; x_wconf 89' lang='lat' dir='ltr'><strong>unam</strong></span> <span class='ocrx_word' id='word_1_532' title='bbox 854 4434 952 4488; x_wconf 87' lang='lat' dir='ltr'><strong>sibi</strong></span> <span class='ocrx_word' id='word_1_533' title='bbox 987 4435 1213 4504; x_wconf 81' lang='lat' dir='ltr'><strong>gratiam</strong></span> <span class='ocrx_word' id='word_1_534' title='bbox 1256 4434 1476 4488; x_wconf 89' lang='lat' dir='ltr'><strong>concedi</strong></span> <span class='ocrx_word' id='word_1_535' title='bbox 1505 4432 1843 4502; x_wconf 86' lang='lat' dir='ltr'><strong>clllagitavit,</strong></span> <span class='ocrx_word' id='word_1_536' title='bbox 1870 4439 1928 4484; x_wconf 91' lang='lat' dir='ltr'><strong>ut</strong></span> <span class='ocrx_word' id='word_1_537' title='bbox 1953 4429 2101 4484; x_wconf 89' lang='lat' dir='ltr'><strong>scili-</strong></span> 
     </span>
    </p>
   </div>
   <div class='ocr_carea' id='block_1_76' title="bbox 2212 3253 3788 3310">
    <p class='ocr_par' dir='ltr' id='par_1_76' title="bbox 2212 3253 3788 3310">
     <span class='ocr_line' id='line_1_76' title="bbox 2212 3253 3788 3310; baseline 0.001 -2"><span class='ocrx_word' id='word_1_538' title='bbox 2212 3254 2568 3310; x_wconf 86' lang='lat' dir='ltr'><strong>laudaverunt</strong></span> <span class='ocrx_word' id='word_1_539' title='bbox 2598 3254 3019 3310; x_wconf 81' lang='lat' dir='ltr'><strong>Patres-concilii</strong></span> <span class='ocrx_word' id='word_1_540' title='bbox 3058 3253 3457 3309; x_wconf 83' lang='lat' dir='ltr'><strong>Lemovicensis</strong></span> <span class='ocrx_word' id='word_1_541' title='bbox 3491 3271 3637 3309; x_wconf 90' lang='lat' dir='ltr'><strong>anno</strong></span> <span class='ocrx_word' id='word_1_542' title='bbox 3663 3254 3788 3309; x_wconf 82' lang='lat' dir='ltr'><strong>ltt3l</strong></span> 
     </span>
    </p>
   </div>
   <div class='ocr_carea' id='block_1_77' title="bbox 2213 3343 3792 3414">
    <p class='ocr_par' dir='ltr' id='par_1_77' title="bbox 2213 3343 3792 3414">
     <span class='ocr_line' id='line_1_77' title="bbox 2213 3343 3792 3414; baseline -0.001 -14"><span class='ocrx_word' id='word_1_543' title='bbox 2213 3345 2268 3400; x_wconf 90' lang='lat' dir='ltr'><strong>in</strong></span> <span class='ocrx_word' id='word_1_544' title='bbox 2295 3361 2457 3400; x_wconf 87' lang='lat' dir='ltr'><strong>causa</strong></span> <span class='ocrx_word' id='word_1_545' title='bbox 2481 3344 2814 3414; x_wconf 85' lang='lat' dir='ltr'><strong>apostolatus</strong></span> <span class='ocrx_word' id='word_1_546' title='bbox 2838 3344 3014 3399; x_wconf 89' lang='lat' dir='ltr'><strong>sancti</strong></span> <span class='ocrx_word' id='word_1_547' title='bbox 3043 3343 3298 3398; x_wconf 76' lang='lat' dir='ltr'><strong>Martialis</strong></span> <span class='ocrx_word' id='word_1_548' title='bbox 3320 3344 3650 3414; x_wconf 76' lang='lat' dir='ltr'><strong>congregati.</strong></span> <span class='ocrx_word' id='word_1_549' title='bbox 3677 3343 3792 3412; x_wconf 81' lang='lat' dir='ltr'><strong>Ipse</strong></span> 
     </span>
    </p>
   </div>
   <div class='ocr_carea' id='block_1_78' title="bbox 2209 3432 3791 3506">
    <p class='ocr_par' dir='ltr' id='par_1_78' title="bbox 2209 3432 3791 3506">
     <span class='ocr_line' id='line_1_78' title="bbox 2209 3432 3791 3506; baseline -0.002 -15"><span class='ocrx_word' id='word_1_550' title='bbox 2209 3451 2339 3492; x_wconf 83' lang='lat' dir='ltr'><strong>vero</strong></span> <span class='ocrx_word' id='word_1_551' title='bbox 2363 3438 2434 3492; x_wconf 91' lang='lat' dir='ltr'><strong>ita</strong></span> <span class='ocrx_word' id='word_1_552' title='bbox 2459 3438 2561 3492; x_wconf 83' lang='lat' dir='ltr'><strong>sibi</strong></span> <span class='ocrx_word' id='word_1_553' title='bbox 2587 3437 2690 3506; x_wconf 78' lang='lat' dir='ltr'><strong>ipsi</strong></span> <span class='ocrx_word' id='word_1_554' title='bbox 2721 3435 3030 3499; x_wconf 83' lang='lat' dir='ltr'><strong>vilescebat,</strong></span> <span class='ocrx_word' id='word_1_555' title='bbox 3061 3445 3119 3488; x_wconf 95' lang='lat' dir='ltr'><strong>ut</strong></span> <span class='ocrx_word' id='word_1_556' title='bbox 3151 3435 3204 3489; x_wconf 94' lang='lat' dir='ltr'><strong>in</strong></span> <span class='ocrx_word' id='word_1_557' title='bbox 3234 3432 3353 3488; x_wconf 80' lang='lat' dir='ltr'><strong>Vita</strong></span> <span class='ocrx_word' id='word_1_558' title='bbox 3379 3443 3581 3488; x_wconf 65' lang='lat' dir='ltr'><strong>saneta:</strong></span> <span class='ocrx_word' id='word_1_559' title='bbox 3606 3434 3791 3488; x_wconf 84' lang='lat' dir='ltr'><strong>Adhe-</strong></span> 
     </span>
    </p>
   </div>
   <div class='ocr_carea' id='block_1_79' title="bbox 2209 3523 3791 3597">
    <p class='ocr_par' dir='ltr' id='par_1_79' title="bbox 2209 3523 3791 3597">
     <span class='ocr_line' id='line_1_79' title="bbox 2209 3523 3791 3597; baseline -0.002 -14"><span class='ocrx_word' id='word_1_560' title='bbox 2209 3527 2364 3584; x_wconf 90' lang='lat' dir='ltr'><strong>leidis</strong></span> <span class='ocrx_word' id='word_1_561' title='bbox 2386 3541 2693 3583; x_wconf 77' lang='lat' dir='ltr'><strong>cunctorum</strong></span> <span class='ocrx_word' id='word_1_562' title='bbox 2733 3543 2792 3583; x_wconf 89' lang='lat' dir='ltr'><strong>se</strong></span> <span class='ocrx_word' id='word_1_563' title='bbox 2829 3526 3114 3597; x_wconf 83' lang='lat' dir='ltr'><strong>peripsema</strong></span> <span class='ocrx_word' id='word_1_564' title='bbox 3145 3525 3444 3582; x_wconf 87' lang='lat' dir='ltr'><strong>declararet</strong></span> <span class='ocrx_word' id='word_1_565' title='bbox 3471 3523 3791 3580; x_wconf 75' lang='lat' dir='ltr'><strong>Cluniaceno</strong></span> 
     </span>
    </p>
   </div>
   <div class='ocr_carea' id='block_1_80' title="bbox 2207 3621 2686 3690">
    <p class='ocr_par' dir='ltr' id='par_1_80' title="bbox 2207 3621 2686 3690">
     <span class='ocr_line' id='line_1_80' title="bbox 2207 3621 2686 3690; baseline 0 -15"><span class='ocrx_word' id='word_1_566' title='bbox 2207 3621 2343 3675; x_wconf 85' lang='lat' dir='ltr'><strong>sium</strong></span> <span class='ocrx_word' id='word_1_567' title='bbox 2376 3637 2686 3690; x_wconf 81' lang='lat' dir='ltr'><strong>pauperum.</strong></span> 
     </span>
    </p>
   </div>
   <div class='ocr_carea' id='block_1_81' title="bbox 2279 3708 3786 3780">
    <p class='ocr_par' dir='ltr' id='par_1_81' title="bbox 2279 3708 3786 3780">
     <span class='ocr_line' id='line_1_81' title="bbox 2279 3708 3786 3780; baseline -0.002 -15"><span class='ocrx_word' id='word_1_568' title='bbox 2279 3709 2402 3765; x_wconf 75' lang='grc'><strong>108.</strong></span> <span class='ocrx_word' id='word_1_569' title='bbox 2445 3711 2522 3765; x_wconf 86' lang='lat' dir='ltr'><strong>Eo</strong></span> <span class='ocrx_word' id='word_1_570' title='bbox 2567 3710 2908 3780; x_wconf 83' lang='lat' dir='ltr'><strong>potissimum</strong></span> <span class='ocrx_word' id='word_1_571' title='bbox 2961 3708 3274 3764; x_wconf 87' lang='lat' dir='ltr'><strong>intendebat</strong></span> <span class='ocrx_word' id='word_1_572' title='bbox 3320 3708 3402 3762; x_wconf 90' lang='lat' dir='ltr'><strong>vir</strong></span> <span class='ocrx_word' id='word_1_573' title='bbox 3448 3717 3691 3771; x_wconf 87' lang='lat' dir='ltr'><strong>sanctus,</strong></span> <span class='ocrx_word' id='word_1_574' title='bbox 3727 3716 3786 3762; x_wconf 86' lang='lat' dir='ltr'><strong>ut</strong></span> 
     </span>
    </p>
   </div>
   <div class='ocr_carea' id='block_1_82' title="bbox 2211 3799 3785 3871">
    <p class='ocr_par' dir='ltr' id='par_1_82' title="bbox 2211 3799 3785 3871">
     <span class='ocr_line' id='line_1_82' title="bbox 2211 3799 3785 3871; baseline -0.001 -14"><span class='ocrx_word' id='word_1_575' title='bbox 2211 3801 2448 3857; x_wconf 88' lang='lat' dir='ltr'><strong>charitas</strong></span> <span class='ocrx_word' id='word_1_576' title='bbox 2477 3803 2620 3856; x_wconf 88' lang='lat' dir='ltr'><strong>inter</strong></span> <span class='ocrx_word' id='word_1_577' title='bbox 2646 3818 2771 3857; x_wconf 89' lang='lat' dir='ltr'><strong>suos</strong></span> <span class='ocrx_word' id='word_1_578' title='bbox 2796 3802 3005 3856; x_wconf 88' lang='lat' dir='ltr'><strong>illibata</strong></span> <span class='ocrx_word' id='word_1_579' title='bbox 3023 3810 3078 3856; x_wconf 88' lang='lat' dir='ltr'><strong>et</strong></span> <span class='ocrx_word' id='word_1_580' title='bbox 3103 3799 3354 3855; x_wconf 90' lang='lat' dir='ltr'><strong>inviolata</strong></span> <span class='ocrx_word' id='word_1_581' title='bbox 3381 3801 3608 3871; x_wconf 83' lang='lat' dir='ltr'><strong>vigeret,</strong></span> <span class='ocrx_word' id='word_1_582' title='bbox 3633 3801 3785 3856; x_wconf 80' lang='lat' dir='ltr'><strong>hine-</strong></span> 
     </span>
    </p>
   </div>
   <div class='ocr_carea' id='block_1_83' title="bbox 2208 3893 3777 3965">
    <p class='ocr_par' dir='ltr' id='par_1_83' title="bbox 2208 3893 3777 3965">
     <span class='ocr_line' id='line_1_83' title="bbox 2208 3893 3777 3965; baseline -0.003 -15"><span class='ocrx_word' id='word_1_583' title='bbox 2208 3911 2314 3965; x_wconf 90' lang='lat' dir='ltr'><strong>que</strong></span> <span class='ocrx_word' id='word_1_584' title='bbox 2342 3896 2477 3949; x_wconf 89' lang='lat' dir='ltr'><strong>adeo</strong></span> <span class='ocrx_word' id='word_1_585' title='bbox 2512 3895 2821 3949; x_wconf 79' lang='lat' dir='ltr'><strong>invidentia:</strong></span> <span class='ocrx_word' id='word_1_586' title='bbox 2863 3894 3059 3948; x_wconf 89' lang='lat' dir='ltr'><strong>malum</strong></span> <span class='ocrx_word' id='word_1_587' title='bbox 3099 3893 3442 3952; x_wconf 87' lang='lat' dir='ltr'><strong>abhorrebat,</strong></span> <span class='ocrx_word' id='word_1_588' title='bbox 3477 3902 3534 3946; x_wconf 87' lang='lat' dir='ltr'><strong>ut</strong></span> <span class='ocrx_word' id='word_1_589' title='bbox 3563 3893 3777 3962; x_wconf 69' lang='lat' dir='ltr'><strong>saepius,</strong></span> 
     </span>
    </p>
   </div>
   <div class='ocr_carea' id='block_1_84' title="bbox 2210 3982 3784 4053">
    <p class='ocr_par' dir='ltr' id='par_1_84' title="bbox 2210 3982 3784 4053">
     <span class='ocr_line' id='line_1_84' title="bbox 2210 3982 3784 4053; baseline -0.003 -11"><span class='ocrx_word' id='word_1_590' title='bbox 2210 3996 2445 4042; x_wconf 87' lang='lat' dir='ltr'><strong>testante</strong></span> <span class='ocrx_word' id='word_1_591' title='bbox 2490 3986 2692 4041; x_wconf 89' lang='lat' dir='ltr'><strong>Glabro</strong></span> <span class='ocrx_word' id='word_1_592' title='bbox 2724 3984 2953 4041; x_wconf 83' lang='lat' dir='ltr'><strong>Rodulfo</strong></span> <span class='ocrx_word' id='word_1_593' title='bbox 2999 3985 3137 4040; x_wconf 72' lang='lat' dir='ltr'><strong>libro</strong></span> <span class='ocrx_word' id='word_1_594' title='bbox 3178 4001 3234 4050; x_wconf 79' lang='grc' dir='ltr'><strong>ν,</strong></span> <span class='ocrx_word' id='word_1_595' title='bbox 3282 3984 3538 4053; x_wconf 77' lang='lat' dir='ltr'><strong>plangere</strong></span> <span class='ocrx_word' id='word_1_596' title='bbox 3592 3982 3784 4038; x_wconf 84' lang='lat' dir='ltr'><strong>solitus</strong></span> 
     </span>
    </p>
   </div>
   <div class='ocr_carea' id='block_1_85' title="bbox 2205 4075 3780 4147">
    <p class='ocr_par' dir='ltr' id='par_1_85' title="bbox 2205 4075 3780 4147">
     <span class='ocr_line' id='line_1_85' title="bbox 2205 4075 3780 4147; baseline -0.001 -16"><span class='ocrx_word' id='word_1_597' title='bbox 2205 4076 2368 4131; x_wconf 88' lang='lat' dir='ltr'><strong>fuerit</strong></span> <span class='ocrx_word' id='word_1_598' title='bbox 2399 4086 2505 4131; x_wconf 87' lang='lat' dir='ltr'><strong>tam</strong></span> <span class='ocrx_word' id='word_1_599' title='bbox 2554 4077 2789 4132; x_wconf 89' lang='lat' dir='ltr'><strong>immane</strong></span> <span class='ocrx_word' id='word_1_600' title='bbox 2833 4075 3006 4131; x_wconf 89' lang='lat' dir='ltr'><strong>scelus</strong></span> <span class='ocrx_word' id='word_1_601' title='bbox 3059 4078 3197 4147; x_wconf 87' lang='lat' dir='ltr'><strong>apud</strong></span> <span class='ocrx_word' id='word_1_602' title='bbox 3229 4075 3512 4130; x_wconf 76' lang='lat' dir='ltr'><strong>nortnullos</strong></span> <span class='ocrx_word' id='word_1_603' title='bbox 3538 4076 3630 4144; x_wconf 91' lang='lat' dir='ltr'><strong>qui</strong></span> <span class='ocrx_word' id='word_1_604' title='bbox 3663 4089 3780 4130; x_wconf 86' lang='lat' dir='ltr'><strong>mo-</strong></span> 
     </span>
    </p>
   </div>
   <div class='ocr_carea' id='block_1_86' title="bbox 2203 4165 3781 4238">
    <p class='ocr_par' dir='ltr' id='par_1_86' title="bbox 2203 4165 3781 4238">
     <span class='ocr_line' id='line_1_86' title="bbox 2203 4165 3781 4238; baseline -0.002 -15"><span class='ocrx_word' id='word_1_605' title='bbox 2203 4169 2426 4223; x_wconf 73' lang='lat' dir='ltr'><strong>nasticae</strong></span> <span class='ocrx_word' id='word_1_606' title='bbox 2456 4167 2779 4238; x_wconf 87' lang='lat' dir='ltr'><strong>professioni</strong></span> <span class='ocrx_word' id='word_1_607' title='bbox 2810 4167 3017 4222; x_wconf 82' lang='lat' dir='ltr'><strong>astricti</strong></span> <span class='ocrx_word' id='word_1_608' title='bbox 3048 4176 3202 4221; x_wconf 91' lang='lat' dir='ltr'><strong>erant</strong></span> <span class='ocrx_word' id='word_1_609' title='bbox 3242 4165 3484 4236; x_wconf 87' lang='lat' dir='ltr'><strong>reperiri.</strong></span> <span class='ocrx_word' id='word_1_610' title='bbox 3516 4165 3626 4220; x_wconf 83' lang='lat' dir='ltr'><strong>Eos</strong></span> <span class='ocrx_word' id='word_1_611' title='bbox 3656 4181 3781 4220; x_wconf 87' lang='lat' dir='ltr'><strong>vero</strong></span> 
     </span>
    </p>
   </div>
   <div class='ocr_carea' id='block_1_87' title="bbox 2203 4255 3781 4330">
    <p class='ocr_par' dir='ltr' id='par_1_87' title="bbox 2203 4255 3781 4330">
     <span class='ocr_line' id='line_1_87' title="bbox 2203 4255 3781 4330; baseline -0.001 -18"><span class='ocrx_word' id='word_1_612' title='bbox 2203 4259 2294 4330; x_wconf 91' lang='lat' dir='ltr'><strong>qui</strong></span> <span class='ocrx_word' id='word_1_613' title='bbox 2321 4259 2643 4314; x_wconf 89' lang='lat' dir='ltr'><strong>charitatem</strong></span> <span class='ocrx_word' id='word_1_614' title='bbox 2675 4268 2722 4314; x_wconf 86' lang='lat' dir='ltr'><strong>et</strong></span> <span class='ocrx_word' id='word_1_615' title='bbox 2755 4258 3010 4312; x_wconf 90' lang='lat' dir='ltr'><strong>unionem</strong></span> <span class='ocrx_word' id='word_1_616' title='bbox 3057 4258 3198 4312; x_wconf 87' lang='lat' dir='ltr'><strong>inter</strong></span> <span class='ocrx_word' id='word_1_617' title='bbox 3224 4255 3421 4311; x_wconf 86' lang='lat' dir='ltr'><strong>fratres</strong></span> <span class='ocrx_word' id='word_1_618' title='bbox 3455 4256 3781 4311; x_wconf 83' lang='lat' dir='ltr'><strong>labefactare</strong></span> 
     </span>
    </p>
   </div>
   <div class='ocr_carea' id='block_1_88' title="bbox 2201 4346 3777 4415">
    <p class='ocr_par' dir='ltr' id='par_1_88' title="bbox 2201 4346 3777 4415">
     <span class='ocr_line' id='line_1_88' title="bbox 2201 4346 3777 4415; baseline -0.004 -10"><span class='ocrx_word' id='word_1_619' title='bbox 2201 4350 2443 4405; x_wconf 86' lang='lat' dir='ltr'><strong>susurris</strong></span> <span class='ocrx_word' id='word_1_620' title='bbox 2474 4359 2566 4402; x_wconf 91' lang='lat' dir='ltr'><strong>aut</strong></span> <span class='ocrx_word' id='word_1_621' title='bbox 2594 4347 2994 4403; x_wconf 89' lang='lat' dir='ltr'><strong>adulationibus</strong></span> <span class='ocrx_word' id='word_1_622' title='bbox 3021 4347 3374 4409; x_wconf 84' lang='lat' dir='ltr'><strong>conabantur,</strong></span> <span class='ocrx_word' id='word_1_623' title='bbox 3402 4346 3516 4400; x_wconf 89' lang='lat' dir='ltr'><strong>sive</strong></span> <span class='ocrx_word' id='word_1_624' title='bbox 3555 4347 3648 4415; x_wconf 91' lang='lat' dir='ltr'><strong>qui</strong></span> <span class='ocrx_word' id='word_1_625' title='bbox 3694 4347 3777 4398; x_wconf 82' lang='lat' dir='ltr'><strong>in-</strong></span> 
     </span>
    </p>
   </div>
   <div class='ocr_carea' id='block_1_89' title="bbox 2201 4440 3780 4504">
    <p class='ocr_par' dir='ltr' id='par_1_89' title="bbox 2201 4440 3780 4504">
     <span class='ocr_line' id='line_1_89' title="bbox 2201 4440 3780 4504; baseline -0.003 -8"><span class='ocrx_word' id='word_1_626' title='bbox 2201 4442 2556 4497; x_wconf 90' lang='lat' dir='ltr'><strong>veniebantur</strong></span> <span class='ocrx_word' id='word_1_627' title='bbox 2600 4451 3020 4504; x_wconf 87' lang='lat' dir='ltr'><strong>murmurantes,</strong></span> <span class='ocrx_word' id='word_1_628' title='bbox 3068 4441 3140 4494; x_wconf 85' lang='lat' dir='ltr'><strong>ita</strong></span> <span class='ocrx_word' id='word_1_629' title='bbox 3177 4440 3260 4493; x_wconf 86' lang='lat' dir='ltr'><strong>vir</strong></span> <span class='ocrx_word' id='word_1_630' title='bbox 3287 4450 3504 4494; x_wconf 83' lang='lat' dir='ltr'><strong>sanctus</strong></span> <span class='ocrx_word' id='word_1_631' title='bbox 3529 4453 3780 4493; x_wconf 85' lang='lat' dir='ltr'><strong>exsecra-</strong></span> 
     </span>
    </p>
   </div>
   <div class='ocr_carea' id='block_1_90' title="bbox 513 4506 3774 4598">
    <p class='ocr_par' dir='ltr' id='par_1_90' title="bbox 513 4506 3774 4598">
     <span class='ocr_line' id='line_1_90' title="bbox 513 4506 3774 4598; baseline -0.002 -16"><span class='ocrx_word' id='word_1_632' title='bbox 513 4537 601 4582; x_wconf 88' lang='lat' dir='ltr'><strong>cet</strong></span> <span class='ocrx_word' id='word_1_633' title='bbox 622 4527 862 4581; x_wconf 87' lang='lat' dir='ltr'><strong>omnium</strong></span> <span class='ocrx_word' id='word_1_634' title='bbox 891 4527 1116 4580; x_wconf 90' lang='lat' dir='ltr'><strong>fratrum</strong></span> <span class='ocrx_word' id='word_1_635' title='bbox 1142 4527 1382 4596; x_wconf 86' lang='lat' dir='ltr'><strong>vestigiis</strong></span> <span class='ocrx_word' id='word_1_636' title='bbox 1409 4524 1690 4595; x_wconf 89' lang='lat' dir='ltr'><strong>provoluto</strong></span> <span class='ocrx_word' id='word_1_637' title='bbox 1719 4539 1908 4578; x_wconf 92' lang='lat' dir='ltr'><strong>eorum</strong></span> <span class='ocrx_word' id='word_1_638' title='bbox 1936 4522 2097 4592; x_wconf 88' lang='lat' dir='ltr'><strong>pedes</strong></span> <span class='ocrx_word' id='word_1_639' title='bbox 2128 4506 2176 4564; x_wconf 81' lang='lat' dir='ltr'><strong>D</strong></span> <span class='ocrx_word' id='word_1_640' title='bbox 2202 4535 2362 4587; x_wconf 66' lang='lat' dir='ltr'><strong>batur</strong></span> <span class='ocrx_word' id='word_1_641' title='bbox 2391 4541 2450 4585; x_wconf 78' lang='grc' dir='ltr'><strong>ιιι</strong></span> <span class='ocrx_word' id='word_1_642' title='bbox 2480 4546 2573 4586; x_wconf 75' lang='lat' dir='ltr'><strong>eos</strong></span> <span class='ocrx_word' id='word_1_643' title='bbox 2616 4546 2648 4586; x_wconf 73' lang='grc' dir='ltr'><strong><em>ε</em></strong></span> <span class='ocrx_word' id='word_1_644' title='bbox 2681 4531 3010 4585; x_wconf 79' lang='lat' dir='ltr'><strong>monasterio</strong></span> <span class='ocrx_word' id='word_1_645' title='bbox 3037 4530 3331 4598; x_wconf 81' lang='lat' dir='ltr'><strong>ejiciendos</strong></span> <span class='ocrx_word' id='word_1_646' title='bbox 3358 4543 3478 4583; x_wconf 83' lang='lat' dir='ltr'><strong>esse</strong></span> <span class='ocrx_word' id='word_1_647' title='bbox 3506 4536 3774 4592; x_wconf 74' lang='lat' dir='ltr'><strong>censeret,</strong></span> 
     </span>
    </p>
   </div>
   <div class='ocr_carea' id='block_1_91' title="bbox 516 4612 2095 4684">
    <p class='ocr_par' dir='ltr' id='par_1_91' title="bbox 516 4612 2095 4684">
     <span class='ocr_line' id='line_1_91' title="bbox 516 4612 2095 4684; baseline -0.005 -11"><span class='ocrx_word' id='word_1_648' title='bbox 516 4615 883 4672; x_wconf 80' lang='lat' dir='ltr'><strong>oscularisibi</strong></span> <span class='ocrx_word' id='word_1_649' title='bbox 917 4615 1104 4668; x_wconf 83' lang='lat' dir='ltr'><strong>liceret</strong></span> <span class='ocrx_word' id='word_1_650' title='bbox 1136 4633 1149 4668; x_wconf 90' lang='lat'><strong>:</strong></span> <span class='ocrx_word' id='word_1_651' title='bbox 1192 4615 1334 4684; x_wconf 91' lang='lat' dir='ltr'><strong>quod</strong></span> <span class='ocrx_word' id='word_1_652' title='bbox 1367 4630 1513 4675; x_wconf 93' lang='lat' dir='ltr'><strong>cum,</strong></span> <span class='ocrx_word' id='word_1_653' title='bbox 1545 4629 1687 4684; x_wconf 76' lang='lat' dir='ltr'><strong>aegre</strong></span> <span class='ocrx_word' id='word_1_654' title='bbox 1734 4614 1878 4674; x_wconf 82' lang='lat' dir='ltr'><strong>licet,</strong></span> <span class='ocrx_word' id='word_1_655' title='bbox 1929 4612 2095 4680; x_wconf 83' lang='lat' dir='ltr'><strong>impe-</strong></span> 
     </span>
    </p>
   </div>
   <div class='ocr_carea' id='block_1_92' title="bbox 513 4703 2095 4772">
    <p class='ocr_par' dir='ltr' id='par_1_92' title="bbox 513 4703 2095 4772">
     <span class='ocr_line' id='line_1_92' title="bbox 513 4703 2095 4772; baseline -0.006 -9"><span class='ocrx_word' id='word_1_656' title='bbox 513 4715 717 4764; x_wconf 86' lang='lat' dir='ltr'><strong>trasset</strong></span> <span class='ocrx_word' id='word_1_657' title='bbox 743 4747 757 4772; x_wconf 93' lang='lat'><strong>,</strong></span> <span class='ocrx_word' id='word_1_658' title='bbox 803 4706 932 4760; x_wconf 83' lang='lat' dir='ltr'><strong>illud</strong></span> <span class='ocrx_word' id='word_1_659' title='bbox 965 4721 1174 4759; x_wconf 91' lang='lat' dir='ltr'><strong>summa</strong></span> <span class='ocrx_word' id='word_1_660' title='bbox 1212 4721 1332 4758; x_wconf 90' lang='lat' dir='ltr'><strong>cum</strong></span> <span class='ocrx_word' id='word_1_661' title='bbox 1374 4704 1677 4758; x_wconf 90' lang='lat' dir='ltr'><strong>humilitate</strong></span> <span class='ocrx_word' id='word_1_662' title='bbox 1719 4718 1781 4758; x_wconf 90' lang='lat' dir='ltr'><strong>ac</strong></span> <span class='ocrx_word' id='word_1_663' title='bbox 1810 4703 2095 4757; x_wconf 88' lang='lat' dir='ltr'><strong>devotione</strong></span> 
     </span>
    </p>
   </div>
   <div class='ocr_carea' id='block_1_93' title="bbox 509 4792 2092 4858">
    <p class='ocr_par' dir='ltr' id='par_1_93' title="bbox 509 4792 2092 4858">
     <span class='ocr_line' id='line_1_93' title="bbox 509 4792 2092 4858; baseline -0.006 -5"><span class='ocrx_word' id='word_1_664' title='bbox 509 4799 680 4854; x_wconf 78' lang='lat' dir='ltr'><strong>animi</strong></span> <span class='ocrx_word' id='word_1_665' title='bbox 711 4804 1001 4851; x_wconf 77' lang='lat' dir='ltr'><strong>exsecutus</strong></span> <span class='ocrx_word' id='word_1_666' title='bbox 1027 4804 1126 4849; x_wconf 91' lang='lat' dir='ltr'><strong>est.</strong></span> <span class='ocrx_word' id='word_1_667' title='bbox 1155 4793 1390 4858; x_wconf 77' lang='lat' dir='ltr'><strong>Contigit</strong></span> <span class='ocrx_word' id='word_1_668' title='bbox 1419 4795 1503 4848; x_wconf 94' lang='lat' dir='ltr'><strong>his</strong></span> <span class='ocrx_word' id='word_1_669' title='bbox 1527 4795 1714 4847; x_wconf 89' lang='lat' dir='ltr'><strong>diebus</strong></span> <span class='ocrx_word' id='word_1_670' title='bbox 1743 4792 2092 4848; x_wconf 84' lang='lat' dir='ltr'><strong>festivitatem</strong></span> 
     </span>
    </p>
   </div>
   <div class='ocr_carea' id='block_1_94' title="bbox 507 4882 2091 4952">
    <p class='ocr_par' dir='ltr' id='par_1_94' title="bbox 507 4882 2091 4952">
     <span class='ocr_line' id='line_1_94' title="bbox 507 4882 2091 4952; baseline -0.006 -8"><span class='ocrx_word' id='word_1_671' title='bbox 507 4889 683 4945; x_wconf 84' lang='lat' dir='ltr'><strong>sancti</strong></span> <span class='ocrx_word' id='word_1_672' title='bbox 714 4888 894 4942; x_wconf 79' lang='lat' dir='ltr'><strong>Patris</strong></span> <span class='ocrx_word' id='word_1_673' title='bbox 919 4885 1196 4939; x_wconf 86' lang='lat' dir='ltr'><strong>Benedicti</strong></span> <span class='ocrx_word' id='word_1_674' title='bbox 1226 4883 1519 4948; x_wconf 90' lang='lat' dir='ltr'><strong>celebrari;</strong></span> <span class='ocrx_word' id='word_1_675' title='bbox 1561 4899 1721 4952; x_wconf 88' lang='lat' dir='ltr'><strong>quam</strong></span> <span class='ocrx_word' id='word_1_676' title='bbox 1749 4882 2091 4937; x_wconf 77' lang='lat' dir='ltr'><strong>occasionem</strong></span> 
     </span>
    </p>
   </div>
   <div class='ocr_carea' id='block_1_95' title="bbox 510 4973 2091 5048">
    <p class='ocr_par' dir='ltr' id='par_1_95' title="bbox 510 4973 2091 5048">
     <span class='ocr_line' id='line_1_95' title="bbox 510 4973 2091 5048; baseline -0.007 -12"><span class='ocrx_word' id='word_1_677' title='bbox 510 4991 704 5037; x_wconf 88' lang='lat' dir='ltr'><strong>nactus</strong></span> <span class='ocrx_word' id='word_1_678' title='bbox 734 4980 1078 5036; x_wconf 86' lang='lat' dir='ltr'><strong>Theobaldus</strong></span> <span class='ocrx_word' id='word_1_679' title='bbox 1101 4978 1270 5032; x_wconf 83' lang='lat' dir='ltr'><strong>abbas</strong></span> <span class='ocrx_word' id='word_1_680' title='bbox 1295 4977 1524 5048; x_wconf 85' lang='lat' dir='ltr'><strong>gratiam</strong></span> <span class='ocrx_word' id='word_1_681' title='bbox 1549 4992 1712 5030; x_wconf 88' lang='lat' dir='ltr'><strong>unam</strong></span> <span class='ocrx_word' id='word_1_682' title='bbox 1739 4975 1838 5030; x_wconf 91' lang='lat' dir='ltr'><strong>sibi</strong></span> <span class='ocrx_word' id='word_1_683' title='bbox 1867 4976 1935 5029; x_wconf 92' lang='lat' dir='ltr'><strong>ab</strong></span> <span class='ocrx_word' id='word_1_684' title='bbox 1963 4973 2091 5028; x_wconf 88' lang='lat' dir='ltr'><strong>Odi-</strong></span> 
     </span>
    </p>
   </div>
   <div class='ocr_carea' id='block_1_96' title="bbox 509 5064 2090 5140">
    <p class='ocr_par' dir='ltr' id='par_1_96' title="bbox 509 5064 2090 5140">
     <span class='ocr_line' id='line_1_96' title="bbox 509 5064 2090 5140; baseline -0.005 -15"><span class='ocrx_word' id='word_1_685' title='bbox 509 5072 634 5128; x_wconf 89' lang='lat' dir='ltr'><strong>lone</strong></span> <span class='ocrx_word' id='word_1_686' title='bbox 663 5073 902 5127; x_wconf 89' lang='lat' dir='ltr'><strong>vicissim</strong></span> <span class='ocrx_word' id='word_1_687' title='bbox 935 5070 1154 5140; x_wconf 89' lang='lat' dir='ltr'><strong>rependi</strong></span> <span class='ocrx_word' id='word_1_688' title='bbox 1186 5069 1497 5140; x_wconf 70' lang='lat' dir='ltr'><strong>postulavit,</strong></span> <span class='ocrx_word' id='word_1_689' title='bbox 1529 5078 1588 5121; x_wconf 90' lang='lat' dir='ltr'><strong>ut</strong></span> <span class='ocrx_word' id='word_1_690' title='bbox 1630 5068 1838 5122; x_wconf 88' lang='lat' dir='ltr'><strong>scilicet</strong></span> <span class='ocrx_word' id='word_1_691' title='bbox 1878 5067 1991 5134; x_wconf 89' lang='lat' dir='ltr'><strong>ipse</strong></span> <span class='ocrx_word' id='word_1_692' title='bbox 2037 5064 2090 5118; x_wconf 92' lang='lat' dir='ltr'><strong>in</strong></span> 
     </span>
    </p>
   </div>
   <div class='ocr_carea' id='block_1_97' title="bbox 503 5158 2091 5234">
    <p class='ocr_par' dir='ltr' id='par_1_97' title="bbox 503 5158 2091 5234">
     <span class='ocr_line' id='line_1_97' title="bbox 503 5158 2091 5234; baseline -0.006 -16"><span class='ocrx_word' id='word_1_693' title='bbox 503 5173 662 5218; x_wconf 66' lang='lat' dir='ltr'><strong>tanta</strong></span> <span class='ocrx_word' id='word_1_694' title='bbox 708 5164 1047 5219; x_wconf 90' lang='lat' dir='ltr'><strong>solemnitate</strong></span> <span class='ocrx_word' id='word_1_695' title='bbox 1075 5162 1288 5234; x_wconf 88' lang='lat' dir='ltr'><strong>publice</strong></span> <span class='ocrx_word' id='word_1_696' title='bbox 1315 5161 1506 5215; x_wconf 86' lang='lat' dir='ltr'><strong>missas</strong></span> <span class='ocrx_word' id='word_1_697' title='bbox 1527 5159 1830 5214; x_wconf 84' lang='lat' dir='ltr'><strong>celebraret</strong></span> <span class='ocrx_word' id='word_1_698' title='bbox 1854 5158 1906 5210; x_wconf 92' lang='lat' dir='ltr'><strong>in</strong></span> <span class='ocrx_word' id='word_1_699' title='bbox 1935 5169 2091 5209; x_wconf 88' lang='lat' dir='ltr'><strong>sacro</strong></span> 
     </span>
    </p>
   </div>
   <div class='ocr_carea' id='block_1_98' title="bbox 498 5248 2090 5326">
    <p class='ocr_par' dir='ltr' id='par_1_98' title="bbox 498 5248 2090 5326">
     <span class='ocr_line' id='line_1_98' title="bbox 498 5248 2090 5326; baseline -0.005 -20"><span class='ocrx_word' id='word_1_700' title='bbox 498 5264 725 5326; x_wconf 77' lang='lat' dir='ltr'><strong>monte;</strong></span> <span class='ocrx_word' id='word_1_701' title='bbox 773 5254 859 5310; x_wconf 91' lang='lat' dir='ltr'><strong>cui</strong></span> <span class='ocrx_word' id='word_1_702' title='bbox 911 5253 1065 5309; x_wconf 92' lang='lat' dir='ltr'><strong>0dilo</strong></span> <span class='ocrx_word' id='word_1_703' title='bbox 1088 5294 1103 5317; x_wconf 91' lang='lat'><strong>,</strong></span> <span class='ocrx_word' id='word_1_704' title='bbox 1145 5252 1394 5322; x_wconf 89' lang='lat' dir='ltr'><strong>quamvis</strong></span> <span class='ocrx_word' id='word_1_705' title='bbox 1423 5252 1603 5305; x_wconf 88' lang='lat' dir='ltr'><strong>animo</strong></span> <span class='ocrx_word' id='word_1_706' title='bbox 1629 5248 1942 5310; x_wconf 88' lang='lat' dir='ltr'><strong>reluctanti,</strong></span> <span class='ocrx_word' id='word_1_707' title='bbox 1972 5255 2090 5299; x_wconf 91' lang='lat' dir='ltr'><strong>tan-</strong></span> 
     </span>
    </p>
   </div>
   <div class='ocr_carea' id='block_1_99' title="bbox 527 5335 2085 5358">
    <p class='ocr_par' dir='ltr' id='par_1_99' title="bbox 527 5335 2085 5358">
     <span class='ocr_line' id='line_1_99' title="bbox 527 5335 2085 5358; baseline 0 0"><span class='ocrx_word' id='word_1_708' title='bbox 527 5345 542 5358; x_wconf 74' lang='grc' dir='ltr'><strong>ι</strong></span> <span class='ocrx_word' id='word_1_709' title='bbox 828 5347 838 5358; x_wconf 76' lang='grc' dir='ltr'><strong>ι</strong></span> <span class='ocrx_word' id='word_1_710' title='bbox 916 5346 947 5358; x_wconf 76' lang='grc' dir='ltr'>ι.</span> <span class='ocrx_word' id='word_1_711' title='bbox 1003 5345 1042 5358; x_wconf 57' lang='lat' dir='ltr'><strong>1m</strong></span> <span class='ocrx_word' id='word_1_712' title='bbox 1147 5345 1180 5358; x_wconf 78' lang='grc' dir='ltr'>,ι</span> <span class='ocrx_word' id='word_1_713' title='bbox 1265 5343 1300 5358; x_wconf 80' lang='grc' dir='ltr'><strong>ο.</strong></span> <span class='ocrx_word' id='word_1_714' title='bbox 1633 5342 1664 5358; x_wconf 79' lang='grc' dir='ltr'><strong>Ἰ</strong></span> <span class='ocrx_word' id='word_1_715' title='bbox 1735 5356 1740 5358; x_wconf 95' lang='grc'>.</span> <span class='ocrx_word' id='word_1_716' title='bbox 1853 5354 1958 5358; x_wconf 81' lang='lat'>____-</span> <span class='ocrx_word' id='word_1_717' title='bbox 2021 5335 2085 5358; x_wconf 69' lang='grc' dir='ltr'><strong>-.Ι</strong></span> 
     </span>
    </p>
   </div>
   <div class='ocr_carea' id='block_1_100' title="bbox 2197 4617 3778 4676">
    <p class='ocr_par' dir='ltr' id='par_1_100' title="bbox 2197 4617 3778 4676">
     <span class='ocr_line' id='line_1_100' title="bbox 2197 4617 3778 4676; baseline -0.004 0"><span class='ocrx_word' id='word_1_718' title='bbox 2197 4621 2300 4676; x_wconf 84' lang='lat' dir='ltr'><strong>hac</strong></span> <span class='ocrx_word' id='word_1_719' title='bbox 2331 4622 2502 4675; x_wconf 91' lang='lat' dir='ltr'><strong>solum</strong></span> <span class='ocrx_word' id='word_1_720' title='bbox 2533 4622 2585 4674; x_wconf 93' lang='lat' dir='ltr'><strong>in</strong></span> <span class='ocrx_word' id='word_1_721' title='bbox 2618 4637 2675 4675; x_wconf 90' lang='lat' dir='ltr'><strong>re</strong></span> <span class='ocrx_word' id='word_1_722' title='bbox 2711 4632 2980 4674; x_wconf 87' lang='lat' dir='ltr'><strong>austerus.</strong></span> <span class='ocrx_word' id='word_1_723' title='bbox 3027 4619 3082 4672; x_wconf 86' lang='lat' dir='ltr'><strong>ld</strong></span> <span class='ocrx_word' id='word_1_724' title='bbox 3116 4627 3346 4673; x_wconf 85' lang='lat' dir='ltr'><strong>testatur</strong></span> <span class='ocrx_word' id='word_1_725' title='bbox 3373 4618 3528 4671; x_wconf 84' lang='lat' dir='ltr'><strong>Abbo</strong></span> <span class='ocrx_word' id='word_1_726' title='bbox 3570 4617 3778 4672; x_wconf 86' lang='lat' dir='ltr'><strong>Floria-</strong></span> 
     </span>
    </p>
   </div>
   <div class='ocr_carea' id='block_1_101' title="bbox 2197 4707 3775 4780">
    <p class='ocr_par' dir='ltr' id='par_1_101' title="bbox 2197 4707 3775 4780">
     <span class='ocr_line' id='line_1_101' title="bbox 2197 4707 3775 4780; baseline -0.004 -15"><span class='ocrx_word' id='word_1_727' title='bbox 2197 4711 2376 4766; x_wconf 90' lang='lat' dir='ltr'><strong>censis</strong></span> <span class='ocrx_word' id='word_1_728' title='bbox 2404 4711 2570 4765; x_wconf 89' lang='lat' dir='ltr'><strong>abbas</strong></span> <span class='ocrx_word' id='word_1_729' title='bbox 2604 4712 2658 4764; x_wconf 93' lang='lat' dir='ltr'><strong>in</strong></span> <span class='ocrx_word' id='word_1_730' title='bbox 2688 4709 2912 4780; x_wconf 91' lang='lat' dir='ltr'><strong>epistola</strong></span> <span class='ocrx_word' id='word_1_731' title='bbox 2955 4709 3022 4763; x_wconf 92' lang='lat' dir='ltr'><strong>ad</strong></span> <span class='ocrx_word' id='word_1_732' title='bbox 3069 4709 3363 4763; x_wconf 88' lang='lat' dir='ltr'><strong>monachos</strong></span> <span class='ocrx_word' id='word_1_733' title='bbox 3396 4707 3775 4772; x_wconf 83' lang='lat' dir='ltr'><strong>Miciacenses,</strong></span> 
     </span>
    </p>
   </div>
   <div class='ocr_carea' id='block_1_102' title="bbox 2195 4799 3775 4870">
    <p class='ocr_par' dir='ltr' id='par_1_102' title="bbox 2195 4799 3775 4870">
     <span class='ocr_line' id='line_1_102' title="bbox 2195 4799 3775 4870; baseline -0.001 -15"><span class='ocrx_word' id='word_1_734' title='bbox 2195 4803 2287 4856; x_wconf 92' lang='lat' dir='ltr'><strong>ubi</strong></span> <span class='ocrx_word' id='word_1_735' title='bbox 2334 4803 2596 4870; x_wconf 84' lang='lat' dir='ltr'><strong>ejusmodi</strong></span> <span class='ocrx_word' id='word_1_736' title='bbox 2645 4801 2889 4856; x_wconf 89' lang='lat' dir='ltr'><strong>homines</strong></span> <span class='ocrx_word' id='word_1_737' title='bbox 2935 4799 3259 4863; x_wconf 87' lang='lat' dir='ltr'><strong>detestatur,</strong></span> <span class='ocrx_word' id='word_1_738' title='bbox 3307 4815 3443 4868; x_wconf 86' lang='lat' dir='ltr'><strong>quos</strong></span> <span class='ocrx_word' id='word_1_739' title='bbox 3477 4799 3775 4855; x_wconf 68' lang='lat' dir='ltr'><strong>derdendo</strong></span> 
     </span>
    </p>
   </div>
   <div class='ocr_carea' id='block_1_103' title="bbox 2195 4889 3776 4962">
    <p class='ocr_par' dir='ltr' id='par_1_103' title="bbox 2195 4889 3776 4962">
     <span class='ocr_line' id='line_1_103' title="bbox 2195 4889 3776 4962; baseline -0.001 -18"><span class='ocrx_word' id='word_1_740' title='bbox 2195 4892 2640 4961; x_wconf 74' lang='lat' dir='ltr'><strong>historiogrupltos</strong></span> <span class='ocrx_word' id='word_1_741' title='bbox 2667 4892 2920 4962; x_wconf 90' lang='lat' dir='ltr'><strong>appellat,</strong></span> <span class='ocrx_word' id='word_1_742' title='bbox 2953 4892 3096 4960; x_wconf 87' lang='lat' dir='ltr'><strong>quod</strong></span> <span class='ocrx_word' id='word_1_743' title='bbox 3127 4889 3354 4944; x_wconf 85' lang='lat' dir='ltr'><strong>fratrum</strong></span> <span class='ocrx_word' id='word_1_744' title='bbox 3391 4905 3616 4944; x_wconf 89' lang='lat' dir='ltr'><strong>suorum</strong></span> <span class='ocrx_word' id='word_1_745' title='bbox 3663 4906 3776 4943; x_wconf 86' lang='lat' dir='ltr'><strong>mo-</strong></span> 
     </span>
    </p>
   </div>
   <div class='ocr_carea' id='block_1_104' title="bbox 2191 4979 3776 5050">
    <p class='ocr_par' dir='ltr' id='par_1_104' title="bbox 2191 4979 3776 5050">
     <span class='ocr_line' id='line_1_104' title="bbox 2191 4979 3776 5050; baseline -0.001 -12"><span class='ocrx_word' id='word_1_746' title='bbox 2191 4998 2288 5038; x_wconf 72' lang='lat' dir='ltr'><strong>res</strong></span> <span class='ocrx_word' id='word_1_747' title='bbox 2309 4985 2592 5038; x_wconf 86' lang='lat' dir='ltr'><strong>traducere</strong></span> <span class='ocrx_word' id='word_1_748' title='bbox 2615 4983 2869 5046; x_wconf 85' lang='lat' dir='ltr'><strong>solerent,</strong></span> <span class='ocrx_word' id='word_1_749' title='bbox 2901 4983 2950 5036; x_wconf 90' lang='lat' dir='ltr'><strong>in</strong></span> <span class='ocrx_word' id='word_1_750' title='bbox 2979 4982 3139 5050; x_wconf 86' lang='lat' dir='ltr'><strong>idque</strong></span> <span class='ocrx_word' id='word_1_751' title='bbox 3167 4981 3346 5034; x_wconf 87' lang='lat' dir='ltr'><strong>laudat</strong></span> <span class='ocrx_word' id='word_1_752' title='bbox 3367 4981 3510 5034; x_wconf 85' lang='lat' dir='ltr'><strong>beati</strong></span> <span class='ocrx_word' id='word_1_753' title='bbox 3532 4979 3776 5037; x_wconf 73' lang='lat' dir='ltr'><strong>OtlllODiS</strong></span> 
     </span>
    </p>
   </div>
   <div class='ocr_carea' id='block_1_105' title="bbox 2195 5069 3774 5142">
    <p class='ocr_par' dir='ltr' id='par_1_105' title="bbox 2195 5069 3774 5142">
     <span class='ocr_line' id='line_1_105' title="bbox 2195 5069 3774 5142; baseline 0 -16"><span class='ocrx_word' id='word_1_754' title='bbox 2195 5073 2525 5141; x_wconf 84' lang='lat' dir='ltr'><strong>exemplum,</strong></span> <span class='ocrx_word' id='word_1_755' title='bbox 2558 5073 2649 5141; x_wconf 87' lang='lat' dir='ltr'><strong>qui</strong></span> <span class='ocrx_word' id='word_1_756' title='bbox 2679 5072 2883 5142; x_wconf 88' lang='lat' dir='ltr'><strong>aliquot</strong></span> <span class='ocrx_word' id='word_1_757' title='bbox 2915 5087 2946 5125; x_wconf 90' lang='lat' dir='ltr'><strong>e</strong></span> <span class='ocrx_word' id='word_1_758' title='bbox 2988 5071 3100 5126; x_wconf 91' lang='lat' dir='ltr'><strong>suis</strong></span> <span class='ocrx_word' id='word_1_759' title='bbox 3144 5071 3242 5124; x_wconf 91' lang='lat' dir='ltr'><strong>hac</strong></span> <span class='ocrx_word' id='word_1_760' title='bbox 3281 5069 3402 5125; x_wconf 74' lang='lat' dir='ltr'><strong>Labe</strong></span> <span class='ocrx_word' id='word_1_761' title='bbox 3439 5071 3774 5140; x_wconf 88' lang='lat' dir='ltr'><strong>inquinatos,</strong></span> 
     </span>
    </p>
   </div>
   <div class='ocr_carea' id='block_1_106' title="bbox 2197 5161 3776 5233">
    <p class='ocr_par' dir='ltr' id='par_1_106' title="bbox 2197 5161 3776 5233">
     <span class='ocr_line' id='line_1_106' title="bbox 2197 5161 3776 5233; baseline 0.002 -19"><span class='ocrx_word' id='word_1_762' title='bbox 2197 5164 2378 5233; x_wconf 79' lang='lat' dir='ltr'><strong>ﬂagris</strong></span> <span class='ocrx_word' id='word_1_763' title='bbox 2421 5178 2589 5217; x_wconf 74' lang='lat' dir='ltr'><strong>caesos</strong></span> <span class='ocrx_word' id='word_1_764' title='bbox 2627 5177 2658 5217; x_wconf 93' lang='lat' dir='ltr'><strong>e</strong></span> <span class='ocrx_word' id='word_1_765' title='bbox 2706 5163 3032 5218; x_wconf 88' lang='lat' dir='ltr'><strong>monasterio</strong></span> <span class='ocrx_word' id='word_1_766' title='bbox 3055 5163 3172 5231; x_wconf 85' lang='lat' dir='ltr'><strong>ejici</strong></span> <span class='ocrx_word' id='word_1_767' title='bbox 3197 5161 3458 5228; x_wconf 86' lang='lat' dir='ltr'><strong>jusserat.</strong></span> <span class='ocrx_word' id='word_1_768' title='bbox 3512 5181 3530 5212; x_wconf 80' lang='grc' dir='ltr'><strong>ι</strong></span> <span class='ocrx_word' id='word_1_769' title='bbox 3569 5161 3625 5216; x_wconf 88' lang='lat' dir='ltr'><strong>Si</strong></span> <span class='ocrx_word' id='word_1_770' title='bbox 3656 5164 3776 5232; x_wconf 87' lang='lat' dir='ltr'><strong>qui-</strong></span> 
     </span>
    </p>
   </div>
   <div class='ocr_carea' id='block_1_107' title="bbox 2198 5251 3778 5320">
    <p class='ocr_par' dir='ltr' id='par_1_107' title="bbox 2198 5251 3778 5320">
     <span class='ocr_line' id='line_1_107' title="bbox 2198 5251 3778 5320; baseline -0.001 -14"><span class='ocrx_word' id='word_1_771' title='bbox 2198 5253 2340 5315; x_wconf 88' lang='lat' dir='ltr'><strong>dem,</strong></span> <span class='ocrx_word' id='word_1_772' title='bbox 2372 5271 2390 5303; x_wconf 79' lang='grc' dir='ltr'><strong>ι</strong></span> <span class='ocrx_word' id='word_1_773' title='bbox 2429 5252 2601 5320; x_wconf 89' lang='lat' dir='ltr'><strong>inquit</strong></span> <span class='ocrx_word' id='word_1_774' title='bbox 2634 5253 2787 5307; x_wconf 86' lang='lat' dir='ltr'><strong>Abbo</strong></span> <span class='ocrx_word' id='word_1_775' title='bbox 2811 5293 2826 5317; x_wconf 91' lang='lat'><strong>,</strong></span> <span class='ocrx_word' id='word_1_776' title='bbox 2875 5271 2892 5304; x_wconf 76' lang='grc' dir='ltr'><strong>ι</strong></span> <span class='ocrx_word' id='word_1_777' title='bbox 2923 5261 2977 5305; x_wconf 86' lang='lat' dir='ltr'><strong>et</strong></span> <span class='ocrx_word' id='word_1_778' title='bbox 3007 5253 3058 5305; x_wconf 90' lang='lat' dir='ltr'><strong>in</strong></span> <span class='ocrx_word' id='word_1_779' title='bbox 3089 5260 3266 5305; x_wconf 87' lang='lat' dir='ltr'><strong>nostra</strong></span> <span class='ocrx_word' id='word_1_780' title='bbox 3292 5251 3632 5320; x_wconf 84' lang='lat' dir='ltr'><strong>professione</strong></span> <span class='ocrx_word' id='word_1_781' title='bbox 3662 5253 3778 5305; x_wconf 85' lang='lat' dir='ltr'><strong>sin-</strong></span> 
     </span>
    </p>
   </div>
   <div class='ocr_carea' id='block_1_108' title="bbox 2353 5341 2639 5358">
    <p class='ocr_par' dir='ltr' id='par_1_108' title="bbox 2353 5341 2639 5358">
     <span class='ocr_line' id='line_1_108' title="bbox 2353 5341 2639 5358; baseline 0 0"><span class='ocrx_word' id='word_1_782' title='bbox 2353 5342 2364 5353; x_wconf 83' lang='grc'>⁶</span> <span class='ocrx_word' id='word_1_783' title='bbox 2425 5341 2539 5358; x_wconf 76' lang='grc' dir='ltr'><strong>ΛΙ⁸Ι</strong></span> <span class='ocrx_word' id='word_1_784' title='bbox 2603 5341 2639 5358; x_wconf 65' lang='grc' dir='ltr'><em>Π</em></span> 
     </span>
    </p>
   </div>
  </div>
