4116 5358
341 200 444 260 877

1803 201 2128 259 ELOGIUM.

3500 204 3603 259 878

342 331 424 387 ut,
462 324 808 392 negotiorum
834 309 980 378 “licet
1024 337 1160 393 pene
1203 322 1534 378 intlnitorum
1581 293 1920 378 multitudine
1951 343 1994 400 Α
2027 327 2226 386 tuerat,
2261 314 2500 374 m'ortuos
2525 318 2780 374 detractis
2809 317 3041 388 propriis
3085 317 3325 373 vestibus
3362 317 3600 375 circum-

342 413 588 475 obrutus,
629 429 898 483 nunquam
926 415 1200 467 omitteret
1241 414 1456 484 pietatis
1497 414 1776 478 exercitia,
1807 414 1924 482 qni-

341 504 442 558 bus
489 503 577 558 illa
631 507 891 560 aleretur.
947 505 1056 559 Nec
1109 505 1360 558 itinerum
1414 503 1786 569 difﬁcultates,
1824 519 1924 559 nec

344 597 805 650 monasteriorum
832 611 986 659 cura,
1028 610 1123 649 nec
1155 595 1255 647 alia
1283 595 1537 662 qumlibet
1560 595 1775 648 occasio
1799 609 1922 649 eum

341 685 408 739 ab
441 684 728 741 offerendo
753 687 990 756 quotidie
1011 696 1359 740 sacrosancto
1377 685 1730 740 Eucharistim
1753 686 1922 740 sacri-

343 775 464 829 ficio
487 789 721 832 avocare
754 787 1025 847 poterant,
1060 777 1200 846 quod
1237 775 1444 830 solebat
1469 791 1590 831 cum
1609 777 1922 831 exuberanti

341 865 712 936 lacrymarum
761 867 1019 922 effusione
1077 877 1366 938 prtestare;
1417 868 1747 922 tremendam
1789 867 1923 921 adeo

341 955 610 1009 actionem
627 957 868 1011 excubiis
891 955 1330 1027 sacris,jejuniis,
1357 956 1584 1026 aliisque
1605 957 1846 1026 corporis
1870 965 1923 1011 et

342 1044 1004 1102 animmmacerationibns
1032 1049 1379 1118 przeveuiens,
1411 1058 1464 1102 ut
1479 1049 1661 1118 purior
1676 1049 1741 1102 ad
1757 1048 1923 1103 altare

341 1151 556 1190 sacrum
590 1139 887 1193 accederet.
919 1137 1289 1210 Virginitatem
1308 1139 1441 1193 adeo
1471 1140 1658 1202 coluit,
1684 1147 1743 1192 ut
1768 1139 1922 1210 vulgo

340 1227 481 1295 virgo
506 1230 836 1281 centenarias
860 1229 1148 1293 diceretur,
1175 1237 1233 1282 ut
1268 1229 1524 1282 discimus
1555 1244 1620 1282 ex
1653 1229 1923 1284 Chronico

338 1314 734 1381 Lemovicensi,
765 1326 873 1372 tum
909 1334 972 1373 ex
1019 1318 1316 1373 Senonensi
1348 1320 1516 1373 sancti
1543 1320 1688 1374 Petri
1717 1320 1836 1374 Vivi
1864 1320 1919 1374 in

339 1405 616 1477 'Spicilegii
663 1418 807 1462 tomo
836 1408 898 1462 ll.
932 1409 1058 1464 Inde
1095 1412 1417 1464 nascebatur
1469 1410 1522 1464 in
1551 1411 1920 1466 beatissimam

338 1497 619 1571 Virginem
649 1501 784 1555 adeo
814 1500 1028 1555 fervens
1057 1501 1290 1566 devotio,
1317 1509 1377 1556 ut
1407 1517 1530 1556 cum
1558 1511 1843 1556 caneretur
1866 1503 1921 1556 in

338 1592 571 1645 ecclesia
606 1607 795 1646 versus
829 1592 918 1646 ille
950 1609 964 1646 :
1005 1591 1082 1645 Tu
1119 1593 1188 1645 ad
1229 1593 1553 1646 liberandum
1588 1603 1920 1663 suscepturus

2027 422 2195 468 tectos
2215 413 2431 483 sepeliri
2459 413 2686 466 curavit.

2023 521 2114 576 ιχ.
2152 520 2585 590 Commemomlio
2640 521 2875 590 ﬁdelium
2922 521 3287 588 defunctorum
3340 541 3371 577 a
3421 534 3602 580 sancto

2417 589 2645 645 0dilonc
2677 593 2901 658 primum
2935 592 3197 645 instituta.

2095 686 2216 740 ill.
2258 684 2499 739 Celebris
2523 695 2605 738 est
2636 685 2689 737 in
2719 693 2829 738 tota
2874 684 3113 738 Ecclesia
3157 685 3416 738 memoria
3457 685 3604 740 beati

2024 776 2288 841 Odilonis,
2319 777 2458 846 quod
2507 778 2713 846 primus
2751 778 2990 831 omnium
3027 778 3168 831 diem
3210 791 3604 832 commemora-

2025 869 2156 922 tioni
2189 867 2422 937 generali
2457 867 2695 922 omnium
2718 867 3088 922 defunctorum
3121 867 3434 922 solemniter
3465 868 3606 922 cele-

2021 961 2242 1014 brandm
2289 959 2636 1030 peculiariter
2675 959 2978 1014 dedicatum
3023 960 3394 1022 constituerit;
3437 974 3596 1028 quem

2025 1051 2186 1104 ritum
2234 1065 2353 1103 cum
2398 1049 2576 1118 primo
2623 1049 2737 1102 suis
2769 1049 2820 1102 in
2873 1046 3213 1103 monasteriis
3258 1049 3599 1112 instituisset,

2023 1151 2207 1212 postea
2251 1139 2574 1194 universalis
2615 1138 2931 1208 approbavit
2969 1138 3231 1202 Ecclesia,
3262 1149 3316 1193 et
3357 1138 3599 1207 generali

2022 1233 2239 1287 decreto
2270 1231 2467 1299 ubique
2504 1229 2896 1284 observandum
2933 1228 3284 1296 pra‘scripsit.
3327 1227 3445 1282 Jam
3473 1228 3597 1298 qui-

2024 1321 2146 1376 dem
2181 1329 2336 1374 antea
2365 1320 2419 1373 in
2452 1319 2724 1388 plerisque
2765 1317 2898 1372 locis
2927 1317 3090 1371 fiebat
3130 1317 3310 1388 aliquo
3337 1328 3487 1371 certo
3511 1318 3600 1372 die

2023 1413 2467 1467 commemoratio
2529 1409 2941 1475 defunctorum,
2989 1420 3047 1464 ut
3096 1418 3244 1477 patet
3294 1424 3359 1464 ex
3413 1410 3597 1464 multis

2019 1503 2222 1573 passim
2251 1501 2523 1556 veteribus
2560 1499 2954 1571 Martyrologiis
2998 1509 3052 1554 et
3086 1498 3449 1570 Necrologiis,_
3487 1501 3596 1556 imo

2021 1603 2076 1648 et
2102 1609 2167 1647 ex
2204 1592 2474 1656 Udalrico,
2509 1592 2601 1662 qui
2631 1592 2681 1645 in
2711 1589 3200 1646 Consuetudinibus
3228 1591 3599 1646 Cluniacensi-

340 1684 643 1749 hominem,
688 1702 791 1739 non
828 1686 1081 1738 horruiin
1133 1683 1362 1755 Virginis
1419 1695 1663 1750 uterum,
1707 1686 1911 1751 statim,
1948 1697 1991 1757 Β
2020 1685 2121 1740 bus
2167 1684 2420 1738 observat
2479 1682 2614 1737 feria
2661 1681 2895 1738 secunda
2959 1689 3081 1752 post
3126 1681 3323 1736 festum
3373 1683 3598 1738 sanctis-

343 1787 480 1833 teste
513 1777 680 1833 Petro
717 1778 998 1842 ‘Damiani,
1050 1778 1101 1832 in
1148 1784 1345 1831 terram
1394 1779 1710 1832 reverentia!
1756 1794 1917 1833 causa

341 1883 544 1938 pronus
597 1878 892 1924 corrueret.
948 1867 1205 1924 Observat
1260 1867 1530 1924 Jotsaldus
1587 1869 1640 1923 in
1695 1869 1920 1923 Planc-tu

343 1959 570 2013 metrico
600 1959 664 2013 de
697 1960 935 2028 ejusdem
984 1959 1127 2013 beati
1181 1960 1282 2012 viri
1326 1960 1474 2014 obitu
1502 2000 1516 2025 ,
1563 1976 1685 2014 eum
1733 1969 1918 2014 tenero

343 2049 538 2106 affectu
605 2053 970 2107 beatissimam
1039 2051 1312 2123 Virginem
1377 2068 1590 2122 semper
1644 2053 1913 2118 coluisse;

341 2140 496 2209 cujus
529 2141 649 2195 ideo
679 2151 732 2196 et
761 2142 987 2196 aliorum
1023 2141 1189 2210 ipsius
1223 2141 1528 2195 tutelarium
1556 2143 1916 2210 patrocinium

337 2226 615 2298 implorat,
656 2239 714 2284 ut
752 2245 874 2285 eum
917 2231 1206 2301 dignentur
1254 2230 1306 2284 in
1353 2231 1432 2284 sui
1474 2231 1784 2286 societatem
1828 2229 1918 2284 ad-

340 2319 578 2374 mittere.
959 2321 967 2324 ’

409 2409 531 2464 ΗΟ.
574 2410 743 2476 Quam
781 2426 911 2479 erga
955 2414 1121 2469 Deum
1153 2414 1390 2468 habebat
1419 2413 1502 2468 vir
1543 2421 1764 2468 sanctus
1791 2413 1918 2466 cha-

339 2501 597 2568 ritatem,
642 2504 693 2557 in
745 2505 1049 2574 proximum
1095 2507 1280 2572 etiam,
1332 2507 1456 2560 dum
1503 2522 1624 2560 sese
1650 2503 1914 2559 offerebat

338 2596 573 2659 occasio,
606 2595 902 2652 diffundere
930 2615 1204 2668 nunquam
1247 2599 1449 2654 omisit.
1503 2597 1654 2664 Quod
1691 2595 1913 2667 potissi-

340 2699 486 2738 mum
535 2685 704 2740 eluxit
733 2695 974 2758 tempore
1021 2689 1199 2754 famis,
1244 2705 1347 2759 qua
1397 2689 1757 2742 invalescente
1787 2700 1912 2740 vasa

337 2789 489 2830 Sacra
512 2792 573 2830 ac
589 2777 822 2846 pretiosa
838 2789 1412 2849 quaequeoruameuta,
1429 2779 1622 2848 quibus
1636 2793 1698 2832 ex
1727 2793 1910 2847 regum

338 2883 400 2922 ac
435 2869 743 2939 principum
777 2872 1014 2925 donariis
1053 2869 1308 2926 affluebat
1345 2870 1716 2925 Cluniacensis
1744 2870 1910 2925 eccle-

339 2960 440 3024 sia,
469 2960 778 3016 distrahere
803 2977 867 3017 ac
903 2963 1136 3018 vendere
1167 2978 1270 3017 non
1298 2963 1583 3026 dubitavit,
1612 2971 1670 3016 ut
1707 2978 1907 3032 paupe-

2025 1775 2173 1831 simae
2231 1775 2512 1829 Trinitatis
2583 1772 3152 1828 commemorationem
3219 1770 3597 1827 defunctorum

2023 1866 2160 1934 apud
2193 1864 2577 1919 Cluniacenses
2617 1863 2882 1918 celebrari
2931 1863 3142 1917 solitam
3171 1861 3358 1917 fuisse.
3411 1862 3502 1917 Sic
3541 1862 3597 1917 in

2020 1956 2390 2010 vetustissimo
2433 1954 2758 2008 Kalendario
2823 1969 2924 2007 ms.
2989 1952 3442 2007 Antissiodorensi
3493 1953 3597 2008 ista

2021 2043 2470 2099 commemoratio
2511 2059 2543 2096 ι
2599 2041 2719 2095 Kal.
2779 2039 3060 2095 Februarii
3117 2050 3487 2106 memoratur,
3541 2050 3598 2095 et

2017 2134 2178 2205 longe
2209 2143 2333 2188 ante
2372 2134 2423 2187 id
2461 2142 2672 2201 tempus
2715 2131 2768 2184 in
2809 2146 2929 2200 cap.
2965 2131 3155 2185 ultimo
3184 2130 3403 2200 Regulre
3450 2131 3596 2185 beati

2015 2226 2230 2291 lsidori,
2263 2227 2552 2297 quotannis
2580 2225 2905 2280 sacrificium
2943 2224 3110 2278 altera
3138 2225 3226 2278 die
3250 2233 3370 2293 post
3396 2223 3596 2278 Pente-

2017 2328 2202 2374 costen
2236 2318 2604 2388 praescribitur
2624 2333 2722 2386 pro
2753 2316 3031 2386 spiritibus
3061 2315 3458 2371 defunctorum.
3486 2315 3596 2370 Sed

2016 2408 2277 2478 ejusmodi
2301 2425 2490 2480 preces
2529 2425 2627 2480 pro
2655 2410 2721 2464 iis
2762 2409 3098 2464 solummodo
3140 2408 3366 2473 fiebant,
3407 2407 3498 2477 qui
3525 2423 3594 2463 ex

2015 2500 2203 2555 eadem
2251 2499 2672 2569 congregatione
2728 2507 2821 2552 aut
2870 2497 3049 2568 aliqua
3092 2497 3282 2551 saltem
3335 2497 3594 2552 societate

2016 2590 2115 2660 ipsi
2156 2591 2425 2660 conjuncti
2468 2589 2702 2654 fuerant,
2740 2597 2830 2643 aut
2879 2597 3029 2643 certe
3068 2588 3158 2658 qui
3195 2587 3333 2641 hanc
3361 2587 3592 2657 gratiam

2015 2681 2426 2745 donationibus,
2480 2680 2980 2752 consanguinitate,
3036 2686 3125 2732 aut
3186 2678 3588 2741 familiaritate,

2015 2771 2241 2841 aliisque
2279 2771 2578 2838 beneficiis,
2615 2781 2958 2836 meruerant;
2993 2781 3047 2825 at
3071 2769 3251 2834 0dilo,
3280 2767 3433 2837 cujus
3461 2769 3592 2823 cha-

2014 2863 2150 2918 ritas
2180 2864 2319 2918 intra
2360 2863 2560 2919 limites
2601 2864 2742 2917 adeo
2765 2871 3024 2933 angustos
3053 2861 3319 2916 coarctari
3357 2875 3460 2915 non
3497 2875 3594 2932 po-

2013 2965 2175 3021 terat,
2199 2957 2345 3010 hanc
2375 2957 2442 3010 ad
2484 2971 2674 3010 omnes
2703 2955 2926 3010 omnino
2955 2953 3142 3008 fideles
3167 2951 3449 3007 defunctos
3471 2966 3594 3022 gra-

338 3061 455 3102 rum
496 3051 909 3106 necessitatibus
938 3053 1269 3106 subveniret.
1311 3051 1579 3107 Coronam
1604 3051 1781 3121 ipsam
1809 3052 1905 3104 im-
1934 3053 1979 3115 C
2011 3050 2140 3104 tiam
2170 3049 2388 3104 extendi
2419 3048 2610 3104 voluit.

335 3139 615 3208 perialem,
646 3157 803 3210 quam
831 3152 1052 3197 sanctus
1083 3142 1344 3198 Henricus
1387 3143 1666 3198 beatorum
1696 3155 1911 3212 aposto-

335 3225 508 3282 lorum
543 3229 689 3284 Petri
715 3239 770 3284 et
812 3229 960 3285 Pauli
992 3231 1148 3285 altari
1182 3232 1490 3301 impositam
1521 3235 1600 3287 eis
1628 3247 1908 3288 consecra-

335 3327 507 3384 verat,
541 3321 643 3375 hac
683 3323 969 3377 occasione
999 3324 1343 3387 vemmdedit,
1393 3335 1544 3380 ratus
1575 3326 1706 3379 nihil
1743 3341 1908 3395 'pror.

337 3425 428 3466 sus
471 3427 594 3466 esse
645 3417 1007 3470 membrorum
1040 3417 1237 3471 Christi
1281 3419 1407 3474 vita:
1451 3421 1905 3489 anteponendum.

336 3499 403 3555 Et
430 3503 645 3570 quidem
692 3504 954 3572 ejusmodi
989 3507 1359 3576 largitionibus
1399 3511 1755 3567 (Iluniacense
1795 3528 1910 3567 mo-

336 3594 636 3647 nasterimn
672 3595 1000 3650 ditﬁeillimis
1040 3598 1144 3652 illis
1176 3600 1507 3668 temporibus
1540 3602 1674 3655 adeo
1699 3604 1906 3657 exhau-

338 3690 480 3734 stum
516 3681 636 3745 fuit,
669 3692 732 3736 ut
780 3685 847 3738 ab
897 3687 1098 3740 exteris
1127 3688 1374 3756 gentibus
1421 3704 1577 3758 opem
1616 3688 1907 3760 elllagitare

336 3769 499 3824 fuerit
549 3781 801 3837 coactus,
853 3789 973 3828 cum
1025 3776 1163 3829 nihil
1219 3780 1586 3834 sustentandis
1639 3780 1754 3848 ejus
1803 3781 1905 3836 loci

336 3856 614 3923 fratribus,
659 3873 714 3918 et
749 3865 962 3934 populis
992 3867 1183 3921 vicinis
1219 3868 1534 3935 adjuvandus
1575 3882 1904 3940 superesset.

334 3947 389 4003 id
413 3958 564 4020 patet
590 3967 656 4005 ex
684 3952 798 4018 ejus
823 3954 1045 4024 epistola
1096 3957 1162 4010 ad
1193 3956 1438 4012 Garsiam
1472 3973 1674 4029 regem,
1715 3961 1802 4014 ubi
1842 3976 1906 4014 ea

336 4037 402 4092 de
439 4053 499 4093 re
527 4041 608 4094 sic
644 4042 869 4096 scribit:
909 4061 927 4089 σ
957 4043 1106 4098 Licet
1149 4060 1256 4099 non
1295 4046 1412 4099 sine
1443 4046 1634 4100 rubore
1673 4049 1908 4116 pandere

335 4129 581 4196 cogimur
635 4140 828 4186 vestrae
880 4118 1230 4190 sublimitatis
1279 4136 1660 4192 munificentiae
1709 4148 1908 4195 nostra:

332 4216 532 4287 inopia:
573 4221 976 4287 necessitatem,
1015 4238 1120 4292 qua
1140 4224 1251 4294 jam
1301 4241 1397 4294 per
1425 4227 1560 4281 duos
1600 4235 1654 4280 et
1698 4243 1762 4282 eo
1792 4245 1908 4282 am-

332 4307 474 4377 plius
503 4324 677 4365 annos
703 4309 989 4380 afﬂigimur
1034 4317 1308 4371 continue.
1350 4316 1483 4371 Nam
1528 4320 1800 4387 generalis
1830 4329 1911 4375 lo-

2086 3141 2206 3194 112.
2250 3141 2420 3211 Hujus
2464 3140 2809 3196 instituendae
2849 3136 3387 3194 commemorationis
3429 3150 3591 3191 occa-

2012 3233 2219 3288 sionem
2271 3231 2391 3287 fuse
2438 3231 2747 3286 describunt
2802 3228 3076 3284 Jotsaldns
3135 3236 3191 3282 et
3245 3227 3438 3281 Petrus
3487 3226 3592 3279 Da-

2012 3320 2177 3374 miani
2211 3320 2261 3373 in
2307 3320 2449 3374 beati
2478 3319 2575 3372 viri
2609 3315 2762 3381 Vita;
2798 3331 2965 3385 quare
3002 3316 3135 3370 satis
3180 3315 3353 3369 visum
3384 3323 3467 3369 est
3495 3315 3584 3368 hic

2011 3411 2254 3480 proferre
2310 3409 2605 3464 Burchardi
2660 3409 2940 3478 cujusdam
3005 3405 3255 3460 monachi
3306 3405 3589 3474 epistolam

2013 3501 2116 3555 hac
2149 3501 2214 3554 de
2245 3515 2302 3554 re
2351 3500 2630 3568 scriptam,
2664 3514 2824 3568 quam
2864 3512 2929 3552 ex
2961 3513 3062 3551 ms.
3097 3497 3283 3550 codice
3318 3494 3593 3547 Thuanea:

2010 3590 2348 3645 bibliothecae
2377 3589 2676 3642 habemus:
2711 3605 2728 3637 ι
2762 3587 3003 3641 Dominis
3043 3586 3295 3640 Patribus
3325 3593 3381 3638 et
3403 3583 3586 3637 senio-

2011 3683 2160 3736 ribus
2175 3681 2553 3737 Cluniacensis
2576 3680 2805 3734 cmnobii
2824 3677 3170 3733 Burehardus
3192 3685 3461 3747 pauperet
3475 3674 3590 3728 exi-

2010 3789 2145 3844 guus
2180 3773 2419 3842 ipsorum
2457 3785 2646 3826 servus
2673 3779 2726 3823 et
2770 3769 3089 3832 monachus,
3142 3767 3379 3822 caelestis
3405 3765 3591 3835 gloriae,

2011 3877 2230 3918 munus.
2264 3862 2398 3928 Quia
2430 3863 2573 3916 enim
2618 3862 2738 3915 novi
2769 3875 2864 3914 vos
2893 3858 3328 3913 ferventissimus
3351 3871 3592 3910 commu-

2009 3957 2096 4010 nis
2120 3955 2320 4009 domini
2350 3963 2404 4008 et
2441 3953 2621 4008 Patris
2665 3955 2835 4008 nostri
2867 3952 3107 4006 Odilonis
3145 3965 3361 4006 corona:
3388 3949 3592 4020 gloriae-

2011 4059 2116 4114 que
2144 4042 2526 4114 propalatorcs
2556 4051 2610 4095 et
2646 4043 3136 4104 commendatores,
3170 4038 3474 4093 sanctitatis
3507 4051 3592 4088 ve-

2012 4142 2139 4188 stra:
2170 4131 2392 4186 auribus
2430 4131 2763 4194 intimamus,
2789 4131 2930 4199 quod
2960 4130 3026 4184 de
3068 4129 3305 4199 ejusdem
3335 4124 3591 4199 praeconii

2013 4223 2262 4278 laudibus
2297 4223 2550 4277 veridicis
2583 4223 2808 4276 testibus
2853 4237 3022 4291 nuper
3060 4221 3383 4274 audivimus.
3419 4218 3590 4274 llomo

2010 4315 2226 4386 quidam
2278 4315 2562 4384 religiosus
2611 4323 2666 4369 et
2710 4313 2865 4368 miles
2914 4313 3123 4369 abbatis
3171 4311 3436 4366 Voltcnsis
3472 4327 3592 4380 per-

335 4399 443 4454 lills
481 4403 635 4471 regni
681 4414 992 4473 paupertas,
1025 4405 1186 4462 famis
1223 4423 1436 4476 quoque
1487 4417 1541 4462 et
1584 4411 1775 4477 inopia!
1811 4427 1908 4466 nos
1939 4403 1986 4460 D
2015 4404 2154 4457 rexit
2203 4403 2591 4473 Hierosolymis
2643 4416 2806 4457 causa
2859 4403 3118 4457 orationis
3171 4401 3236 4455 ad
3288 4400 3590 4471 sepulcrum

333 4491 596 4560 apprimit
624 4491 931 4561 calamitas,
965 4497 1106 4551 sicut
1143 4507 1196 4552 et
1225 4498 1359 4552 alios
1393 4507 1590 4553 nostrae
1619 4501 1911 4556 vicinitatis

335 4583 754 4650 compatriotas:
780 4586 920 4654 quod
953 4587 1247 4656 periculum
1279 4598 1334 4642 ut
1359 4591 1587 4643 evadere
1615 4592 1908 4660 possimus,

332 4680 519 4724 vestro
564 4672 916 4740 adminiculo,
965 4677 1011 4730 si
1060 4679 1256 4747 placet,
1304 4695 1563 4750 perquam
1615 4682 1908 4751 plurimum

335 4757 655 4828 indigemus.
695 4780 712 4812 ι
755 4761 862 4817 Sed
907 4765 1039 4818 nihil
1088 4767 1258 4836 magis
1306 4767 1549 4823 Odilouis
1598 4771 1910 4827 misericor-

334 4849 475 4904 diam
537 4851 593 4906 in
652 4867 917 4924 pauperes
974 4860 1349 4922 commendat,
1397 4878 1557 4932 quam
1604 4867 1744 4931 quod
1791 4866 1907 4935 ipse

335 4941 496 4996 habet
525 4942 580 4998 in
614 4945 836 5016 prologo
878 4948 943 5001 ad
972 4948 1145 5002 Vitam
1191 4951 1361 5004 sancti
1403 4952 1582 5006 Maioli
1623 4969 1651 5005 a
1681 4969 1740 5008 se
1779 4973 1907 5010 con-

337 5030 612 5099 scriptam,
637 5035 723 5088 ubi
750 5035 976 5097 fatetur,
1017 5051 1074 5090 se
1097 5038 1170 5092 ita
1201 5039 1474 5105 provincia:
1495 5041 1905 5107 calamitatibus,

338 5135 399 5172 ac
441 5139 726 5192 pauperum
773 5125 965 5195 grandi
1006 5127 1427 5197 lamentabilique
1465 5131 1738 5200 dispendio
1782 5132 1910 5186 atl‘e-

337 5217 479 5264 ctum
529 5211 710 5279 fuisse,
765 5223 825 5268 ut
872 5215 1031 5269 etiam
1075 5228 1262 5272 noctes
1302 5221 1582 5289 perplures
1626 5220 1901 5276 insomnes

337 5304 673 5358 transegerit.
720 5305 964 5358 Deniuue
1003 5321 1121 5358 cum
1165 5306 1449 5358 aliquando
1491 5311 1757 5358 imnroliis
1800 5312 1902 5358 illis

2013 4495 2254 4561 Domini;
2294 4509 2525 4564 cumque
2549 4492 2689 4548 idem
2722 4502 3088 4548 reverteretur
3114 4494 3179 4548 ad
3202 4494 3439 4562 prOpria,
3471 4507 3591 4560 per-

2013 4589 2148 4643 didit
2179 4591 2319 4643 viam
2351 4589 2483 4643 recti
2527 4588 2740 4642 itineris
2772 4605 2784 4640 :
2816 4587 2906 4658 qui
2952 4587 3228 4655 ingressus
3262 4586 3315 4637 in
3357 4583 3587 4653 quadam

2011 4677 2144 4731 silva
2189 4677 2378 4747 grandi
2418 4677 2657 4730 errando
2699 4675 2998 4743 vagabatur
3041 4673 3290 4727 nesciens
3327 4687 3433 4739 quo
3463 4670 3585 4724 iret.

2010 4764 2248 4836 Contigit
2270 4773 2447 4818 autem
2481 4773 2613 4817 nutu
2645 4765 2734 4817 Dei
2768 4765 2891 4816 dum
2923 4761 3209 4817 erraretin
3234 4757 3390 4823 silva,
3421 4765 3479 4810 ut
3505 4757 3590 4810 iu-

2008 4857 2219 4909 venirct
2271 4853 2558 4926 quemdam
2613 4868 2798 4907 senem
2843 4853 3129 4906 eremitam
3187 4848 3591 4902 sanctissimum

2008 4944 2205 4998 virum.
2238 4945 2370 5000 Cum
2400 4958 2527 5012 ergo
2549 4943 2773 4996 vidisset
2803 4955 2924 4994 eum
2957 4955 3121 4994 senex
3160 4938 3264 5001 ille,
3299 4939 3597 5008 interroga-

2009 5035 2090 5088 vit
2128 5033 2278 5088 illum
2317 5035 2437 5103 quis
2474 5040 2637 5094 esset,
2687 5038 2781 5082 aut
2821 5030 2947 5096 quid
2988 5037 3276 5096 quaereret,
3323 5030 3405 5083 vel
3457 5031 3599 5086 unde

2009 5123 2242 5186 veniret,
2274 5137 2447 5192 quove
2481 5117 2765 5172 tenderet?
2799 5117 2869 5169 At
2905 5118 2992 5170 ille
3028 5117 3303 5171 humiliter
3330 5119 3601 5173 intimavit

2012 5212 2060 5266 ei
2089 5225 2306 5263 causam
2338 5209 2540 5263 erroris
2568 5215 2624 5258 et
2663 5206 2805 5258 unde
2846 5213 3011 5268 esset,
3051 5216 3104 5260 et
3133 5205 3275 5270 quod
3315 5207 3380 5260 de
3410 5206 3600 5262 Hiero-

2013 5300 2238 5356 solvmis
2260 5300 2480 5358 rediret,
2509 5311 2673 5358 seque
2701 5295 2844 5349 viam
2879 5296 3007 5350 reeti
3040 5295 3248 5350 itineris
3280 5298 3602 5358 perdidisse.
