4116 5358
527 237 631 294 879

1476 237 1531 288 S.
1565 233 1878 288 ODlLONlS
1916 229 2409 286 CLL‘NIACENSIS
2446 229 2732 287 ABBATIS
2778 231 2817 284 V

3664 232 3765 288 880

527 362 646 408 ctus
687 347 841 406 Odilo
881 351 1116 402 nomine.
1157 345 1255 402 Cui
1298 345 1450 401 miles
1501 345 1586 400 ille
1635 345 1950 415 peregrinus
2001 358 2084 397 rc-
2117 347 2166 406 Α
2192 353 2246 397 et
2276 342 2634 412 praecipimus,
2672 351 2730 396 ut
2766 352 2874 394 tam
2907 343 2956 413 in
3005 341 3108 398 hoc
3133 340 3250 397 loco
3274 357 3434 412 quam
3475 343 3527 397 in
3555 355 3766 398 cunctis

527 439 742 512 spondit
783 437 885 494 sibi
924 436 1139 505 quidem
1167 428 1342 490 locum
1376 435 1548 504 ipsum
1575 443 1628 488 et
1656 433 1905 488 abbatem
1929 432 2096 501 ipsius

523 531 629 586 loci
675 544 794 586 esse
837 529 1189 598 incognitum,
1229 529 1324 582 sed
1368 536 1478 580 tam
1527 524 1862 593 frequentius
1904 538 1962 578 se
2003 538 2098 577 au-

525 623 671 677 disse
717 636 746 675 a
787 636 884 676 suo
935 621 1145 676 seniore
1195 618 1410 682 abbate,
1463 617 1668 673 scilicet
1706 617 1771 670 de
1806 613 1982 679 Volta,
2009 630 2099 670 su-

523 712 752 784 pradicti
790 711 894 766 loci
945 720 1106 779 atque
1135 710 1344 764 abbatis
1381 723 1440 764 se
1488 722 1625 761 esse.
1657 707 1738 760 Ad
1773 708 1888 762 haec
1918 706 2100 760 senior

523 805 659 858 dixit
701 803 794 858 ei:
825 800 937 872 Ego
989 801 1128 871 quod
1173 802 1298 854 mihi
1329 801 1391 852 de
1434 816 1493 853 eo
1528 799 1705 852 divina
1756 799 1923 866 pietas
1965 812 2100 851 reve-

524 897 670 958 larit,
701 895 943 950 indicabo
975 894 1088 948 tibi.
1119 893 1289 946 Abbas
1318 890 1603 962 supradicti
1635 891 1848 944 cmnobii
1883 898 2098 944 sanctus

517 981 684 1037 Odilo
727 990 888 1034 tanta:
939 978 1259 1033 excellentia:
1311 987 1358 1030 et
1409 976 1542 1029 tanti
1598 977 1768 1028 meriti
1823 985 1896 1028 est
1954 973 2100 1050 apud.

525 1075 715 1137 Deum,
753 1082 809 1127 ut
853 1071 1131 1124 obtinuerit
1163 1069 1225 1121 ab
1271 1069 1405 1136 ipso,
1453 1067 1589 1137 quod
1625 1067 1757 1119 nulli
1797 1077 2096 1120 sanctorum

511 1179 758 1229 nunquam
803 1177 1127 1220 concessum,
1169 1169 1223 1212 ut
1271 1158 1401 1211 duos
1449 1159 1659 1222 insuper
1692 1158 1822 1218 dies,
1863 1156 2096 1210 videlicet

523 1254 752 1310 secunda
781 1253 912 1321 feria
937 1260 984 1304 et
1015 1251 1166 1304 tertia
1195 1249 1350 1319 feria,
1375 1249 1548 1302 libera:
1572 1250 1676 1302 sint
1704 1265 1878 1302 omnes
1909 1248 2099 1300 anima:

525 1345 892 1413 defunctorum
925 1340 1157 1410 ﬁdelium
1187 1357 1217 1393 a
1248 1349 1623 1394 tormentorum
1663 1339 1916 1400 cruciatu,
1950 1348 1997 1392 et
2033 1335 2098 1390 ab

528 1433 766 1488 omnibus
807 1431 1051 1501 gehennae
1080 1428 1333 1483 incendiis
1360 1437 1513 1498 atque
1545 1428 1832 1498 suppliciis.
1870 1425 1946 1480 Tu
1981 1441 2099 1480 vero

526 1525 628 1579 vita
670 1533 774 1576 ture
815 1521 968 1575 citius
1000 1519 1254 1582 redderis,
1281 1519 1390 1588 qui,
1433 1525 1488 1571 ut
1532 1517 1642 1571 Ita'c
1683 1517 1892 1570 audires
1932 1531 1963 1568 a
1995 1531 2096 1580 me,

523 1613 789 1670 voluntate
818 1611 914 1666 Dei
941 1610 1219 1681 permissus
1254 1626 1307 1664 es
1337 1607 1610 1677 paululum
1653 1609 1716 1662 de
1745 1608 1825 1662 uia
1874 1623 2094 1661 errasse.

2200 433 2334 488 locis
2364 433 2429 487 ad
2480 433 2642 486 istum
2689 432 2866 486 locum
2909 432 3298 502 pertinentibus
3333 444 3602 498 servetur,
3641 443 3695 488 et
3725 436 3767 488 si

2199 524 2336 579 alius
2378 524 2573 592 aliquis
2602 538 2664 578 ex
2712 524 2812 578 ista
2852 534 3036 576 nostra
3085 522 3230 577 fideli
3271 523 3581 578 inventione
3625 541 3769 578 sum-

2198 616 2366 685 pserit
2401 614 2725 684 exemplum,
2755 615 3028 682 particeps
3065 613 3305 668 omnium
3351 614 3612 668 bonorum
3658 612 3771 667 etii.

2199 709 2373 764 ciatur
2419 717 2688 763 votorum.
2747 707 2887 776 Ergo
2933 705 3166 775 qualiter
3211 705 3448 759 omnium
3507 707 3769 759 memoria

2198 797 2642 853 Christicolarum
2673 795 2839 851 semel
2865 797 2916 850 in
2960 811 3098 850 anno
3127 806 3336 866 agatur,
3375 797 3686 850 monuimus
3716 808 3771 850 et

2200 888 2567 958 prmeipimus,
2605 886 2822 956 dignum
2867 885 3109 955 profecto
3152 887 3419 951 ducimus,
3464 895 3521 940 ut
3547 902 3647 955 pro
3683 901 3774 939 no.

2201 987 2435 1032 strorum
2495 975 2724 1029 fratrum
2801 975 3084 1029 animabus
3142 975 3242 1029 sub
3302 974 3426 1029 almi
3484 975 3765 1031 Benedicti

2199 1082 2387 1122 norma
2425 1068 2477 1120 in
2517 1065 2778 1120 emnobiis
2807 1064 3034 1118 Domino
3074 1065 3452 1130 militantibus,
3485 1075 3540 1118 ut
3569 1067 3770 1122 divinis

2201 1158 2403 1227 aliquid
2433 1157 2705 1224 obsequiis
2726 1156 2844 1225 plus
2871 1171 3019 1210 more
3049 1157 3207 1210 solito
3231 1157 3613 1226 adaugeamus,
3646 1173 3772 1210 nec-

2201 1257 2378 1301 nonut
2400 1247 2655 1301 memoria
2676 1246 2825 1300 chari
2852 1246 3022 1300 nostri
3045 1246 3392 1316 imperatoris»
3407 1245 3620 1302 Heuriei
3645 1261 3772 1302 cum

2200 1339 2402 1394 eisdem
2447 1337 2714 1407 praecipue
2769 1347 2960 1407 agatur
3005 1337 3412 1402 constituimus,
3463 1347 3524 1392 ut
3571 1339 3772 1393 merito

2201 1429 2476 1494 debemus,
2531 1429 2716 1483 multis
2753 1429 2821 1482 ab
2863 1429 2980 1498 ipso
3007 1427 3166 1483 ditati
3209 1429 3420 1498 opibus,
3452 1429 3658 1484 scilicet
3701 1429 3771 1484 ad

2199 1519 2438 1588 vigiliam
2469 1529 2802 1574 mortuorum
2843 1528 2972 1590 post
3013 1519 3322 1589 psalmum:
3372 1521 3452 1573 Ad
3499 1523 3772 1576 dentatum

2184 1625 2316 1663 cum
2341 1608 2640 1675 tribularer,
2671 1611 2760 1680 qui
2787 1618 2908 1680 post
2937 1610 3192 1665 lectiones
3224 1611 3501 1676 recitatur,
3525 1611 3771 1679 Domine,

527 1705 760 1776 Cumque
786 1703 841 1756 in
863 1703 1034 1772 patria
1069 1711 1159 1755 tua
1191 1717 1421 1754 reversus
1454 1698 1639 1768 fueris,
1676 1698 1967 1768 ubicunque
1999 1713 2095 1767 po-
2126 1710 2172 1769 Β
2201 1699 2323 1769 quid
2352 1697 2682 1768 multiplicati
2701 1709 2846 1764 sunt,
2869 1700 3223 1764 dicamus;ad
3253 1702 3543 1756 matutinas
3563 1704 3766 1766 laudes.

528 1797 678 1860 teris,
716 1811 902 1849 nomen
923 1793 1080 1863 hujus
1106 1791 1272 1846 sancti
1301 1789 1536 1845 Odilonis
1567 1787 1875 1858 divulgabis,
1907 1788 2104 1842 denun-

527 1887 666 1941 tians
711 1884 950 1939 omnibus
1003 1882 1320 1944 hominibus,
1382 1879 1622 1934 divitibus
1672 1888 1718 1932 et
1766 1879 2099 1948 pauperibus,

526 1974 816 2045 majoribus
845 1984 892 2027 et
920 1973 1228 2034 minoribus,
1261 1982 1314 2024 ut
1339 1971 1692 2040 unusquisque
1716 1985 1809 2040 pro
1833 1969 1942 2022 suis
1974 1970 2101 2024 riri-

529 2063 624 2116 bus
653 2063 918 2116 orationes
943 2069 990 2114 et
1018 2059 1369 2129 eleemosynas
1397 2059 1635 2112 studeant
1667 2057 1840 2126 facere
1869 2073 1962 2127 pro
1990 2056 2102 2126 glo-

526 2154 820 2222 riﬁcatione
849 2153 993 2207 illius
1025 2153 1233 2216 animle,
1266 2151 1418 2219 cujus
1444 2150 1814 2204 intercessione
1841 2148 2100 2219 singulari

521 2246 684 2300 etiam
723 2244 983 2313 defunctis
1026 2245 1411 2313 peccatoribus,
1464 2243 1569 2296 sive
1608 2243 1763 2294 etiant
1805 2241 2098 2309 damnatis,

526 2348 633 2392 tam
675 2337 915 2391 inaudita
962 2346 1008 2389 et
1036 2347 1142 2390 tam
1193 2336 1411 2405 benigna
1455 2345 1609 2404 atque
1642 2333 2021 2388 intestimabilis
2067 2349 2099 2387 a

523 2429 635 2482 Deo
674 2443 916 2482 concessa
950 2437 1023 2481 est
1049 2427 1428 2480 misericordia.
1462 2424 1598 2493 Quid
1643 2425 1764 2478 inde
1797 2423 2098 2478 faciendum

510 2519 598 2572 sit
641 2519 878 2588 sapietis,
910 2517 1236 2572 sanctissimi
1280 2516 1486 2570 Patres.
1528 2515 1731 2570 Scitote
1763 2523 1942 2568 tamen
1972 2515 2098 2584 quia

527 2610 676 2665 nulla
728 2611 987 2664 remansit
1026 2609 1252 2664 ecclesia
1281 2609 1334 2663 in
1372 2607 1685 2672 Germania,
1715 2607 1807 2661 tibi
1849 2622 1953 2661 non
1982 2606 2098 2676 pul-

529 2702 664 2756 satis
689 2699 938 2755 omnibus
980 2699 1149 2770 signis
1190 2700 1242 2754 iu
1296 2699 1619 2770 supradictis
1664 2698 1870 2754 duobus
1907 2699 2096 2754 diebus

507 2789 739 2859 publica
786 2799 840 2843 et
872 2790 1174 2859 largissima
1223 2805 1320 2860 pro
1365 2788 1482 2859 ejus
1527 2789 1796 2844 cha'ritate
1841 2787 1985 2844 facta
2027 2789 2098 2844 sit

526 2879 886 2949 eleentosyna.
920 2897 939 2932 ι

598 2969 718 3024 H3.
762 2970 897 3024 Huic
921 2970 1159 3040 epistola:
1187 2969 1557 3042 subjuugimus
1587 2971 1862 3025 decretum
1895 2970 1961 3026 de
1988 2979 2095 3024 tam

2204 1799 2329 1860 post
2357 1791 2431 1844 De
2477 1790 2774 1860 profundis,
2809 1789 3105 1862 Usquequo,
3143 1792 3400 1858 Domine;
3453 1793 3519 1847 ad
3571 1792 3774 1862 Vespe.

2204 1895 2294 1936 ras
2341 1889 2460 1950 post
2484 1879 2693 1944 Lauda,
2723 1881 2899 1936 anima
2944 1899 3081 1951 mea,
3127 1881 3432 1947 Dominum,
3483 1881 3605 1938 Nisi
3645 1886 3771 1954 quia

2201 1970 2489 2036 Dominus;
2509 1971 2644 2025 ad...
2669 1971 3063 2036 Deus,auribus
3087 1975 3294 2038 nostris,
3323 1985 3440 2042 post
3457 1973 3679 2028 Domine
3693 1992 3773 2030 re-

2203 2063 2424 2132 fugium,
2469 2061 2721 2116 Dominus
2747 2067 2871 2132 regit
2887 2081 2998 2136 me;
3020 2064 3100 2119 Ad
3126 2063 3414 2131 Litaniam,
3444 2064 3637 2119 Judica
3668 2082 3770 2131 me,

2200 2154 2362 2219 Deus,
2405 2163 2451 2208 et
2477 2155 2728 2208 discerne.
2770 2154 2834 2208 Et
2869 2155 2943 2208 ita
2992 2154 3170 2209 divina
3215 2154 3428 2212 favente
3466 2158 3660 2226 gratia,
3711 2166 3773 2211 ut

2200 2247 2578 2317 praemisimus,
2608 2263 2794 2300 eorum
2827 2258 3019 2316 agatur
3045 2249 3304 2315 memoria
3343 2263 3439 2317 per
3464 2249 3645 2304 omnia
3690 2249 3771 2302 fu-

2201 2344 2321 2389 tura
2369 2345 2628 2404 tempora,
2662 2345 2767 2389 tam
2808 2335 2860 2390 in
2893 2337 2996 2391 hoc
3033 2336 3172 2402 loco,
3216 2353 3376 2408 quam
3419 2339 3470 2392 in
3516 2337 3770 2393 omnibus

2201 2425 2265 2478 ad
2299 2426 2440 2480 hunc
2477 2427 2903 2494 respicientibus.
2939 2444 2958 2478 ι

2272 2514 2393 2568 114.
2455 2513 2620 2583 Hujus
2688 2515 2920 2569 instituti
2979 2516 3222 2571 meminit
3290 2516 3572 2574 Udalricus
3630 2518 3769 2576 libro

2199 2605 2656 2661 Consuetudiuum
2703 2606 3158 2674 Cluniacensium,
3202 2623 3322 2679 cap.
3359 2609 3450 2676 42,
3485 2611 3595 2676 ubi,
3643 2630 3767 2667 cum

2199 2698 2397 2768 egisset
2426 2698 2490 2753 de
2521 2697 2810 2753 festivitate
2832 2697 3083 2753 Omnium
3109 2699 3454 2768 Sanctorum,
3489 2703 3676 2758 subdit
3700 2705 3769 2760 de

2199 2791 2441 2859 sequenti
2497 2791 2601 2855 die,
2657 2793 2932 2846 decretum
2964 2809 3081 2849 esse
3125 2811 3154 2848 a
3195 2794 3354 2850 Patre
3411 2795 3661 2865 Odilone,
3711 2808 3770 2852 nt

2196 2882 2334 2937 sicut
2364 2883 2414 2936 in
2453 2883 2620 2951 priori
2669 2882 2756 2938 die
2809 2868 3250 2939 commemoratio
3301 2885 3416 2940 fieri
3468 2887 3604 2942 solet
3653 2904 3770 2943 om-

2197 2974 2344 3027 nium
2372 2987 2700 3040 sanctorum,
2741 2974 2818 3029 sic
2844 2983 2898 3028 et
2934 2975 2986 3028 in
3029 2977 3272 3044 sequenti
3327 2977 3480 3033 fieret
3513 2993 3766 3040 comme-

527 3060 731 3115 eelebri
779 3061 1115 3116 institutione
1187 3078 1217 3115 a
1272 3062 1428 3116 beato
1477 3060 1669 3116 abbate
1720 3063 1941 3125 factum,
1982 3061 2093 3129 jam
2123 3076 2166 3138 ρ
2198 3065 2425 3118 moratio
2489 3065 2728 3118 omnium
2778 3065 3011 3120 fidelium
3053 3067 3452 3122 defunctorum.
3515 3067 3650 3123 Tum
3702 3071 3769 3125 de

527 3148 746 3218 quidem
801 3149 1003 3204 editum
1056 3163 1086 3202 a
1125 3149 1355 3204 Cbesnio
1403 3150 1457 3204 in
1505 3149 1833 3204 Bibliotheca
1880 3150 2097 3205 Clunia-

529 3238 709 3304 censi;
749 3239 840 3293 sed
873 3237 1000 3293 illud
1030 3239 1134 3293 huc
1176 3239 1503 3310 proferimus
1539 3255 1604 3294 ex
1633 3241 1798 3294 veteri
1841 3257 1942 3294 ms.
1975 3240 2098 3294 Clu-

529 3327 803 3382 niacensis
832 3327 1162 3390 monasterii,
1212 3327 1263 3380 in
1298 3342 1402 3396 quo
1436 3327 1515 3382 sic
1542 3327 1770 3383 habetur
1803 3347 1814 3383 :
1855 3347 1872 3380 ι
1904 3330 2098 3383 Decre-

527 3429 641 3474 tum
667 3427 749 3472 est
777 3434 806 3471 a
832 3417 1142 3472 beatissimo
1167 3418 1326 3473 Patre
1353 3419 1546 3475 domno
1577 3419 1821 3483 Odilone,
1851 3436 1950 3473 una
1974 3435 2096 3474 cum

528 3526 796 3567 consensu
858 3517 913 3562 et
970 3519 1160 3579 rogatu
1209 3511 1451 3564 onmium
1506 3510 1732 3566 fratrum
1787 3512 2096 3567 Cluniacen-

526 3604 690 3666 sium,
736 3610 793 3655 ut
823 3601 963 3656 sicut
993 3601 1045 3654 in
1078 3599 1323 3654 ecclesiis
1352 3601 1465 3666 Dei,
1498 3616 1616 3670 qua:
1643 3615 1741 3670 per
1767 3601 1951 3655 orbem
1984 3613 2093 3656 ter-

523 3709 708 3748 rarum
741 3691 895 3762 longe
931 3690 1141 3761 lateque
1172 3701 1495 3747 constructa:
1525 3703 1668 3757 sunt,
1701 3694 1751 3747 in
1782 3694 1866 3748 die
1904 3694 2096 3749 Kalen-

521 3783 712 3838 darum
749 3781 1130 3836 Novembrium
1174 3783 1350 3852 agitur
1379 3783 1640 3838 festivitas
1668 3783 1920 3840 Omnium
1959 3786 2096 3840 San-

522 3884 756 3940 ctorum,
783 3874 855 3928 ita
880 3874 1020 3943 apud
1046 3889 1144 3929 nos
1167 3884 1356 3944 agatur
1377 3873 1568 3930 festivo
1596 3890 1745 3930 more
1770 3893 2096 3933 commemo-

510 3967 661 4021 ratio
713 3967 950 4020 omnium
988 3964 1225 4018 fidelium
1269 3964 1666 4030 defunctorum,
1709 3967 1800 4037 qui
1840 3969 1908 4023 ab
1941 3968 2095 4022 initio

520 4057 705 4110 mundi
741 4054 960 4110 fuerunt
988 4071 1158 4124 usque
1199 4056 1251 4109 in
1287 4055 1468 4121 linem,
1513 4055 1603 4110 tali
1640 4057 1814 4112 modo.
1864 4057 1980 4127 Ipso
2008 4060 2095 4114 die

519 4148 852 4217 supradicto,
877 4155 998 4217 post
1026 4148 1318 4218 capitulum
1346 4147 1546 4203 facient
1571 4148 1970 4222 eleemnsynam
2004 4151 2094 4206 de.

519 4251 693 4292 canus
732 4246 786 4292 et
820 4237 1089 4292 cellerarii
1118 4238 1184 4292 de
1211 4253 1350 4308 pane
1389 4247 1444 4293 et
1474 4239 1598 4293 vino
1625 4241 1878 4294 omnibus
1909 4256 2096 4311 super-

519 4327 860 4382 venientibus
910 4330 1268 4398 pauperibus,
1320 4331 1460 4386 sicut
1512 4346 1628 4386 mos
1667 4340 1750 4385 est
1801 4334 1994 4401 agendi
2039 4334 2092 4386 in

521 4419 689 4471 Coena
734 4418 971 4482 Domini;
1004 4428 1060 4474 et
1100 4421 1359 4489 quidquid
1400 4423 1516 4492 ipso
1563 4423 1650 4478 die
1697 4438 1761 4477 ex
1801 4424 2093 4479 refectione
2119 4414 2170 4474 D

519 4505 749 4561 fratrum
791 4509 1115 4562 remanserit
1162 4512 1229 4564 ad
1255 4513 1565 4580 prandium,
1597 4527 1661 4567 ex
1709 4514 1920 4584 integro
1959 4515 2098 4569 reci-

517 4599 633 4671 piat
679 4596 1156 4668 eleemosynarins,
1201 4602 1304 4656 nisi
1343 4611 1549 4656 tantum
1599 4620 1788 4672 panem
1831 4613 1883 4659 et
1910 4607 2093 4659 vinum

517 4705 640 4761 quae
669 4705 766 4760 pro
787 4705 939 4745 creua
967 4691 1210 4761 recipiet.
1242 4692 1364 4764 Ipso
1390 4693 1553 4748 etiam
1586 4695 1670 4750 die
1693 4707 1811 4764 post
1835 4698 2095 4766 vesperti-

519 4779 694 4832 nalem
725 4780 972 4851 synaxim
1020 4782 1301 4850 pulsentur
1326 4785 1509 4838 omnia
1541 4786 1714 4856 signa,
1744 4795 1797 4840 et
1829 4797 2095 4843 conantur

519 4868 770 4939 Vespera:
800 4887 897 4941 pro
925 4871 1211 4928 defunctis.
1240 4874 1299 4928 In
1347 4875 1588 4930 crastino
1619 4885 1798 4931 autem
1827 4887 1949 4947 post
1984 4876 2094 4932 Ma-

519 4961 720 5015 tutinus
769 4961 1049 5030 pulsentur
1095 4964 1269 5019 denuo
1319 4965 1501 5020 omnia
1561 4966 1744 5033 signa,
1793 4976 1847 5020 et
1904 4975 2094 5036 agatur

517 5050 747 5106 cilicium
770 5069 868 5122 pro
892 5054 1186 5122 defunctis;
1221 5057 1286 5111 ad
1309 5058 1531 5112 missam
1563 5071 1691 5112 vero
1723 5059 2092 5112 matutinalem

517 5141 710 5198 festivo
741 5160 891 5199 more
933 5156 1124 5218 agatur
1161 5147 1413 5220 officium,
1458 5150 1637 5203 omnia
1688 5150 1838 5219 signa
1879 5151 2095 5220 pulsen-

520 5243 629 5297 tur,
672 5242 902 5292 tractum
947 5253 977 5292 a
1026 5237 1232 5295 duobus
1282 5239 1538 5294 fratribus
1585 5248 1852 5294 cantetur.
1900 5240 2091 5294 Cuncti

517 5323 714 5358 fl‘nlrnc
758 5325 984 5358 nun-inn.
1036 5331 1317 5358 nn:unl:ml
1352 5339 1400 5358 nl
1446 5330 1656 5358 ηιιΙιΙῖΛΛ
1706 5329 1923 5358 ηιίοοηηι
1962 5330 2071 5358 nn'n

2198 3155 2478 3209 occasione
2508 3154 2849 3210 instituendm
2901 3154 3058 3223 hujus
3085 3158 3485 3214 consuetudinis
3531 3161 3610 3214 sic
3644 3175 3767 3230 pro-

2199 3249 2470 3318 sequitur:
2501 3245 2647 3301 Unde
2670 3248 2913 3302 acciderit
2937 3249 3074 3318 quod
3111 3250 3206 3302 hoc
3225 3252 3341 3318 pius
3374 3248 3536 3305 Pater
3575 3254 3768 3306 consti-

2198 3341 2316 3405 tuit,
2341 3345 2430 3411 qui
2451 3341 2562 3410 ejus
2598 3339 2765 3393 Vitam
2789 3340 2986 3408 legerit,
3015 3341 3084 3394 ibi
3111 3341 3233 3395 bene
3265 3342 3360 3396 hoc
3383 3343 3549 3411 ipsum
3579 3359 3769 3413 cogno~

2197 3447 2341 3486 scere
2365 3440 2546 3500 potest.
2577 3430 2705 3498 Quae
2732 3430 2966 3486 Udalrici
2996 3434 3155 3486 verba
3203 3433 3524 3488 confirmant
3558 3449 3620 3488 ea
3648 3450 3767 3504 qua:

2200 3525 2252 3579 in
2306 3533 2534 3594 utraque
2571 3523 2713 3577 beati
2760 3523 2862 3576 viri
2913 3521 3031 3578 Vita
3088 3523 3154 3578 de
3207 3524 3304 3578 hac
3361 3539 3418 3578 re
3478 3525 3765 3579 habentur.

2196 3613 2532 3684 Sull'ragatur
2587 3629 2802 3682 quoque
2848 3612 3140 3668 Ganfridns
3201 3616 3350 3683 prior
3401 3613 3678 3670 Vosiensis
3709 3617 3761 3669 in

2193 3705 2480 3770 Chronico,
2499 3723 2616 3777 cap.
2648 3707 2731 3770 l2,
2758 3708 2848 3761 ubi
2867 3707 2943 3760 ait
2960 3707 3238 3763 Odilouem
3261 3708 3436 3762 divina
3456 3709 3765 3764 reuelatione

2195 3798 2492 3852 instituisse
2519 3797 2707 3866 festum
2735 3796 3117 3866 defunctorum,
3151 3801 3292 3868 quod
3339 3808 3454 3867 post
3501 3799 3763 3867 festis-ita-

2195 3900 2293 3945 tem
2327 3892 2553 3943 omnium
2584 3899 2880 3942 sanctorum
2921 3889 3212 3954 celebravit,
3241 3902 3290 3944 et
3320 3891 3415 3942 to.'i
3443 3891 3616 3942 ordini
3667 3906 3765 3943 suo

2193 3981 2556 4036 celebrandum
2580 3980 2786 4033 indixit.
2821 3979 2950 4045 ane
2987 3980 3253 4034 institutio
3281 3981 3428 4034 brevi
3461 3982 3602 4050 apud
3629 3981 3766 4038 alias

2193 4085 2405 4141 quoque
2453 4069 2718 4124 Ecclesias
2758 4069 3002 4133 invaluit,
3027 4079 3083 4124 ut
3146 4071 3284 4123 inter
3345 4069 3481 4124 alios
3527 4081 3766 4124 testatur

2195 4162 2505 4232 Sigebertus
2565 4160 2966 4216 Gemblaceusis
3012 4161 3305 4232 monachus
3358 4160 3410 4214 in
3466 4160 3760 4228 Chronico,

2192 4255 2283 4309 ubi
2336 4263 2456 4323 post
2496 4253 2719 4306 relatam
2753 4253 2816 4305 ad
2841 4269 3040 4306 annum
3068 4231 3171 4324 9&8
3201 4268 3359 4321 snpra
3409 4265 3766 4309 memoratam

2195 4346 2480 4408 visionem,
2537 4354 2591 4398 et
2638 4343 2881 4400 Odilonis
2918 4345 2984 4398 de
3013 4344 3330 4398 celebranda
3385 4343 3764 4398 defunctorum

2199 4437 2454 4492 memoria
2504 4435 2967 4498 constitutionem,
3027 4434 3329 4504 subjungit:
3377 4434 3480 4502 Qui
3525 4438 3658 4489 ritus
3699 4437 3765 4490 ad

2198 4526 2390 4582 multas
2447 4525 2689 4580 ecclesias
2761 4527 3040 4591 transiens,
3107 4527 3341 4594 ﬁdelium
3398 4525 3766 4594 defunctorum

2197 4618 2501 4671 memoriam
2543 4615 2876 4670 solemnizari
2932 4617 3070 4686 fecit.
3106 4617 3159 4668 Id
3196 4615 3480 4684 aNotgero
3512 4615 3767 4685 tltia‘COpl)

2198 4710 2251 4764 in
2291 4709 2506 4763 dimcesi
2537 4708 2820 4764 Leodiensi
2854 4707 3320 4778 receptum-fuisse
3355 4717 3537 4762 monet
3578 4709 3766 4762 Ausel—

2198 4816 2336 4864 mus,
2393 4800 2632 4868 ejusdem
2679 4800 2923 4855 ecclesia:
2974 4801 3289 4863 canonicns,
3345 4801 3520 4867 capite
3572 4800 3662 4863 55,
3713 4802 3764 4852 in

2197 4890 2377 4946 Gestis
2404 4891 2715 4960 pontificum
2777 4889 3173 4949 Leodiensium,
3204 4888 3292 4940 ubi
3316 4897 3440 4958 post
3465 4889 3762 4956 expositam

2198 4979 2358 5049 hujus
2406 4979 2765 5034 solemnitatis
2819 4995 2847 5031 a
2909 4987 3095 5030 sancto
3143 4975 3372 5031 Odilone
3422 4977 3766 5030 iusti-tuendae

2198 5070 2562 5135 occasionem,
2608 5067 2880 5138 subiungit
2907 5083 3024 5121 eam
3058 5067 3226 5122 variis
3267 5067 3322 5120 in
3353 5067 3616 5121 Eeelesiis
3658 5078 3764 5121 sta-

2199 5162 2293 5215 tim
2326 5172 2596 5230 receptam
2617 5160 2799 5222 fuisse,
2830 5169 2965 5223 tum,
2993 5176 3171 5229 quam,
3201 5159 3396 5226 inquit,
3425 5161 3761 5212 consuetudi-

2196 5268 2310 5305 nem
2335 5252 2490 5302 etiam
2521 5251 2786 5318 episcopus
2825 5247 3020 5302 Christi
3060 5247 3322 5317 Notgerus
3349 5248 3420 5302 ad
3448 5265 3600 5302 suam
3637 5249 3762 5301 diat-

3122 5337 3238 5358 .Ξι-..
3281 5337 3393 5358 Δ-..Σ
3444 5338 3692 5358 --.κη-,3.
