  <div class='ocr_page' id='page_1' title='image "/cluster/home/n/w/nwhite01/storage/ocr_20150623/142/hvd.32044015471808/446.png"; bbox 0 0 4116 5358; ppageno 0'>
   <div class='ocr_carea' id='block_1_1' title="bbox 357 252 457 310">
    <p class='ocr_par' dir='ltr' id='par_1_1' title="bbox 357 252 457 310">
     <span class='ocr_line' id='line_1_1' title="bbox 357 252 457 310; baseline -0.02 0"><span class='ocrx_word' id='word_1_1' title='bbox 357 252 457 310; x_wconf 73' lang='lat'><strong>88!</strong></span> 
     </span>
    </p>
   </div>
   <div class='ocr_carea' id='block_1_2' title="bbox 1831 261 2155 320">
    <p class='ocr_par' dir='ltr' id='par_1_2' title="bbox 1831 261 2155 320">
     <span class='ocr_line' id='line_1_2' title="bbox 1831 261 2155 320; baseline 0.009 -3"><span class='ocrx_word' id='word_1_2' title='bbox 1831 261 2155 320; x_wconf 74' lang='grc' dir='ltr'><strong>Ειοοιωί.</strong></span> 
     </span>
    </p>
   </div>
   <div class='ocr_carea' id='block_1_3' title="bbox 3492 267 3598 325">
    <p class='ocr_par' dir='ltr' id='par_1_3' title="bbox 3492 267 3598 325">
     <span class='ocr_line' id='line_1_3' title="bbox 3492 267 3598 325; baseline 0 -2"><span class='ocrx_word' id='word_1_3' title='bbox 3492 267 3598 325; x_wconf 72' lang='lat'><strong>882</strong></span> 
     </span>
    </p>
   </div>
   <div class='ocr_carea' id='block_1_4' title="bbox 351 365 3603 452">
    <p class='ocr_par' dir='ltr' id='par_1_4' title="bbox 351 365 3603 452">
     <span class='ocr_line' id='line_1_4' title="bbox 351 365 3603 452; baseline 0.005 -31"><span class='ocrx_word' id='word_1_4' title='bbox 351 365 577 421; x_wconf 76' lang='lat' dir='ltr'><strong>ctoriam</strong></span> <span class='ocrx_word' id='word_1_5' title='bbox 638 365 1354 443; x_wconf 66' lang='lat' dir='ltr'><strong>vulgatam&#39;eremitaa,’qui</strong></span> <span class='ocrx_word' id='word_1_6' title='bbox 1411 371 1541 430; x_wconf 84' lang='lat' dir='ltr'><strong>huic</strong></span> <span class='ocrx_word' id='word_1_7' title='bbox 1598 374 1923 432; x_wconf 76' lang='lat' dir='ltr'><strong>institutioni</strong></span> <span class='ocrx_word' id='word_1_8' title='bbox 1952 383 2003 442; x_wconf 78' lang='grc' dir='ltr'>Α</span> <span class='ocrx_word' id='word_1_9' title='bbox 2031 376 2271 435; x_wconf 83' lang='lat' dir='ltr'><strong>Odilonia</strong></span> <span class='ocrx_word' id='word_1_10' title='bbox 2323 387 2544 451; x_wconf 76' lang='lat' dir='ltr'><strong>paterno</strong></span> <span class='ocrx_word' id='word_1_11' title='bbox 2597 377 2814 451; x_wconf 77' lang='lat' dir='ltr'><strong>imperio</strong></span> <span class='ocrx_word' id='word_1_12' title='bbox 2867 376 3109 435; x_wconf 74' lang='lat' dir='ltr'><strong>obedienc</strong></span> <span class='ocrx_word' id='word_1_13' title='bbox 3167 378 3385 451; x_wconf 73' lang='lat' dir='ltr'><strong>scripsit</strong></span> <span class='ocrx_word' id='word_1_14' title='bbox 3428 379 3603 452; x_wconf 81' lang='lat' dir='ltr'><strong>Syrus</strong></span> 
     </span>
    </p>
   </div>
   <div class='ocr_carea' id='block_1_5' title="bbox 355 458 1920 528">
    <p class='ocr_par' dir='ltr' id='par_1_5' title="bbox 355 458 1920 528">
     <span class='ocr_line' id='line_1_5' title="bbox 355 458 1920 528; baseline 0.005 -14"><span class='ocrx_word' id='word_1_15' title='bbox 355 458 690 514; x_wconf 82' lang='lat' dir='ltr'><strong>occasionem</strong></span> <span class='ocrx_word' id='word_1_16' title='bbox 707 459 998 528; x_wconf 76' lang='lat' dir='ltr'><strong>przebuisse</strong></span> <span class='ocrx_word' id='word_1_17' title='bbox 1020 461 1237 516; x_wconf 90' lang='lat' dir='ltr'><strong>dicitur.</strong></span> <span class='ocrx_word' id='word_1_18' title='bbox 1261 462 1396 517; x_wconf 86' lang='lat' dir='ltr'><strong>Eum</strong></span> <span class='ocrx_word' id='word_1_19' title='bbox 1428 479 1557 520; x_wconf 87' lang='lat' dir='ltr'><strong>vero</strong></span> <span class='ocrx_word' id='word_1_20' title='bbox 1584 465 1920 522; x_wconf 77' lang='lat' dir='ltr'><strong>inhabitasse</strong></span> 
     </span>
    </p>
   </div>
   <div class='ocr_carea' id='block_1_6' title="bbox 351 546 1924 619">
    <p class='ocr_par' dir='ltr' id='par_1_6' title="bbox 351 546 1924 619">
     <span class='ocr_line' id='line_1_6' title="bbox 351 546 1924 619; baseline 0.007 -20"><span class='ocrx_word' id='word_1_21' title='bbox 351 546 542 605; x_wconf 80' lang='lat' dir='ltr'><strong>scribit</strong></span> <span class='ocrx_word' id='word_1_22' title='bbox 569 561 814 601; x_wconf 87' lang='lat' dir='ltr'><strong>eremnm</strong></span> <span class='ocrx_word' id='word_1_23' title='bbox 842 548 998 619; x_wconf 80' lang='lat' dir='ltr'><strong>juxta</strong></span> <span class='ocrx_word' id='word_1_24' title='bbox 1028 560 1264 605; x_wconf 84' lang='lat' dir='ltr'><strong>montem</strong></span> <span class='ocrx_word' id='word_1_25' title='bbox 1302 550 1521 609; x_wconf 62' lang='lat' dir='ltr'><strong>Ethnm</strong></span> <span class='ocrx_word' id='word_1_26' title='bbox 1554 567 1650 609; x_wconf 87' lang='lat' dir='ltr'><strong>seu</strong></span> <span class='ocrx_word' id='word_1_27' title='bbox 1699 555 1924 611; x_wconf 79' lang='lat' dir='ltr'><strong>Vulcani</strong></span> 
     </span>
    </p>
   </div>
   <div class='ocr_carea' id='block_1_7' title="bbox 350 636 1925 717">
    <p class='ocr_par' dir='ltr' id='par_1_7' title="bbox 350 636 1925 717">
     <span class='ocr_line' id='line_1_7' title="bbox 350 636 1925 717; baseline 0.007 -25"><span class='ocrx_word' id='word_1_28' title='bbox 350 636 407 692; x_wconf 83' lang='lat' dir='ltr'><strong>in</strong></span> <span class='ocrx_word' id='word_1_29' title='bbox 451 636 636 693; x_wconf 82' lang='lat' dir='ltr'><strong>Sicilia</strong></span> <span class='ocrx_word' id='word_1_30' title='bbox 694 639 878 694; x_wconf 87' lang='lat' dir='ltr'><strong>situm.</strong></span> <span class='ocrx_word' id='word_1_31' title='bbox 928 640 1055 697; x_wconf 59' lang='lat' dir='ltr'><strong>Hace</strong></span> <span class='ocrx_word' id='word_1_32' title='bbox 1102 645 1319 710; x_wconf 88' lang='lat' dir='ltr'><strong>eadem,</strong></span> <span class='ocrx_word' id='word_1_33' title='bbox 1370 647 1466 701; x_wconf 87' lang='lat' dir='ltr'><strong>sed</strong></span> <span class='ocrx_word' id='word_1_34' title='bbox 1514 647 1674 717; x_wconf 86' lang='lat' dir='ltr'><strong>paulo</strong></span> <span class='ocrx_word' id='word_1_35' title='bbox 1732 647 1925 715; x_wconf 81' lang='lat' dir='ltr'><strong>fusius,</strong></span> 
     </span>
    </p>
   </div>
   <div class='ocr_carea' id='block_1_8' title="bbox 353 730 1923 809">
    <p class='ocr_par' dir='ltr' id='par_1_8' title="bbox 353 730 1923 809">
     <span class='ocr_line' id='line_1_8' title="bbox 353 730 1923 809; baseline 0.006 -27"><span class='ocrx_word' id='word_1_36' title='bbox 353 730 548 796; x_wconf 80' lang='lat' dir='ltr'><strong>repetit</strong></span> <span class='ocrx_word' id='word_1_37' title='bbox 578 730 631 783; x_wconf 91' lang='lat' dir='ltr'><strong>in</strong></span> <span class='ocrx_word' id='word_1_38' title='bbox 670 746 807 785; x_wconf 87' lang='lat' dir='ltr'><strong>nova</strong></span> <span class='ocrx_word' id='word_1_39' title='bbox 835 731 1075 801; x_wconf 85' lang='lat' dir='ltr'><strong>ejusdem</strong></span> <span class='ocrx_word' id='word_1_40' title='bbox 1104 733 1360 792; x_wconf 86' lang='lat' dir='ltr'><strong>Chronici</strong></span> <span class='ocrx_word' id='word_1_41' title='bbox 1415 739 1652 793; x_wconf 90' lang='lat' dir='ltr'><strong>editione</strong></span> <span class='ocrx_word' id='word_1_42' title='bbox 1692 738 1923 809; x_wconf 84' lang='lat' dir='ltr'><strong>Sangal-</strong></span> 
     </span>
    </p>
   </div>
   <div class='ocr_carea' id='block_1_9' title="bbox 353 815 1926 898">
    <p class='ocr_par' dir='ltr' id='par_1_9' title="bbox 353 815 1926 898">
     <span class='ocr_line' id='line_1_9' title="bbox 353 815 1926 898; baseline 0.008 -28"><span class='ocrx_word' id='word_1_43' title='bbox 353 815 513 881; x_wconf 85' lang='lat' dir='ltr'><strong>lensi,</strong></span> <span class='ocrx_word' id='word_1_44' title='bbox 544 818 645 874; x_wconf 91' lang='lat' dir='ltr'><strong>nisi</strong></span> <span class='ocrx_word' id='word_1_45' title='bbox 670 820 813 888; x_wconf 87' lang='lat' dir='ltr'><strong>quod</strong></span> <span class='ocrx_word' id='word_1_46' title='bbox 844 820 960 876; x_wconf 87' lang='lat' dir='ltr'><strong>loco</strong></span> <span class='ocrx_word' id='word_1_47' title='bbox 982 826 1222 879; x_wconf 66' lang='lat' dir='ltr'><strong>crcmitaa</strong></span> <span class='ocrx_word' id='word_1_48' title='bbox 1270 828 1593 882; x_wconf 82' lang='lat' dir='ltr'><strong>monachum</strong></span> <span class='ocrx_word' id='word_1_49' title='bbox 1641 830 1926 898; x_wconf 82' lang='lat' dir='ltr'><strong>quemdam</strong></span> 
     </span>
    </p>
   </div>
   <div class='ocr_carea' id='block_1_10' title="bbox 354 912 1928 980">
    <p class='ocr_par' dir='ltr' id='par_1_10' title="bbox 354 912 1928 980">
     <span class='ocr_line' id='line_1_10' title="bbox 354 912 1928 980; baseline 0.006 -15"><span class='ocrx_word' id='word_1_50' title='bbox 354 912 694 980; x_wconf 81' lang='lat' dir='ltr'><strong>peregrinum</strong></span> <span class='ocrx_word' id='word_1_51' title='bbox 735 928 765 968; x_wconf 90' lang='lat' dir='ltr'><strong>e</strong></span> <span class='ocrx_word' id='word_1_52' title='bbox 803 913 1146 971; x_wconf 69' lang='lat' dir='ltr'><strong>Cluniacensi</strong></span> <span class='ocrx_word' id='word_1_53' title='bbox 1192 917 1394 972; x_wconf 87' lang='lat' dir='ltr'><strong>familia</strong></span> <span class='ocrx_word' id='word_1_54' title='bbox 1453 919 1683 972; x_wconf 81' lang='lat' dir='ltr'><strong>inducit.</strong></span> <span class='ocrx_word' id='word_1_55' title='bbox 1736 918 1928 975; x_wconf 85' lang='lat' dir='ltr'><strong>Snbdit</strong></span> 
     </span>
    </p>
   </div>
   <div class='ocr_carea' id='block_1_11' title="bbox 354 999 1931 1079">
    <p class='ocr_par' dir='ltr' id='par_1_11' title="bbox 354 999 1931 1079">
     <span class='ocr_line' id='line_1_11' title="bbox 354 999 1931 1079; baseline 0.005 -23"><span class='ocrx_word' id='word_1_56' title='bbox 354 999 547 1056; x_wconf 87' lang='lat' dir='ltr'><strong>deinde</strong></span> <span class='ocrx_word' id='word_1_57' title='bbox 595 1001 898 1057; x_wconf 86' lang='lat' dir='ltr'><strong>institutum</strong></span> <span class='ocrx_word' id='word_1_58' title='bbox 950 1005 1091 1059; x_wconf 82' lang='lat' dir='ltr'><strong>istud</strong></span> <span class='ocrx_word' id='word_1_59' title='bbox 1140 1022 1167 1059; x_wconf 85' lang='lat' dir='ltr'><strong>a</strong></span> <span class='ocrx_word' id='word_1_60' title='bbox 1198 1004 1406 1061; x_wconf 78' lang='lat' dir='ltr'><strong>Joanne</strong></span> <span class='ocrx_word' id='word_1_61' title='bbox 1458 1006 1620 1062; x_wconf 78' lang='lat' dir='ltr'>XVIII</span> <span class='ocrx_word' id='word_1_62' title='bbox 1671 1008 1931 1079; x_wconf 78' lang='lat' dir='ltr'><strong>pontiﬁce</strong></span> 
     </span>
    </p>
   </div>
   <div class='ocr_carea' id='block_1_12' title="bbox 354 1092 1931 1169">
    <p class='ocr_par' dir='ltr' id='par_1_12' title="bbox 354 1092 1931 1169">
     <span class='ocr_line' id='line_1_12' title="bbox 354 1092 1931 1169; baseline 0.004 -22"><span class='ocrx_word' id='word_1_63' title='bbox 354 1092 601 1148; x_wconf 81' lang='lat' dir='ltr'><strong>Romano</strong></span> <span class='ocrx_word' id='word_1_64' title='bbox 627 1095 1004 1149; x_wconf 81' lang='lat' dir='ltr'><strong>conﬁrmatum</strong></span> <span class='ocrx_word' id='word_1_65' title='bbox 1035 1096 1217 1153; x_wconf 85' lang='lat' dir='ltr'><strong>fuisse.</strong></span> <span class='ocrx_word' id='word_1_66' title='bbox 1261 1098 1414 1165; x_wconf 88' lang='lat' dir='ltr'><strong>Quod</strong></span> <span class='ocrx_word' id='word_1_67' title='bbox 1457 1100 1636 1169; x_wconf 81' lang='lat' dir='ltr'><strong>potius</strong></span> <span class='ocrx_word' id='word_1_68' title='bbox 1675 1100 1741 1153; x_wconf 88' lang='lat' dir='ltr'><strong>ad</strong></span> <span class='ocrx_word' id='word_1_69' title='bbox 1767 1098 1931 1153; x_wconf 86' lang='lat' dir='ltr'><strong>Joan-</strong></span> 
     </span>
    </p>
   </div>
   <div class='ocr_carea' id='block_1_13' title="bbox 356 1184 1932 1259">
    <p class='ocr_par' dir='ltr' id='par_1_13' title="bbox 356 1184 1932 1259">
     <span class='ocr_line' id='line_1_13' title="bbox 356 1184 1932 1259; baseline 0.003 -21"><span class='ocrx_word' id='word_1_70' title='bbox 356 1198 476 1238; x_wconf 84' lang='lat' dir='ltr'><strong>nem</strong></span> <span class='ocrx_word' id='word_1_71' title='bbox 503 1184 625 1239; x_wconf 77' lang='lat' dir='ltr'><strong>XIX</strong></span> <span class='ocrx_word' id='word_1_72' title='bbox 657 1185 843 1240; x_wconf 79' lang='lat' dir='ltr'><strong>referri</strong></span> <span class='ocrx_word' id='word_1_73' title='bbox 871 1187 1050 1250; x_wconf 85' lang='lat' dir='ltr'><strong>debet,</strong></span> <span class='ocrx_word' id='word_1_74' title='bbox 1070 1187 1112 1240; x_wconf 87' lang='lat' dir='ltr'><strong>si</strong></span> <span class='ocrx_word' id='word_1_75' title='bbox 1147 1189 1258 1243; x_wconf 64' lang='lat' dir='ltr'><strong>haec</strong></span> <span class='ocrx_word' id='word_1_76' title='bbox 1310 1190 1422 1258; x_wconf 84' lang='lat' dir='ltr'><strong>ipsa</strong></span> <span class='ocrx_word' id='word_1_77' title='bbox 1453 1188 1764 1243; x_wconf 87' lang='lat' dir='ltr'><strong>constitutio</strong></span> <span class='ocrx_word' id='word_1_78' title='bbox 1810 1196 1932 1259; x_wconf 82' lang='lat' dir='ltr'><strong>post</strong></span> 
     </span>
    </p>
   </div>
   <div class='ocr_carea' id='block_1_14' title="bbox 355 1274 1933 1349">
    <p class='ocr_par' dir='ltr' id='par_1_14' title="bbox 355 1274 1933 1349">
     <span class='ocr_line' id='line_1_14' title="bbox 355 1274 1933 1349; baseline 0.003 -19"><span class='ocrx_word' id='word_1_79' title='bbox 355 1274 571 1330; x_wconf 84' lang='lat' dir='ltr'><strong>llenrici</strong></span> <span class='ocrx_word' id='word_1_80' title='bbox 597 1275 821 1345; x_wconf 75' lang='lat' dir='ltr'><strong>Augusti</strong></span> <span class='ocrx_word' id='word_1_81' title='bbox 848 1278 1074 1341; x_wconf 83' lang='lat' dir='ltr'><strong>obitum,</strong></span> <span class='ocrx_word' id='word_1_82' title='bbox 1100 1288 1158 1330; x_wconf 91' lang='lat' dir='ltr'><strong>nt</strong></span> <span class='ocrx_word' id='word_1_83' title='bbox 1190 1280 1242 1332; x_wconf 89' lang='lat' dir='ltr'><strong>in</strong></span> <span class='ocrx_word' id='word_1_84' title='bbox 1283 1279 1504 1334; x_wconf 88' lang='lat' dir='ltr'><strong>decreto</strong></span> <span class='ocrx_word' id='word_1_85' title='bbox 1528 1296 1557 1331; x_wconf 86' lang='lat' dir='ltr'><strong>a</strong></span> <span class='ocrx_word' id='word_1_86' title='bbox 1590 1280 1743 1333; x_wconf 86' lang='lat' dir='ltr'><strong>nobis</strong></span> <span class='ocrx_word' id='word_1_87' title='bbox 1771 1294 1933 1349; x_wconf 87' lang='lat' dir='ltr'><strong>snpe-</strong></span> 
     </span>
    </p>
   </div>
   <div class='ocr_carea' id='block_1_15' title="bbox 356 1367 1927 1436">
    <p class='ocr_par' dir='ltr' id='par_1_15' title="bbox 356 1367 1927 1436">
     <span class='ocr_line' id='line_1_15' title="bbox 356 1367 1927 1436; baseline -0.001 -13"><span class='ocrx_word' id='word_1_88' title='bbox 356 1367 470 1423; x_wconf 83' lang='lat' dir='ltr'><strong>rius</strong></span> <span class='ocrx_word' id='word_1_89' title='bbox 504 1367 720 1423; x_wconf 85' lang='lat' dir='ltr'><strong>laudato</strong></span> <span class='ocrx_word' id='word_1_90' title='bbox 761 1368 979 1423; x_wconf 85' lang='lat' dir='ltr'><strong>disertis</strong></span> <span class='ocrx_word' id='word_1_91' title='bbox 1027 1370 1208 1423; x_wconf 87' lang='lat' dir='ltr'><strong>verbis</strong></span> <span class='ocrx_word' id='word_1_92' title='bbox 1263 1369 1514 1434; x_wconf 83' lang='lat' dir='ltr'><strong>habetur,</strong></span> <span class='ocrx_word' id='word_1_93' title='bbox 1554 1368 1701 1424; x_wconf 86' lang='lat' dir='ltr'><strong>facta</strong></span> <span class='ocrx_word' id='word_1_94' title='bbox 1732 1368 1927 1436; x_wconf 78' lang='lat' dir='ltr'><strong>fuerit;</strong></span> 
     </span>
    </p>
   </div>
   <div class='ocr_carea' id='block_1_16' title="bbox 356 1457 1930 1528">
    <p class='ocr_par' dir='ltr' id='par_1_16' title="bbox 356 1457 1930 1528">
     <span class='ocr_line' id='line_1_16' title="bbox 356 1457 1930 1528; baseline 0 -15"><span class='ocrx_word' id='word_1_95' title='bbox 356 1459 620 1527; x_wconf 81' lang='lat' dir='ltr'><strong>siquidem</strong></span> <span class='ocrx_word' id='word_1_96' title='bbox 664 1457 900 1513; x_wconf 79' lang='lat' dir='ltr'><strong>Joannes</strong></span> <span class='ocrx_word' id='word_1_97' title='bbox 930 1458 1093 1514; x_wconf 74' lang='lat' dir='ltr'>XVIII</span> <span class='ocrx_word' id='word_1_98' title='bbox 1136 1459 1252 1528; x_wconf 88' lang='lat' dir='ltr'><strong>jam</strong></span> <span class='ocrx_word' id='word_1_99' title='bbox 1280 1473 1311 1513; x_wconf 90' lang='lat' dir='ltr'><strong>e</strong></span> <span class='ocrx_word' id='word_1_100' title='bbox 1343 1460 1480 1514; x_wconf 90' lang='lat' dir='ltr'><strong>vivis</strong></span> <span class='ocrx_word' id='word_1_101' title='bbox 1524 1467 1837 1513; x_wconf 81' lang='lat' dir='ltr'><strong>excesserat</strong></span> <span class='ocrx_word' id='word_1_102' title='bbox 1862 1459 1930 1513; x_wconf 85' lang='lat' dir='ltr'><strong>ab</strong></span> 
     </span>
    </p>
   </div>
   <div class='ocr_carea' id='block_1_17' title="bbox 356 1548 1930 1619">
    <p class='ocr_par' dir='ltr' id='par_1_17' title="bbox 356 1548 1930 1619">
     <span class='ocr_line' id='line_1_17' title="bbox 356 1548 1930 1619; baseline -0.001 -14"><span class='ocrx_word' id='word_1_103' title='bbox 356 1548 562 1619; x_wconf 82' lang='lat' dir='ltr'><strong>aliquot</strong></span> <span class='ocrx_word' id='word_1_104' title='bbox 592 1549 773 1614; x_wconf 86' lang='lat' dir='ltr'><strong>annis,</strong></span> <span class='ocrx_word' id='word_1_105' title='bbox 798 1564 920 1604; x_wconf 88' lang='lat' dir='ltr'><strong>cum</strong></span> <span class='ocrx_word' id='word_1_106' title='bbox 947 1560 1169 1604; x_wconf 86' lang='lat' dir='ltr'><strong>sanctus</strong></span> <span class='ocrx_word' id='word_1_107' title='bbox 1214 1549 1479 1605; x_wconf 84' lang='lat' dir='ltr'><strong>Ilenricus</strong></span> <span class='ocrx_word' id='word_1_108' title='bbox 1503 1550 1659 1604; x_wconf 90' lang='lat' dir='ltr'><strong>obiit.</strong></span> <span class='ocrx_word' id='word_1_109' title='bbox 1686 1549 1930 1619; x_wconf 76' lang='lat' dir='ltr'><strong>Longius</strong></span> 
     </span>
    </p>
   </div>
   <div class='ocr_carea' id='block_1_18' title="bbox 355 1640 1928 1712">
    <p class='ocr_par' dir='ltr' id='par_1_18' title="bbox 355 1640 1928 1712">
     <span class='ocr_line' id='line_1_18' title="bbox 355 1640 1928 1712; baseline 0.001 -18"><span class='ocrx_word' id='word_1_110' title='bbox 355 1655 384 1694; x_wconf 92' lang='lat' dir='ltr'><strong>a</strong></span> <span class='ocrx_word' id='word_1_111' title='bbox 410 1655 542 1695; x_wconf 87' lang='lat' dir='ltr'><strong>vero</strong></span> <span class='ocrx_word' id='word_1_112' title='bbox 580 1641 755 1704; x_wconf 85' lang='lat' dir='ltr'><strong>abest,</strong></span> <span class='ocrx_word' id='word_1_113' title='bbox 799 1642 942 1710; x_wconf 90' lang='lat' dir='ltr'><strong>quod</strong></span> <span class='ocrx_word' id='word_1_114' title='bbox 1003 1641 1055 1695; x_wconf 91' lang='lat' dir='ltr'><strong>in</strong></span> <span class='ocrx_word' id='word_1_115' title='bbox 1082 1642 1254 1696; x_wconf 85' lang='lat' dir='ltr'><strong>veteri</strong></span> <span class='ocrx_word' id='word_1_116' title='bbox 1302 1641 1686 1712; x_wconf 82' lang='lat' dir='ltr'><strong>Martyrologio</strong></span> <span class='ocrx_word' id='word_1_117' title='bbox 1725 1640 1928 1696; x_wconf 77' lang='lat' dir='ltr'><strong>Adonis</strong></span> 
     </span>
    </p>
   </div>
   <div class='ocr_carea' id='block_1_19' title="bbox 352 1717 2005 1813">
    <p class='ocr_par' dir='ltr' id='par_1_19' title="bbox 352 1717 2005 1813">
     <span class='ocr_line' id='line_1_19' title="bbox 352 1717 2005 1813; baseline -0.001 -27"><span class='ocrx_word' id='word_1_118' title='bbox 352 1745 420 1786; x_wconf 90' lang='lat' dir='ltr'><strong>ex</strong></span> <span class='ocrx_word' id='word_1_119' title='bbox 461 1730 773 1787; x_wconf 90' lang='lat' dir='ltr'><strong>Corbeiensi</strong></span> <span class='ocrx_word' id='word_1_120' title='bbox 799 1732 972 1786; x_wconf 88' lang='lat' dir='ltr'><strong>sancti</strong></span> <span class='ocrx_word' id='word_1_121' title='bbox 996 1731 1273 1786; x_wconf 73' lang='lat' dir='ltr'><strong>Laurentii</strong></span> <span class='ocrx_word' id='word_1_122' title='bbox 1302 1732 1661 1802; x_wconf 69' lang='lat' dir='ltr'><strong>prtepositura</strong></span> <span class='ocrx_word' id='word_1_123' title='bbox 1692 1732 1927 1787; x_wconf 86' lang='lat' dir='ltr'><strong>habetur</strong></span> 
     </span>
    </p>
   </div>
   <div class='ocr_carea' id='block_1_20' title="bbox 354 1822 1926 1893">
    <p class='ocr_par' dir='ltr' id='par_1_20' title="bbox 354 1822 1926 1893">
     <span class='ocr_line' id='line_1_20' title="bbox 354 1822 1926 1893; baseline 0 -15"><span class='ocrx_word' id='word_1_124' title='bbox 354 1824 439 1879; x_wconf 75' lang='lat' dir='ltr'><strong>bis</strong></span> <span class='ocrx_word' id='word_1_125' title='bbox 487 1824 694 1878; x_wconf 82' lang='lat' dir='ltr'><strong>verbis:</strong></span> <span class='ocrx_word' id='word_1_126' title='bbox 756 1840 809 1878; x_wconf 85' lang='lat' dir='ltr'><strong>tv</strong></span> <span class='ocrx_word' id='word_1_127' title='bbox 860 1824 1040 1878; x_wconf 77' lang='lat' dir='ltr'><strong>Nonas</strong></span> <span class='ocrx_word' id='word_1_128' title='bbox 1080 1822 1480 1879; x_wconf 80' lang='lat' dir='ltr'><strong>Nooembris....</strong></span> <span class='ocrx_word' id='word_1_129' title='bbox 1538 1825 1661 1877; x_wconf 88' lang='lat' dir='ltr'><strong>item</strong></span> <span class='ocrx_word' id='word_1_130' title='bbox 1699 1824 1811 1893; x_wconf 80' lang='lat' dir='ltr'><strong>ipso</strong></span> <span class='ocrx_word' id='word_1_131' title='bbox 1841 1824 1926 1878; x_wconf 85' lang='lat' dir='ltr'><strong>die</strong></span> 
     </span>
    </p>
   </div>
   <div class='ocr_carea' id='block_1_21' title="bbox 354 1914 1927 1986">
    <p class='ocr_par' dir='ltr' id='par_1_21' title="bbox 354 1914 1927 1986">
     <span class='ocr_line' id='line_1_21' title="bbox 354 1914 1927 1986; baseline 0.001 -19"><span class='ocrx_word' id='word_1_132' title='bbox 354 1914 608 1986; x_wconf 80' lang='lat' dir='ltr'><strong>generalia</strong></span> <span class='ocrx_word' id='word_1_133' title='bbox 651 1916 900 1970; x_wconf 77' lang='lat' dir='ltr'><strong>memoria</strong></span> <span class='ocrx_word' id='word_1_134' title='bbox 949 1914 1183 1983; x_wconf 78' lang='lat' dir='ltr'><strong>ﬁdelium</strong></span> <span class='ocrx_word' id='word_1_135' title='bbox 1217 1915 1603 1984; x_wconf 78' lang='lat' dir='ltr'><strong>defunctorum,</strong></span> <span class='ocrx_word' id='word_1_136' title='bbox 1645 1916 1927 1969; x_wconf 81' lang='lat' dir='ltr'><strong>constituta</strong></span> 
     </span>
    </p>
   </div>
   <div class='ocr_carea' id='block_1_22' title="bbox 354 2004 1928 2073">
    <p class='ocr_par' dir='ltr' id='par_1_22' title="bbox 354 2004 1928 2073">
     <span class='ocr_line' id='line_1_22' title="bbox 354 2004 1928 2073; baseline -0.001 -13"><span class='ocrx_word' id='word_1_137' title='bbox 354 2006 560 2060; x_wconf 81' lang='lat' dir='ltr'><strong>abcoto</strong></span> <span class='ocrx_word' id='word_1_138' title='bbox 615 2004 855 2070; x_wconf 84' lang='lat' dir='ltr'><strong>Odilone,</strong></span> <span class='ocrx_word' id='word_1_139' title='bbox 919 2006 1247 2059; x_wconf 76' lang='lat' dir='ltr'><strong>auctorizata</strong></span> <span class='ocrx_word' id='word_1_140' title='bbox 1294 2021 1413 2059; x_wconf 83' lang='lat' dir='ltr'><strong>vero</strong></span> <span class='ocrx_word' id='word_1_141' title='bbox 1460 2014 1510 2059; x_wconf 86' lang='lat' dir='ltr'><strong>et</strong></span> <span class='ocrx_word' id='word_1_142' title='bbox 1562 2004 1928 2073; x_wconf 77' lang='lat' dir='ltr'><strong>conﬁrmatae</strong></span> 
     </span>
    </p>
   </div>
   <div class='ocr_carea' id='block_1_23' title="bbox 356 2093 1930 2164">
    <p class='ocr_par' dir='ltr' id='par_1_23' title="bbox 356 2093 1930 2164">
     <span class='ocr_line' id='line_1_23' title="bbox 356 2093 1930 2164; baseline 0 -17"><span class='ocrx_word' id='word_1_143' title='bbox 356 2093 650 2148; x_wconf 78' lang='lat' dir='ltr'><strong>beatissimo</strong></span> <span class='ocrx_word' id='word_1_144' title='bbox 690 2111 828 2164; x_wconf 80' lang='lat' dir='ltr'><strong>papa</strong></span> <span class='ocrx_word' id='word_1_145' title='bbox 849 2094 1037 2159; x_wconf 88' lang='lat' dir='ltr'><strong>Leone,</strong></span> <span class='ocrx_word' id='word_1_146' title='bbox 1062 2110 1200 2148; x_wconf 87' lang='lat' dir='ltr'><strong>anno</strong></span> <span class='ocrx_word' id='word_1_147' title='bbox 1224 2095 1287 2147; x_wconf 87' lang='lat' dir='ltr'><strong>ab</strong></span> <span class='ocrx_word' id='word_1_148' title='bbox 1318 2095 1679 2148; x_wconf 82' lang='lat' dir='ltr'><strong>incarnatione</strong></span> <span class='ocrx_word' id='word_1_149' title='bbox 1720 2094 1930 2147; x_wconf 85' lang='lat' dir='ltr'><strong>Domini</strong></span> 
     </span>
    </p>
   </div>
   <div class='ocr_carea' id='block_1_24' title="bbox 276 2182 1930 2254">
    <p class='ocr_par' dir='ltr' id='par_1_24' title="bbox 276 2182 1930 2254">
     <span class='ocr_line' id='line_1_24' title="bbox 276 2182 1930 2254; baseline 0.001 -17"><span class='ocrx_word' id='word_1_150' title='bbox 276 2224 285 2229; x_wconf 82' lang='lat'><strong>.</strong></span> <span class='ocrx_word' id='word_1_151' title='bbox 354 2182 629 2237; x_wconf 79' lang='lat' dir='ltr'><strong>millesimo</strong></span> <span class='ocrx_word' id='word_1_152' title='bbox 657 2185 903 2238; x_wconf 79' lang='lat' dir='ltr'><strong>secundo.</strong></span> <span class='ocrx_word' id='word_1_153' title='bbox 941 2184 1053 2239; x_wconf 88' lang='lat' dir='ltr'><strong>Hoc</strong></span> <span class='ocrx_word' id='word_1_154' title='bbox 1084 2185 1282 2254; x_wconf 90' lang='lat' dir='ltr'><strong>quippe</strong></span> <span class='ocrx_word' id='word_1_155' title='bbox 1332 2200 1475 2239; x_wconf 90' lang='lat' dir='ltr'><strong>anno</strong></span> <span class='ocrx_word' id='word_1_156' title='bbox 1509 2186 1795 2249; x_wconf 85' lang='lat' dir='ltr'><strong>Silvester,</strong></span> <span class='ocrx_word' id='word_1_157' title='bbox 1823 2201 1930 2241; x_wconf 93' lang='lat' dir='ltr'><strong>non</strong></span> 
     </span>
    </p>
   </div>
   <div class='ocr_carea' id='block_1_25' title="bbox 354 2271 1934 2338">
    <p class='ocr_par' dir='ltr' id='par_1_25' title="bbox 354 2271 1934 2338">
     <span class='ocr_line' id='line_1_25' title="bbox 354 2271 1934 2338; baseline 0.003 -13"><span class='ocrx_word' id='word_1_158' title='bbox 354 2287 484 2326; x_wconf 85' lang='lat' dir='ltr'><strong>vero</strong></span> <span class='ocrx_word' id='word_1_159' title='bbox 527 2271 656 2338; x_wconf 87' lang='lat' dir='ltr'><strong>Leo,</strong></span> <span class='ocrx_word' id='word_1_160' title='bbox 686 2273 870 2329; x_wconf 74' lang='lat' dir='ltr'><strong>Roma:</strong></span> <span class='ocrx_word' id='word_1_161' title='bbox 920 2276 1163 2329; x_wconf 83' lang='lat' dir='ltr'><strong>sedebat.</strong></span> <span class='ocrx_word' id='word_1_162' title='bbox 1213 2274 1319 2330; x_wconf 87' lang='lat' dir='ltr'><strong>Sed</strong></span> <span class='ocrx_word' id='word_1_163' title='bbox 1373 2290 1527 2329; x_wconf 91' lang='lat' dir='ltr'><strong>error</strong></span> <span class='ocrx_word' id='word_1_164' title='bbox 1568 2286 1649 2330; x_wconf 87' lang='lat' dir='ltr'><strong>est</strong></span> <span class='ocrx_word' id='word_1_165' title='bbox 1700 2275 1934 2330; x_wconf 81' lang='lat' dir='ltr'><strong>fortasse</strong></span> 
     </span>
    </p>
   </div>
   <div class='ocr_carea' id='block_1_26' title="bbox 357 2363 1933 2435">
    <p class='ocr_par' dir='ltr' id='par_1_26' title="bbox 357 2363 1933 2435">
     <span class='ocr_line' id='line_1_26' title="bbox 357 2363 1933 2435; baseline 0.003 -20"><span class='ocrx_word' id='word_1_166' title='bbox 357 2363 725 2429; x_wconf 90' lang='lat' dir='ltr'><strong>amanuensis,</strong></span> <span class='ocrx_word' id='word_1_167' title='bbox 797 2364 891 2435; x_wconf 92' lang='lat' dir='ltr'><strong>qui</strong></span> <span class='ocrx_word' id='word_1_168' title='bbox 960 2379 1148 2419; x_wconf 88' lang='lat' dir='ltr'><strong>vocem</strong></span> <span class='ocrx_word' id='word_1_169' title='bbox 1209 2365 1641 2435; x_wconf 79' lang='lat' dir='ltr'><strong>quinquagesimo</strong></span> <span class='ocrx_word' id='word_1_170' title='bbox 1716 2365 1933 2419; x_wconf 89' lang='lat' dir='ltr'><strong>incaute</strong></span> 
     </span>
    </p>
   </div>
   <div class='ocr_carea' id='block_1_27' title="bbox 356 2452 1931 2525">
    <p class='ocr_par' dir='ltr' id='par_1_27' title="bbox 356 2452 1931 2525">
     <span class='ocr_line' id='line_1_27' title="bbox 356 2452 1931 2525; baseline 0.002 -19"><span class='ocrx_word' id='word_1_171' title='bbox 356 2454 619 2507; x_wconf 55' lang='lat' dir='ltr'><strong>om&#39;svrit.</strong></span> <span class='ocrx_word' id='word_1_172' title='bbox 668 2455 825 2509; x_wconf 77' lang='lat' dir='ltr'><strong>Anno</strong></span> <span class='ocrx_word' id='word_1_173' title='bbox 860 2455 1056 2525; x_wconf 88' lang='lat' dir='ltr'><strong>quippe</strong></span> <span class='ocrx_word' id='word_1_174' title='bbox 1098 2452 1258 2523; x_wconf 82' lang='lat' dir='ltr'><strong>hujus</strong></span> <span class='ocrx_word' id='word_1_175' title='bbox 1287 2454 1468 2510; x_wconf 60' lang='lat' dir='ltr'><strong>saeculi</strong></span> <span class='ocrx_word' id='word_1_176' title='bbox 1499 2455 1737 2509; x_wconf 89' lang='lat' dir='ltr'><strong>secundo</strong></span> <span class='ocrx_word' id='word_1_177' title='bbox 1767 2470 1931 2525; x_wconf 84' lang='lat' dir='ltr'><strong>supra</strong></span> 
     </span>
    </p>
   </div>
   <div class='ocr_carea' id='block_1_28' title="bbox 355 2546 1933 2618">
    <p class='ocr_par' dir='ltr' id='par_1_28' title="bbox 355 2546 1933 2618">
     <span class='ocr_line' id='line_1_28' title="bbox 355 2546 1933 2618; baseline 0.003 -19"><span class='ocrx_word' id='word_1_178' title='bbox 355 2547 859 2618; x_wconf 68' lang='lat' dir='ltr'><strong>quinquagesimum</strong></span> <span class='ocrx_word' id='word_1_179' title='bbox 884 2548 991 2604; x_wconf 87' lang='lat' dir='ltr'><strong>Leo</strong></span> <span class='ocrx_word' id='word_1_180' title='bbox 1013 2546 1087 2602; x_wconf 76' lang='lat' dir='ltr'>IX</span> <span class='ocrx_word' id='word_1_181' title='bbox 1114 2549 1195 2604; x_wconf 88' lang='lat' dir='ltr'><strong>vir</strong></span> <span class='ocrx_word' id='word_1_182' title='bbox 1220 2548 1600 2605; x_wconf 83' lang='lat' dir='ltr'><strong>sanctissimus</strong></span> <span class='ocrx_word' id='word_1_183' title='bbox 1628 2547 1933 2603; x_wconf 81' lang='lat' dir='ltr'><strong>Romanam</strong></span> 
     </span>
    </p>
   </div>
   <div class='ocr_carea' id='block_1_29' title="bbox 356 2639 940 2709">
    <p class='ocr_par' dir='ltr' id='par_1_29' title="bbox 356 2639 940 2709">
     <span class='ocr_line' id='line_1_29' title="bbox 356 2639 940 2709; baseline -0.003 -15"><span class='ocrx_word' id='word_1_184' title='bbox 356 2639 658 2694; x_wconf 82' lang='lat' dir='ltr'><strong>Ecclesiam</strong></span> <span class='ocrx_word' id='word_1_185' title='bbox 703 2642 940 2709; x_wconf 79' lang='lat' dir='ltr'><strong>regebat.</strong></span> 
     </span>
    </p>
   </div>
   <div class='ocr_carea' id='block_1_30' title="bbox 537 2731 1758 2802">
    <p class='ocr_par' dir='ltr' id='par_1_30' title="bbox 537 2731 1758 2802">
     <span class='ocr_line' id='line_1_30' title="bbox 537 2731 1758 2802; baseline -0.001 -15"><span class='ocrx_word' id='word_1_186' title='bbox 537 2732 603 2787; x_wconf 79' lang='grc' dir='ltr'><strong>Χ.</strong></span> <span class='ocrx_word' id='word_1_187' title='bbox 642 2732 797 2789; x_wconf 82' lang='lat' dir='ltr'><strong>Odilo</strong></span> <span class='ocrx_word' id='word_1_188' title='bbox 819 2733 996 2786; x_wconf 84' lang='lat' dir='ltr'><strong>studia</strong></span> <span class='ocrx_word' id='word_1_189' title='bbox 1033 2742 1314 2801; x_wconf 79' lang='lat' dir='ltr'><strong>promouet.</strong></span> <span class='ocrx_word' id='word_1_190' title='bbox 1363 2731 1497 2802; x_wconf 82' lang='lat' dir='ltr'><strong>Ejus</strong></span> <span class='ocrx_word' id='word_1_191' title='bbox 1544 2733 1758 2802; x_wconf 78' lang='lat' dir='ltr'><strong>scripta.</strong></span> 
     </span>
    </p>
   </div>
   <div class='ocr_carea' id='block_1_31' title="bbox 426 2819 1937 2879">
    <p class='ocr_par' dir='ltr' id='par_1_31' title="bbox 426 2819 1937 2879">
     <span class='ocr_line' id='line_1_31' title="bbox 426 2819 1937 2879; baseline 0.002 -3"><span class='ocrx_word' id='word_1_192' title='bbox 426 2822 547 2876; x_wconf 75' lang='grc'><strong>116.</strong></span> <span class='ocrx_word' id='word_1_193' title='bbox 575 2819 855 2879; x_wconf 89' lang='lat' dir='ltr'><strong>Odilonem</strong></span> <span class='ocrx_word' id='word_1_194' title='bbox 886 2823 1187 2878; x_wconf 90' lang='lat' dir='ltr'><strong>litterarum</strong></span> <span class='ocrx_word' id='word_1_195' title='bbox 1210 2822 1495 2877; x_wconf 88' lang='lat' dir='ltr'><strong>scientiam</strong></span> <span class='ocrx_word' id='word_1_196' title='bbox 1507 2837 1630 2877; x_wconf 87' lang='lat' dir='ltr'><strong>cum</strong></span> <span class='ocrx_word' id='word_1_197' title='bbox 1652 2823 1937 2879; x_wconf 82' lang='lat' dir='ltr'><strong>honestate</strong></span> 
     </span>
    </p>
   </div>
   <div class='ocr_carea' id='block_1_32' title="bbox 358 2912 1935 2985">
    <p class='ocr_par' dir='ltr' id='par_1_32' title="bbox 358 2912 1935 2985">
     <span class='ocr_line' id='line_1_32' title="bbox 358 2912 1935 2985; baseline 0.001 -18"><span class='ocrx_word' id='word_1_198' title='bbox 358 2928 571 2967; x_wconf 87' lang='lat' dir='ltr'><strong>morum</strong></span> <span class='ocrx_word' id='word_1_199' title='bbox 601 2913 654 2967; x_wconf 94' lang='lat' dir='ltr'><strong>in</strong></span> <span class='ocrx_word' id='word_1_200' title='bbox 678 2928 736 2967; x_wconf 85' lang='lat' dir='ltr'><strong>se</strong></span> <span class='ocrx_word' id='word_1_201' title='bbox 767 2914 884 2982; x_wconf 90' lang='lat' dir='ltr'><strong>ipso</strong></span> <span class='ocrx_word' id='word_1_202' title='bbox 904 2913 1271 2984; x_wconf 88' lang='lat' dir='ltr'><strong>conjunxisse,</strong></span> <span class='ocrx_word' id='word_1_203' title='bbox 1300 2913 1537 2985; x_wconf 86' lang='lat' dir='ltr'><strong>probant</strong></span> <span class='ocrx_word' id='word_1_204' title='bbox 1566 2928 1630 2968; x_wconf 89' lang='lat' dir='ltr'><strong>ea</strong></span> <span class='ocrx_word' id='word_1_205' title='bbox 1652 2927 1772 2983; x_wconf 61' lang='lat' dir='ltr'><strong>quae</strong></span> <span class='ocrx_word' id='word_1_206' title='bbox 1819 2912 1935 2982; x_wconf 89' lang='lat' dir='ltr'><strong>jam</strong></span> 
     </span>
    </p>
   </div>
   <div class='ocr_carea' id='block_1_33' title="bbox 361 3005 1930 3077">
    <p class='ocr_par' dir='ltr' id='par_1_33' title="bbox 361 3005 1930 3077">
     <span class='ocr_line' id='line_1_33' title="bbox 361 3005 1930 3077; baseline 0.003 -17"><span class='ocrx_word' id='word_1_207' title='bbox 361 3006 425 3060; x_wconf 83' lang='lat' dir='ltr'><strong>de</strong></span> <span class='ocrx_word' id='word_1_208' title='bbox 466 3005 639 3075; x_wconf 85' lang='lat' dir='ltr'><strong>ipsius</strong></span> <span class='ocrx_word' id='word_1_209' title='bbox 686 3006 978 3062; x_wconf 85' lang='lat' dir='ltr'><strong>virtutibus</strong></span> <span class='ocrx_word' id='word_1_210' title='bbox 1019 3007 1254 3062; x_wconf 79' lang='lat' dir='ltr'><strong>diximus</strong></span> <span class='ocrx_word' id='word_1_211' title='bbox 1295 3016 1349 3061; x_wconf 89' lang='lat' dir='ltr'><strong>et</strong></span> <span class='ocrx_word' id='word_1_212' title='bbox 1394 3022 1556 3077; x_wconf 80' lang='lat' dir='ltr'><strong>Opera</strong></span> <span class='ocrx_word' id='word_1_213' title='bbox 1602 3022 1723 3077; x_wconf 75' lang='lat' dir='ltr'><strong>qua:</strong></span> <span class='ocrx_word' id='word_1_214' title='bbox 1743 3006 1930 3064; x_wconf 84' lang='lat' dir='ltr'><strong>edidit.</strong></span> 
     </span>
    </p>
   </div>
   <div class='ocr_carea' id='block_1_34' title="bbox 2026 468 3600 540">
    <p class='ocr_par' dir='ltr' id='par_1_34' title="bbox 2026 468 3600 540">
     <span class='ocr_line' id='line_1_34' title="bbox 2026 468 3600 540; baseline 0.001 -17"><span class='ocrx_word' id='word_1_215' title='bbox 2026 470 2342 526; x_wconf 85' lang='lat' dir='ltr'><strong>monachus.</strong></span> <span class='ocrx_word' id='word_1_216' title='bbox 2389 469 2599 526; x_wconf 83' lang='lat' dir='ltr'><strong>Caetera</strong></span> <span class='ocrx_word' id='word_1_217' title='bbox 2641 468 2963 534; x_wconf 90' lang='lat' dir='ltr'><strong>omittimus,</strong></span> <span class='ocrx_word' id='word_1_218' title='bbox 3009 477 3071 523; x_wconf 91' lang='lat' dir='ltr'><strong>ut</strong></span> <span class='ocrx_word' id='word_1_219' title='bbox 3112 468 3357 524; x_wconf 85' lang='lat' dir='ltr'><strong>dicamus</strong></span> <span class='ocrx_word' id='word_1_220' title='bbox 3400 469 3600 540; x_wconf 88' lang='lat' dir='ltr'><strong>aliquid</strong></span> 
     </span>
    </p>
   </div>
   <div class='ocr_carea' id='block_1_35' title="bbox 2026 548 3457 629">
    <p class='ocr_par' dir='ltr' id='par_1_35' title="bbox 2026 548 3457 629">
     <span class='ocr_line' id='line_1_35' title="bbox 2026 548 3457 629; baseline 0 -16"><span class='ocrx_word' id='word_1_221' title='bbox 2026 558 2094 614; x_wconf 90' lang='lat' dir='ltr'><strong>de</strong></span> <span class='ocrx_word' id='word_1_222' title='bbox 2114 548 2369 629; x_wconf 56' lang='lat' dir='ltr'><strong>ipsismet&#39;</strong></span> <span class='ocrx_word' id='word_1_223' title='bbox 2386 560 2533 615; x_wconf 87' lang='lat' dir='ltr'><strong>beati</strong></span> <span class='ocrx_word' id='word_1_224' title='bbox 2563 559 2775 614; x_wconf 82' lang='lat' dir='ltr'><strong>abbatis</strong></span> <span class='ocrx_word' id='word_1_225' title='bbox 2818 558 3073 628; x_wconf 86' lang='lat' dir='ltr'><strong>operibus</strong></span> <span class='ocrx_word' id='word_1_226' title='bbox 3102 567 3159 613; x_wconf 91' lang='lat' dir='ltr'><strong>et</strong></span> <span class='ocrx_word' id='word_1_227' title='bbox 3188 560 3457 615; x_wconf 76' lang='lat' dir='ltr'><strong>doctrina.</strong></span> 
     </span>
    </p>
   </div>
   <div class='ocr_carea' id='block_1_36' title="bbox 2101 649 3598 721">
    <p class='ocr_par' dir='ltr' id='par_1_36' title="bbox 2101 649 3598 721">
     <span class='ocr_line' id='line_1_36' title="bbox 2101 649 3598 721; baseline 0 -16"><span class='ocrx_word' id='word_1_228' title='bbox 2101 651 2222 706; x_wconf 81' lang='lat' dir='ltr'><strong>H7.</strong></span> <span class='ocrx_word' id='word_1_229' title='bbox 2247 650 2491 707; x_wconf 89' lang='lat' dir='ltr'><strong>Odilonis</strong></span> <span class='ocrx_word' id='word_1_230' title='bbox 2515 651 2875 721; x_wconf 82' lang='lat' dir='ltr'><strong>eloquentiam</strong></span> <span class='ocrx_word' id='word_1_231' title='bbox 2901 649 3084 703; x_wconf 86' lang='lat' dir='ltr'><strong>laudat</strong></span> <span class='ocrx_word' id='word_1_232' title='bbox 3105 649 3255 703; x_wconf 81' lang='lat' dir='ltr'><strong>Abbo</strong></span> <span class='ocrx_word' id='word_1_233' title='bbox 3287 649 3598 705; x_wconf 82' lang='lat' dir='ltr'><strong>Floriacen-</strong></span> 
     </span>
    </p>
   </div>
   <div class='ocr_carea' id='block_1_37' title="bbox 2030 738 3599 811">
    <p class='ocr_par' dir='ltr' id='par_1_37' title="bbox 2030 738 3599 811">
     <span class='ocr_line' id='line_1_37' title="bbox 2030 738 3599 811; baseline 0.001 -16"><span class='ocrx_word' id='word_1_234' title='bbox 2030 741 2107 795; x_wconf 86' lang='lat' dir='ltr'><strong>sis</strong></span> <span class='ocrx_word' id='word_1_235' title='bbox 2131 742 2300 797; x_wconf 88' lang='lat' dir='ltr'><strong>abbas</strong></span> <span class='ocrx_word' id='word_1_236' title='bbox 2325 743 2377 796; x_wconf 91' lang='lat' dir='ltr'><strong>in</strong></span> <span class='ocrx_word' id='word_1_237' title='bbox 2407 742 2634 810; x_wconf 89' lang='lat' dir='ltr'><strong>epistola</strong></span> <span class='ocrx_word' id='word_1_238' title='bbox 2651 742 2899 811; x_wconf 87' lang='lat' dir='ltr'><strong>superius</strong></span> <span class='ocrx_word' id='word_1_239' title='bbox 2920 740 3157 795; x_wconf 86' lang='lat' dir='ltr'><strong>laudata.</strong></span> <span class='ocrx_word' id='word_1_240' title='bbox 3172 738 3446 796; x_wconf 85' lang='lat' dir='ltr'><strong>Jotsaldus</strong></span> <span class='ocrx_word' id='word_1_241' title='bbox 3464 756 3599 796; x_wconf 88' lang='lat' dir='ltr'><strong>vero</strong></span> 
     </span>
    </p>
   </div>
   <div class='ocr_carea' id='block_1_38' title="bbox 2029 830 3611 901">
    <p class='ocr_par' dir='ltr' id='par_1_38' title="bbox 2029 830 3611 901">
     <span class='ocr_line' id='line_1_38' title="bbox 2029 830 3611 901; baseline 0.001 -16"><span class='ocrx_word' id='word_1_242' title='bbox 2029 831 2265 900; x_wconf 83' lang='lat' dir='ltr'><strong>ejusdem</strong></span> <span class='ocrx_word' id='word_1_243' title='bbox 2326 833 2378 886; x_wconf 93' lang='lat' dir='ltr'><strong>in</strong></span> <span class='ocrx_word' id='word_1_244' title='bbox 2417 831 2715 901; x_wconf 88' lang='lat' dir='ltr'><strong>Scriptnris</strong></span> <span class='ocrx_word' id='word_1_245' title='bbox 2761 832 3120 886; x_wconf 85' lang='lat' dir='ltr'><strong>eruditionem</strong></span> <span class='ocrx_word' id='word_1_246' title='bbox 3163 838 3219 885; x_wconf 89' lang='lat' dir='ltr'><strong>et</strong></span> <span class='ocrx_word' id='word_1_247' title='bbox 3255 830 3306 883; x_wconf 91' lang='lat' dir='ltr'><strong>in</strong></span> <span class='ocrx_word' id='word_1_248' title='bbox 3351 845 3611 886; x_wconf 79' lang='lat' dir='ltr'><strong>sermone</strong></span> 
     </span>
    </p>
   </div>
   <div class='ocr_carea' id='block_1_39' title="bbox 2030 920 3602 994">
    <p class='ocr_par' dir='ltr' id='par_1_39' title="bbox 2030 920 3602 994">
     <span class='ocr_line' id='line_1_39' title="bbox 2030 920 3602 994; baseline 0 -17"><span class='ocrx_word' id='word_1_249' title='bbox 2030 922 2335 978; x_wconf 84' lang='lat' dir='ltr'><strong>facundiam</strong></span> <span class='ocrx_word' id='word_1_250' title='bbox 2363 923 2605 992; x_wconf 90' lang='lat' dir='ltr'><strong>pluribus</strong></span> <span class='ocrx_word' id='word_1_251' title='bbox 2628 923 2972 977; x_wconf 81' lang='lat' dir='ltr'><strong>commendat</strong></span> <span class='ocrx_word' id='word_1_252' title='bbox 3020 922 3073 977; x_wconf 92' lang='lat' dir='ltr'><strong>in</strong></span> <span class='ocrx_word' id='word_1_253' title='bbox 3100 924 3216 994; x_wconf 91' lang='lat' dir='ltr'><strong>ejus</strong></span> <span class='ocrx_word' id='word_1_254' title='bbox 3268 923 3410 977; x_wconf 73' lang='lat' dir='ltr'><strong>Vita;</strong></span> <span class='ocrx_word' id='word_1_255' title='bbox 3445 920 3602 989; x_wconf 84' lang='lat' dir='ltr'><strong>Ejus-</strong></span> 
     </span>
    </p>
   </div>
   <div class='ocr_carea' id='block_1_40' title="bbox 2031 1013 3601 1082">
    <p class='ocr_par' dir='ltr' id='par_1_40' title="bbox 2031 1013 3601 1082">
     <span class='ocr_line' id='line_1_40' title="bbox 2031 1013 3601 1082; baseline -0.002 -12"><span class='ocrx_word' id='word_1_256' title='bbox 2031 1017 2152 1071; x_wconf 90' lang='lat' dir='ltr'><strong>dem</strong></span> <span class='ocrx_word' id='word_1_257' title='bbox 2184 1016 2569 1069; x_wconf 70' lang='lat' dir='ltr'><strong>exlaortationes</strong></span> <span class='ocrx_word' id='word_1_258' title='bbox 2611 1015 2795 1069; x_wconf 89' lang='lat' dir='ltr'><strong>laudat</strong></span> <span class='ocrx_word' id='word_1_259' title='bbox 2818 1013 3033 1069; x_wconf 78' lang='lat' dir='ltr'><strong>Petrus</strong></span> <span class='ocrx_word' id='word_1_260' title='bbox 3072 1014 3343 1070; x_wconf 87' lang='lat' dir='ltr'><strong>Blesensis</strong></span> <span class='ocrx_word' id='word_1_261' title='bbox 3377 1013 3431 1067; x_wconf 93' lang='lat' dir='ltr'><strong>in</strong></span> <span class='ocrx_word' id='word_1_262' title='bbox 3487 1014 3601 1082; x_wconf 80' lang='lat' dir='ltr'><strong>epi-</strong></span> 
     </span>
    </p>
   </div>
   <div class='ocr_carea' id='block_1_41' title="bbox 2031 1104 3607 1176">
    <p class='ocr_par' dir='ltr' id='par_1_41' title="bbox 2031 1104 3607 1176">
     <span class='ocr_line' id='line_1_41' title="bbox 2031 1104 3607 1176; baseline -0.004 -14"><span class='ocrx_word' id='word_1_263' title='bbox 2031 1108 2166 1163; x_wconf 85' lang='lat' dir='ltr'><strong>stola</strong></span> <span class='ocrx_word' id='word_1_264' title='bbox 2224 1106 2349 1171; x_wconf 65' lang='lat'><strong>125,</strong></span> <span class='ocrx_word' id='word_1_265' title='bbox 2397 1122 2516 1176; x_wconf 57' lang='lat' dir='ltr'><strong>quas</strong></span> <span class='ocrx_word' id='word_1_266' title='bbox 2550 1115 2635 1161; x_wconf 87' lang='lat' dir='ltr'><strong>est</strong></span> <span class='ocrx_word' id='word_1_267' title='bbox 2681 1108 2748 1161; x_wconf 88' lang='lat' dir='ltr'><strong>ad</strong></span> <span class='ocrx_word' id='word_1_268' title='bbox 2798 1104 3123 1160; x_wconf 83' lang='lat' dir='ltr'><strong>Richardum</strong></span> <span class='ocrx_word' id='word_1_269' title='bbox 3173 1104 3607 1159; x_wconf 87' lang='lat' dir='ltr'><strong>Londonienscm</strong></span> 
     </span>
    </p>
   </div>
   <div class='ocr_carea' id='block_1_42' title="bbox 2030 1193 3606 1269">
    <p class='ocr_par' dir='ltr' id='par_1_42' title="bbox 2030 1193 3606 1269">
     <span class='ocr_line' id='line_1_42' title="bbox 2030 1193 3606 1269; baseline -0.004 -15"><span class='ocrx_word' id='word_1_270' title='bbox 2030 1199 2367 1269; x_wconf 88' lang='lat' dir='ltr'><strong>episcopum,</strong></span> <span class='ocrx_word' id='word_1_271' title='bbox 2399 1199 2486 1252; x_wconf 90' lang='lat' dir='ltr'><strong>ubi</strong></span> <span class='ocrx_word' id='word_1_272' title='bbox 2511 1197 2677 1252; x_wconf 89' lang='lat' dir='ltr'><strong>refert</strong></span> <span class='ocrx_word' id='word_1_273' title='bbox 2714 1196 2920 1264; x_wconf 85' lang='lat' dir='ltr'><strong>aliquot</strong></span> <span class='ocrx_word' id='word_1_274' title='bbox 2947 1195 3121 1251; x_wconf 88' lang='lat' dir='ltr'><strong>sancti</strong></span> <span class='ocrx_word' id='word_1_275' title='bbox 3143 1196 3357 1251; x_wconf 87' lang='lat' dir='ltr'><strong>abbatis</strong></span> <span class='ocrx_word' id='word_1_276' title='bbox 3392 1194 3509 1249; x_wconf 90' lang='lat' dir='ltr'><strong>loca</strong></span> <span class='ocrx_word' id='word_1_277' title='bbox 3539 1193 3606 1248; x_wconf 88' lang='lat' dir='ltr'><strong>de</strong></span> 
     </span>
    </p>
   </div>
   <div class='ocr_carea' id='block_1_43' title="bbox 2031 1286 3609 1351">
    <p class='ocr_par' dir='ltr' id='par_1_43' title="bbox 2031 1286 3609 1351">
     <span class='ocr_line' id='line_1_43' title="bbox 2031 1286 3609 1351; baseline -0.004 -5"><span class='ocrx_word' id='word_1_278' title='bbox 2031 1290 2372 1346; x_wconf 86' lang='lat' dir='ltr'><strong>sanctissimo</strong></span> <span class='ocrx_word' id='word_1_279' title='bbox 2412 1289 2771 1343; x_wconf 68' lang='lat' dir='ltr'><strong>Eucharistias</strong></span> <span class='ocrx_word' id='word_1_280' title='bbox 2826 1296 3193 1343; x_wconf 88' lang='lat' dir='ltr'><strong>sacramento.</strong></span> <span class='ocrx_word' id='word_1_281' title='bbox 3250 1286 3609 1351; x_wconf 85' lang='lat' dir='ltr'><strong>Trithemius,</strong></span> 
     </span>
    </p>
   </div>
   <div class='ocr_carea' id='block_1_44' title="bbox 2031 1378 3607 1451">
    <p class='ocr_par' dir='ltr' id='par_1_44' title="bbox 2031 1378 3607 1451">
     <span class='ocr_line' id='line_1_44' title="bbox 2031 1378 3607 1451; baseline -0.004 -14"><span class='ocrx_word' id='word_1_282' title='bbox 2031 1382 2125 1451; x_wconf 91' lang='lat' dir='ltr'><strong>qui</strong></span> <span class='ocrx_word' id='word_1_283' title='bbox 2149 1380 2268 1450; x_wconf 88' lang='lat' dir='ltr'><strong>ejus</strong></span> <span class='ocrx_word' id='word_1_284' title='bbox 2298 1380 2635 1437; x_wconf 88' lang='lat' dir='ltr'><strong>solummodo</strong></span> <span class='ocrx_word' id='word_1_285' title='bbox 2675 1394 2955 1434; x_wconf 87' lang='lat' dir='ltr'><strong>sermones</strong></span> <span class='ocrx_word' id='word_1_286' title='bbox 3000 1378 3232 1443; x_wconf 85' lang='lat' dir='ltr'><strong>viderat,</strong></span> <span class='ocrx_word' id='word_1_287' title='bbox 3275 1391 3398 1432; x_wconf 90' lang='lat' dir='ltr'><strong>eum</strong></span> <span class='ocrx_word' id='word_1_288' title='bbox 3428 1385 3607 1431; x_wconf 88' lang='lat' dir='ltr'><strong>tamen</strong></span> 
     </span>
    </p>
   </div>
   <div class='ocr_carea' id='block_1_45' title="bbox 2033 1466 3609 1542">
    <p class='ocr_par' dir='ltr' id='par_1_45' title="bbox 2033 1466 3609 1542">
     <span class='ocr_line' id='line_1_45' title="bbox 2033 1466 3609 1542; baseline -0.003 -16"><span class='ocrx_word' id='word_1_289' title='bbox 2033 1480 2280 1527; x_wconf 84' lang='lat' dir='ltr'><strong>recenset</strong></span> <span class='ocrx_word' id='word_1_290' title='bbox 2305 1473 2449 1529; x_wconf 86' lang='lat' dir='ltr'><strong>inter</strong></span> <span class='ocrx_word' id='word_1_291' title='bbox 2470 1473 2618 1527; x_wconf 86' lang='lat' dir='ltr'><strong>viros</strong></span> <span class='ocrx_word' id='word_1_292' title='bbox 2638 1472 2823 1526; x_wconf 86' lang='lat' dir='ltr'><strong>doctos</strong></span> <span class='ocrx_word' id='word_1_293' title='bbox 2848 1471 2939 1542; x_wconf 87' lang='lat' dir='ltr'><strong>qui</strong></span> <span class='ocrx_word' id='word_1_294' title='bbox 2961 1469 3160 1526; x_wconf 84' lang='lat' dir='ltr'><strong>saeculo</strong></span> <span class='ocrx_word' id='word_1_295' title='bbox 3202 1485 3256 1524; x_wconf 64' lang='grc' dir='ltr'><strong>ιι</strong></span> <span class='ocrx_word' id='word_1_296' title='bbox 3289 1466 3609 1524; x_wconf 80' lang='lat' dir='ltr'><strong>ﬂoruerunt.</strong></span> 
     </span>
    </p>
   </div>
   <div class='ocr_carea' id='block_1_46' title="bbox 2032 1561 3609 1634">
    <p class='ocr_par' dir='ltr' id='par_1_46' title="bbox 2032 1561 3609 1634">
     <span class='ocr_line' id='line_1_46' title="bbox 2032 1561 3609 1634; baseline -0.003 -17"><span class='ocrx_word' id='word_1_297' title='bbox 2032 1564 2220 1619; x_wconf 84' lang='lat' dir='ltr'><strong>Eidem</strong></span> <span class='ocrx_word' id='word_1_298' title='bbox 2249 1579 2373 1620; x_wconf 88' lang='lat' dir='ltr'><strong>cum</strong></span> <span class='ocrx_word' id='word_1_299' title='bbox 2402 1564 2469 1619; x_wconf 91' lang='lat' dir='ltr'><strong>iis</strong></span> <span class='ocrx_word' id='word_1_300' title='bbox 2497 1564 2587 1634; x_wconf 93' lang='lat' dir='ltr'><strong>qui</strong></span> <span class='ocrx_word' id='word_1_301' title='bbox 2627 1572 2750 1619; x_wconf 88' lang='lat' dir='ltr'><strong>ortu</strong></span> <span class='ocrx_word' id='word_1_302' title='bbox 2795 1572 2853 1620; x_wconf 90' lang='lat' dir='ltr'><strong>et</strong></span> <span class='ocrx_word' id='word_1_303' title='bbox 2872 1563 3117 1619; x_wconf 84' lang='lat' dir='ltr'><strong>doctrina</strong></span> <span class='ocrx_word' id='word_1_304' title='bbox 3167 1561 3405 1633; x_wconf 75' lang='lat' dir='ltr'><strong>insignes</strong></span> <span class='ocrx_word' id='word_1_305' title='bbox 3429 1569 3609 1625; x_wconf 89' lang='lat' dir='ltr'><strong>erant,</strong></span> 
     </span>
    </p>
   </div>
   <div class='ocr_carea' id='block_1_47' title="bbox 2031 1648 3612 1710">
    <p class='ocr_par' dir='ltr' id='par_1_47' title="bbox 2031 1648 3612 1710">
     <span class='ocr_line' id='line_1_47' title="bbox 2031 1648 3612 1710; baseline -0.004 -2"><span class='ocrx_word' id='word_1_306' title='bbox 2031 1652 2208 1709; x_wconf 91' lang='lat' dir='ltr'><strong>locum</strong></span> <span class='ocrx_word' id='word_1_307' title='bbox 2232 1654 2501 1710; x_wconf 85' lang='lat' dir='ltr'><strong>concessit</strong></span> <span class='ocrx_word' id='word_1_308' title='bbox 2537 1654 2767 1709; x_wconf 86' lang='lat' dir='ltr'><strong>Platina.</strong></span> <span class='ocrx_word' id='word_1_309' title='bbox 2813 1654 2896 1709; x_wconf 80' lang='lat' dir='ltr'><strong>Ad</strong></span> <span class='ocrx_word' id='word_1_310' title='bbox 2944 1653 3151 1709; x_wconf 89' lang='lat' dir='ltr'><strong>calcem</strong></span> <span class='ocrx_word' id='word_1_311' title='bbox 3183 1651 3381 1707; x_wconf 83' lang='lat' dir='ltr'><strong>veteris</strong></span> <span class='ocrx_word' id='word_1_312' title='bbox 3410 1648 3612 1705; x_wconf 89' lang='lat' dir='ltr'><strong>codicis</strong></span> 
     </span>
    </p>
   </div>
   <div class='ocr_carea' id='block_1_48' title="bbox 2029 1740 3612 1805">
    <p class='ocr_par' dir='ltr' id='par_1_48' title="bbox 2029 1740 3612 1805">
     <span class='ocr_line' id='line_1_48' title="bbox 2029 1740 3612 1805; baseline -0.003 -3"><span class='ocrx_word' id='word_1_313' title='bbox 2029 1764 2131 1803; x_wconf 92' lang='lat' dir='ltr'><strong>ms.</strong></span> <span class='ocrx_word' id='word_1_314' title='bbox 2165 1748 2407 1805; x_wconf 74' lang='lat' dir='ltr'><strong>ecclesia:</strong></span> <span class='ocrx_word' id='word_1_315' title='bbox 2437 1748 2740 1804; x_wconf 81' lang='lat' dir='ltr'><strong>Aniciensis</strong></span> <span class='ocrx_word' id='word_1_316' title='bbox 2769 1756 2993 1803; x_wconf 79' lang='lat' dir='ltr'><strong>exstant</strong></span> <span class='ocrx_word' id='word_1_317' title='bbox 3036 1744 3280 1800; x_wconf 90' lang='lat' dir='ltr'><strong>nonnulli</strong></span> <span class='ocrx_word' id='word_1_318' title='bbox 3323 1755 3514 1799; x_wconf 88' lang='lat' dir='ltr'><strong>versus</strong></span> <span class='ocrx_word' id='word_1_319' title='bbox 3542 1740 3612 1797; x_wconf 88' lang='lat' dir='ltr'><strong>de</strong></span> 
     </span>
    </p>
   </div>
   <div class='ocr_carea' id='block_1_49' title="bbox 2027 1829 3612 1907">
    <p class='ocr_par' dir='ltr' id='par_1_49' title="bbox 2027 1829 3612 1907">
     <span class='ocr_line' id='line_1_49' title="bbox 2027 1829 3612 1907; baseline -0.004 -17"><span class='ocrx_word' id='word_1_320' title='bbox 2027 1836 2280 1894; x_wconf 89' lang='lat' dir='ltr'><strong>laudibus</strong></span> <span class='ocrx_word' id='word_1_321' title='bbox 2332 1838 2505 1893; x_wconf 88' lang='lat' dir='ltr'><strong>sancti</strong></span> <span class='ocrx_word' id='word_1_322' title='bbox 2548 1835 2748 1904; x_wconf 80' lang='lat' dir='ltr'><strong>Maioli,</strong></span> <span class='ocrx_word' id='word_1_323' title='bbox 2794 1837 2888 1907; x_wconf 90' lang='lat' dir='ltr'><strong>qui</strong></span> <span class='ocrx_word' id='word_1_324' title='bbox 2927 1836 3086 1891; x_wconf 88' lang='lat' dir='ltr'><strong>beato</strong></span> <span class='ocrx_word' id='word_1_325' title='bbox 3128 1831 3340 1891; x_wconf 91' lang='lat' dir='ltr'><strong>Odiloni</strong></span> <span class='ocrx_word' id='word_1_326' title='bbox 3371 1829 3612 1899; x_wconf 79' lang='lat' dir='ltr'><strong>inscripti</strong></span> 
     </span>
    </p>
   </div>
   <div class='ocr_carea' id='block_1_50' title="bbox 2028 1922 3613 2001">
    <p class='ocr_par' dir='ltr' id='par_1_50' title="bbox 2028 1922 3613 2001">
     <span class='ocr_line' id='line_1_50' title="bbox 2028 1922 3613 2001; baseline -0.004 -18"><span class='ocrx_word' id='word_1_327' title='bbox 2028 1939 2175 1984; x_wconf 88' lang='lat' dir='ltr'><strong>sunt.</strong></span> <span class='ocrx_word' id='word_1_328' title='bbox 2236 1929 2440 1987; x_wconf 82' lang='lat' dir='ltr'><strong>Horum</strong></span> <span class='ocrx_word' id='word_1_329' title='bbox 2495 1931 2698 2001; x_wconf 85' lang='lat' dir='ltr'><strong>aliquot</strong></span> <span class='ocrx_word' id='word_1_330' title='bbox 2744 1931 3094 2000; x_wconf 87' lang='lat' dir='ltr'><strong>proferimus,</strong></span> <span class='ocrx_word' id='word_1_331' title='bbox 3136 1928 3191 1983; x_wconf 93' lang='lat' dir='ltr'><strong>in</strong></span> <span class='ocrx_word' id='word_1_332' title='bbox 3241 1925 3440 1997; x_wconf 88' lang='lat' dir='ltr'><strong>quibus</strong></span> <span class='ocrx_word' id='word_1_333' title='bbox 3465 1922 3613 1981; x_wconf 82' lang='lat' dir='ltr'><strong>beati</strong></span> 
     </span>
    </p>
   </div>
   <div class='ocr_carea' id='block_1_51' title="bbox 2028 2020 2720 2078">
    <p class='ocr_par' dir='ltr' id='par_1_51' title="bbox 2028 2020 2720 2078">
     <span class='ocr_line' id='line_1_51' title="bbox 2028 2020 2720 2078; baseline 0.006 -4"><span class='ocrx_word' id='word_1_334' title='bbox 2028 2020 2130 2075; x_wconf 86' lang='lat' dir='ltr'><strong>viri</strong></span> <span class='ocrx_word' id='word_1_335' title='bbox 2168 2021 2414 2077; x_wconf 88' lang='lat' dir='ltr'><strong>doctrina</strong></span> <span class='ocrx_word' id='word_1_336' title='bbox 2440 2022 2720 2078; x_wconf 85' lang='lat' dir='ltr'><strong>laudatur:</strong></span> 
     </span>
    </p>
   </div>
   <div class='ocr_carea' id='block_1_52' title="bbox 2058 2116 3204 2195">
    <p class='ocr_par' dir='ltr' id='par_1_52' title="bbox 2058 2116 3204 2195">
     <span class='ocr_line' id='line_1_52' title="bbox 2058 2116 3204 2195; baseline -0.003 -14"><span class='ocrx_word' id='word_1_337' title='bbox 2058 2116 2076 2123; x_wconf 66' lang='grc'><em>”</em></span> <span class='ocrx_word' id='word_1_338' title='bbox 2092 2130 2293 2195; x_wconf 75' lang='lat' dir='ltr'><strong>deello</strong></span> <span class='ocrx_word' id='word_1_339' title='bbox 2314 2134 2508 2182; x_wconf 87' lang='lat' dir='ltr'><strong>domino</strong></span> <span class='ocrx_word' id='word_1_340' title='bbox 2531 2133 2684 2191; x_wconf 83' lang='lat' dir='ltr'><strong>Patri,</strong></span> <span class='ocrx_word' id='word_1_341' title='bbox 2715 2132 2955 2193; x_wconf 78' lang='lat' dir='ltr'><strong>probitate</strong></span> <span class='ocrx_word' id='word_1_342' title='bbox 2981 2130 3204 2195; x_wconf 79' lang='lat' dir='ltr'><strong>colendo,</strong></span> 
     </span>
    </p>
   </div>
   <div class='ocr_carea' id='block_1_53' title="bbox 2094 2192 3239 2257">
    <p class='ocr_par' dir='ltr' id='par_1_53' title="bbox 2094 2192 3239 2257">
     <span class='ocr_line' id='line_1_53' title="bbox 2094 2192 3239 2257; baseline -0.004 -14"><span class='ocrx_word' id='word_1_343' title='bbox 2094 2192 2334 2257; x_wconf 65' lang='lat' dir='ltr'><strong>Dogmate</strong></span> <span class='ocrx_word' id='word_1_344' title='bbox 2362 2198 2637 2257; x_wconf 78' lang='lat' dir='ltr'><strong>perspicuo,</strong></span> <span class='ocrx_word' id='word_1_345' title='bbox 2661 2195 2826 2257; x_wconf 70' lang='lat' dir='ltr'><strong>divino</strong></span> <span class='ocrx_word' id='word_1_346' title='bbox 2858 2205 3064 2257; x_wconf 84' lang='lat' dir='ltr'><strong>munere</strong></span> <span class='ocrx_word' id='word_1_347' title='bbox 3098 2192 3239 2257; x_wconf 75' lang='lat' dir='ltr'><strong>fulto,</strong></span> 
     </span>
    </p>
   </div>
   <div class='ocr_carea' id='block_1_54' title="bbox 2095 2254 3454 2311">
    <p class='ocr_par' dir='ltr' id='par_1_54' title="bbox 2095 2254 3454 2311">
     <span class='ocr_line' id='line_1_54' title="bbox 2095 2254 3454 2311; baseline -0.003 -9"><span class='ocrx_word' id='word_1_348' title='bbox 2095 2254 2250 2311; x_wconf 77' lang='lat' dir='ltr'><strong>Ouem</strong></span> <span class='ocrx_word' id='word_1_349' title='bbox 2276 2254 2467 2305; x_wconf 81' lang='lat' dir='ltr'><strong>Domini</strong></span> <span class='ocrx_word' id='word_1_350' title='bbox 2482 2254 2731 2303; x_wconf 54' lang='lat' dir='ltr'><strong>Phoebum</strong></span> <span class='ocrx_word' id='word_1_351' title='bbox 2754 2255 2836 2301; x_wconf 88' lang='lat' dir='ltr'><strong>dat</strong></span> <span class='ocrx_word' id='word_1_352' title='bbox 2860 2255 2997 2302; x_wconf 87' lang='lat' dir='ltr'><strong>nobis</strong></span> <span class='ocrx_word' id='word_1_353' title='bbox 3015 2265 3188 2301; x_wconf 89' lang='lat' dir='ltr'><strong>onoma</strong></span> <span class='ocrx_word' id='word_1_354' title='bbox 3213 2254 3454 2309; x_wconf 66' lang='lat' dir='ltr'><strong>Graecum,</strong></span> 
     </span>
    </p>
   </div>
   <div class='ocr_carea' id='block_1_55' title="bbox 2094 2315 3300 2379">
    <p class='ocr_par' dir='ltr' id='par_1_55' title="bbox 2094 2315 3300 2379">
     <span class='ocr_line' id='line_1_55' title="bbox 2094 2315 3300 2379; baseline -0.002 -16"><span class='ocrx_word' id='word_1_355' title='bbox 2094 2317 2210 2379; x_wconf 78' lang='lat' dir='ltr'><strong>Cum</strong></span> <span class='ocrx_word' id='word_1_356' title='bbox 2230 2330 2388 2379; x_wconf 84' lang='lat' dir='ltr'><strong>grege</strong></span> <span class='ocrx_word' id='word_1_357' title='bbox 2410 2320 2677 2379; x_wconf 69' lang='lat' dir='ltr'><strong>commisso</strong></span> <span class='ocrx_word' id='word_1_358' title='bbox 2694 2315 2813 2379; x_wconf 77' lang='lat' dir='ltr'><strong>Regi</strong></span> <span class='ocrx_word' id='word_1_359' title='bbox 2830 2322 3045 2379; x_wconf 75' lang='lat' dir='ltr'><strong>parente</strong></span> <span class='ocrx_word' id='word_1_360' title='bbox 3067 2325 3300 2379; x_wconf 75' lang='lat' dir='ltr'><strong>superno.</strong></span> 
     </span>
    </p>
   </div>
   <div class='ocr_carea' id='block_1_56' title="bbox 2095 2373 3314 2428">
    <p class='ocr_par' dir='ltr' id='par_1_56' title="bbox 2095 2373 3314 2428">
     <span class='ocr_line' id='line_1_56' title="bbox 2095 2373 3314 2428; baseline -0.006 0"><span class='ocrx_word' id='word_1_361' title='bbox 2095 2373 2430 2428; x_wconf 47' lang='lat' dir='ltr'><strong>liunc&#39;omvnes</strong></span> <span class='ocrx_word' id='word_1_362' title='bbox 2453 2378 2628 2427; x_wconf 85' lang='lat' dir='ltr'><strong>fratres</strong></span> <span class='ocrx_word' id='word_1_363' title='bbox 2650 2373 3000 2428; x_wconf 28' lang='lat' dir='ltr'><strong>Domini—matri</strong></span> <span class='ocrx_word' id='word_1_364' title='bbox 3024 2373 3314 2423; x_wconf 80' lang='lat' dir='ltr'><strong>famulantes</strong></span> 
     </span>
    </p>
   </div>
   <div class='ocr_carea' id='block_1_57' title="bbox 2095 2439 3311 2501">
    <p class='ocr_par' dir='ltr' id='par_1_57' title="bbox 2095 2439 3311 2501">
     <span class='ocr_line' id='line_1_57' title="bbox 2095 2439 3311 2501; baseline -0.004 -11"><span class='ocrx_word' id='word_1_365' title='bbox 2095 2439 2275 2490; x_wconf 86' lang='lat' dir='ltr'><strong>Vallari</strong></span> <span class='ocrx_word' id='word_1_366' title='bbox 2297 2445 2528 2500; x_wconf 80' lang='lat' dir='ltr'><strong>rogitant,</strong></span> <span class='ocrx_word' id='word_1_367' title='bbox 2554 2444 2608 2490; x_wconf 89' lang='lat' dir='ltr'><strong>et</strong></span> <span class='ocrx_word' id='word_1_368' title='bbox 2630 2439 2891 2501; x_wconf 83' lang='lat' dir='ltr'><strong>pervenire</strong></span> <span class='ocrx_word' id='word_1_369' title='bbox 2911 2441 3183 2500; x_wconf 86' lang='lat' dir='ltr'><strong>peroptant,</strong></span> <span class='ocrx_word' id='word_1_370' title='bbox 3217 2442 3311 2485; x_wconf 85' lang='lat' dir='ltr'><strong>etc.</strong></span> 
     </span>
    </p>
   </div>
   <div class='ocr_carea' id='block_1_58' title="bbox 2034 2546 3613 2619">
    <p class='ocr_par' dir='ltr' id='par_1_58' title="bbox 2034 2546 3613 2619">
     <span class='ocr_line' id='line_1_58' title="bbox 2034 2546 3613 2619; baseline -0.004 -10"><span class='ocrx_word' id='word_1_371' title='bbox 2034 2552 2236 2611; x_wconf 89' lang='lat' dir='ltr'><strong>Omitto</strong></span> <span class='ocrx_word' id='word_1_372' title='bbox 2274 2560 2524 2606; x_wconf 81' lang='lat' dir='ltr'><strong>auctores</strong></span> <span class='ocrx_word' id='word_1_373' title='bbox 2565 2550 2657 2619; x_wconf 90' lang='lat' dir='ltr'><strong>qui</strong></span> <span class='ocrx_word' id='word_1_374' title='bbox 2686 2549 2925 2604; x_wconf 86' lang='lat' dir='ltr'><strong>virorum</strong></span> <span class='ocrx_word' id='word_1_375' title='bbox 2983 2547 3274 2602; x_wconf 89' lang='lat' dir='ltr'><strong>illustrium</strong></span> <span class='ocrx_word' id='word_1_376' title='bbox 3334 2546 3613 2617; x_wconf 80' lang='lat' dir='ltr'><strong>catalogos</strong></span> 
     </span>
    </p>
   </div>
   <div class='ocr_carea' id='block_1_59' title="bbox 2036 2640 3613 2711">
    <p class='ocr_par' dir='ltr' id='par_1_59' title="bbox 2036 2640 3613 2711">
     <span class='ocr_line' id='line_1_59' title="bbox 2036 2640 3613 2711; baseline -0.004 -10"><span class='ocrx_word' id='word_1_377' title='bbox 2036 2654 2367 2706; x_wconf 83' lang='lat' dir='ltr'><strong>contexuere</strong></span> <span class='ocrx_word' id='word_1_378' title='bbox 2414 2659 2430 2709; x_wconf 87' lang='lat'><strong>;</strong></span> <span class='ocrx_word' id='word_1_379' title='bbox 2469 2651 2525 2697; x_wconf 93' lang='lat' dir='ltr'><strong>at</strong></span> <span class='ocrx_word' id='word_1_380' title='bbox 2572 2642 2759 2697; x_wconf 87' lang='lat' dir='ltr'><strong>mirari</strong></span> <span class='ocrx_word' id='word_1_381' title='bbox 2815 2642 2947 2697; x_wconf 86' lang='lat' dir='ltr'><strong>satis</strong></span> <span class='ocrx_word' id='word_1_382' title='bbox 3000 2657 3106 2695; x_wconf 92' lang='lat' dir='ltr'><strong>non</strong></span> <span class='ocrx_word' id='word_1_383' title='bbox 3149 2654 3434 2711; x_wconf 84' lang='lat' dir='ltr'><strong>possumus</strong></span> <span class='ocrx_word' id='word_1_384' title='bbox 3469 2640 3613 2695; x_wconf 85' lang='lat' dir='ltr'><strong>beati</strong></span> 
     </span>
    </p>
   </div>
   <div class='ocr_carea' id='block_1_60' title="bbox 2034 2731 3614 2803">
    <p class='ocr_par' dir='ltr' id='par_1_60' title="bbox 2034 2731 3614 2803">
     <span class='ocr_line' id='line_1_60' title="bbox 2034 2731 3614 2803; baseline -0.004 -13"><span class='ocrx_word' id='word_1_385' title='bbox 2034 2735 2139 2790; x_wconf 88' lang='lat' dir='ltr'><strong>viri</strong></span> <span class='ocrx_word' id='word_1_386' title='bbox 2171 2735 2551 2799; x_wconf 87' lang='lat' dir='ltr'><strong>humilitatem,</strong></span> <span class='ocrx_word' id='word_1_387' title='bbox 2583 2732 2675 2803; x_wconf 89' lang='lat' dir='ltr'><strong>qui</strong></span> <span class='ocrx_word' id='word_1_388' title='bbox 2715 2732 3032 2800; x_wconf 87' lang='lat' dir='ltr'><strong>sibimetipsi</strong></span> <span class='ocrx_word' id='word_1_389' title='bbox 3080 2732 3156 2786; x_wconf 90' lang='lat' dir='ltr'><strong>ita</strong></span> <span class='ocrx_word' id='word_1_390' title='bbox 3203 2731 3327 2786; x_wconf 85' lang='lat' dir='ltr'><strong>vilis</strong></span> <span class='ocrx_word' id='word_1_391' title='bbox 3383 2739 3438 2786; x_wconf 90' lang='lat' dir='ltr'><strong>et</strong></span> <span class='ocrx_word' id='word_1_392' title='bbox 3465 2731 3614 2801; x_wconf 82' lang='lat' dir='ltr'><strong>abje-</strong></span> 
     </span>
    </p>
   </div>
   <div class='ocr_carea' id='block_1_61' title="bbox 2036 2824 3608 2894">
    <p class='ocr_par' dir='ltr' id='par_1_61' title="bbox 2036 2824 3608 2894">
     <span class='ocr_line' id='line_1_61' title="bbox 2036 2824 3608 2894; baseline -0.003 -12"><span class='ocrx_word' id='word_1_393' title='bbox 2036 2836 2156 2882; x_wconf 89' lang='lat' dir='ltr'><strong>ctus</strong></span> <span class='ocrx_word' id='word_1_394' title='bbox 2195 2827 2498 2890; x_wconf 86' lang='lat' dir='ltr'><strong>videbatur,</strong></span> <span class='ocrx_word' id='word_1_395' title='bbox 2548 2834 2606 2880; x_wconf 91' lang='lat' dir='ltr'><strong>ut</strong></span> <span class='ocrx_word' id='word_1_396' title='bbox 2636 2826 2813 2881; x_wconf 80' lang='lat' dir='ltr'><strong>Vitam</strong></span> <span class='ocrx_word' id='word_1_397' title='bbox 2861 2824 3174 2880; x_wconf 87' lang='lat' dir='ltr'><strong>Adheleidis</strong></span> <span class='ocrx_word' id='word_1_398' title='bbox 3222 2824 3608 2894; x_wconf 87' lang='lat' dir='ltr'><strong>imperatricis,</strong></span> 
     </span>
    </p>
   </div>
   <div class='ocr_carea' id='block_1_62' title="bbox 2037 2913 3613 2987">
    <p class='ocr_par' dir='ltr' id='par_1_62' title="bbox 2037 2913 3613 2987">
     <span class='ocr_line' id='line_1_62' title="bbox 2037 2913 3613 2987; baseline -0.004 -15"><span class='ocrx_word' id='word_1_399' title='bbox 2037 2933 2200 2987; x_wconf 89' lang='lat' dir='ltr'><strong>quam</strong></span> <span class='ocrx_word' id='word_1_400' title='bbox 2232 2918 2418 2972; x_wconf 87' lang='lat' dir='ltr'><strong>Basilii</strong></span> <span class='ocrx_word' id='word_1_401' title='bbox 2446 2925 2501 2971; x_wconf 91' lang='lat' dir='ltr'><strong>et</strong></span> <span class='ocrx_word' id='word_1_402' title='bbox 2523 2915 2838 2987; x_wconf 79' lang='lat' dir='ltr'><strong>Hieronymi</strong></span> <span class='ocrx_word' id='word_1_403' title='bbox 2889 2929 3041 2970; x_wconf 89' lang='lat' dir='ltr'><strong>more</strong></span> <span class='ocrx_word' id='word_1_404' title='bbox 3087 2913 3426 2983; x_wconf 82' lang='lat' dir='ltr'><strong>Epitaphium</strong></span> <span class='ocrx_word' id='word_1_405' title='bbox 3476 2928 3613 2966; x_wconf 78' lang='lat' dir='ltr'><strong>mm-</strong></span> 
     </span>
    </p>
   </div>
   <div class='ocr_carea' id='block_1_63' title="bbox 1982 3005 3607 3091">
    <p class='ocr_par' dir='ltr' id='par_1_63' title="bbox 1982 3005 3607 3091">
     <span class='ocr_line' id='line_1_63' title="bbox 1982 3005 3607 3091; baseline -0.006 -25"><span class='ocrx_word' id='word_1_406' title='bbox 1982 3068 2004 3091; x_wconf 43' lang='grc' dir='ltr'><strong>η</strong></span> <span class='ocrx_word' id='word_1_407' title='bbox 2036 3010 2269 3079; x_wconf 89' lang='lat' dir='ltr'><strong>cupavit,</strong></span> <span class='ocrx_word' id='word_1_408' title='bbox 2296 3023 2356 3064; x_wconf 89' lang='lat' dir='ltr'><strong>se</strong></span> <span class='ocrx_word' id='word_1_409' title='bbox 2404 3009 2525 3063; x_wconf 89' lang='lat' dir='ltr'><strong>ideo</strong></span> <span class='ocrx_word' id='word_1_410' title='bbox 2572 3008 2743 3063; x_wconf 91' lang='lat' dir='ltr'><strong>solum</strong></span> <span class='ocrx_word' id='word_1_411' title='bbox 2783 3007 3067 3077; x_wconf 85' lang='lat' dir='ltr'><strong>scripsisse</strong></span> <span class='ocrx_word' id='word_1_412' title='bbox 3110 3005 3202 3060; x_wconf 85' lang='lat' dir='ltr'><strong>vilt</strong></span> <span class='ocrx_word' id='word_1_413' title='bbox 3230 3005 3471 3073; x_wconf 82' lang='lat' dir='ltr'><strong>brevique</strong></span> <span class='ocrx_word' id='word_1_414' title='bbox 3495 3019 3607 3058; x_wconf 83' lang='lat' dir='ltr'><strong>ser-</strong></span> 
     </span>
    </p>
   </div>
   <div class='ocr_carea' id='block_1_64' title="bbox 362 3078 3654 3168">
    <p class='ocr_par' dir='ltr' id='par_1_64' title="bbox 362 3078 3654 3168">
     <span class='ocr_line' id='line_1_64' title="bbox 362 3078 3654 3168; baseline 0 -17"><span class='ocrx_word' id='word_1_415' title='bbox 362 3094 550 3151; x_wconf 88' lang='lat' dir='ltr'><strong>Studia</strong></span> <span class='ocrx_word' id='word_1_416' title='bbox 592 3110 720 3151; x_wconf 90' lang='lat' dir='ltr'><strong>vero</strong></span> <span class='ocrx_word' id='word_1_417' title='bbox 751 3097 915 3152; x_wconf 88' lang='lat' dir='ltr'><strong>etiam</strong></span> <span class='ocrx_word' id='word_1_418' title='bbox 961 3098 1016 3151; x_wconf 94' lang='lat' dir='ltr'><strong>in</strong></span> <span class='ocrx_word' id='word_1_419' title='bbox 1046 3097 1159 3153; x_wconf 89' lang='lat' dir='ltr'><strong>suis</strong></span> <span class='ocrx_word' id='word_1_420' title='bbox 1188 3096 1516 3167; x_wconf 87' lang='lat' dir='ltr'><strong>approbasse</strong></span> <span class='ocrx_word' id='word_1_421' title='bbox 1569 3098 1827 3153; x_wconf 89' lang='lat' dir='ltr'><strong>discimus</strong></span> <span class='ocrx_word' id='word_1_422' title='bbox 1865 3112 1933 3153; x_wconf 90' lang='lat' dir='ltr'><strong>ex</strong></span> <span class='ocrx_word' id='word_1_423' title='bbox 1960 3078 2006 3130; x_wconf 64' lang='grc' dir='ltr'>υ</span> <span class='ocrx_word' id='word_1_424' title='bbox 2036 3078 2188 3154; x_wconf 84' lang='lat' dir='ltr'><strong>mone</strong></span> <span class='ocrx_word' id='word_1_425' title='bbox 2216 3099 2433 3164; x_wconf 77' lang='lat' dir='ltr'><strong>dixerit,</strong></span> <span class='ocrx_word' id='word_1_426' title='bbox 2485 3108 2545 3153; x_wconf 91' lang='lat' dir='ltr'><strong>ut</strong></span> <span class='ocrx_word' id='word_1_427' title='bbox 2599 3099 2939 3153; x_wconf 90' lang='lat' dir='ltr'><strong>occasionem</strong></span> <span class='ocrx_word' id='word_1_428' title='bbox 2971 3098 3240 3168; x_wconf 72' lang='lat' dir='ltr'><strong>prazberet</strong></span> <span class='ocrx_word' id='word_1_429' title='bbox 3289 3096 3450 3151; x_wconf 90' lang='lat' dir='ltr'><strong>alicui</strong></span> <span class='ocrx_word' id='word_1_430' title='bbox 3496 3096 3613 3152; x_wconf 87' lang='lat' dir='ltr'><strong>viro</strong></span> <span class='ocrx_word' id='word_1_431' title='bbox 3650 3129 3654 3139; x_wconf 66' lang='grc' dir='ltr'>ι</span> 
     </span>
    </p>
   </div>
   <div class='ocr_carea' id='block_1_65' title="bbox 361 3186 1935 3258">
    <p class='ocr_par' dir='ltr' id='par_1_65' title="bbox 361 3186 1935 3258">
     <span class='ocr_line' id='line_1_65' title="bbox 361 3186 1935 3258; baseline 0.003 -20"><span class='ocrx_word' id='word_1_432' title='bbox 361 3186 429 3241; x_wconf 87' lang='lat' dir='ltr'><strong>iis</strong></span> <span class='ocrx_word' id='word_1_433' title='bbox 452 3201 571 3258; x_wconf 70' lang='lat' dir='ltr'><strong>quae</strong></span> <span class='ocrx_word' id='word_1_434' title='bbox 599 3187 665 3241; x_wconf 89' lang='lat' dir='ltr'><strong>ad</strong></span> <span class='ocrx_word' id='word_1_435' title='bbox 696 3186 785 3241; x_wconf 92' lang='lat' dir='ltr'><strong>illa</strong></span> <span class='ocrx_word' id='word_1_436' title='bbox 813 3187 1176 3256; x_wconf 85' lang='lat' dir='ltr'><strong>promovenda</strong></span> <span class='ocrx_word' id='word_1_437' title='bbox 1203 3187 1273 3241; x_wconf 89' lang='lat' dir='ltr'><strong>ab</strong></span> <span class='ocrx_word' id='word_1_438' title='bbox 1303 3202 1368 3242; x_wconf 91' lang='lat' dir='ltr'><strong>eo</strong></span> <span class='ocrx_word' id='word_1_439' title='bbox 1404 3186 1550 3241; x_wconf 89' lang='lat' dir='ltr'><strong>facta</strong></span> <span class='ocrx_word' id='word_1_440' title='bbox 1601 3186 1765 3242; x_wconf 85' lang='lat' dir='ltr'><strong>fuisse</strong></span> <span class='ocrx_word' id='word_1_441' title='bbox 1792 3186 1935 3256; x_wconf 88' lang='lat' dir='ltr'><strong>apud</strong></span> 
     </span>
    </p>
   </div>
   <div class='ocr_carea' id='block_1_66' title="bbox 360 3278 1937 3353">
    <p class='ocr_par' dir='ltr' id='par_1_66' title="bbox 360 3278 1937 3353">
     <span class='ocr_line' id='line_1_66' title="bbox 360 3278 1937 3353; baseline 0.001 -19"><span class='ocrx_word' id='word_1_442' title='bbox 360 3291 604 3337; x_wconf 90' lang='lat' dir='ltr'><strong>vetustos</strong></span> <span class='ocrx_word' id='word_1_443' title='bbox 633 3290 883 3336; x_wconf 88' lang='lat' dir='ltr'><strong>auctores</strong></span> <span class='ocrx_word' id='word_1_444' title='bbox 919 3280 1123 3352; x_wconf 85' lang='lat' dir='ltr'><strong>passim</strong></span> <span class='ocrx_word' id='word_1_445' title='bbox 1168 3281 1417 3353; x_wconf 91' lang='lat' dir='ltr'><strong>legimus.</strong></span> <span class='ocrx_word' id='word_1_446' title='bbox 1450 3280 1609 3337; x_wconf 86' lang='lat' dir='ltr'><strong>Certe</strong></span> <span class='ocrx_word' id='word_1_447' title='bbox 1636 3282 1791 3337; x_wconf 82' lang='lat' dir='ltr'><strong>Abbo</strong></span> <span class='ocrx_word' id='word_1_448' title='bbox 1814 3278 1937 3336; x_wconf 81' lang='lat' dir='ltr'><strong>Flo-</strong></span> 
     </span>
    </p>
   </div>
   <div class='ocr_carea' id='block_1_67' title="bbox 362 3373 1938 3447">
    <p class='ocr_par' dir='ltr' id='par_1_67' title="bbox 362 3373 1938 3447">
     <span class='ocr_line' id='line_1_67' title="bbox 362 3373 1938 3447; baseline 0.003 -20"><span class='ocrx_word' id='word_1_449' title='bbox 362 3373 629 3447; x_wconf 86' lang='lat' dir='ltr'><strong>riacensis</strong></span> <span class='ocrx_word' id='word_1_450' title='bbox 659 3373 847 3436; x_wconf 88' lang='lat' dir='ltr'><strong>abbas,</strong></span> <span class='ocrx_word' id='word_1_451' title='bbox 874 3375 957 3428; x_wconf 90' lang='lat' dir='ltr'><strong>vir</strong></span> <span class='ocrx_word' id='word_1_452' title='bbox 979 3375 1190 3431; x_wconf 88' lang='lat' dir='ltr'><strong>illorum</strong></span> <span class='ocrx_word' id='word_1_453' title='bbox 1220 3384 1519 3444; x_wconf 87' lang='lat' dir='ltr'><strong>temporum</strong></span> <span class='ocrx_word' id='word_1_454' title='bbox 1569 3375 1855 3430; x_wconf 90' lang='lat' dir='ltr'><strong>sanctitate</strong></span> <span class='ocrx_word' id='word_1_455' title='bbox 1881 3381 1938 3431; x_wconf 85' lang='lat' dir='ltr'><strong>et</strong></span> 
     </span>
    </p>
   </div>
   <div class='ocr_carea' id='block_1_68' title="bbox 360 3463 1935 3550">
    <p class='ocr_par' dir='ltr' id='par_1_68' title="bbox 360 3463 1935 3550">
     <span class='ocr_line' id='line_1_68' title="bbox 360 3463 1935 3550; baseline 0.004 -32"><span class='ocrx_word' id='word_1_456' title='bbox 360 3463 603 3518; x_wconf 85' lang='lat' dir='ltr'><strong>doctrina</strong></span> <span class='ocrx_word' id='word_1_457' title='bbox 624 3466 1031 3533; x_wconf 88' lang='lat' dir='ltr'><strong>celeberrimus,</strong></span> <span class='ocrx_word' id='word_1_458' title='bbox 1055 3467 1245 3550; x_wconf 50' lang='lat' dir='ltr'><strong>scripjt</strong></span> <span class='ocrx_word' id='word_1_459' title='bbox 1271 3467 1554 3537; x_wconf 89' lang='lat' dir='ltr'><strong>epistolam</strong></span> <span class='ocrx_word' id='word_1_460' title='bbox 1584 3467 1935 3538; x_wconf 88' lang='lat' dir='ltr'><strong>prolixiorem</strong></span> 
     </span>
    </p>
   </div>
   <div class='ocr_carea' id='block_1_69' title="bbox 362 3555 1936 3624">
    <p class='ocr_par' dir='ltr' id='par_1_69' title="bbox 362 3555 1936 3624">
     <span class='ocr_line' id='line_1_69' title="bbox 362 3555 1936 3624; baseline 0.003 -15"><span class='ocrx_word' id='word_1_461' title='bbox 362 3557 429 3611; x_wconf 90' lang='lat' dir='ltr'><strong>ad</strong></span> <span class='ocrx_word' id='word_1_462' title='bbox 460 3555 737 3624; x_wconf 81' lang='lat' dir='ltr'><strong>cujusdam</strong></span> <span class='ocrx_word' id='word_1_463' title='bbox 767 3559 1014 3615; x_wconf 87' lang='lat' dir='ltr'><strong>monachi</strong></span> <span class='ocrx_word' id='word_1_464' title='bbox 1044 3558 1418 3615; x_wconf 84' lang='lat' dir='ltr'><strong>Cluniacensis</strong></span> <span class='ocrx_word' id='word_1_465' title='bbox 1447 3559 1632 3612; x_wconf 87' lang='lat' dir='ltr'><strong>attenti</strong></span> <span class='ocrx_word' id='word_1_466' title='bbox 1664 3570 1711 3613; x_wconf 86' lang='lat' dir='ltr'><strong>et</strong></span> <span class='ocrx_word' id='word_1_467' title='bbox 1749 3558 1936 3613; x_wconf 76' lang='lat' dir='ltr'><strong>docilis</strong></span> 
     </span>
    </p>
   </div>
   <div class='ocr_carea' id='block_1_70' title="bbox 361 3646 1934 3720">
    <p class='ocr_par' dir='ltr' id='par_1_70' title="bbox 361 3646 1934 3720">
     <span class='ocr_line' id='line_1_70' title="bbox 361 3646 1934 3720; baseline 0.001 -19"><span class='ocrx_word' id='word_1_468' title='bbox 361 3646 695 3715; x_wconf 76' lang='lat' dir='ltr'><strong>petitionem,</strong></span> <span class='ocrx_word' id='word_1_469' title='bbox 724 3648 787 3702; x_wconf 85' lang='lat' dir='ltr'><strong>de</strong></span> <span class='ocrx_word' id='word_1_470' title='bbox 813 3650 1111 3717; x_wconf 82' lang='lat' dir='ltr'><strong>repetitione</strong></span> <span class='ocrx_word' id='word_1_471' title='bbox 1151 3648 1399 3703; x_wconf 77' lang='lat' dir='ltr'><strong>similium</strong></span> <span class='ocrx_word' id='word_1_472' title='bbox 1446 3664 1804 3713; x_wconf 85' lang='lat' dir='ltr'><strong>numerorum,</strong></span> <span class='ocrx_word' id='word_1_473' title='bbox 1843 3649 1934 3720; x_wconf 87' lang='lat' dir='ltr'><strong>qui</strong></span> 
     </span>
    </p>
   </div>
   <div class='ocr_carea' id='block_1_71' title="bbox 363 3736 1934 3809">
    <p class='ocr_par' dir='ltr' id='par_1_71' title="bbox 363 3736 1934 3809">
     <span class='ocr_line' id='line_1_71' title="bbox 363 3736 1934 3809; baseline 0.002 -18"><span class='ocrx_word' id='word_1_474' title='bbox 363 3737 619 3792; x_wconf 80' lang='lat' dir='ltr'><strong>habentur</strong></span> <span class='ocrx_word' id='word_1_475' title='bbox 677 3737 999 3809; x_wconf 78' lang='lat' dir='ltr'><strong>frequentius</strong></span> <span class='ocrx_word' id='word_1_476' title='bbox 1044 3739 1097 3792; x_wconf 89' lang='lat' dir='ltr'><strong>in</strong></span> <span class='ocrx_word' id='word_1_477' title='bbox 1148 3739 1435 3793; x_wconf 81' lang='lat' dir='ltr'><strong>canonibua</strong></span> <span class='ocrx_word' id='word_1_478' title='bbox 1506 3736 1934 3808; x_wconf 84' lang='lat' dir='ltr'><strong>Evangeliorum.</strong></span> 
     </span>
    </p>
   </div>
   <div class='ocr_carea' id='block_1_72' title="bbox 365 3827 1937 3900">
    <p class='ocr_par' dir='ltr' id='par_1_72' title="bbox 365 3827 1937 3900">
     <span class='ocr_line' id='line_1_72' title="bbox 365 3827 1937 3900; baseline 0.001 -18"><span class='ocrx_word' id='word_1_479' title='bbox 365 3827 535 3897; x_wconf 84' lang='lat' dir='ltr'><strong>Quam</strong></span> <span class='ocrx_word' id='word_1_480' title='bbox 564 3830 781 3899; x_wconf 90' lang='lat' dir='ltr'><strong>quidem</strong></span> <span class='ocrx_word' id='word_1_481' title='bbox 808 3831 1159 3900; x_wconf 68' lang='lat' dir='ltr'><strong>quaestionem</strong></span> <span class='ocrx_word' id='word_1_482' title='bbox 1187 3845 1247 3885; x_wconf 90' lang='lat' dir='ltr'><strong>se</strong></span> <span class='ocrx_word' id='word_1_483' title='bbox 1294 3830 1581 3884; x_wconf 87' lang='lat' dir='ltr'><strong>mandasse</strong></span> <span class='ocrx_word' id='word_1_484' title='bbox 1611 3831 1854 3899; x_wconf 90' lang='lat' dir='ltr'><strong>scriptis,</strong></span> <span class='ocrx_word' id='word_1_485' title='bbox 1881 3838 1937 3885; x_wconf 88' lang='lat' dir='ltr'><strong>et</strong></span> 
     </span>
    </p>
   </div>
   <div class='ocr_carea' id='block_1_73' title="bbox 362 3920 1939 3992">
    <p class='ocr_par' dir='ltr' id='par_1_73' title="bbox 362 3920 1939 3992">
     <span class='ocr_line' id='line_1_73' title="bbox 362 3920 1939 3992; baseline 0.002 -20"><span class='ocrx_word' id='word_1_486' title='bbox 362 3920 657 3988; x_wconf 87' lang='lat' dir='ltr'><strong>prolixiore</strong></span> <span class='ocrx_word' id='word_1_487' title='bbox 677 3936 926 3977; x_wconf 91' lang='lat' dir='ltr'><strong>sermone</strong></span> <span class='ocrx_word' id='word_1_488' title='bbox 946 3920 1258 3991; x_wconf 87' lang='lat' dir='ltr'><strong>exposuisse</strong></span> <span class='ocrx_word' id='word_1_489' title='bbox 1294 3929 1542 3983; x_wconf 87' lang='lat' dir='ltr'><strong>testatur,</strong></span> <span class='ocrx_word' id='word_1_490' title='bbox 1575 3921 1718 3989; x_wconf 92' lang='lat' dir='ltr'><strong>quod</strong></span> <span class='ocrx_word' id='word_1_491' title='bbox 1742 3920 1939 3992; x_wconf 85' lang='lat' dir='ltr'><strong>nequi-</strong></span> 
     </span>
    </p>
   </div>
   <div class='ocr_carea' id='block_1_74' title="bbox 362 4012 1937 4082">
    <p class='ocr_par' dir='ltr' id='par_1_74' title="bbox 362 4012 1937 4082">
     <span class='ocr_line' id='line_1_74' title="bbox 362 4012 1937 4082; baseline 0.001 -16"><span class='ocrx_word' id='word_1_492' title='bbox 362 4012 530 4066; x_wconf 82' lang='lat' dir='ltr'><strong>visset</strong></span> <span class='ocrx_word' id='word_1_493' title='bbox 563 4012 637 4066; x_wconf 89' lang='lat' dir='ltr'><strong>illi</strong></span> <span class='ocrx_word' id='word_1_494' title='bbox 668 4029 734 4069; x_wconf 84' lang='lat' dir='ltr'><strong>ex</strong></span> <span class='ocrx_word' id='word_1_495' title='bbox 785 4024 1024 4082; x_wconf 88' lang='lat' dir='ltr'><strong>tempore</strong></span> <span class='ocrx_word' id='word_1_496' title='bbox 1080 4013 1261 4067; x_wconf 87' lang='lat' dir='ltr'><strong>facere</strong></span> <span class='ocrx_word' id='word_1_497' title='bbox 1313 4012 1467 4075; x_wconf 86' lang='lat' dir='ltr'><strong>satis,</strong></span> <span class='ocrx_word' id='word_1_498' title='bbox 1529 4021 1641 4066; x_wconf 90' lang='lat' dir='ltr'><strong>tum</strong></span> <span class='ocrx_word' id='word_1_499' title='bbox 1672 4013 1741 4066; x_wconf 92' lang='lat' dir='ltr'><strong>ob</strong></span> <span class='ocrx_word' id='word_1_500' title='bbox 1768 4012 1937 4081; x_wconf 87' lang='lat' dir='ltr'><strong>ipsius</strong></span> 
     </span>
    </p>
   </div>
   <div class='ocr_carea' id='block_1_75' title="bbox 363 4104 1939 4176">
    <p class='ocr_par' dir='ltr' id='par_1_75' title="bbox 363 4104 1939 4176">
     <span class='ocr_line' id='line_1_75' title="bbox 363 4104 1939 4176; baseline 0.002 -20"><span class='ocrx_word' id='word_1_501' title='bbox 363 4104 677 4176; x_wconf 69' lang='lat' dir='ltr'><strong>quaestionis</strong></span> <span class='ocrx_word' id='word_1_502' title='bbox 703 4104 1086 4169; x_wconf 75' lang='lat' dir='ltr'><strong>diﬂicultatcm,</strong></span> <span class='ocrx_word' id='word_1_503' title='bbox 1117 4113 1227 4159; x_wconf 90' lang='lat' dir='ltr'><strong>tum</strong></span> <span class='ocrx_word' id='word_1_504' title='bbox 1269 4104 1412 4175; x_wconf 91' lang='lat' dir='ltr'><strong>quod</strong></span> <span class='ocrx_word' id='word_1_505' title='bbox 1449 4114 1669 4174; x_wconf 65' lang='lat' dir='ltr'><strong>tempus~</strong></span> <span class='ocrx_word' id='word_1_506' title='bbox 1704 4105 1770 4159; x_wconf 88' lang='lat' dir='ltr'><strong>ad</strong></span> <span class='ocrx_word' id='word_1_507' title='bbox 1795 4104 1939 4159; x_wconf 85' lang='lat' dir='ltr'><strong>inte-</strong></span> 
     </span>
    </p>
   </div>
   <div class='ocr_carea' id='block_1_76' title="bbox 363 4198 1938 4270">
    <p class='ocr_par' dir='ltr' id='par_1_76' title="bbox 363 4198 1938 4270">
     <span class='ocr_line' id='line_1_76' title="bbox 363 4198 1938 4270; baseline -0.001 -16"><span class='ocrx_word' id='word_1_508' title='bbox 363 4215 515 4270; x_wconf 82' lang='lat' dir='ltr'><strong>gram</strong></span> <span class='ocrx_word' id='word_1_509' title='bbox 550 4198 691 4255; x_wconf 84' lang='lat' dir='ltr'><strong>illius</strong></span> <span class='ocrx_word' id='word_1_510' title='bbox 729 4200 1162 4269; x_wconf 76' lang='lat' dir='ltr'><strong>explanationem</strong></span> <span class='ocrx_word' id='word_1_511' title='bbox 1214 4214 1322 4253; x_wconf 90' lang='lat' dir='ltr'><strong>non</strong></span> <span class='ocrx_word' id='word_1_512' title='bbox 1361 4198 1688 4254; x_wconf 82' lang='lat' dir='ltr'><strong>sutl‘ecisset:</strong></span> <span class='ocrx_word' id='word_1_513' title='bbox 1713 4212 1781 4253; x_wconf 89' lang='lat' dir='ltr'><strong>ex</strong></span> <span class='ocrx_word' id='word_1_514' title='bbox 1829 4212 1938 4268; x_wconf 89' lang='lat' dir='ltr'><strong>quo</strong></span> 
     </span>
    </p>
   </div>
   <div class='ocr_carea' id='block_1_77' title="bbox 276 4286 1937 4361">
    <p class='ocr_par' dir='ltr' id='par_1_77' title="bbox 276 4286 1937 4361">
     <span class='ocr_line' id='line_1_77' title="bbox 276 4286 1937 4361; baseline -0.001 -16"><span class='ocrx_word' id='word_1_515' title='bbox 276 4312 279 4315; x_wconf 56' lang='grc' dir='ltr'><strong><em>λ</em></strong></span> <span class='ocrx_word' id='word_1_516' title='bbox 360 4297 513 4361; x_wconf 79' lang='lat' dir='ltr'><strong>patet</strong></span> <span class='ocrx_word' id='word_1_517' title='bbox 566 4291 888 4346; x_wconf 87' lang='lat' dir='ltr'><strong>monachum</strong></span> <span class='ocrx_word' id='word_1_518' title='bbox 949 4290 1098 4344; x_wconf 87' lang='lat' dir='ltr'><strong>illum</strong></span> <span class='ocrx_word' id='word_1_519' title='bbox 1149 4290 1216 4344; x_wconf 89' lang='lat' dir='ltr'><strong>ad</strong></span> <span class='ocrx_word' id='word_1_520' title='bbox 1264 4286 1592 4344; x_wconf 83' lang='lat' dir='ltr'><strong>diIliciIiores</strong></span> <span class='ocrx_word' id='word_1_521' title='bbox 1637 4287 1937 4358; x_wconf 69' lang='lat' dir='ltr'><strong>Scriptum</strong></span> 
     </span>
    </p>
   </div>
   <div class='ocr_carea' id='block_1_78' title="bbox 363 4380 1932 4451">
    <p class='ocr_par' dir='ltr' id='par_1_78' title="bbox 363 4380 1932 4451">
     <span class='ocr_line' id='line_1_78' title="bbox 363 4380 1932 4451; baseline -0.003 -13"><span class='ocrx_word' id='word_1_522' title='bbox 363 4395 532 4438; x_wconf 67' lang='lat' dir='ltr'><strong>sacrm</strong></span> <span class='ocrx_word' id='word_1_523' title='bbox 572 4382 898 4451; x_wconf 68' lang='lat' dir='ltr'><strong>qumstiones</strong></span> <span class='ocrx_word' id='word_1_524' title='bbox 944 4382 1256 4437; x_wconf 89' lang='lat' dir='ltr'><strong>enodandas</strong></span> <span class='ocrx_word' id='word_1_525' title='bbox 1300 4381 1547 4447; x_wconf 86' lang='lat' dir='ltr'><strong>animum</strong></span> <span class='ocrx_word' id='word_1_526' title='bbox 1588 4380 1932 4451; x_wconf 88' lang='lat' dir='ltr'><strong>applicuisse.</strong></span> 
     </span>
    </p>
   </div>
   <div class='ocr_carea' id='block_1_79' title="bbox 364 4471 1933 4532">
    <p class='ocr_par' dir='ltr' id='par_1_79' title="bbox 364 4471 1933 4532">
     <span class='ocr_line' id='line_1_79' title="bbox 364 4471 1933 4532; baseline -0.004 0"><span class='ocrx_word' id='word_1_527' title='bbox 364 4473 571 4532; x_wconf 85' lang='lat' dir='ltr'><strong>Studiis</strong></span> <span class='ocrx_word' id='word_1_528' title='bbox 590 4476 754 4530; x_wconf 88' lang='lat' dir='ltr'><strong>etiam</strong></span> <span class='ocrx_word' id='word_1_529' title='bbox 810 4474 1047 4530; x_wconf 68' lang='lat' dir='ltr'><strong>historia:</strong></span> <span class='ocrx_word' id='word_1_530' title='bbox 1087 4472 1473 4528; x_wconf 84' lang='lat' dir='ltr'><strong>incumbebant</strong></span> <span class='ocrx_word' id='word_1_531' title='bbox 1516 4472 1768 4528; x_wconf 85' lang='lat' dir='ltr'><strong>monachi</strong></span> <span class='ocrx_word' id='word_1_532' title='bbox 1804 4471 1933 4527; x_wconf 88' lang='lat' dir='ltr'><strong>Clu-</strong></span> 
     </span>
    </p>
   </div>
   <div class='ocr_carea' id='block_1_80' title="bbox 362 4562 1936 4632">
    <p class='ocr_par' dir='ltr' id='par_1_80' title="bbox 362 4562 1936 4632">
     <span class='ocr_line' id='line_1_80' title="bbox 362 4562 1936 4632; baseline -0.001 -12"><span class='ocrx_word' id='word_1_533' title='bbox 362 4567 645 4622; x_wconf 79' lang='lat' dir='ltr'><strong>niacenscs</strong></span> <span class='ocrx_word' id='word_1_534' title='bbox 700 4565 800 4620; x_wconf 89' lang='lat' dir='ltr'><strong>sub</strong></span> <span class='ocrx_word' id='word_1_535' title='bbox 826 4565 969 4619; x_wconf 89' lang='lat' dir='ltr'><strong>beati</strong></span> <span class='ocrx_word' id='word_1_536' title='bbox 1011 4562 1251 4619; x_wconf 85' lang='lat' dir='ltr'><strong>OJilonis</strong></span> <span class='ocrx_word' id='word_1_537' title='bbox 1288 4562 1566 4631; x_wconf 81' lang='lat' dir='ltr'><strong>regimine,</strong></span> <span class='ocrx_word' id='word_1_538' title='bbox 1617 4571 1676 4617; x_wconf 91' lang='lat' dir='ltr'><strong>ut</strong></span> <span class='ocrx_word' id='word_1_539' title='bbox 1701 4572 1850 4632; x_wconf 88' lang='lat' dir='ltr'><strong>patet</strong></span> <span class='ocrx_word' id='word_1_540' title='bbox 1869 4578 1936 4618; x_wconf 89' lang='lat' dir='ltr'><strong>ex</strong></span> 
     </span>
    </p>
   </div>
   <div class='ocr_carea' id='block_1_81' title="bbox 360 4655 1935 4728">
    <p class='ocr_par' dir='ltr' id='par_1_81' title="bbox 360 4655 1935 4728">
     <span class='ocr_line' id='line_1_81' title="bbox 360 4655 1935 4728; baseline -0.003 -15"><span class='ocrx_word' id='word_1_541' title='bbox 360 4656 545 4713; x_wconf 84' lang='lat' dir='ltr'><strong>Glabri</strong></span> <span class='ocrx_word' id='word_1_542' title='bbox 579 4657 789 4712; x_wconf 82' lang='lat' dir='ltr'><strong>Rodnlfi</strong></span> <span class='ocrx_word' id='word_1_543' title='bbox 820 4657 1077 4723; x_wconf 85' lang='lat' dir='ltr'><strong>Historia,</strong></span> <span class='ocrx_word' id='word_1_544' title='bbox 1126 4656 1341 4728; x_wconf 80' lang='lat' dir='ltr'><strong>ipsimet</strong></span> <span class='ocrx_word' id='word_1_545' title='bbox 1368 4655 1577 4710; x_wconf 78' lang='lat' dir='ltr'><strong>Odiloni</strong></span> <span class='ocrx_word' id='word_1_546' title='bbox 1609 4664 1935 4725; x_wconf 83' lang='lat' dir='ltr'><strong>nuncupata,</strong></span> 
     </span>
    </p>
   </div>
   <div class='ocr_carea' id='block_1_82' title="bbox 364 4746 1934 4816">
    <p class='ocr_par' dir='ltr' id='par_1_82' title="bbox 364 4746 1934 4816">
     <span class='ocr_line' id='line_1_82' title="bbox 364 4746 1934 4816; baseline -0.001 -16"><span class='ocrx_word' id='word_1_547' title='bbox 364 4764 633 4816; x_wconf 86' lang='lat' dir='ltr'><strong>quamque</strong></span> <span class='ocrx_word' id='word_1_548' title='bbox 661 4764 719 4804; x_wconf 87' lang='lat' dir='ltr'><strong>se</strong></span> <span class='ocrx_word' id='word_1_549' title='bbox 749 4749 1049 4816; x_wconf 61' lang='lat' dir='ltr'><strong>snscupisse</strong></span> <span class='ocrx_word' id='word_1_550' title='bbox 1084 4747 1426 4803; x_wconf 89' lang='lat' dir='ltr'><strong>scribendam</strong></span> <span class='ocrx_word' id='word_1_551' title='bbox 1451 4746 1653 4802; x_wconf 88' lang='lat' dir='ltr'><strong>Glabcr</strong></span> <span class='ocrx_word' id='word_1_552' title='bbox 1682 4754 1934 4811; x_wconf 84' lang='lat' dir='ltr'><strong>testatur,</strong></span> 
     </span>
    </p>
   </div>
   <div class='ocr_carea' id='block_1_83' title="bbox 363 4838 1934 4909">
    <p class='ocr_par' dir='ltr' id='par_1_83' title="bbox 363 4838 1934 4909">
     <span class='ocr_line' id='line_1_83' title="bbox 363 4838 1934 4909; baseline 0.001 -17"><span class='ocrx_word' id='word_1_553' title='bbox 363 4841 713 4894; x_wconf 75' lang='lat' dir='ltr'><strong>sudiosorum</strong></span> <span class='ocrx_word' id='word_1_554' title='bbox 776 4840 1002 4909; x_wconf 81' lang='lat' dir='ltr'><strong>[r..trum</strong></span> <span class='ocrx_word' id='word_1_555' title='bbox 1075 4839 1411 4909; x_wconf 64' lang='lat' dir='ltr'><strong>querimoniis</strong></span> <span class='ocrx_word' id='word_1_556' title='bbox 1471 4838 1787 4904; x_wconf 86' lang='lat' dir='ltr'><strong>excitatum,</strong></span> <span class='ocrx_word' id='word_1_557' title='bbox 1842 4839 1934 4908; x_wconf 80' lang='lat' dir='ltr'><strong>qui</strong></span> 
     </span>
    </p>
   </div>
   <div class='ocr_carea' id='block_1_84' title="bbox 362 4930 1937 5002">
    <p class='ocr_par' dir='ltr' id='par_1_84' title="bbox 362 4930 1937 5002">
     <span class='ocr_line' id='line_1_84' title="bbox 362 4930 1937 5002; baseline -0.001 -17"><span class='ocrx_word' id='word_1_558' title='bbox 362 4945 502 5002; x_wconf 60' lang='grc' dir='ltr'><strong>πει-θ</strong></span> <span class='ocrx_word' id='word_1_559' title='bbox 525 4930 774 4988; x_wconf 76' lang='lat' dir='ltr'><strong>ferebant</strong></span> <span class='ocrx_word' id='word_1_560' title='bbox 803 4932 1071 4988; x_wconf 89' lang='lat' dir='ltr'><strong>neminem</strong></span> <span class='ocrx_word' id='word_1_561' title='bbox 1102 4932 1352 4994; x_wconf 85' lang='lat' dir='ltr'><strong>inveniri.</strong></span> <span class='ocrx_word' id='word_1_562' title='bbox 1400 4932 1491 5002; x_wconf 91' lang='lat' dir='ltr'><strong>qni</strong></span> <span class='ocrx_word' id='word_1_563' title='bbox 1527 4947 1748 4986; x_wconf 92' lang='lat' dir='ltr'><strong>suorum</strong></span> <span class='ocrx_word' id='word_1_564' title='bbox 1796 4938 1937 4986; x_wconf 87' lang='lat' dir='ltr'><strong>tem-</strong></span> 
     </span>
    </p>
   </div>
   <div class='ocr_carea' id='block_1_85' title="bbox 363 5021 1935 5093">
    <p class='ocr_par' dir='ltr' id='par_1_85' title="bbox 363 5021 1935 5093">
     <span class='ocr_line' id='line_1_85' title="bbox 363 5021 1935 5093; baseline 0 -18"><span class='ocrx_word' id='word_1_565' title='bbox 363 5037 551 5091; x_wconf 87' lang='lat' dir='ltr'><strong>porum</strong></span> <span class='ocrx_word' id='word_1_566' title='bbox 571 5032 797 5078; x_wconf 87' lang='lat' dir='ltr'><strong>eventus</strong></span> <span class='ocrx_word' id='word_1_567' title='bbox 820 5031 926 5076; x_wconf 87' lang='lat' dir='ltr'><strong>tam</strong></span> <span class='ocrx_word' id='word_1_568' title='bbox 953 5025 1008 5077; x_wconf 88' lang='lat' dir='ltr'><strong>in</strong></span> <span class='ocrx_word' id='word_1_569' title='bbox 1036 5022 1266 5078; x_wconf 79' lang='lat' dir='ltr'><strong>ecclesiis</strong></span> <span class='ocrx_word' id='word_1_570' title='bbox 1292 5023 1387 5078; x_wconf 87' lang='lat' dir='ltr'><strong>Dei</strong></span> <span class='ocrx_word' id='word_1_571' title='bbox 1431 5038 1588 5093; x_wconf 88' lang='lat' dir='ltr'><strong>quam</strong></span> <span class='ocrx_word' id='word_1_572' title='bbox 1625 5023 1680 5074; x_wconf 89' lang='lat' dir='ltr'><strong>in</strong></span> <span class='ocrx_word' id='word_1_573' title='bbox 1700 5021 1935 5091; x_wconf 81' lang='lat' dir='ltr'><strong>plebibus</strong></span> 
     </span>
    </p>
   </div>
   <div class='ocr_carea' id='block_1_86' title="bbox 363 5111 1938 5183">
    <p class='ocr_par' dir='ltr' id='par_1_86' title="bbox 363 5111 1938 5183">
     <span class='ocr_line' id='line_1_86' title="bbox 363 5111 1938 5183; baseline 0.001 -17"><span class='ocrx_word' id='word_1_574' title='bbox 363 5114 666 5183; x_wconf 86' lang='lat' dir='ltr'><strong>posteritati</strong></span> <span class='ocrx_word' id='word_1_575' title='bbox 728 5113 1158 5177; x_wconf 87' lang='lat' dir='ltr'><strong>commendaret,</strong></span> <span class='ocrx_word' id='word_1_576' title='bbox 1217 5118 1330 5167; x_wconf 90' lang='lat' dir='ltr'><strong>tum</strong></span> <span class='ocrx_word' id='word_1_577' title='bbox 1381 5112 1511 5168; x_wconf 89' lang='lat' dir='ltr'><strong>dicit</strong></span> <span class='ocrx_word' id='word_1_578' title='bbox 1537 5125 1596 5165; x_wconf 91' lang='lat' dir='ltr'><strong>se</strong></span> <span class='ocrx_word' id='word_1_579' title='bbox 1646 5111 1745 5166; x_wconf 87' lang='lat' dir='ltr'><strong>hac</strong></span> <span class='ocrx_word' id='word_1_580' title='bbox 1787 5112 1838 5165; x_wconf 90' lang='lat' dir='ltr'><strong>in</strong></span> <span class='ocrx_word' id='word_1_581' title='bbox 1878 5127 1938 5167; x_wconf 88' lang='lat' dir='ltr'><strong>re</strong></span> 
     </span>
    </p>
   </div>
   <div class='ocr_carea' id='block_1_87' title="bbox 363 5203 1947 5275">
    <p class='ocr_par' dir='ltr' id='par_1_87' title="bbox 363 5203 1947 5275">
     <span class='ocr_line' id='line_1_87' title="bbox 363 5203 1947 5275; baseline -0.003 -12"><span class='ocrx_word' id='word_1_582' title='bbox 363 5206 606 5263; x_wconf 87' lang='lat' dir='ltr'><strong>Odilonis</strong></span> <span class='ocrx_word' id='word_1_583' title='bbox 643 5207 977 5275; x_wconf 72' lang='lat' dir='ltr'><strong>prmceptioni</strong></span> <span class='ocrx_word' id='word_1_584' title='bbox 1031 5222 1093 5261; x_wconf 84' lang='lat' dir='ltr'><strong>ac</strong></span> <span class='ocrx_word' id='word_1_585' title='bbox 1129 5204 1355 5274; x_wconf 84' lang='lat' dir='ltr'><strong>fratrum</strong></span> <span class='ocrx_word' id='word_1_586' title='bbox 1388 5203 1643 5259; x_wconf 79' lang='lat' dir='ltr'><strong>voluntati</strong></span> <span class='ocrx_word' id='word_1_587' title='bbox 1678 5203 1947 5261; x_wconf 80' lang='lat' dir='ltr'><strong>obedien-</strong></span> 
     </span>
    </p>
   </div>
   <div class='ocr_carea' id='block_1_88' title="bbox 365 5292 1931 5358">
    <p class='ocr_par' dir='ltr' id='par_1_88' title="bbox 365 5292 1931 5358">
     <span class='ocr_line' id='line_1_88' title="bbox 365 5292 1931 5358; baseline -0.004 -5"><span class='ocrx_word' id='word_1_588' title='bbox 365 5308 471 5353; x_wconf 86' lang='lat' dir='ltr'><strong>tem</strong></span> <span class='ocrx_word' id='word_1_589' title='bbox 499 5297 838 5358; x_wconf 70' lang='lat' dir='ltr'><strong>pmstitisse.</strong></span> <span class='ocrx_word' id='word_1_590' title='bbox 866 5296 933 5350; x_wconf 88' lang='lat' dir='ltr'><strong>Et</strong></span> <span class='ocrx_word' id='word_1_591' title='bbox 962 5311 1030 5350; x_wconf 91' lang='lat' dir='ltr'><strong>nc</strong></span> <span class='ocrx_word' id='word_1_592' title='bbox 1072 5294 1197 5358; x_wconf 82' lang='lat' dir='ltr'><strong>quis</strong></span> <span class='ocrx_word' id='word_1_593' title='bbox 1222 5293 1449 5348; x_wconf 88' lang='lat' dir='ltr'><strong>fortasse</strong></span> <span class='ocrx_word' id='word_1_594' title='bbox 1477 5300 1633 5358; x_wconf 91' lang='lat' dir='ltr'><strong>putet</strong></span> <span class='ocrx_word' id='word_1_595' title='bbox 1661 5292 1800 5347; x_wconf 89' lang='lat' dir='ltr'><strong>hanc</strong></span> <span class='ocrx_word' id='word_1_596' title='bbox 1834 5293 1931 5348; x_wconf 82' lang='lat' dir='ltr'><strong>Hi-</strong></span> 
     </span>
    </p>
   </div>
   <div class='ocr_carea' id='block_1_89' title="bbox 1964 4424 2013 4484">
    <p class='ocr_par' dir='ltr' id='par_1_89' title="bbox 1964 4424 2013 4484">
     <span class='ocr_line' id='line_1_89' title="bbox 1964 4424 2013 4484; baseline 0 0"><span class='ocrx_word' id='word_1_597' title='bbox 1964 4424 2013 4484; x_wconf 90' lang='lat' dir='ltr'><strong>D</strong></span> 
     </span>
    </p>
   </div>
   <div class='ocr_carea' id='block_1_90' title="bbox 2035 3189 3613 3261">
    <p class='ocr_par' dir='ltr' id='par_1_90' title="bbox 2035 3189 3613 3261">
     <span class='ocr_line' id='line_1_90' title="bbox 2035 3189 3613 3261; baseline -0.004 -14"><span class='ocrx_word' id='word_1_598' title='bbox 2035 3191 2247 3247; x_wconf 90' lang='lat' dir='ltr'><strong>erudito</strong></span> <span class='ocrx_word' id='word_1_599' title='bbox 2281 3190 2349 3247; x_wconf 90' lang='lat' dir='ltr'><strong>de</strong></span> <span class='ocrx_word' id='word_1_600' title='bbox 2377 3201 2485 3247; x_wconf 90' lang='lat' dir='ltr'><strong>tam</strong></span> <span class='ocrx_word' id='word_1_601' title='bbox 2509 3200 2696 3246; x_wconf 90' lang='lat' dir='ltr'><strong>sancta</strong></span> <span class='ocrx_word' id='word_1_602' title='bbox 2735 3189 3078 3261; x_wconf 86' lang='lat' dir='ltr'><strong>imperatrice</strong></span> <span class='ocrx_word' id='word_1_603' title='bbox 3105 3189 3264 3260; x_wconf 91' lang='lat' dir='ltr'><strong>digne</strong></span> <span class='ocrx_word' id='word_1_604' title='bbox 3315 3196 3371 3242; x_wconf 90' lang='lat' dir='ltr'><strong>et</strong></span> <span class='ocrx_word' id='word_1_605' title='bbox 3394 3202 3613 3256; x_wconf 83' lang='lat' dir='ltr'><strong>compe-</strong></span> 
     </span>
    </p>
   </div>
   <div class='ocr_carea' id='block_1_91' title="bbox 2042 3277 3652 3354">
    <p class='ocr_par' dir='ltr' id='par_1_91' title="bbox 2042 3277 3652 3354">
     <span class='ocr_line' id='line_1_91' title="bbox 2042 3277 3652 3354; baseline -0.002 -17"><span class='ocrx_word' id='word_1_606' title='bbox 2042 3291 2237 3348; x_wconf 82' lang='lat' dir='ltr'><strong>tenter,</strong></span> <span class='ocrx_word' id='word_1_607' title='bbox 2292 3290 2452 3353; x_wconf 91' lang='lat' dir='ltr'><strong>prout</strong></span> <span class='ocrx_word' id='word_1_608' title='bbox 2515 3297 2615 3354; x_wconf 92' lang='lat' dir='ltr'><strong>par</strong></span> <span class='ocrx_word' id='word_1_609' title='bbox 2645 3289 2789 3347; x_wconf 81' lang='lat' dir='ltr'><strong>erat,</strong></span> <span class='ocrx_word' id='word_1_610' title='bbox 2842 3280 3134 3336; x_wconf 90' lang='lat' dir='ltr'><strong>scribendi.</strong></span> <span class='ocrx_word' id='word_1_611' title='bbox 3188 3279 3389 3335; x_wconf 87' lang='lat' dir='ltr'><strong>Eodem</strong></span> <span class='ocrx_word' id='word_1_612' title='bbox 3416 3277 3652 3348; x_wconf 87' lang='lat' dir='ltr'><strong>spiritu—</strong></span> 
     </span>
    </p>
   </div>
   <div class='ocr_carea' id='block_1_92' title="bbox 2038 3367 3615 3441">
    <p class='ocr_par' dir='ltr' id='par_1_92' title="bbox 2038 3367 3615 3441">
     <span class='ocr_line' id='line_1_92' title="bbox 2038 3367 3615 3441; baseline -0.003 -14"><span class='ocrx_word' id='word_1_613' title='bbox 2038 3373 2235 3428; x_wconf 90' lang='lat' dir='ltr'><strong>dnctus</strong></span> <span class='ocrx_word' id='word_1_614' title='bbox 2288 3372 2466 3427; x_wconf 85' lang='lat' dir='ltr'><strong>Vitam</strong></span> <span class='ocrx_word' id='word_1_615' title='bbox 2528 3372 2703 3428; x_wconf 87' lang='lat' dir='ltr'><strong>sancti</strong></span> <span class='ocrx_word' id='word_1_616' title='bbox 2754 3370 2933 3427; x_wconf 83' lang='lat' dir='ltr'><strong>Maioli</strong></span> <span class='ocrx_word' id='word_1_617' title='bbox 2959 3371 3042 3426; x_wconf 90' lang='lat' dir='ltr'><strong>sui</strong></span> <span class='ocrx_word' id='word_1_618' title='bbox 3090 3367 3435 3441; x_wconf 68' lang='lat' dir='ltr'><strong>prtecessoris</strong></span> <span class='ocrx_word' id='word_1_619' title='bbox 3481 3382 3615 3423; x_wconf 83' lang='lat' dir='ltr'><strong>con-</strong></span> 
     </span>
    </p>
   </div>
   <div class='ocr_carea' id='block_1_93' title="bbox 2036 3458 3617 3533">
    <p class='ocr_par' dir='ltr' id='par_1_93' title="bbox 2036 3458 3617 3533">
     <span class='ocr_line' id='line_1_93' title="bbox 2036 3458 3617 3533; baseline -0.003 -16"><span class='ocrx_word' id='word_1_620' title='bbox 2036 3462 2255 3533; x_wconf 88' lang='lat' dir='ltr'><strong>scripsit</strong></span> <span class='ocrx_word' id='word_1_621' title='bbox 2276 3462 2559 3517; x_wconf 81' lang='lat' dir='ltr'><strong>secundum</strong></span> <span class='ocrx_word' id='word_1_622' title='bbox 2580 3462 2897 3531; x_wconf 77' lang='lat' dir='ltr'><strong>parvitatem</strong></span> <span class='ocrx_word' id='word_1_623' title='bbox 2918 3459 3208 3515; x_wconf 76' lang='lat' dir='ltr'><strong>intellectus</strong></span> <span class='ocrx_word' id='word_1_624' title='bbox 3262 3459 3371 3525; x_wconf 80' lang='lat' dir='ltr'><strong>sui,</strong></span> <span class='ocrx_word' id='word_1_625' title='bbox 3420 3458 3617 3527; x_wconf 76' lang='lat' dir='ltr'><strong>utipse</strong></span> 
     </span>
    </p>
   </div>
   <div class='ocr_carea' id='block_1_94' title="bbox 2036 3544 3645 3624">
    <p class='ocr_par' dir='ltr' id='par_1_94' title="bbox 2036 3544 3645 3624">
     <span class='ocr_line' id='line_1_94' title="bbox 2036 3544 3645 3624; baseline -0.004 -18"><span class='ocrx_word' id='word_1_626' title='bbox 2036 3552 2234 3608; x_wconf 88' lang='lat' dir='ltr'><strong>aiebat.</strong></span> <span class='ocrx_word' id='word_1_627' title='bbox 2266 3551 2507 3624; x_wconf 82' lang='lat' dir='ltr'><strong>llymnos</strong></span> <span class='ocrx_word' id='word_1_628' title='bbox 2542 3553 2705 3606; x_wconf 88' lang='lat' dir='ltr'><strong>etiam</strong></span> <span class='ocrx_word' id='word_1_629' title='bbox 2725 3558 2781 3606; x_wconf 88' lang='lat' dir='ltr'><strong>et</strong></span> <span class='ocrx_word' id='word_1_630' title='bbox 2805 3551 3080 3605; x_wconf 88' lang='lat' dir='ltr'><strong>orationes</strong></span> <span class='ocrx_word' id='word_1_631' title='bbox 3108 3549 3310 3619; x_wconf 88' lang='lat' dir='ltr'><strong>aliquot</strong></span> <span class='ocrx_word' id='word_1_632' title='bbox 3333 3548 3387 3603; x_wconf 92' lang='lat' dir='ltr'><strong>in</strong></span> <span class='ocrx_word' id='word_1_633' title='bbox 3409 3544 3645 3604; x_wconf 39' lang='lat' dir='ltr'><strong>Oiliciisa</strong></span> 
     </span>
    </p>
   </div>
   <div class='ocr_carea' id='block_1_95' title="bbox 2037 3636 3613 3703">
    <p class='ocr_par' dir='ltr' id='par_1_95' title="bbox 2037 3636 3613 3703">
     <span class='ocr_line' id='line_1_95' title="bbox 2037 3636 3613 3703; baseline -0.005 -4"><span class='ocrx_word' id='word_1_634' title='bbox 2037 3642 2234 3699; x_wconf 89' lang='lat' dir='ltr'><strong>divinis</strong></span> <span class='ocrx_word' id='word_1_635' title='bbox 2256 3646 2324 3697; x_wconf 86' lang='lat' dir='ltr'><strong>de</strong></span> <span class='ocrx_word' id='word_1_636' title='bbox 2349 3651 2537 3698; x_wconf 88' lang='lat' dir='ltr'><strong>sancto</strong></span> <span class='ocrx_word' id='word_1_637' title='bbox 2564 3641 2757 3697; x_wconf 80' lang='lat' dir='ltr'><strong>Maiolo</strong></span> <span class='ocrx_word' id='word_1_638' title='bbox 2786 3650 2839 3697; x_wconf 90' lang='lat' dir='ltr'><strong>et</strong></span> <span class='ocrx_word' id='word_1_639' title='bbox 2861 3649 3051 3697; x_wconf 88' lang='lat' dir='ltr'><strong>sancta</strong></span> <span class='ocrx_word' id='word_1_640' title='bbox 3076 3637 3392 3703; x_wconf 83' lang='lat' dir='ltr'><strong>Adbelcide,</strong></span> <span class='ocrx_word' id='word_1_641' title='bbox 3426 3637 3481 3692; x_wconf 91' lang='lat' dir='ltr'><strong>in</strong></span> <span class='ocrx_word' id='word_1_642' title='bbox 3513 3636 3613 3692; x_wconf 79' lang='lat' dir='ltr'><strong>lto-</strong></span> 
     </span>
    </p>
   </div>
   <div class='ocr_carea' id='block_1_96' title="bbox 2037 3728 3619 3800">
    <p class='ocr_par' dir='ltr' id='par_1_96' title="bbox 2037 3728 3619 3800">
     <span class='ocr_line' id='line_1_96' title="bbox 2037 3728 3619 3800; baseline -0.003 -13"><span class='ocrx_word' id='word_1_643' title='bbox 2037 3749 2159 3787; x_wconf 90' lang='lat' dir='ltr'><strong>rum</strong></span> <span class='ocrx_word' id='word_1_644' title='bbox 2200 3732 2587 3789; x_wconf 86' lang='lat' dir='ltr'><strong>festivitatibus</strong></span> <span class='ocrx_word' id='word_1_645' title='bbox 2615 3732 2922 3788; x_wconf 87' lang='lat' dir='ltr'><strong>recitandas</strong></span> <span class='ocrx_word' id='word_1_646' title='bbox 2968 3728 3298 3800; x_wconf 87' lang='lat' dir='ltr'><strong>composuit:</strong></span> <span class='ocrx_word' id='word_1_647' title='bbox 3332 3742 3454 3799; x_wconf 65' lang='lat' dir='ltr'><strong>quae</strong></span> <span class='ocrx_word' id='word_1_648' title='bbox 3497 3742 3619 3782; x_wconf 86' lang='lat' dir='ltr'><strong>ora-</strong></span> 
     </span>
    </p>
   </div>
   <div class='ocr_carea' id='block_1_97' title="bbox 2037 3817 3611 3887">
    <p class='ocr_par' dir='ltr' id='par_1_97' title="bbox 2037 3817 3611 3887">
     <span class='ocr_line' id='line_1_97' title="bbox 2037 3817 3611 3887; baseline -0.004 -8"><span class='ocrx_word' id='word_1_649' title='bbox 2037 3826 2125 3880; x_wconf 88' lang='lat' dir='ltr'><strong>nia</strong></span> <span class='ocrx_word' id='word_1_650' title='bbox 2162 3825 2215 3881; x_wconf 93' lang='lat' dir='ltr'><strong>in</strong></span> <span class='ocrx_word' id='word_1_651' title='bbox 2245 3824 2576 3881; x_wconf 86' lang='lat' dir='ltr'><strong>Bibliotheca</strong></span> <span class='ocrx_word' id='word_1_652' title='bbox 2605 3823 2973 3880; x_wconf 87' lang='lat' dir='ltr'><strong>Cluniacensi.</strong></span> <span class='ocrx_word' id='word_1_653' title='bbox 3001 3822 3147 3878; x_wconf 89' lang='lat' dir='ltr'><strong>edita</strong></span> <span class='ocrx_word' id='word_1_654' title='bbox 3193 3829 3320 3876; x_wconf 91' lang='lat' dir='ltr'><strong>sunt</strong></span> <span class='ocrx_word' id='word_1_655' title='bbox 3347 3835 3466 3874; x_wconf 92' lang='lat' dir='ltr'><strong>cum</strong></span> <span class='ocrx_word' id='word_1_656' title='bbox 3495 3817 3611 3887; x_wconf 86' lang='lat' dir='ltr'><strong>ejus</strong></span> 
     </span>
    </p>
   </div>
   <div class='ocr_carea' id='block_1_98' title="bbox 2037 3911 3606 3987">
    <p class='ocr_par' dir='ltr' id='par_1_98' title="bbox 2037 3911 3606 3987">
     <span class='ocr_line' id='line_1_98' title="bbox 2037 3911 3606 3987; baseline -0.006 -15"><span class='ocrx_word' id='word_1_657' title='bbox 2037 3917 2399 3983; x_wconf 87' lang='lat' dir='ltr'><strong>sermonibus,</strong></span> <span class='ocrx_word' id='word_1_658' title='bbox 2448 3916 2655 3987; x_wconf 86' lang='lat' dir='ltr'><strong>aliquot</strong></span> <span class='ocrx_word' id='word_1_659' title='bbox 2698 3915 2961 3985; x_wconf 89' lang='lat' dir='ltr'><strong>epistolis,</strong></span> <span class='ocrx_word' id='word_1_660' title='bbox 3002 3913 3339 3985; x_wconf 89' lang='lat' dir='ltr'><strong>professione</strong></span> <span class='ocrx_word' id='word_1_661' title='bbox 3381 3911 3527 3978; x_wconf 86' lang='lat' dir='ltr'><strong>ﬁdei,</strong></span> <span class='ocrx_word' id='word_1_662' title='bbox 3557 3918 3606 3965; x_wconf 90' lang='lat' dir='ltr'><strong>et</strong></span> 
     </span>
    </p>
   </div>
   <div class='ocr_carea' id='block_1_99' title="bbox 2036 4003 3609 4075">
    <p class='ocr_par' dir='ltr' id='par_1_99' title="bbox 2036 4003 3609 4075">
     <span class='ocr_line' id='line_1_99' title="bbox 2036 4003 3609 4075; baseline -0.004 -12"><span class='ocrx_word' id='word_1_663' title='bbox 2036 4009 2368 4064; x_wconf 83' lang='lat' dir='ltr'><strong>orationibus</strong></span> <span class='ocrx_word' id='word_1_664' title='bbox 2398 4007 2690 4064; x_wconf 86' lang='lat' dir='ltr'><strong>nonnullis.</strong></span> <span class='ocrx_word' id='word_1_665' title='bbox 2719 4008 2852 4063; x_wconf 87' lang='lat' dir='ltr'><strong>Tres</strong></span> <span class='ocrx_word' id='word_1_666' title='bbox 2883 4007 3011 4063; x_wconf 89' lang='lat' dir='ltr'><strong>item</strong></span> <span class='ocrx_word' id='word_1_667' title='bbox 3065 4004 3306 4075; x_wconf 90' lang='lat' dir='ltr'><strong>ejusdem</strong></span> <span class='ocrx_word' id='word_1_668' title='bbox 3334 4003 3474 4058; x_wconf 88' lang='lat' dir='ltr'><strong>beati</strong></span> <span class='ocrx_word' id='word_1_669' title='bbox 3506 4003 3609 4057; x_wconf 86' lang='lat' dir='ltr'><strong>viri</strong></span> 
     </span>
    </p>
   </div>
   <div class='ocr_carea' id='block_1_100' title="bbox 2036 4092 3611 4169">
    <p class='ocr_par' dir='ltr' id='par_1_100' title="bbox 2036 4092 3611 4169">
     <span class='ocr_line' id='line_1_100' title="bbox 2036 4092 3611 4169; baseline -0.003 -16"><span class='ocrx_word' id='word_1_670' title='bbox 2036 4098 2289 4169; x_wconf 89' lang='lat' dir='ltr'><strong>epistolas</strong></span> <span class='ocrx_word' id='word_1_671' title='bbox 2318 4099 2486 4154; x_wconf 85' lang='lat' dir='ltr'><strong>edidit</strong></span> <span class='ocrx_word' id='word_1_672' title='bbox 2522 4107 2708 4154; x_wconf 86' lang='lat' dir='ltr'><strong>noster</strong></span> <span class='ocrx_word' id='word_1_673' title='bbox 2761 4097 2940 4154; x_wconf 87' lang='lat' dir='ltr'><strong>Lucas</strong></span> <span class='ocrx_word' id='word_1_674' title='bbox 2969 4096 3269 4152; x_wconf 87' lang='lat' dir='ltr'><strong>Dacberius</strong></span> <span class='ocrx_word' id='word_1_675' title='bbox 3298 4095 3351 4149; x_wconf 95' lang='lat' dir='ltr'><strong>in</strong></span> <span class='ocrx_word' id='word_1_676' title='bbox 3384 4092 3611 4165; x_wconf 77' lang='lat' dir='ltr'><strong>Spicile-</strong></span> 
     </span>
    </p>
   </div>
   <div class='ocr_carea' id='block_1_101' title="bbox 2036 4184 3619 4262">
    <p class='ocr_par' dir='ltr' id='par_1_101' title="bbox 2036 4184 3619 4262">
     <span class='ocr_line' id='line_1_101' title="bbox 2036 4184 3619 4262; baseline -0.003 -18"><span class='ocrx_word' id='word_1_677' title='bbox 2036 4192 2108 4261; x_wconf 84' lang='lat' dir='ltr'><strong>gii</strong></span> <span class='ocrx_word' id='word_1_678' title='bbox 2157 4199 2302 4249; x_wconf 90' lang='lat' dir='ltr'><strong>tomo</strong></span> <span class='ocrx_word' id='word_1_679' title='bbox 2348 4191 2413 4256; x_wconf 90' lang='lat' dir='ltr'><strong>ll,</strong></span> <span class='ocrx_word' id='word_1_680' title='bbox 2461 4207 2597 4262; x_wconf 89' lang='lat' dir='ltr'><strong>quas</strong></span> <span class='ocrx_word' id='word_1_681' title='bbox 2646 4208 2713 4247; x_wconf 79' lang='lat' dir='ltr'><strong>ex</strong></span> <span class='ocrx_word' id='word_1_682' title='bbox 2757 4191 2995 4246; x_wconf 76' lang='lat' dir='ltr'><strong>arcliivis</strong></span> <span class='ocrx_word' id='word_1_683' title='bbox 3038 4184 3484 4245; x_wconf 88' lang='lat' dir='ltr'><strong>Cluniacensibus</strong></span> <span class='ocrx_word' id='word_1_684' title='bbox 3520 4185 3619 4239; x_wconf 83' lang='lat' dir='ltr'><strong>de-</strong></span> 
     </span>
    </p>
   </div>
   <div class='ocr_carea' id='block_1_102' title="bbox 2036 4276 3613 4353">
    <p class='ocr_par' dir='ltr' id='par_1_102' title="bbox 2036 4276 3613 4353">
     <span class='ocr_line' id='line_1_102' title="bbox 2036 4276 3613 4353; baseline -0.006 -14"><span class='ocrx_word' id='word_1_685' title='bbox 2036 4283 2346 4353; x_wconf 89' lang='lat' dir='ltr'><strong>scripserat.</strong></span> <span class='ocrx_word' id='word_1_686' title='bbox 2376 4282 2551 4338; x_wconf 87' lang='lat' dir='ltr'><strong>Unnm</strong></span> <span class='ocrx_word' id='word_1_687' title='bbox 2602 4284 2729 4337; x_wconf 91' lang='lat' dir='ltr'><strong>item</strong></span> <span class='ocrx_word' id='word_1_688' title='bbox 2786 4297 2855 4337; x_wconf 78' lang='lat' dir='ltr'><strong>ex</strong></span> <span class='ocrx_word' id='word_1_689' title='bbox 2894 4282 3010 4352; x_wconf 90' lang='lat' dir='ltr'><strong>ejus</strong></span> <span class='ocrx_word' id='word_1_690' title='bbox 3061 4279 3405 4336; x_wconf 84' lang='lat' dir='ltr'><strong>sermonibus</strong></span> <span class='ocrx_word' id='word_1_691' title='bbox 3442 4276 3613 4331; x_wconf 81' lang='lat' dir='ltr'><strong>inedi-</strong></span> 
     </span>
    </p>
   </div>
   <div class='ocr_carea' id='block_1_103' title="bbox 2038 4368 3614 4443">
    <p class='ocr_par' dir='ltr' id='par_1_103' title="bbox 2038 4368 3614 4443">
     <span class='ocr_line' id='line_1_103' title="bbox 2038 4368 3614 4443; baseline -0.002 -18"><span class='ocrx_word' id='word_1_692' title='bbox 2038 4379 2149 4426; x_wconf 90' lang='lat' dir='ltr'><strong>tum</strong></span> <span class='ocrx_word' id='word_1_693' title='bbox 2182 4389 2291 4443; x_wconf 70' lang='lat' dir='ltr'><strong>prae</strong></span> <span class='ocrx_word' id='word_1_694' title='bbox 2314 4373 2564 4428; x_wconf 90' lang='lat' dir='ltr'><strong>manibus</strong></span> <span class='ocrx_word' id='word_1_695' title='bbox 2622 4373 2904 4437; x_wconf 88' lang='lat' dir='ltr'><strong>habemus,</strong></span> <span class='ocrx_word' id='word_1_696' title='bbox 2951 4386 3113 4442; x_wconf 90' lang='lat' dir='ltr'><strong>quem</strong></span> <span class='ocrx_word' id='word_1_697' title='bbox 3157 4371 3223 4426; x_wconf 89' lang='lat' dir='ltr'><strong>de</strong></span> <span class='ocrx_word' id='word_1_698' title='bbox 3270 4368 3614 4425; x_wconf 88' lang='lat' dir='ltr'><strong>solemnitate</strong></span> 
     </span>
    </p>
   </div>
   <div class='ocr_carea' id='block_1_104' title="bbox 2039 4460 3615 4535">
    <p class='ocr_par' dir='ltr' id='par_1_104' title="bbox 2039 4460 3615 4535">
     <span class='ocr_line' id='line_1_104' title="bbox 2039 4460 3615 4535; baseline -0.004 -15"><span class='ocrx_word' id='word_1_699' title='bbox 2039 4474 2239 4520; x_wconf 67' lang='lat' dir='ltr'><strong>sanctas</strong></span> <span class='ocrx_word' id='word_1_700' title='bbox 2276 4465 2465 4520; x_wconf 91' lang='lat' dir='ltr'><strong>Crucis</strong></span> <span class='ocrx_word' id='word_1_701' title='bbox 2503 4465 2823 4535; x_wconf 89' lang='lat' dir='ltr'><strong>composuit.</strong></span> <span class='ocrx_word' id='word_1_702' title='bbox 2877 4463 2993 4519; x_wconf 79' lang='lat' dir='ltr'><strong>line</strong></span> <span class='ocrx_word' id='word_1_703' title='bbox 3023 4462 3188 4518; x_wconf 90' lang='lat' dir='ltr'><strong>etiam</strong></span> <span class='ocrx_word' id='word_1_704' title='bbox 3239 4460 3484 4516; x_wconf 87' lang='lat' dir='ltr'><strong>revocari</strong></span> <span class='ocrx_word' id='word_1_705' title='bbox 3519 4475 3615 4528; x_wconf 87' lang='lat' dir='ltr'><strong>po-</strong></span> 
     </span>
    </p>
   </div>
   <div class='ocr_carea' id='block_1_105' title="bbox 2041 4550 3616 4624">
    <p class='ocr_par' dir='ltr' id='par_1_105' title="bbox 2041 4550 3616 4624">
     <span class='ocr_line' id='line_1_105' title="bbox 2041 4550 3616 4624; baseline -0.004 -16"><span class='ocrx_word' id='word_1_706' title='bbox 2041 4562 2146 4611; x_wconf 90' lang='lat' dir='ltr'><strong>test</strong></span> <span class='ocrx_word' id='word_1_707' title='bbox 2186 4555 2491 4611; x_wconf 90' lang='lat' dir='ltr'><strong>sollicitndo</strong></span> <span class='ocrx_word' id='word_1_708' title='bbox 2533 4555 2675 4609; x_wconf 89' lang='lat' dir='ltr'><strong>beati</strong></span> <span class='ocrx_word' id='word_1_709' title='bbox 2726 4554 2829 4609; x_wconf 89' lang='lat' dir='ltr'><strong>viri</strong></span> <span class='ocrx_word' id='word_1_710' title='bbox 2870 4569 2969 4624; x_wconf 88' lang='lat' dir='ltr'><strong>pro</strong></span> <span class='ocrx_word' id='word_1_711' title='bbox 3016 4551 3363 4615; x_wconf 80' lang='lat' dir='ltr'><strong>asservandis</strong></span> <span class='ocrx_word' id='word_1_712' title='bbox 3400 4550 3616 4622; x_wconf 88' lang='lat' dir='ltr'><strong>privile-</strong></span> 
     </span>
    </p>
   </div>
   <div class='ocr_carea' id='block_1_106' title="bbox 2038 4641 3610 4718">
    <p class='ocr_par' dir='ltr' id='par_1_106' title="bbox 2038 4641 3610 4718">
     <span class='ocr_line' id='line_1_106' title="bbox 2038 4641 3610 4718; baseline -0.004 -19"><span class='ocrx_word' id='word_1_713' title='bbox 2038 4646 2247 4718; x_wconf 89' lang='lat' dir='ltr'><strong>giorum</strong></span> <span class='ocrx_word' id='word_1_714' title='bbox 2282 4657 2338 4701; x_wconf 88' lang='lat' dir='ltr'><strong>et</strong></span> <span class='ocrx_word' id='word_1_715' title='bbox 2382 4645 2736 4701; x_wconf 88' lang='lat' dir='ltr'><strong>donationum</strong></span> <span class='ocrx_word' id='word_1_716' title='bbox 2806 4645 3138 4701; x_wconf 86' lang='lat' dir='ltr'><strong>monasterio</strong></span> <span class='ocrx_word' id='word_1_717' title='bbox 3197 4658 3296 4702; x_wconf 91' lang='lat' dir='ltr'><strong>suo</strong></span> <span class='ocrx_word' id='word_1_718' title='bbox 3343 4641 3610 4695; x_wconf 88' lang='lat' dir='ltr'><strong>factarum</strong></span> 
     </span>
    </p>
   </div>
   <div class='ocr_carea' id='block_1_107' title="bbox 2037 4728 3611 4808">
    <p class='ocr_par' dir='ltr' id='par_1_107' title="bbox 2037 4728 3611 4808">
     <span class='ocr_line' id='line_1_107' title="bbox 2037 4728 3611 4808; baseline -0.008 -16"><span class='ocrx_word' id='word_1_719' title='bbox 2037 4736 2263 4803; x_wconf 84' lang='lat' dir='ltr'><strong>chartis,</strong></span> <span class='ocrx_word' id='word_1_720' title='bbox 2291 4736 2382 4808; x_wconf 93' lang='lat' dir='ltr'><strong>qui</strong></span> <span class='ocrx_word' id='word_1_721' title='bbox 2408 4750 2594 4790; x_wconf 83' lang='lat' dir='ltr'><strong>earum</strong></span> <span class='ocrx_word' id='word_1_722' title='bbox 2616 4734 2988 4790; x_wconf 88' lang='lat' dir='ltr'><strong>collectionem</strong></span> <span class='ocrx_word' id='word_1_723' title='bbox 3033 4742 3342 4789; x_wconf 84' lang='lat' dir='ltr'><strong>accuratam</strong></span> <span class='ocrx_word' id='word_1_724' title='bbox 3391 4728 3503 4782; x_wconf 85' lang='lat' dir='ltr'><strong>tieri</strong></span> <span class='ocrx_word' id='word_1_725' title='bbox 3526 4742 3611 4780; x_wconf 83' lang='lat' dir='ltr'><strong>sa-</strong></span> 
     </span>
    </p>
   </div>
   <div class='ocr_carea' id='block_1_108' title="bbox 2041 4817 3613 4898">
    <p class='ocr_par' dir='ltr' id='par_1_108' title="bbox 2041 4817 3613 4898">
     <span class='ocr_line' id='line_1_108' title="bbox 2041 4817 3613 4898; baseline -0.008 -16"><span class='ocrx_word' id='word_1_726' title='bbox 2041 4829 2191 4898; x_wconf 83' lang='lat' dir='ltr'><strong>tegit,</strong></span> <span class='ocrx_word' id='word_1_727' title='bbox 2221 4829 2570 4886; x_wconf 89' lang='lat' dir='ltr'><strong>utdiscimus</strong></span> <span class='ocrx_word' id='word_1_728' title='bbox 2604 4843 2674 4883; x_wconf 83' lang='lat' dir='ltr'><strong>ex</strong></span> <span class='ocrx_word' id='word_1_729' title='bbox 2733 4825 3039 4883; x_wconf 86' lang='lat' dir='ltr'><strong>collectoris</strong></span> <span class='ocrx_word' id='word_1_730' title='bbox 3094 4823 3316 4893; x_wconf 89' lang='lat' dir='ltr'><strong>prologo</strong></span> <span class='ocrx_word' id='word_1_731' title='bbox 3365 4821 3419 4875; x_wconf 93' lang='lat' dir='ltr'><strong>in</strong></span> <span class='ocrx_word' id='word_1_732' title='bbox 3440 4817 3613 4873; x_wconf 88' lang='lat' dir='ltr'><strong>veteri</strong></span> 
     </span>
    </p>
   </div>
   <div class='ocr_carea' id='block_1_109' title="bbox 2036 4907 3615 4981">
    <p class='ocr_par' dir='ltr' id='par_1_109' title="bbox 2036 4907 3615 4981">
     <span class='ocr_line' id='line_1_109' title="bbox 2036 4907 3615 4981; baseline -0.008 -7"><span class='ocrx_word' id='word_1_733' title='bbox 2036 4933 2138 4975; x_wconf 85' lang='lat' dir='ltr'><strong>ms.</strong></span> <span class='ocrx_word' id='word_1_734' title='bbox 2189 4918 2561 4975; x_wconf 89' lang='lat' dir='ltr'><strong>Cluniacensis</strong></span> <span class='ocrx_word' id='word_1_735' title='bbox 2624 4918 2883 4972; x_wconf 71' lang='lat' dir='ltr'><strong>emnobii.</strong></span> <span class='ocrx_word' id='word_1_736' title='bbox 2939 4914 3181 4981; x_wconf 89' lang='lat' dir='ltr'><strong>Denique</strong></span> <span class='ocrx_word' id='word_1_737' title='bbox 3236 4918 3433 4981; x_wconf 87' lang='lat' dir='ltr'><strong>praeter</strong></span> <span class='ocrx_word' id='word_1_738' title='bbox 3499 4907 3615 4961; x_wconf 60' lang='lat' dir='ltr'><strong>haec</strong></span> 
     </span>
    </p>
   </div>
   <div class='ocr_carea' id='block_1_110' title="bbox 2036 4997 3614 5075">
    <p class='ocr_par' dir='ltr' id='par_1_110' title="bbox 2036 4997 3614 5075">
     <span class='ocr_line' id='line_1_110' title="bbox 2036 4997 3614 5075; baseline -0.011 -9"><span class='ocrx_word' id='word_1_739' title='bbox 2036 5010 2239 5075; x_wconf 86' lang='lat' dir='ltr'><strong>omnia,</strong></span> <span class='ocrx_word' id='word_1_740' title='bbox 2271 5027 2300 5066; x_wconf 90' lang='lat' dir='ltr'><strong>a</strong></span> <span class='ocrx_word' id='word_1_741' title='bbox 2327 5009 2600 5067; x_wconf 89' lang='lat' dir='ltr'><strong>nonnullis</strong></span> <span class='ocrx_word' id='word_1_742' title='bbox 2625 5024 2689 5062; x_wconf 85' lang='lat' dir='ltr'><strong>ex</strong></span> <span class='ocrx_word' id='word_1_743' title='bbox 2719 5008 2842 5062; x_wconf 89' lang='lat' dir='ltr'><strong>cod.</strong></span> <span class='ocrx_word' id='word_1_744' title='bbox 2874 5020 2977 5060; x_wconf 90' lang='lat' dir='ltr'><strong>ms.</strong></span> <span class='ocrx_word' id='word_1_745' title='bbox 3006 5004 3260 5057; x_wconf 91' lang='lat' dir='ltr'><strong>laudatur</strong></span> <span class='ocrx_word' id='word_1_746' title='bbox 3307 4997 3614 5056; x_wconf 81' lang='lat' dir='ltr'><strong>Chronicon</strong></span> 
     </span>
    </p>
   </div>
   <div class='ocr_carea' id='block_1_111' title="bbox 2037 5087 3615 5172">
    <p class='ocr_par' dir='ltr' id='par_1_111' title="bbox 2037 5087 3615 5172">
     <span class='ocr_line' id='line_1_111' title="bbox 2037 5087 3615 5172; baseline -0.009 -17"><span class='ocrx_word' id='word_1_747' title='bbox 2037 5102 2306 5172; x_wconf 88' lang='lat' dir='ltr'><strong>quoddam</strong></span> <span class='ocrx_word' id='word_1_748' title='bbox 2356 5108 2628 5156; x_wconf 83' lang='lat' dir='ltr'><strong>vetustum</strong></span> <span class='ocrx_word' id='word_1_749' title='bbox 2684 5106 2893 5151; x_wconf 58' lang='lat' dir='ltr'><strong>nostro.</strong></span> <span class='ocrx_word' id='word_1_750' title='bbox 2926 5094 3135 5150; x_wconf 90' lang='lat' dir='ltr'><strong>Odiloni</strong></span> <span class='ocrx_word' id='word_1_751' title='bbox 3177 5091 3472 5153; x_wconf 88' lang='lat' dir='ltr'><strong>tributum;</strong></span> <span class='ocrx_word' id='word_1_752' title='bbox 3519 5087 3615 5142; x_wconf 86' lang='lat' dir='ltr'><strong>sed</strong></span> 
     </span>
    </p>
   </div>
   <div class='ocr_carea' id='block_1_112' title="bbox 2038 5180 3702 5263">
    <p class='ocr_par' dir='ltr' id='par_1_112' title="bbox 2038 5180 3702 5263">
     <span class='ocr_line' id='line_1_112' title="bbox 2038 5180 3702 5263; baseline -0.011 -14"><span class='ocrx_word' id='word_1_753' title='bbox 2038 5209 2159 5249; x_wconf 89' lang='lat' dir='ltr'><strong>cum</strong></span> <span class='ocrx_word' id='word_1_754' title='bbox 2186 5194 2303 5263; x_wconf 89' lang='lat' dir='ltr'><strong>ejus</strong></span> <span class='ocrx_word' id='word_1_755' title='bbox 2338 5195 2415 5249; x_wconf 86' lang='lat' dir='ltr'><strong>rei</strong></span> <span class='ocrx_word' id='word_1_756' title='bbox 2462 5190 2601 5259; x_wconf 87' lang='lat' dir='ltr'><strong>apud</strong></span> <span class='ocrx_word' id='word_1_757' title='bbox 2634 5198 2843 5243; x_wconf 87' lang='lat' dir='ltr'><strong>veteres</strong></span> <span class='ocrx_word' id='word_1_758' title='bbox 2870 5185 3073 5241; x_wconf 90' lang='lat' dir='ltr'><strong>nullum</strong></span> <span class='ocrx_word' id='word_1_759' title='bbox 3099 5190 3278 5238; x_wconf 82' lang='lat' dir='ltr'><strong>exstet</strong></span> <span class='ocrx_word' id='word_1_760' title='bbox 3303 5180 3617 5251; x_wconf 81' lang='lat' dir='ltr'><strong>vestigium,</strong></span> <span class='ocrx_word' id='word_1_761' title='bbox 3693 5222 3702 5231; x_wconf 93' lang='lat'><strong>.</strong></span> 
     </span>
    </p>
   </div>
   <div class='ocr_carea' id='block_1_113' title="bbox 2038 5273 3621 5349">
    <p class='ocr_par' dir='ltr' id='par_1_113' title="bbox 2038 5273 3621 5349">
     <span class='ocr_line' id='line_1_113' title="bbox 2038 5273 3621 5349; baseline -0.008 -11"><span class='ocrx_word' id='word_1_762' title='bbox 2038 5281 2356 5349; x_wconf 86' lang='lat' dir='ltr'><strong>conjicimus</strong></span> <span class='ocrx_word' id='word_1_763' title='bbox 2393 5279 2636 5337; x_wconf 85' lang='lat' dir='ltr'><strong>Odilonis</strong></span> <span class='ocrx_word' id='word_1_764' title='bbox 2671 5292 2868 5333; x_wconf 87' lang='lat' dir='ltr'><strong>nomen</strong></span> <span class='ocrx_word' id='word_1_765' title='bbox 2909 5290 3009 5347; x_wconf 91' lang='lat' dir='ltr'><strong>pro</strong></span> <span class='ocrx_word' id='word_1_766' title='bbox 3044 5273 3232 5330; x_wconf 88' lang='lat' dir='ltr'><strong>Odone</strong></span> <span class='ocrx_word' id='word_1_767' title='bbox 3267 5273 3322 5327; x_wconf 90' lang='lat' dir='ltr'><strong>in</strong></span> <span class='ocrx_word' id='word_1_768' title='bbox 3360 5273 3502 5327; x_wconf 91' lang='lat' dir='ltr'><strong>hunc</strong></span> <span class='ocrx_word' id='word_1_769' title='bbox 3526 5284 3621 5325; x_wconf 90' lang='lat' dir='ltr'><strong>co-</strong></span> 
     </span>
    </p>
   </div>
  </div>
