4116 5358
509 351 614 409 883

1461 346 1519 403 S.
1559 344 1872 406 ODILONIS
1903 346 2399 407 CLUNIACENSIS
2436 349 2724 409 ABBATIS
2772 353 2811 409 ν

3652 354 3754 412 884

509 464 710 523 abbatis
738 461 1032 519 intitulatas
1083 460 1433 531 conscripsit;
1476 477 1583 519 non
1630 461 1783 530 alias,
1814 461 1893 518 uti
1933 461 2085 518 vide—
2110 475 2161 537 Α
2188 462 2283 516 vit.
2308 461 2387 516 Ex
2414 461 2500 539 his
2525 463 2578 519 in
2605 462 2722 531 ejus
2742 464 2866 520 Vita
2887 479 2917 522 a
2945 471 3133 523 sancto
3152 462 3311 522 Petro
3333 464 3580 523 Damiaui
3606 470 3752 525 edita

526 574 616 623 ur,
647 557 714 613 ab
739 557 804 612 iis
833 570 953 626 quae
979 553 1055 609 illi
1081 553 1295 611 Odiloni
1327 562 1516 610 nostro
1544 554 1871 609 tribuerunt.
1912 553 2087 610 Caete-

508 665 628 706 rum
667 662 730 701 ea
757 661 860 717 qua
887 645 1120 716 pollebat
1149 645 1232 699 vir
1253 653 1476 700 sanctus
1515 645 1791 700 humilitas
1842 659 1947 699 non
1981 642 2086 698 mi-

505 756 610 796 nus
652 740 704 793 in
729 738 845 807 ejus
869 737 1085 807 scriptis
1105 751 1264 806 quam
1294 736 1347 790 iu
1377 736 1588 791 caeteris
1607 737 1731 791 vitae
1773 736 1890 807 ejus
1914 736 2083 792 actio-

506 831 666 885 nibus
698 827 884 891 eluxit,
938 827 1012 880 ita
1043 834 1102 880 ut
1127 841 1190 881 ea
1218 826 1452 896 propriis
1472 826 1636 879 etiam
1666 824 1943 894 discipulis
1963 839 2088 880 exa-

506 916 766 972 minanda
818 915 1161 969 committere
1199 929 1306 968 non
1352 914 1725 969 erubesceret.
1775 912 1953 969 TeStis
2002 920 2087 969 est

506 1008 668 1078 hujus
725 1006 804 1061 rei
852 1006 1082 1076 ipsemet
1131 1005 1507 1060 sanctissimus
1550 1005 1738 1071 abbas,
1787 1005 1878 1075 qui
1917 1019 1982 1059 ea
2015 1005 2084 1059 de

508 1114 674 1153 causa
704 1098 884 1156 Vitam
910 1097 1090 1152 sancti
1136 1095 1314 1150 Maioli
1338 1111 1368 1150 a
1391 1111 1450 1151 se
1477 1106 1755 1153 exaratam
1791 1097 2000 1169 Hugoni
2027 1104 2084 1151 et

505 1189 773 1244 Almanno
830 1187 1279 1243 Cluuiacensibus
1318 1186 1601 1242 monachis
1647 1187 1996 1256 nuncupavit,
2022 1195 2083 1240 ut

505 1297 573 1337 ex
601 1280 829 1352 cpistola
862 1278 997 1334 Vitae
1026 1278 1248 1347 praeﬁxa
1294 1286 1463 1347 patet,
1486 1291 1649 1347 quam
1678 1277 1764 1332 hic
1798 1274 2081 1332 brevitatis

503 1386 667 1428 causa
689 1366 1168 1437 omittimus,un
1191 1366 1305 1437 jam
1336 1381 1443 1421 non
1475 1365 1643 1422 semel
1668 1365 1810 1421 edita
1842 1366 1936 1421 sit.

771 1459 865 1515 XI.
896 1456 974 1511 De
1003 1456 1201 1526 aliquot
1229 1455 1365 1510 beati
1390 1457 1486 1510 viri
1511 1455 1808 1526 discipulis.

574 1553 699 1609 “8.
741 1552 821 1607 lla
866 1565 1033 1605 suave
1061 1556 1180 1604 erat
1204 1547 1406 1604 Christi
1427 1548 1614 1620 jugum
1648 1548 1750 1603 sub
1777 1546 1923 1603 beati
1949 1543 2079 1604 Odi-

504 1647 645 1704 lonis
674 1644 954 1717 regimine,
988 1652 1046 1698 ut
1076 1642 1273 1697 mirum
1319 1656 1427 1697 non
1463 1642 1535 1697 sit
1568 1640 1617 1697 si
1641 1640 1946 1711 complures
1982 1653 2078 1710 ge-

505 1751 638 1794 nere
689 1736 916 1806 aliisque
975 1734 1190 1789 dolihus
1236 1732 1481 1788 illustres.
1499 1732 1626 1797 viri,
1663 1732 1868 1787 relictis
1896 1729 2074 1786 saeculi

2190 552 2441 609 laudatur
2466 554 2733 611 Adraldus
2761 556 3124 613 Brcmetensis
3151 558 3336 613 abbas.
3365 558 3475 614 Nec
3506 570 3754 630 repetere

2190 645 2279 701 hic
2303 654 2459 700 vacat
2498 660 2618 717 qua:
2667 662 2830 717 supra
2873 648 3106 703 diximus
3135 649 3200 703 de
3224 642 3461 705 Paterno
3487 660 3542 706 et
3565 650 3760 706 Garsia

2186 735 2493 799 abbatibus,
2540 736 2631 804 qui
2671 735 2890 806 Regulae
2937 737 3320 802 Benedictiuaa,
3345 740 3507 794 simul
3527 755 3651 795 cum
3676 741 3760 795 iu-

2187 824 2390 879 stitutis
2416 823 2786 881 Cluniacensis
2833 827 3176 892 monasterii,
3227 838 3536 883 accuratam
3565 829 3761 885 obser-

2185 913 2461 968 vationem
2492 913 2546 968 in
2575 912 2847 985 Hispania:
2902 916 3248 972 monasteriis
3272 928 3618 973 renovarunt.
3650 918 3760 975 Alii

2184 1002 2306 1059 aliis
2349 1006 2401 1060 in
2435 1006 2568 1061 locis
2616 1007 2817 1076 passim
2868 1016 3165 1063 occurrunt
3215 1008 3355 1078 apud
3392 1008 3640 1077 vulgatos
3664 1024 3765 1065 au-

2182 1104 2391 1163 ctores;
2437 1096 2530 1152 sed
2568 1097 2736 1153 multo
2773 1098 2952 1169 plures
2978 1108 3104 1153 sunt
3143 1099 3261 1169 qui,
3284 1098 3594 1154 hominibus
3632 1098 3764 1157 licet

2183 1186 2377 1258 ignoti,
2403 1187 2592 1241 vivunt
2620 1188 2672 1242 in
2701 1190 2927 1258 perenni
2992 1189 3187 1258 gloria.
3219 1189 3365 1243 Talis
3389 1186 3584 1244 fuisset
3610 1188 3763 1244 ινιτ.

2184 1275 2377 1340 terius,
2419 1276 2573 1346 cujus
2607 1291 2707 1332 nec
2737 1293 2960 1344 nomen,
3003 1294 3103 1334 nec
3155 1277 3260 1332 ulla
3298 1288 3447 1348 gesta
3469 1288 3759 1350 perspecta

2181 1369 2542 1439 haberemus,
2592 1373 2693 1428 nisi
2748 1371 2947 1428 Glaher
2988 1373 3106 1443 ejus
3143 1374 3438 1439 mentione,
3468 1376 3762 1430 occasione

2180 1461 2335 1530 quasi
2356 1458 2598 1527 fortuita,
2623 1476 2748 1516 eum
2761 1462 2918 1517 nobis
2940 1471 3126 1518 notum
3152 1460 3390 1518 fecisset.
3405 1462 3537 1517 Erat
3558 1463 3761 1533 quippe

2179 1549 2342 1606 homo
2381 1564 2482 1606 nec
2541 1552 2788 1622 corporis
2830 1561 2997 1619 statu,
3042 1568 3145 1609 nec
3184 1553 3383 1624 ingenii
3452 1553 3757 1607 subtilitate

2179 1642 2408 1698 multum
2450 1644 2934 1709 commendandus,
2985 1643 3079 1699 sed
3128 1644 3422 1699 sanctitate
3465 1658 3680 1698 morum
3702 1651 3760 1697 et

2178 1733 2360 1788 cordis
2403 1733 2642 1803 puritate
2686 1734 2796 1788 Deo
2837 1734 3265 1803 acceptissimus,
3303 1743 3363 1788 ut
3391 1749 3459 1789 ex
3488 1733 3605 1802 ejus
3634 1734 3760 1786 vita:

504 1825 736 1897 pompis,
767 1823 1214 1879 Cluniacensibus
1243 1823 1518 1878 accenseri
1541 1822 1826 1885 voluerint,
1856 1834 1921 1876 eo
1951 1829 2083 1876 tem-
2110 1825 2156 1886 B
2183 1822 2335 1876 exitu
2362 1823 2558 1894 patuit.
2590 1821 2697 1878 Sed
2749 1822 2918 1893 ipsius
2965 1822 3175 1877 Rodulti
3222 1823 3407 1879 Glabri
3436 1823 3601 1877 verba
3632 1838 3760 1893 pro-

506 1930 642 1985 pere
671 1932 778 1986 quo
825 1914 1121 1986 percelebri
1163 1913 1237 1968 illi
1276 1914 1606 1969 monasterio
1634 1912 1919 1982 praefectus
1943 1918 2081 1966 erat.

505 2007 614 2066 Eos
640 2022 829 2062 omnes
856 2020 1143 2061 recensere
1169 2019 1268 2060 nec
1294 2015 1465 2069 vacat,
1496 2020 1597 2060 nec
1618 2005 1748 2059 sinit
1775 2003 2082 2060 multitudo.

506 2099 808 2155 Nonnullos
866 2113 934 2154 ex
1001 2097 1387 2153 illustrioribus
1462 2111 1767 2153 memorare
1827 2095 2083 2161 subiciat,

512 2200 712 2262 praeter
745 2206 841 2245 eos
866 2204 1003 2261 quos
1029 2204 1189 2260 supra
1214 2203 1286 2247 ,ex
1319 2188 1486 2244 variis
1518 2189 1724 2243 chartis
1745 2188 1799 2242 in
1832 2202 2017 2257 parag.
2048 2186 2083 2240 4

505 2282 870 2336 laudavimus.
935 2281 1079 2335 Inter
1115 2294 1208 2335 eos
1240 2293 1370 2335 vero
1407 2279 1500 2349 qui
1543 2279 1768 2333 scientia
1796 2289 1851 2331 et
1877 2276 2085 2332 littera-

510 2389 632 2428 rum
661 2373 840 2429 studio
892 2372 1130 2429 illustres
1179 2372 1417 2439 fuerunt,
1455 2371 1631 2439 Sirus,
1665 2370 2007 2437 Arlebaldus,
2029 2378 2083 2425 ct

501 2461 777 2518 Jotsaldus
822 2462 1000 2518 locum
1055 2463 1255 2518 habere
1297 2462 1524 2529 debent;
1553 2461 1647 2516 sed
1678 2476 1817 2516 unus
1840 2460 2079 2515 omnium

501 2556 620 2612 loco
642 2571 764 2611 esse
787 2563 970 2626 potest
994 2565 1218 2610 sanctus
1243 2555 1414 2626 llugo,
1444 2552 1750 2609 sanctitatis
1773 2552 1888 2622 ejus
1917 2550 2078 2605 simul

500 2657 556 2704 et
585 2648 863 2719 dignitatis
891 2663 1191 2703 successor.
1241 2647 1352 2701 Nec
1383 2645 1669 2701 defuerunt
1720 2643 1966 2715 episcopi
1986 2642 2079 2713 qui

502 2736 605 2792 sub
633 2738 875 2792 Odilonis
904 2736 1185 2806 disciplina
1240 2738 1405 2791 vitam
1453 2734 1709 2791 humilem
1736 2735 1935 2789 ducere
1964 2748 2080 2787 ma-

501 2831 744 2896 luerunt,
774 2846 934 2901 quam
958 2829 1170 2885 caeteris
1197 2844 1449 2899 praeesse.
1484 2828 1644 2883 Certe
1673 2828 1883 2883 cuidam
1918 2827 2077 2881 char-

502 2931 590 2988 ιω,
620 2936 780 2990 quam
806 2935 967 2990 supra
985 2934 1134 2973 num.
1160 2919 1228 2973 27
1262 2918 1618 2984 laudavimus,
1646 2924 1771 2986 post
1793 2916 2073 2972 Odilonem

502 3013 755 3068 abbatem
801 3019 857 3066 et
903 3011 1187 3066 Vivianum
1240 3009 1608 3080 praepositum,
1638 3007 1935 3062 Ledbaldus
1961 3007 2076 3078 epi-

500 3119 695 3174 scopus
745 3101 1067 3171 subscripsit
1098 3117 1114 3155 :
1151 3101 1292 3154 unde
1346 3097 1665 3165 coujicimus
1711 3112 1837 3152 eum
1880 3098 2072 3153 relicta

2187 1911 2332 1967 ferre
2383 1912 2534 1978 libet,
2565 1928 2632 1967 ex
2659 1911 2796 1968 libro
2834 1928 2865 1969 ν
2912 1912 3186 1979 Historia),
3214 1929 3332 1984 cap.
3374 1914 3438 1967 ιε
3473 1931 3492 1963 ι
3520 1911 3764 1982 Contigit

2186 2001 2384 2058 ibidem
2413 2002 2698 2075 (Cluniaci)
2739 2003 2855 2073 ipso
2912 2012 3153 2074 tempore
3182 2003 3373 2076 (sancti
3403 2001 3670 2073 Odilonis)
3701 2009 3762 2055 ut

2185 2092 2348 2164 aliqui
2377 2108 2417 2150 θ
2443 2093 2704 2150 fratribus
2760 2096 3058 2165 migrarent
3088 2109 3155 2150 ex
3186 2096 3287 2151 hac
3333 2095 3468 2162 vita,
3523 2108 3762 2164 quorum

2183 2205 2344 2256 unus,
2377 2191 2595 2245 nomine
2640 2188 2956 2252 Walterius,
2988 2197 3367 2260 cognomento,
3406 2196 3464 2241 ut
3492 2196 3610 2242 erat
3643 2196 3760 2241 sta-

2186 2289 2324 2347 tura,
2354 2280 2606 2347 Pusillus,
2649 2295 2711 2337 ac
2738 2291 2933 2335 natura
2978 2280 3431 2346 simplicissimus,
3465 2280 3762 2351 incipiente

2183 2381 2342 2427 nocte
2358 2372 2536 2443 magni
2566 2370 3241 2427 SabbatiResurrectionis
3267 2370 3560 2425 Dominica:
3595 2370 3755 2426 obiit.

2180 2465 2444 2535 Apparuit
2489 2464 2634 2519 enim
2678 2464 2733 2519 in
2783 2465 2916 2519 hora
2945 2463 3029 2518 sui
3069 2463 3245 2517 exitus
3275 2459 3762 2517 innumerabilibus

2179 2557 2310 2612 viris
2355 2572 2420 2612 ac
2458 2556 2774 2612 mulieribus
2812 2556 3062 2612 columna
3100 2555 3237 2610 iocis
3267 2556 3434 2625 ignea:
3462 2570 3492 2608 a
3520 2553 3760 2609 culmine

2179 2647 2490 2702 monasterii
2549 2648 2613 2701 ad
2659 2647 2857 2701 coelum
2919 2660 3087 2714 usque
3144 2646 3455 2715 pertingens
3500 2659 3519 2696 :
3559 2643 3756 2712 quibus

2177 2753 2371 2809 nempe
2393 2754 2498 2793 non
2528 2739 2747 2793 dubium
2787 2736 2888 2792 fuit
2919 2735 3413 2793 misericordissimi
3443 2734 3539 2790 Dei
3574 2743 3757 2789 actum

2177 2827 2481 2901 largitione,
2514 2831 2606 2899 qui
2661 2829 2897 2884 animam
2936 2829 3120 2883 fratris
3171 2828 3329 2883 istius
3357 2842 3469 2881 sua:
3510 2827 3760 2897 gloriosa:

2177 2922 2596 2977 resurrectionis
2623 2920 2790 2976 voluit
2813 2920 3129 2991 participem
3169 2919 3305 2983 fore,
3339 2932 3404 2973 ac
3449 2917 3764 2972 viventibus

2175 3012 2319 3068 viam
2355 3013 2677 3069 innocentia:
2707 3013 3097 3067 demonstrare.
3136 3029 3154 3063 ι
3188 3010 3485 3064 Walterius
3516 3009 3570 3062 in
3604 3006 3759 3061 fastis

2179 3102 2546 3159 Benedictinis
2588 3119 2710 3158 cum
2765 3102 2921 3157 titulo
2954 3102 3095 3158 beati
3147 3101 3324 3156 locum
3366 3100 3591 3162 invenit,
3616 3097 3756 3152 die?

501 3173 628 3251 sede
656 3193 949 3264 episcopali
983 3200 1110 3246 tunc
1164 3190 1423 3259 temporis
1451 3191 1589 3260 apud
1617 3188 1932 3245 Cluniacum
1960 3204 2075 3245 mo-
2103 3173 2147 3235 (ἶ
2179 3194 2403 3265 Aprilis.
2441 3192 2599 3249 Nullo
2625 3202 2803 3247 tamen
2849 3193 3001 3248 cultu
3022 3191 3233 3262 publico
3261 3206 3495 3261 unquam
3523 3193 3758 3244 donatus

503 3285 727 3340 nasticte
750 3284 872 3338 vitae
927 3296 1121 3337 nomen
1156 3280 1390 3336 dedisse.
1437 3279 1617 3334 Alium
1659 3295 1791 3335 vero
1836 3279 2072 3336 Ledbal-

502 3378 633 3432 dum
660 3374 972 3444 episcopum
1026 3371 1144 3427 istis
1189 3370 1520 3440 temporibus
1548 3369 1843 3435 nescimus,
1876 3378 2074 3440 praeter

404 3490 409 3495 ·
499 3464 842 3538 [ιεύὴθιὰιιηι.
882 3462 1364 3528 Matisconensem,
1410 3462 1623 3516 aliunde
1675 3463 1809 3516 satis
1862 3470 2070 3528 notum,

500 3550 612 3631 qui,
642 3565 700 3613 ut.
728 3574 795 3614 ex
845 3557 1012 3614 variis
1040 3556 1245 3612 chartis
1288 3554 1563 3621 discimus,
1596 3553 1928 3609 monasterio
1949 3552 2072 3608 Clu-

499 3650 744 3706 niacensi
793 3647 1049 3703 nonnulla
1072 3645 1317 3702 contulit.
1361 3644 1514 3700 Hunc
1546 3653 1724 3699 tamen
1754 3643 1929 3714 ipsum
1953 3656 2074 3698 esse

500 3745 555 3798 in
583 3757 647 3798 ea
690 3741 878 3796 charta
931 3746 1288 3794 memoratum
1344 3749 1664 3792 asseverare
1714 3735 1922 3804 absque
1967 3733 2073 3789 alio

502 3841 820 3904 argumento
842 3847 947 3887 non
989 3829 1271 3884 audemus.
1309 3826 1581 3882 Habemus
1611 3824 1739 3878 item
1768 3823 1821 3876 in
1846 3820 2073 3892 epistola

500 3922 753 3978 Silvestri
781 3922 821 3977 Il
847 3936 1018 3993 papae,
1043 3935 1073 3975 a
1122 3919 1279 3974 nobis
1319 3917 1568 3988 superius
1594 3915 1833 3979 laudata,
1864 3913 2076 3983 episco-

499 4033 629 4087 pum
661 4017 948 4088 quemdam
994 4013 1146 4084 cujus
1175 4028 1371 4068 nomen
1412 4026 1519 4067 non
1550 4009 1842 4081 expressit,
1871 4009 1963 4078 qui
1987 4020 2073 4061 re-

500 4110 626 4165 licta
656 4109 785 4164 sede
812 4123 908 4163 sua
937 4106 1255 4163 Cluniacum
1298 4109 1616 4159 secesserat.
1641 4101 1723 4154 An
1748 4100 1794 4153 is
1824 4097 1924 4152 fuit
1954 4096 2077 4151 Let-

500 4200 709 4265 baldus,
735 4207 828 4254 aut
856 4198 1088 4253 Saucius
1130 4195 1437 4267 episcopus,
1482 4193 1750 4247 incertum
1793 4197 1895 4245 est.
1940 4187 2075 4242 San-

500 4294 645 4348 cium
679 4293 904 4348 dimisso
926 4291 1237 4359 episcopatu
1260 4302 1327 4341 ex
1351 4284 1605 4355 llispania
1634 4282 1952 4337 Cluniacum
1979 4278 2076 4334 ad-

499 4392 772 4448 ventasse,
797 4382 889 4437 ubi
912 4380 1012 4435 sub
1049 4378 1294 4434 Odilouis
1326 4376 1587 4446 regimine
1611 4373 1925 4428 monastica:
1953 4370 2077 4425 vita:

503 4476 810 4531 institutum
863 4471 1143 4543 professus
1185 4479 1289 4535 est,
1343 4469 1646 4537 colligimus
1690 4481 1755 4521 cx
1784 4463 1933 4520 beati
1974 4462 2073 4517 viri

443 4575 453 4591 ‘
500 4567 725 4638 epistola
758 4568 807 4631 l,
864 4564 1137 4635 Spicilcgii
1170 4573 1317 4618 tomo
1346 4562 1386 4616 ll
1433 4561 1597 4625 edita,
1647 4575 1808 4630 quam
1837 4557 2072 4612 Paterno

500 4659 756 4728 episcopo
778 4657 857 4712 sic
895 4654 1173 4724 inscripsit
1201 4670 1214 4706 :
1245 4652 1394 4723 Igne,
1427 4659 1557 4715 ctc.,
1583 4651 1750 4720 frater
1774 4647 1931 4701 Odilo
1953 4662 2071 4700 cum

501 4755 690 4807 domno
746 4751 983 4822 episcopo
1016 4748 1224 4812 Santio,
1257 4745 1523 4815 ontuisque
1546 4757 1832 4813 pauperum
1855 4739 2073 4795 Clunia-

500 4846 731 4900 ccnsium
755 4842 1108 4913 congregatio,
1137 4851 1245 4895 etc.

578 4938 698 4993 H9.
748 4934 1078 4991 liichardum
1129 4932 1417 5003 quemdam
1446 4930 1753 5002 episcopum
1785 4928 1968 4984 laudat
1987 4943 2073 4983 se-

502 5028 607 5083 mel
645 5038 699 5083 et
736 5029 934 5083 iterum
984 5023 1260 5080 Jotsaldus
1303 5022 1439 5078 libro
1474 5038 1535 5086 ιι,
1588 5035 1751 5092 quem
1782 5019 1924 5075 beati
1966 5016 2068 5072 viri

502 5121 824 5192 discipulum
852 5126 906 5172 et
931 5116 1047 5187 ejus
1077 5116 1334 5172 itinerum
1381 5116 1635 5171 comitem
1664 5112 1829 5168 fuisse
1857 5111 2067 5168 scribit.

504 5213 745 5268 Denique
800 5208 1120 5265 Walterium
1178 5209 1491 5268 episcopum
1540 5198 2072 5258 Matisconeusemiu

2177 3285 2303 3342 fuit.
2346 3285 2619 3342 Jotsaldus
2649 3285 2701 3340 in
2738 3282 2960 3339 Planctu
2990 3300 3147 3354 quem
3171 3284 3342 3339 edidit
3366 3284 3431 3337 dc
3457 3283 3601 3337 beati
3629 3281 3758 3335 Odi-

2176 3378 2317 3434 lonis
2353 3377 2524 3442 obitu,
2560 3377 2607 3431 ei
2657 3377 2961 3447 gratulatur
3005 3375 3146 3445 quod
3195 3375 3246 3428 in
3297 3372 3480 3427 futura
3513 3385 3759 3426 resurre-

2180 3473 2361 3529 ctione
2393 3471 2575 3527 multis
2618 3468 2893 3539 discipulis
2932 3468 3164 3538 stipatus
3196 3466 3412 3523 Christo
3432 3465 3661 3521 Domino
3683 3461 3760 3518 sit

2179 3564 2334 3619 obvia
2344 3572 2396 3617 tu
2407 3578 2517 3618 rus.

2330 3654 2471 3705 Odtlo
2494 3660 2709 3715 tuncque
2732 3665 2886 3703 novus
2907 3651 3095 3701 cmlesti
3120 3648 3297 3715 lumine
3320 3645 3500 3715 clarus,

2329 3717 2614 3765 Sanctorum
2631 3711 2827 3764 inertius
2852 3717 3067 3775 incedet,
3102 3720 3155 3762 et
3176 3713 3346 3775 obvius
3368 3711 3477 3768 ibit,

2329 3778 2545 3837 Agmine
2579 3779 2838 3825 multorum
2864 3774 3068 3825 vallatus
3086 3774 3486 3837 commilitonum,

2334 3834 2466 3898 Quos
2491 3838 2693 3886 Domino
2721 3841 2904 3900 verius,
2930 3837 3171 3895 exemplis
3187 3834 3490 3883 consociavit.

2251 3920 2375 3975 120.
2421 3918 2519 3974 Ηιο
2573 3929 2754 3974 autem
2799 3921 3049 3973 omittere
3097 3931 3202 3969 non
3242 3915 3368 3968 licet
3402 3912 3754 3978 Casimirum,

2179 4012 2417 4069 Miceslai
2463 4012 2505 4066 il
2543 4011 2867 4067 Polouorum
2923 4011 3065 4081 regis
3103 4009 3290 4074 lilium,
3327 4022 3486 4078 quem
3515 4006 3756 4062 historias

2177 4106 2448 4163 Polonicze
2475 4108 2771 4176 scriptores
2801 4107 2951 4160 aiunt
2978 4114 3101 4176 post
3131 4103 3303 4175 patris
3330 4113 3582 4165 mortem,
3612 4101 3753 4171 quod

2178 4198 2333 4268 regni
2374 4212 2626 4268 proceres
2685 4195 2934 4250 Rikscba:
2988 4194 3173 4249 matris
3198 4193 3314 4264 ejus
3346 4192 3587 4263 regimen
3614 4189 3755 4268 ferre

2178 4304 2286 4343 non
2331 4296 2571 4358 possent,
2627 4287 2804 4342 adhuc
2854 4286 3103 4353 juvenem
3151 4299 3376 4354 ereguo
3423 4260 3755 4353 pulsum,'in

2179 4376 2539 4432 Cluniacense
2588 4376 2976 4430 monasterium
3043 4374 3360 4438 secessisse;
3428 4370 3753 4440 ibiquc,ah-

2172 4469 2337 4538 jectis
2383 4468 2561 4524 saeculi
2594 4469 2826 4538 pompis,
2869 4467 3221 4522 monasticam
3255 4466 3418 4518 vitam
3448 4463 3753 4532 professum

2182 4565 2466 4621 diaconum
2517 4562 2684 4619 fuisse
2712 4564 3039 4618 ordinatum.
3081 4562 3187 4617 Sed
3218 4577 3339 4617 cum
3364 4560 3756 4617 crebrescenti-

2181 4655 2285 4710 bus
2322 4656 2376 4709 iu
2407 4654 2627 4709 Polonia
2678 4654 2916 4710 dissidiis
2943 4653 3279 4709 calamitates
3306 4652 3534 4723 publica:
3555 4667 3621 4707 eo
3642 4665 3757 4705 cre-

2180 4746 2406 4810 vissent,
2461 4753 2521 4800 ut
2577 4744 2721 4799 nulla
2778 4745 3125 4801 restituenda:
3178 4744 3586 4813 tranquillitatis
3635 4758 3757 4813 spcs

2182 4835 2482 4906 aliulgerct,
2522 4838 2630 4892 nisi
2659 4852 2882 4905 regnum
2928 4836 3194 4893 Casimiro
3223 4836 3623 4899 restitueretur,
3663 4850 3754 4889 rex

2180 4931 2249 4984 ab
2286 4930 2538 4984 omnibus
2583 4928 2884 4983 Casimirus
2937 4929 3100 4982 etiam
3132 4926 3329 4981 absens
3351 4925 3752 4995 pmclamatur:

2176 5030 2233 5077 et
2255 5021 2435 5090 legati,
2486 5021 2579 5091 qui
2619 5036 2743 5076 eum
2788 5029 3151 5085 accerserent,
3204 5034 3525 5090 quocunque
3553 5018 3608 5072 in
3641 5017 3756 5072 loco

2176 5111 2541 5176 delitesceret,
2581 5126 2687 5180 quo
2735 5111 2878 5164 enim
2911 5109 3000 5164 ille
3044 5110 3360 5164 secessisset
3407 5107 3587 5162 nullus
3617 5107 3755 5161 scic-

2178 5204 2292 5267 hat,
2322 5202 2669 5268 deputantur.
2718 5200 2782 5253 Hi
2808 5208 2928 5268 post
2962 5199 3139 5253 varias
3193 5197 3436 5253 fortunas
3466 5213 3494 5248 a
3523 5194 3756 5249 Rikscba
