4116 5358
493 350 624 419 337'

693 476 804 530 XII.
829 476 1065 532 Odilonis
1088 481 1253 549 elogia
1276 496 1339 535 ea:
1359 480 1516 535 uariis
1541 479 1859 534 auctoribus.

494 637 499 643 _
564 567 689 623 125.
716 566 972 633 Quamvis
998 576 1076 622 tot
1108 578 1325 639 tamque
1352 570 1622 640 praeclarae
1646 571 1891 633 virtutes,
1933 568 2055 638 qui-

490 656 592 712 bus
617 655 897 711 Odilonem
928 658 1185 713 enituisse
1216 659 1332 714 fuse
1372 661 1738 731 probavimus,
1769 660 2055 715 videantur

493 747 558 802 ad
579 746 694 824 ejus
724 747 954 817 elogium
1002 749 1390 809 conﬁciendum
1448 750 1729 821 plusquam
1788 747 2052 814 sulliccre,

489 850 666 907 operte
696 845 875 892 tamen
905 839 1136 907 pretium
1167 840 1271 896 erit
1318 840 1424 895 huc
1466 840 1711 910 proferre
1747 834 1917 911 elogia
1948 840 2050 894 ali-

488 934 638 996 quot,
685 925 879 997 quibus
921 927 988 982 ab
1015 928 1326 984 auctoribus
1375 930 1716 1000 potissimum
1748 928 2050 1000 aequalibus

488 1013 593 1070 fuit
620 1012 869 1080 donatus,
899 1024 957 1069 ut
987 1016 1109 1072 inde
1139 1027 1340 1086 pateat,
1395 1035 1499 1088 quo
1544 1020 1600 1074 in
1647 1019 1821 1089 pretio
1873 1028 2055 1077 tantus

431 1152 438 1159 .
488 1104 572 1160 vir
595 1105 737 1177 apud
759 1121 947 1161 omnes
976 1105 1158 1162 fuerit.
1194 1108 1257 1163 Et
1279 1109 1492 1177 quidem
1525 1118 1672 1164 tanta
1697 1119 1816 1168 erat
1853 1110 2055 1167 sancti-

491 1198 619 1251 tatis
646 1194 791 1251 fama
827 1196 1093 1265 Odilonis,
1119 1198 1453 1271 fratrumque
1482 1201 1582 1255 sub
1628 1200 1745 1270 ejus
1789 1202 2051 1271 regimine

488 1288 820 1357 degentium,
850 1297 910 1342 ut
936 1289 1094 1360 vulgo
1125 1293 1510 1347 monasterium
1545 1292 1901 1348 Cluniacense
1937 1307 2051 1363 prae

487 1379 695 1433 cteteris
722 1388 770 1432 et
797 1379 1042 1448 religione
1064 1382 1404 1451 prwcipuum,
1429 1392 1476 1435 et
1501 1382 1700 1436 divitiis
1723 1382 2056 1452 opulentissi-

486 1485 627 1522 mum
666 1469 954 1524 diceretur.
980 1470 1036 1525 ld
1061 1479 1290 1526 testatur
1318 1471 1473 1542 Hugo
1494 1473 1546 1527 in
1569 1473 1834 1530 Chronico
1859 1472 2050 1529 Virdu-

486 1562 662 1628 nensi,
686 1570 741 1618 et
763 1561 998 1619 Joannes
1019 1563 1138 1618 XIX
1166 1563 1440 1620 Romanus
1472 1564 1714 1636 pontifex
1739 1565 1792 1620 in
1830 1564 2057 1636 epistola

492 1668 655 1723 quam
712 1669 875 1725 supra
928 1654 1290 1721 laudavimus,
1348 1656 1679 1712 Gauslenum
1737 1657 2053 1727 episcopum

488 1745 933 1801 blatisconensem
967 1746 1159 1816 arguit,
1194 1748 1335 1818 quod
1374 1749 1663 1803 coenobium
1711 1746 2057 1803 Cluniacense

1371 434 1376 439 η
1409 361 1466 415 S.
1505 356 1819 417 ODlLONIS
1851 353 2344 416 CLUNIACENSIS
2381 357 2667 415 ABBATIS
2702 358 2745 413 γ

2083 475 2136 535 Α
2162 476 2425 547 religiosos
2455 486 2501 531 et
2524 476 2752 533 illustres
2800 480 3077 536 sanctitate
3107 494 3229 537 eum
3267 485 3552 554 praedicat;
3574 497 3629 545 et
3653 490 3735 547 ad

3620 367 3736 425 888

2157 581 2357 619 annum
2379 564 2515 620 1027
2544 565 2690 621 inter
2714 566 2924 622 abbales
2951 570 3314 637 uominabiles,
3335 589 3567 643 quorum
3592 593 3733 648 ope-

2157 670 2216 708 ra
2244 654 2424 724 religio
2451 654 2801 710 ecclesiastica
2829 658 3071 727 ﬂorebat,
3121 674 3354 732 eumque
3381 664 3569 731 pietate
3593 667 3734 721 insi-

2153 763 2304 817 gnem
2346 747 2692 816 peculiariter
2718 758 3013 819 nuncupat.
3046 751 3305 808 Eumdem
3365 755 3543 811 Maioli
3593 774 3733 813 suc-

2153 852 2425 894 cessarem
2457 847 2512 893 et
2533 839 2733 894 virtute
2783 840 2833 894 ei
2859 856 2966 895 non
3005 841 3264 911 imparem
3298 846 3555 913 praedicat
3586 850 3738 905 Ade-

2153 940 2356 981 marus.
2388 926 2591 997 Ipsum,
2619 927 2697 980 uti
2744 927 2856 996 jam
2901 929 3159 996 diximus,
3204 934 3556 989 revere'batur
3597 945 3726 990 tan-

2155 1030 2316 1085 quam
2351 1017 2595 1085 templum
2628 1015 2857 1086 Spiritus
2885 1019 3054 1074 sancti
3084 1018 3402 1077 Guillelmus
3432 1024 3538 1079 dux
3561 1026 3731 1095 Aqui-

2156 1118 2438 1176 lanarum;
2488 1110 2735 1180 virginem
2767 1113 3121 1167 centenarium
3159 1115 3249 1169 alii
3279 1115 3438 1186 vulgo
3486 1117 3732 1187 appella-

2154 1200 2305 1264 bant,
2330 1200 2472 1269 quod
2498 1214 2622 1255 eum
2646 1201 2956 1271 centuplum
2978 1202 3212 1259 fructum
3238 1204 3292 1259 in
3318 1205 3570 1261 Ecclesia:
3591 1221 3731 1277 agro

2154 1291 2400 1362 proferre
2420 1300 2711 1362 putarent;
2744 1292 2835 1348 alii
2861 1294 3321 1352 clementissimum
3354 1296 3568 1352 Patrem
3593 1315 3731 1354 nun-

2156 1384 2445 1454 cupabant,
2489 1383 2631 1453 quod
2674 1399 2795 1441 sese
2840 1394 3012 1441 totum
3044 1387 3430 1443 misericordia
3468 1390 3730 1458 operibus

2159 1476 2515 1548 impenderit;
2539 1478 2630 1532 alii
2663 1478 2896 1549 denique
2941 1478 3062 1536 aliis
3088 1482 3351 1536 encomiis
3373 1480 3487 1550 ejus
3517 1481 3725 1536 sancti-

2157 1573 2348 1632 tatem,
2402 1567 2772 1637 przeclaraque
2816 1583 2982 1638 opera
3043 1568 3321 1625 celebrare
3379 1572 3731 1635 studuerunt,

2158 1673 2387 1728 quorum
2416 1658 2578 1713 verba
2608 1659 2815 1714 referre
2844 1674 2951 1714 non
2971 1668 3160 1726 vacat;
3194 1662 3329 1715 satis
3357 1660 3518 1717 fuerit
3539 1662 3584 1715 si
3608 1662 3725 1717 haec

2160 1748 2340 1804 omnia
2363 1749 2501 1804 beati
2533 1748 2789 1804 Bernardi
2821 1750 3092 1804 sententia
3112 1750 3519 1816 concludamus,
3547 1751 3640 1821 qui
3670 1751 3726 1806 in

486 1838 824 1910 perturbaret
848 1838 1045 1893 cunctis
1075 1855 1202 1904 pene
1238 1839 1534 1904 nationibus
1584 1841 1864 1895 sanctitate
1914 1856 2052 1907 prte-
2082 1827 2130 1889 Β
2155 1836 2413 1909 Apologia
2441 1838 2510 1893 ad
2537 1837 2878 1894 Guillelmum
2917 1839 3163 1895 abbatem
3206 1837 3587 1895 Cluniaeenses
3615 1855 3729 1895 mo-

491 1926 713 1999 fulgens,
746 1927 897 1998 cujus
931 1929 1178 1984 abbatem
1219 1929 1450 2000 appellat
1490 1931 1843 1985 venerandum
1893 1931 2051 1984 etiam

488 2017 781 2087 inﬁdelibus
821 2017 1035 2074 Patrem
1072 2019 1322 2075 domuum
1362 2019 1655 2076 Odilonem.
1699 2020 1928 2091 lnjurias
1969 2018 2052 2074 ei-

489 2107 610 2163 dem
641 2108 758 2165 loco
787 2109 964 2165 illatas
992 2110 1046 2165 in
1094 2118 1259 2167 totam
1304 2110 1602 2166 Ecclesiam
1635 2110 1941 2167 redundare
1970 2110 2052 2165 in-

489 2200 610 2252 nuit
639 2198 961 2255 Benedictus
983 2199 1114 2267 Vlll,
1156 2201 1398 2257 scribens
1428 2201 1727 2258 Galliarum
1782 2203 2057 2272 episcopis

489 2289 544 2344 in
565 2288 679 2344 haec
704 2291 903 2345 verba:
944 2291 1314 2348 Cluniacensis
1352 2293 1667 2348 monasterii
1728 2293 2057 2364 dispendium

489 2395 759 2433 commune
794 2391 870 2434 est
920 2383 1151 2445 omnium
1197 2393 1493 2437 nostrorum
1549 2383 1936 2450 detrimentum,
1989 2384 2058 2439 ob

487 2470 693 2525 scilicet
742 2471 1075 2542 interruptas
1115 2475 1409 2539 orationes,
1463 2474 1677 2545 aliaque
1722 2476 1811 2544 pia
1859 2488 2048 2544 opera,

487 2573 607 2628 qum
652 2574 717 2612 eo
763 2559 880 2616 loco
902 2576 1001 2630 pro
1031 2564 1195 2617 totius
1217 2563 1473 2619 Ecclesiae
1522 2572 1665 2618 statu
1702 2562 1903 2636 jugiter
1938 2565 2056 2619 fleri

487 2651 751 2707 solebant.
786 2653 935 2710 Unde
962 2654 1397 2711 Cluniacensium
1430 2657 1818 2713 monachorum
1866 2671 2059 2727 preces

487 2747 620 2800 tanti
651 2745 887 2802 faciebat
914 2747 1176 2803 Silvester
1217 2747 1281 2814 ll,
1323 2757 1381 2803 ut
1413 2764 1470 2804 se
1515 2750 1737 2806 omnino
1768 2750 1849 2805 eis
1903 2764 2057 2805 com-

488 2841 798 2892 mendatum
812 2839 992 2895 vellet.
1016 2839 1308 2906 «Vestris,»
1330 2840 1523 2910 inquit,
1550 2858 1569 2891 ι
1590 2840 2060 2896 nossanctissimis

487 2928 636 2982 omni
672 2937 911 2998 tempore
938 2931 1326 2985 committimus
1347 2931 1715 2997 orationibus,
1747 2940 1802 2987 et
1834 2941 1891 2986 ut
1917 2931 2059 2987 acci-

488 3032 616 3087 pere
657 3020 949 3090 dignemini
992 3022 1237 3078 lidelibus
1288 3039 1575 3078 exoramus
1627 3024 2002 3095 petitionibus.
2033 3042 2052 3075 ι

490 3113 633 3167 Idem
671 3114 949 3170 Odilonem
984 3118 1295 3186 prceclarum
1323 3118 1559 3172 abbatem
1592 3116 1852 3172 nominat.
1891 3115 2054 3171 Sum-

488 3217 698 3256 morum
729 3204 1044 3272 pontiﬁcum
1075 3207 1314 3276 vestigiis
1350 3207 1679 3263 inlueserunt
1726 3207 1907 3262 caeteri
1946 3207 2047 3276 cpi

489 3293 657 3362 scopi.
689 3292 992 3359 Odilonem,
1022 3304 1080 3348 ut
1107 3297 1264 3352 modo
1294 3298 1629 3362 dicebamus,
1651 3297 1816 3352 veluti
1840 3297 2056 3352 Patrem

489 3398 645 3437 suum
670 3384 1030 3439 venerabatur
1055 3385 1343 3443 Fulbertus
1363 3388 1777 3443 Carnotensium
1805 3390 2057 3454 antistes,

488 3474 577 3543 qui
626 3489 750 3528 cum
806 3485 1044 3530 sanctum
1095 3479 1468 3532 monac/tarum
1531 3478 1899 3547 archangelum
1965 3494 2059 3549 ap-

487 3566 692 3636 pellare
723 3577 1097 3622 consueverat.
1142 3568 1400 3623 Eumdcm
1442 3568 1604 3623 veluti
1637 3568 1979 3622 clarissimum
2005 3571 2057 3622 in

486 3659 682 3713 mundo
712 3659 974 3729 speculum
1034 3660 1101 3715 ab
1132 3675 1197 3715 eo
1233 3660 1417 3714 datum
1458 3660 1627 3716 fuisse
1650 3661 1906 3715 dixerunt
1927 3660 2060 3714 Car-

490 3759 742 3806 notenses
789 3752 1058 3816 canonici,
1084 3767 1242 3821 quem
1280 3753 1664 3806 sanctissimum
1696 3750 1909 3807 Patrem
1964 3753 2058 3807 ad-

485 3840 593 3896 huc
616 3842 887 3896 viventem
913 3843 964 3896 in
989 3842 1213 3911 epistola
1229 3857 1323 3896 sua
1352 3852 1684 3912 nuncupant.
1702 3842 1854 3898 Hunc
1881 3843 2056 3913 ipsum

487 3936 542 3989 in
602 3946 781 3989 ucstra
838 3937 888 3989 id
942 3944 1027 3989 cst
1076 3935 1403 4002 monastica,
1455 3935 1774 4006 professione
1826 3935 2059 4001 singula-

488 4043 593 4082 rem
637 4029 705 4084 ab
743 4028 967 4083 Ablaonc
999 4027 1327 4082 Floriacensi
1362 4028 1413 4082 in
1443 4028 1671 4098 epistola
1702 4043 1863 4097 quam
1894 4043 2054 4098 supra

490 4116 849 4185 laudavimus,
888 4120 1087 4174 dictum
1120 4118 1284 4173 fuisse
1325 4118 1435 4188 jam
1468 4135 1497 4173 a
1524 4119 1679 4173 nobis
1713 4120 2055 4174 observatum

495 4219 602 4275 est,
628 4219 683 4265 at
711 4212 762 4266 in
818 4210 1042 4280 epistola
1071 4211 1138 4265 ad
1178 4209 1242 4265 G.
1298 4210 1569 4274 abbatem,
1617 4211 1766 4265 illum
1799 4219 2054 4278 tanquam

488 4306 646 4359 totius
695 4304 962 4373 religionis
1011 4302 1318 4372 signiferum
1369 4303 1728 4359 commendat.
1794 4301 2053 4356 Eumdem

489 4402 678 4446 sancto
702 4392 896 4447 Maiolo
927 4392 1201 4447 rirtulibus
1223 4404 1269 4446 et
1296 4394 1477 4447 merito
1507 4394 1626 4447 rita:
1664 4407 1765 4446 non
1792 4392 2053 4460 disparem

490 4485 657 4540 fuisse
697 4494 922 4539 testatur
947 4496 1137 4539 auctor
1166 4485 1416 4540 Chronici
1448 4484 1620 4540 sancti
1659 4483 1929 4538 Maxentii.
1962 4483 2056 4537 Vi-

489 4592 608 4628 rum
640 4575 756 4629 vita:
786 4585 831 4628 et
855 4576 1011 4641 fantur
1064 4574 1407 4628 uenerabilem
1455 4575 1685 4644 appellat
1732 4574 1842 4629 Leo
1867 4573 2055 4628 Marsi-

489 4681 660 4722 canus
703 4665 759 4719 in
822 4664 1084 4720 Chronico
1114 4665 1417 4719 Casincnsi.
1459 4666 1825 4720 Arvernorum
1849 4663 2055 4733 regioni

491 4757 793 4828 gratulatur
851 4754 1043 4810 Petrus
1091 4755 1464 4820 Pictaviensis,
1495 4755 1638 4824 quod
1694 4755 1854 4809 talem
1888 4754 2059 4810 alum-

488 4867 641 4915 num,
670 4865 830 4920 quem
867 4847 1141 4904 Odilonem
1168 4848 1503 4918 magniﬁcum
1546 4856 1840 4917 nuncupat,
1871 4856 2056 4919 protuv

494 4943 633 4998 terit.
667 4942 827 4996 Petro
861 4949 1042 4995 autem
1071 4939 1375 4995 Venerabili
1405 4940 1583 4995 abbati
1601 4938 1940 4996 Cluniacensi
1967 4941 2053 4996 cui

489 5034 873 5105 panegyricum
897 5032 1048 5097 dicit,
1079 5030 1321 5087 Odilonis
1352 5038 1406 5085 et
1435 5029 1664 5086 aliorum
1707 5030 1924 5086 Patrum
1952 5033 2059 5103 spi-

491 5128 648 5180 ritum
673 5134 843 5196 optat.
888 5123 1165 5178 Laudatur
1194 5139 1225 5177 a
1252 5122 1534 5194 Sigeberto
1565 5120 1793 5191 aliisque
1824 5121 2053 5178 chrono-

490 5216 728 5286 grapbis,
760 5214 902 5284 quod
947 5214 1338 5269 monasterium
1377 5211 1733 5267 Cluniacense
1758 5226 1856 5282 per
1886 5227 2057 5269 annos

2160 1928 2364 1983 nacbos
2414 1928 2750 1992 adhortatur,
2803 1936 2863 1983 ut
2904 1928 2971 1983 ad
3022 1936 3239 1984 sanctos
3271 1927 3531 1993 Odonem,
3560 1929 3729 1984 Maio-

2158 2019 2293 2084 lnm,
2347 2019 2628 2075 Odilonem
2658 2031 2713 2074 et
2739 2020 3038 2090 llugonem,
3071 2033 3208 2087 quos
3254 2017 3353 2088 ipsi
3390 2019 3646 2089 principes
3676 2025 3728 2072 et

2159 2119 2499 2181 prttceptores
2524 2110 2713 2165 habere
2734 2108 3120 2178 gloriabantur,
3153 2109 3515 2174 attendentes,
3545 2120 3736 2162 mores

2160 2214 2286 2256 Suos
2315 2198 2609 2255 reformare
2632 2207 2901 2269 satagant.

2267 2309 2399 2366 Xlll.
2430 2309 2587 2366 Beati
2612 2309 2853 2365 Odilonis
2881 2310 3090 2364 morbus
3119 2317 3399 2373 extremus,
3424 2307 3619 2361 obitus.

2753 2379 2938 2434 Cultus
2964 2396 3132 2434 sacer.

2232 2469 2355 2526 124.
2407 2467 2537 2537 Quae
2566 2483 2596 2524 a
2625 2468 2785 2525 beato
2826 2466 3051 2524 Odilone
3090 2474 3242 2539 gesta
3268 2473 3537 2521 suntcum
3563 2463 3729 2521 morti

2158 2563 2438 2634 proximus
2468 2574 2589 2616 sese
2636 2559 2703 2615 ad
2747 2558 2983 2614 ccelestis
3027 2558 3219 2628 patria:
3244 2558 3346 2612 iter
3392 2555 3728 2627 accingeret,

2160 2653 2235 2707 ita
2275 2660 2528 2707 accurate
2563 2649 2846 2718 descripsit
2873 2648 3143 2705 Jotsaldus
3188 2648 3240 2702 in
3271 2646 3391 2701 Vita
3439 2660 3599 2716 quam
3638 2646 3729 2701 in-

2158 2740 2325 2797 ferius
2351 2741 2529 2796 daturi
2561 2756 2765 2803 sumus,
2814 2750 2875 2794 ut
2902 2742 2990 2793 vix
3037 2739 3326 2809 quidquam
3358 2752 3420 2792 ea
3449 2736 3518 2793 de
3547 2752 3607 2792 re
3638 2737 3729 2792 hic

2158 2832 2515 2903 adjiciendum
2544 2831 2809 2885 videatur.
2841 2826 2999 2883 Certe
3027 2826 3290 2881 habemus
3314 2824 3596 2895 epistolam
3617 2838 3732 2878 mo—

2159 2926 2457 2981 nachorum
2498 2919 2965 2978 Silviniacensium
3011 2920 3079 2972 ad
3128 2917 3414 2988 quemdam
3472 2914 3728 2968 abbatem

2159 3019 2224 3073 de
2245 3008 2387 3074 beati
2433 3015 2675 3073 Odilonis
2720 3016 2869 3069 exitu
2898 3009 3248 3067 scribentium
3278 3023 3340 3063 ea
3375 3023 3496 3078 quae
3538 3020 3729 3061 coram

2160 3108 2409 3163 viderant
2444 3116 2498 3163 et
2547 3105 2861 3169 audierant;
2899 3101 2995 3157 sed
3027 3101 3079 3155 in
3122 3114 3227 3169 qua
3261 3098 3396 3153 nihil
3430 3097 3543 3152 fere
3583 3092 3729 3150 aliud

2159 3198 2393 3254 occurrit
2423 3206 2619 3268 prteter
2652 3212 2713 3252 ea
2745 3212 2863 3267 qua:
2886 3212 2915 3250 a
2946 3193 3184 3250 Jotsaldo
3242 3191 3568 3247 referuntur.
3593 3189 3731 3243 Eam

2161 3304 2338 3349 tamen
2372 3293 2476 3347 huc
2500 3289 2703 3345 referre
2728 3290 2900 3344 visum
2942 3296 3045 3351 est,
3077 3285 3216 3355 quod
3245 3282 3404 3354 paulo
3441 3290 3559 3352 post
3580 3279 3726 3333 beati

2161 3384 2369 3438 abbatis
2406 3383 2610 3438 obitum
2665 3380 2868 3451 scripta
2914 3379 3004 3441 sit,
3071 3385 3127 3433 et
3166 3373 3416 3431 conferre
3447 3372 3617 3442 possit
3656 3368 3728 3424 ad

2159 3474 2556 3529 conciliandam
2603 3482 2790 3527 nostro
2845 3468 3087 3527 Jotsaldo
3135 3467 3532 3523 auctoritatem.
3574 3461 3731 3517 Hane

2160 3583 2288 3623 vero
2310 3567 2590 3637 epistolam
2621 3566 2881 3624 habemus
2929 3576 2994 3616 ex
3027 3561 3236 3615 duobus
3273 3556 3550 3613 codicibus
3569 3568 3727 3619 mss.,

2161 3680 2266 3720 uno
2291 3663 2499 3719 scilicet
2523 3661 2811 3717 Cbristinze
2864 3658 3061 3728 regium
3087 3654 3314 3718 Suecim,
3344 3651 3438 3722 qui
3464 3649 3594 3705 olim
3624 3646 3727 3701 fuit

2159 3756 2331 3812 SunCii
2356 3753 2597 3825 Maglorii
2629 3750 2972 3814 Parisiensis,
2994 3748 3165 3803 altero
3188 3746 3360 3801 sancti
3392 3741 3562 3798 Mauri
3588 3739 3728 3795 Fos-

2157 3849 2406 3905 satensis.
2454 3846 2511 3901 In
2542 3843 2705 3915 priori
2737 3843 2880 3898 hunc
2930 3838 3147 3910 praefert
3198 3834 3409 3890 titulum
3438 3846 3454 3886 :
3486 3827 3727 3900 Epistola

2158 3939 2529 3996 monachorum
2560 3931 3014 3991 Silviniacensium
3058 3928 3127 3981 ad
3153 3927 3217 3981 A.
3245 3926 3482 3979 abbatem
3509 3920 3728 3975 Clunia-

2158 4046 2379 4087 censem.
2435 4026 2649 4097 Incipit,
2691 4033 2796 4079 etc.
2855 4022 2912 4076 lu
2957 4021 3149 4085 altero,
3202 4018 3278 4072 De
3315 4017 3458 4070 obitu
3486 4011 3729 4068 Odilonis

2158 4121 2380 4176 abbatis.
2443 4118 2623 4173 Totius
2678 4114 2988 4178 nobilitatis,
3027 4120 3133 4166 etc.
3183 4108 3507 4164 Persuasum
3541 4114 3725 4156 autem

2156 4212 2419 4268 habemus
2462 4208 2675 4264 titulum
2709 4207 2761 4260 in
2792 4204 2977 4260 codice
3023 4199 3350 4271 Magloriano
3396 4195 3725 4266 appositum,

2157 4304 2429 4358 sincerum
2457 4314 2563 4354 non
2581 4312 2720 4362 esse,
2736 4296 2879 4366 quod
2900 4293 2985 4348 vel
3008 4308 3070 4346 ex
3097 4289 3210 4346 sola
3234 4286 3475 4358 epistola:
3496 4286 3730 4341 lectione

2155 4401 2325 4462 patet,
2360 4390 2455 4445 sed
2493 4397 2672 4442 tamen
2708 4385 2828 4454 quis
2856 4382 3023 4438 fuerit
3066 4380 3157 4435 ille
3186 4379 3286 4432 AL.
3314 4377 3420 4432 vel.
3450 4378 3517 4430 A.
3543 4375 3637 4443 qui
3673 4373 3729 4428 in

2158 4493 2387 4548 utroque
2412 4477 2598 4533 codice
2641 4474 2798 4528 abbas
2842 4471 3084 4525 abbatum
3136 4465 3456 4536 appellatur,
3486 4464 3531 4519 si
3558 4462 3732 4531 conji-

2158 4583 2284 4624 ccre
2308 4569 2451 4631 licet,
2485 4580 2589 4620 non
2615 4563 2751 4617 alius
2790 4561 3002 4615 videtur
3026 4555 3186 4628 qualn
3217 4548 3467 4608 Albcrtus
3489 4551 3731 4621 Majoris-

2160 4658 2471 4713 Monasterii
2503 4666 2629 4710 tunc
2675 4653 2861 4707 abbas.
2896 4648 3062 4703 Nobis
3094 4647 3231 4701 satis
3258 4645 3423 4699 fuerit
3443 4644 3585 4698 hanc
3615 4641 3734 4710 epi-

2161 4751 2381 4814 stolam,
2411 4756 2571 4818 prout
2592 4760 2712 4799 eam
2750 4739 3074 4807 invenimus,
3117 4736 3203 4793 hic
3229 4729 3495 4806 int'egram
3525 4747 3730 4802 reptas-

2161 4849 2395 4896 sentare.

2159 4952 2351 5023 Incipit
2379 4947 2603 5023 qualiter
2628 4946 2848 5023 domnus
2889 4941 3066 5023 abbas.
3086 4937 3243 5021 Odilo
3272 4938 3513 5008 migravit
3534 4935 3604 4988 ad
3631 4949 3731 4989 ca:-

2583 5016 2681 5081 los,
2711 5026 2758 5068 et
2783 5015 2847 5067 de
2867 5011 3142 5068 virtutibus
3172 5011 3309 5081 ejus.

2237 5132 2256 5167 ι
2301 5111 2488 5168 Totius
2509 5108 2803 5163 nobilitatis
2834 5102 3230 5161 et'sanctitatis
3255 5100 3373 5157 luce
3401 5111 3648 5163 corusco,
3676 5096 3731 5149 in

2163 5206 2319 5259 domo
2342 5202 2434 5255 Dei
2458 5198 2611 5253 olivae
2623 5193 2932 5260 fructiferae,
2956 5193 3157 5247 domno
3180 5189 3282 5245 AL.
3314 5187 3454 5260 [cod.
3471 5186 3616 5255 Mag.
3643 5183 3733 5256 Α.)

2196 5297 2209 5314 ι
2233 5297 2245 5314 ι
2282 5295 2340 5314 λε
2374 5290 2621 5314 ..ι.ῑ...ο.....
2661 5285 2875 5314 1....νι312η
2903 5284 3091 5314 ηΑηηῖΛ
3127 5278 3468 5314 Clinia-iuncis:
3532 5277 3735 5314 Romam
