4116 5358
283 363 384 422 889

1692 364 1871 423 ειυς
1880 365 2025 423 lUM.

3423 374 3532 435 890

283 496 384 551 gna
412 475 510 534 Dei
552 477 747 547 pietas,
782 484 1070 548 postquam
1099 478 1331 535 excessit
1375 478 1443 536 ad
1489 494 1733 551 superos,
1765 481 1856 536 de-
1882 482 1933 542 Α
1960 475 2228 534 nescimus
2255 476 2402 548 quid.
2443 476 2595 545 Quod
2630 478 2856 535 verbum
2883 479 3102 551 quidam
3136 496 3199 538 ex
3232 444 3384 540 nobis
3412 503 3539 545 cum

280 572 604 627 monstravit
640 571 706 626 ad
747 570 1006 625 tumulum
1040 571 1178 641 ejus,
1210 571 1513 627 studuimus
1549 571 1702 627 vobis
1730 570 1856 626 bre-

281 664 422 718 viter
449 672 643 718 cuncta
671 663 1029 717 innotescere.
1063 662 1191 717 Post
1212 663 1345 718 duos
1370 678 1586 719 menses
1610 678 1759 734 ergo,
1790 678 1859 717 ex

280 771 388 826 quo
432 756 662 810 domnus
693 755 860 809 abbas
897 763 1119 809 venerat
1153 757 1222 809 ad
1268 770 1367 810 nos
1396 756 1565 825 gratia
1605 754 1859 809 visitandi

280 844 550 900 tumulum
598 845 771 899 sancti
816 843 994 898 Maioli
1048 845 1467 914 praedecessoris
1521 845 1625 908 sui,
1677 844 1861 900 volens

280 932 600 988 Cluniacum
647 935 841 997 redire,
872 942 1090 1003 rogatus
1119 945 1203 990 est
1242 935 1532 1005 quamdam
1570 935 1857 990 ecclesiam

281 1024 457 1088 adire,
484 1023 664 1092 ibique
688 1022 775 1077 die
802 1023 1102 1089 Dominico,
1139 1033 1349 1077 astante
1377 1024 1654 1078 innumera
1681 1024 1861 1078 multi-

282 1114 468 1169 tudine
496 1114 797 1178 hominum,
843 1115 1061 1169 missam
1104 1130 1319 1181 canere.
1351 1113 1488 1169 Hine
1530 1129 1659 1169 vero
1689 1115 1859 1171 altera

279 1205 389 1268 die,
418 1220 541 1275 quae
563 1208 717 1259 tertia
738 1205 941 1260 decima
971 1216 1055 1261 est
1081 1186 1109 1259 Ξ
1134 1206 1219 1261 die
1240 1205 1448 1260 Natalis
1471 1205 1704 1270 Domini,
1730 1208 1857 1261 dum

278 1299 677 1360 revertebatur,
714 1298 901 1352 solitus
942 1298 1095 1353 dolor
1145 1297 1349 1354 ventris
1377 1314 1500 1353 eum
1534 1298 1759 1365 invasit;
1805 1307 1861 1355 et

278 1389 587 1444 invadendo
604 1404 701 1459 per
713 1404 802 1445 sex
837 1390 1121 1445 continuos
1139 1390 1252 1445 dies
1280 1399 1532 1460 torquere
1572 1405 1678 1444 non
1694 1389 1860 1445 desti-

277 1481 359 1535 tit.
390 1481 521 1537 Post
566 1497 699 1550 quos
728 1483 940 1537 tandem
972 1481 1281 1551 relinquens
1309 1482 1481 1546 illum,
1529 1481 1699 1537 solam
1732 1497 1856 1537 cor-

274 1573 426 1643 poris
466 1571 845 1638 defectionem,
882 1573 957 1627 uti
990 1574 1101 1643 ip'se
1134 1573 1425 1639 referebat,
1468 1589 1574 1628 non
1616 1573 1857 1629 dolorem

271 1663 519 1731 pertulit,
569 1679 675 1719 non
707 1663 889 1719 valens
919 1665 1057 1720 ultra
1100 1664 1391 1735 quidquam
1438 1665 1543 1719 cibi
1574 1664 1657 1717 vel
1699 1673 1858 1734 potus

273 1765 514 1815 sumere,
536 1763 735 1822 praeter
756 1753 952 1824 aliquid
978 1753 1158 1819 mulsi,
1187 1755 1328 1824 quod
1357 1754 1520 1809 etiam
1543 1762 1665 1824 post
1689 1754 1857 1809 modi-

273 1858 395 1898 cum
421 1841 759 1911 projiciebat.
794 1842 985 1913 Vigilia
1012 1842 1155 1897 enim
1179 1842 1382 1898 Natalis
1401 1842 1611 1897 Domini
1633 1842 1856 1898 veniens
1884 1817 1934 1880 Β

271 1933 325 1987 in
359 1932 678 2002 capitulum,
730 1946 788 1986 se
832 1932 945 1987 solo
992 1932 1226 1999 ubertim
1276 1933 1545 2004 lacrymas
1590 1932 1861 1991 fundendo

1960 585 2068 626 non
2110 570 2247 626 bene
2296 570 2698 634 intellexerunt,
2737 571 2786 625 ei
2815 572 3072 627 dixerunt
3110 574 3357 644 protinus
3384 562 3401 631 ξ
3426 579 3538 633 Do-

1940 664 2115 729 mine,
2146 661 2319 715 dicitis
2350 670 2403 713 ut
2435 677 2524 714 vos
2546 661 2818 715 radantur.
2842 660 3046 728 Quibus
3070 663 3158 717 ille
3185 669 3535 735 respondens,

1959 753 2094 809 dixit
2123 752 2276 807 valde
2302 764 2487 822 aperta
2516 768 2647 807 voce
2678 770 2694 808 :
2730 753 3012 825 Nunquam
3039 755 3136 808 Iwc
3157 756 3268 810 dixi
3293 761 3430 828 quod
3458 763 3536 815 di-

1959 846 2097 898 cim.
2129 843 2335 897 Deinde
2370 843 2665 912 respiciens
2696 845 3012 899 terribiliter
3054 855 3244 899 contra
3271 849 3537 905 orientem

1958 934 2112 1003 quasi
2140 950 2262 988 cum
2289 932 2470 1001 aliquo
2500 933 2831 1002 loqueretur,
2856 933 3019 1004 empti
3044 934 3353 993 alternatim
3378 938 3538 994 silere

1959 1034 2013 1080 et
2048 1024 2167 1079 fari.
2205 1024 2342 1078 Tum
2379 1033 2664 1094 postquam
2701 1023 2817 1092 ejus
2840 1040 3097 1095 organum
3128 1026 3280 1095 quasi
3317 1028 3542 1083 ridendo

1960 1115 2262 1172 diutissime
2285 1116 2472 1175 ,visum
2507 1124 2591 1170 est
2640 1115 2868 1180 moveri,
2914 1114 3039 1170 felix
3080 1116 3196 1183 ejus
3227 1119 3406 1173 aninta
3441 1120 3543 1176 mi-

1959 1208 2135 1278 gravit
2162 1206 2227 1260 ad
2259 1205 2449 1261 cmlos.
2487 1203 2626 1260 Hinc
2660 1220 2855 1275 corpus
2884 1205 3000 1275 ejus
3046 1216 3105 1260 ut
3149 1205 3252 1263 fuit
3277 1208 3443 1285 lotum
3486 1221 3547 1266 et

1959 1298 2290 1353 aromatibus
2342 1295 2639 1361 conditum,
2693 1311 2757 1350 ae
2813 1296 3005 1352 iisdem
3045 1299 3305 1363 vestibus,
3344 1301 3545 1369 quibus

1960 1391 2077 1461 ipse
2107 1390 2335 1444 vivendo
2356 1388 2619 1455 iusserat,
2658 1387 2929 1452 indutum,
2970 1388 3206 1443 delatum
3248 1399 3330 1445 est
3373 1392 3425 1445 in
3454 1407 3546 1448 ec-

1959 1481 2124 1538 clesia
2145 1522 2160 1547 ,
2189 1488 2243 1535 et
2274 1480 2509 1550 positum
2541 1488 2667 1533 ante
2696 1478 2866 1533 altare
2902 1479 3267 1549 apostolorttm
3306 1481 3451 1535 Petri
3488 1490 3545 1537 et

1959 1573 2109 1628 Pauli
2138 1613 2153 1638 ,
2186 1572 2276 1627 ubi
2306 1571 2574 1626 maximus
2601 1570 2753 1625 dolor
2774 1579 2827 1623 et
2847 1569 3021 1624 luctus
3048 1580 3200 1625 actus
3228 1579 3313 1625 est
3339 1570 3406 1625 ab
3436 1571 3549 1629 illis

1960 1663 2052 1734 qui
2110 1662 2365 1718 excubias
2411 1667 2537 1717 ante
2583 1661 2702 1732 ejus
2740 1658 3000 1715 feretrum
3059 1659 3150 1715 illa
3199 1670 3358 1717 nocte
3418 1676 3544 1733 per-

1961 1761 2204 1822 egerunt.

2034 1858 2053 1891 i
2089 1840 2298 1895 Interea
2327 1839 2546 1911 quidam
2569 1839 2754 1903 frater,
2776 1839 2995 1894 nomine
3039 1838 3354 1910 Gregorius,
3391 1839 3549 1898 valde

1962 1932 2272 2004 religiosus,
2323 1942 2554 1988 stratum
2578 1940 2784 2003 petens,
2828 1947 2949 1987 eum
2968 1931 3069 1986 sibi
3098 1933 3355 2001 assistere
3386 1932 3547 1999 vidit,

271 2020 592 2093 prostravit,
636 2036 757 2076 cum
781 2021 990 2076 Domini
1023 2021 1357 2077 nativitatem
1387 2023 1737 2093 pronuntiare
1763 2038 1865 2078 au-
1959 2022 2116 2092 quasi
2147 2024 2198 2075 in
2234 2021 2425 2077 eodem
2451 2022 2572 2077 loco
2598 2036 2706 2092 quo
2733 2022 2949 2077 obierat
2976 2039 2990 2075 :
3023 2036 3182 2092 quem
3211 2021 3551 2093 interrogans

275 2114 430 2168 divit.
460 2113 701 2184 Denique
726 2128 1029 2169 sermonem
1061 2123 1347 2185 postquam
1375 2114 1603 2171 mirifice
1630 2117 1855 2188 peregit,

273 2204 512 2273 seipsum
547 2203 704 2260 valde
741 2205 905 2275 coepit
939 2206 1201 2276 judicare,
1234 2206 1419 2261 dicens
1464 2222 1523 2262 se
1560 2208 1696 2263 nihil
1730 2208 1858 2263 boni

276 2308 517 2363 unquam
539 2293 734 2363 egisse,
768 2304 1002 2363 attamen
1033 2296 1126 2350 Dei
1153 2297 1325 2367 gratia
1347 2296 1609 2368 virginem
1630 2313 1861 2369 corpore

274 2400 423 2451 esse;
452 2394 507 2440 et
536 2400 637 2441 nos
668 2384 969 2449 absolvens,
1000 2398 1055 2442 et
1084 2402 1296 2443 summo
1332 2387 1541 2442 Pastori
1579 2403 1856 2444 commen-

274 2474 408 2530 dans
430 2477 799 2533 benedicendo
824 2477 1121 2544 admouuit,
1153 2487 1212 2533 ut
1240 2478 1408 2549 ipsam
1432 2481 1855 2536 sacratissimam

274 2566 672 2625 solemnitatem
712 2586 834 2626 cum
875 2571 1068 2642 gaudio
1118 2573 1384 2642 spirituali
1432 2572 1855 2642 celebraremus,

273 2656 516 2729 nihilque
526 2660 598 2714 ob
610 2661 690 2714 sui
718 2661 1210 2718 incommoditatent
1225 2664 1727 2721 dimitteremus.Ad
1743 2682 1857 2722 ma-

274 2748 478 2806 tutinos
500 2766 629 2807 vero
653 2751 703 2806 in
722 2753 908 2807 eadem
936 2763 1093 2809 nocte
1114 2756 1167 2809 in
1187 2757 1482 2811 oratorium
1498 2758 1668 2814 beata:
1691 2759 1857 2829 virgi-

273 2841 360 2897 nis
375 2841 559 2896 Mariaa
581 2841 695 2913 ipse
714 2841 1077 2910 delatus,cum
1091 2846 1444 2916 psallentibus
1466 2864 1648 2903 coram
1674 2863 1732 2904 se
1748 2847 1856 2904 fra-

276 2934 448 2989 tribus
474 2935 712 3005 psalmos
738 2945 788 2991 et
811 2939 1150 3007 responsoria
1196 2940 1417 3005 cecinit,
1446 2941 1855 3001 benedictiones

272 3024 535 3095 protulit;
583 3022 654 3078 Te
701 3024 863 3078 Deum
887 3025 1166 3082 laudamus
1212 3028 1403 3083 aduisu
1433 3044 1541 3100 quo
1572 3031 1737 3085 valuit
1762 3046 1855 3087 ex-

273 3113 417 3168 celsa
455 3127 585 3168 voce
615 3114 1002 3183 pronuntiavit.
1053 3116 1337 3172 Enimvero
1374 3119 1498 3187 quia
1534 3117 1647 3189 jam
1686 3128 1857 3176 terre-

272 3219 400 3259 num
426 3205 606 3260 cibum
633 3206 917 3271 omiserat,
946 3206 1278 3276 spiritualetn
1311 3209 1550 3279 quotidie
1584 3211 1852 3278 sumebat,

272 3291 520 3348 faciendo
542 3309 725 3348 coram
758 3310 816 3350 se
853 3295 1029 3367 legere
1052 3309 1363 3352 sanctorum
1391 3298 1611 3354 Patrum
1648 3317 1855 3356 sermo-

272 3398 389 3447 nes,
419 3397 714 3453 eorumque
735 3381 985 3456 suffragia
1015 3386 1376 3457 imploranda,
1406 3405 1513 3459 quo
1547 3405 1614 3445 ex
1644 3391 1748 3445 hac
1776 3390 1857 3445 la-

274 3486 582 3543 crymarum
627 3474 866 3529 convalle
912 3490 1099 3531 eorum
1154 3478 1406 3547 precibus
1458 3489 1850 3535 assumeretur.

274 3562 446 3619 Porro
478 3565 659 3635 vigilia
691 3566 1001 3622 festivitatis
1040 3570 1215 3624 sancti
1257 3568 1527 3637 Silvestri,
1559 3581 1855 3643 antequam

272 3654 472 3711 fratres
496 3658 561 3711 ad
586 3658 874 3713 matutinos
912 3669 1212 3731 surgerent,
1250 3662 1583 3732 sentieusse
1612 3664 1856 3733 ingrave-

274 3758 426 3800 scere
445 3744 776 3818 jamjamque
796 3750 1156 3820 propinquare
1183 3752 1248 3805 ad
1272 3752 1495 3815 exitum,
1523 3755 1858 3809 communio-

273 3850 395 3891 nem
435 3838 768 3893 Dominicam
806 3848 859 3894 et
896 3855 1110 3897 crucem
1136 3841 1416 3911 sibijussit
1447 3844 1658 3910 afferri;
1691 3861 1852 3914 quam

275 3939 488 3982 crucem
519 3937 575 3982 ut
600 3929 758 3993 vidit,
789 3930 972 3985 statim
999 3932 1068 3987 ab
1099 3933 1206 3986 imo
1236 3934 1475 4004 pectoris
1498 3935 1653 4007 longa
1681 3936 1856 4007 suspi-

273 4020 352 4073 ria
383 4022 703 4089 protrahere
741 4023 925 4092 coepit,
971 4038 1196 4095 eamque
1241 4024 1512 4097 laerymas
1559 4026 1853 4095 fundendo,

274 4120 329 4167 et
351 4114 612 4182 quasdam
640 4115 938 4182 orationes,
980 4131 1115 4186 quas
1158 4118 1321 4173 corde
1362 4126 1517 4173 tenus
1563 4119 1851 4186 retinebat,

273 4203 628 4270 decantaudo,
651 4205 925 4272 adoravit;
950 4207 1134 4279 sicque
1155 4218 1395 4264 sanctam
1418 4208 1852 4263 communionem

275 4296 533 4364 suscepit.
565 4296 766 4350 Eadem
792 4313 921 4352 vero
948 4299 1054 4365 die,
1080 4299 1425 4369 vespertinali
1455 4297 1663 4355 scilicet
1690 4300 1848 4365 hora,

274 4394 397 4438 ante
423 4384 597 4439 altare
630 4395 833 4441 sancta:
865 4386 957 4441 Dei
997 4389 1274 4459 genitricis
1322 4388 1502 4443 Maria:
1539 4387 1742 4443 faciens
1789 4401 1849 4443 se

1958 2114 2236 2185 quomodo
2267 2129 2325 2169 se
2347 2114 2590 2178 haberet,
2633 2129 2944 2169 memorans
2970 2114 3223 2170 videlicet
3263 2116 3405 2186 quod
3434 2116 3547 2187 jam

1958 2204 2205 2269 obiisset,
2237 2204 2511 2272 respondit
2546 2204 2729 2258 omnia
2770 2205 2910 2259 bona
2950 2203 3050 2258 sibi
3097 2206 3434 2274 provenisse,
3466 2206 3547 2276 ip-

1958 2307 2187 2362 sumque
2218 2293 2418 2362 Regem
2454 2292 2640 2363 glorire
2680 2290 2865 2347 Jesum
2912 2292 3188 2348 Christum
3228 2295 3328 2348 sibi
3357 2280 3547 2350 occur:-

1956 2384 2114 2439 risse.
2150 2383 2296 2437 Dixit
2320 2382 2484 2437 etiam
2512 2384 2655 2453 quod
2681 2382 2856 2437 forma
2882 2382 3080 2438 diaboli
3108 2385 3281 2439 instar
3305 2386 3429 2440 tetri
3456 2386 3551 2441 ho.

1958 2475 2123 2532 minis
2160 2476 2263 2530 sibi
2311 2475 2616 2546 adprimum
2660 2474 2992 2546 apparuerit,
3041 2476 3336 2531 ostendens
3366 2476 3441 2531 illi
3488 2476 3544 2531 in

1958 2581 2121 2638 quam
2176 2576 2406 2638 partem,
2450 2567 2651 2622 ostium
2709 2566 2962 2622 videlicet
3014 2565 3361 2634 latrinarum,
3419 2585 3548 2625 con-

1958 2661 2109 2718 fusus
2165 2662 2511 2727 abscesserit,
2563 2676 2688 2717 eum
2734 2661 2788 2715 in
2837 2677 2896 2717 se
2928 2660 3062 2716 nihil
3091 2660 3315 2716 invenit.
3342 2660 3550 2717 Deinde

1956 2751 2218 2807 velociter
2249 2751 2479 2807 transitu
2504 2751 2623 2821 ejus
2653 2760 3001 2821 personante,
3037 2751 3370 2807 incredibilis
3402 2751 3542 2806 mul-

1959 2843 2131 2901 titudo
2162 2843 2443 2898 hominum
2470 2844 2524 2898 in
2548 2843 2868 2911 obsequium
2898 2840 3105 2897 funeris
3124 2841 3240 2911 ejus
3269 2841 3544 2912 agglomeé

1957 2932 2070 2988 rari
2099 2933 2284 3003 capit,
2318 2948 2478 3003 quem
2512 2930 2684 3004 [Mai].
2714 2929 2866 3004 quia]
2892 2931 3132 2986 universi
3160 2932 3392 3001 quoiam
3420 2945 3547 3002 ger-

1957 3038 2121 3080 mano
2155 3032 2209 3079 et
2234 3023 2546 3079 dulcissimo
2569 3022 2765 3078 affectu
2799 3023 3147 3094 plangebant,
3178 3032 3233 3078 et
3271 3023 3549 3080 nescimus

1879 3166 1925 3230 Ω
1958 3132 2067 3187 quo
2097 3117 2281 3172 divino
2312 3117 2594 3182 instinctu,
2630 3117 3008 3187 compunctitts
3034 3133 3158 3172 eum
3182 3116 3455 3189 lugebant,
3479 3117 3552 3172 ob

1957 3208 2009 3230 2-1
2039 3206 2288 3230 -.!J_I:-‘n
2331 3208 2469 3230 ___-J
2508 3222 2623 3230 ---...
2652 3207 2921 3230 ..Ι....2..Δ
2971 3209 3194 3230 ἣΑ..-2μ-
3246 3223 3348 3230 ...Α-
3391 3209 3510 3230 ἔμηι

1957 3208 2009 3263 id
2039 3206 2292 3263 videlicet
2327 3208 2469 3278 quod
2503 3222 2626 3263 eum
2652 3207 2925 3279 placuisse
2971 3209 3199 3264 Domino
3246 3223 3351 3263 non
3391 3209 3549 3279 igno-

1956 3300 2170 3356 rabant.
2222 3298 2465 3354 Evolutis
2518 3300 2714 3355 exinde
2758 3300 2946 3370 paucis
2987 3300 3193 3362 diebus,
3252 3309 3541 3371 postquam

1954 3399 2039 3446 est
2070 3390 2311 3460 sepultus
2351 3391 2404 3444 in
2440 3391 2660 3446 sinistra
2691 3390 2859 3461 ipsius
2884 3391 3129 3448 ecclesia:
3155 3402 3343 3463 crypta
3373 3408 3545 3463 prope

1957 3481 2129 3536 altare
2187 3481 2357 3536 sancti
2413 3480 2671 3536 Lauriani
2726 3482 3014 3553 martyris,
3063 3484 3323 3538 virtutum
3376 3483 3548 3556 signis

1958 3571 2260 3627 Salvatoris
2307 3572 2483 3627 nostri
2528 3572 2768 3643 dignatio
2816 3574 2983 3644 etrapit
3023 3589 3144 3629 eum
3196 3573 3549 3629 manifestare

1956 3664 2175 3718 mundo.
2201 3662 2258 3717 In
2285 3662 2648 3734 Longoumnis
2678 3664 2800 3717 villa
2826 3665 3070 3734 qumdam
3101 3665 3330 3735 degebat
3358 3665 3541 3730 vidua,

1955 3754 2108 3823 cujus
2137 3753 2294 3807 unica
2325 3753 2429 3806 lilia
2456 3752 2667 3807 occulto
2697 3752 3032 3822 Deijudieio,
3061 3770 3165 3808 non
3190 3753 3360 3808 solum
3392 3770 3548 3814 men-

1955 3843 2024 3899 tis
2056 3859 2272 3899 sensum
2296 3842 2639 3914 perdiderat,
2665 3859 2853 3898 verutn
2884 3846 3047 3899 etiam
3078 3844 3275 3915 linguze
3299 3843 3538 3900 ofﬁcium

1952 3945 2007 3990 et
2038 3936 2269 3989 aurium.
2314 3934 2464 3990 Hauc
2511 3935 2696 4004 itaque
2729 3934 2888 3990 tertio
2936 3935 2987 3989 in
3033 3936 3238 3989 somnis
3268 3936 3549 3990 admonuit

1955 4025 2091 4094 ipse,
2133 4024 2275 4094 quod
2307 4024 2374 4078 ad
2412 4039 2568 4078 sumu
2604 4024 2910 4093 sepulcrum
2954 4039 3072 4078 eam
3110 4025 3348 4080 duceret.
3386 4024 3550 4079 Aeci-

1953 4116 2107 4187 piens
2140 4129 2270 4183 ergo
2307 4113 2502 4169 mulier
2540 4116 2794 4169 miseram
2835 4113 3063 4184 prolem,
3096 4124 3153 4169 et
3198 4114 3264 4169 ad
3305 4113 3420 4183 ejus
3452 4122 3543 4168 tu-

1953 4206 2159 4262 mulum
2191 4206 2416 4271 ducens,
2442 4222 2564 4259 mox
2597 4206 2721 4260 utei
2753 4206 2934 4260 vinum
2960 4206 3164 4269 bibere,
3189 4205 3330 4259 unde
3360 4219 3547 4260 sacra-

1956 4297 2226 4352 tissimum
2260 4295 2375 4364 ejus
2407 4310 2605 4366 corpus
2642 4294 2741 4349 fuit
2764 4295 2952 4359 lotum,
2986 4295 3318 4366 auribusque
3347 4293 3546 4349 infudit

1949 4387 2016 4442 de
2040 4403 2124 4451 eo,
2164 4384 2433 4456 loquelam
2471 4396 2525 4439 et
2552 4385 2795 4440 auditum
2831 4401 2894 4441 ac
2925 4401 3141 4440 sensum
3169 4384 3366 4441 mentis
3396 4397 3550 4440 rece-

275 4475 492 4541 deferri,
517 4476 700 4546 ibique
712 4492 966 4547 vesperas
980 4479 1289 4533 solemniter
1305 4493 1523 4543 canere,
1546 4479 1846 4535 diutissime
1876 4511 1928 4573 Β
1952 4478 2050 4548 pit.
2080 4478 2299 4533 Interim
2325 4478 2448 4532 dum
2483 4477 2595 4532 haec
2616 4486 2798 4548 grates
2818 4477 3156 4548 persolvebat
3182 4476 3545 4548 omnipotenti

274 4579 393 4621 eam
415 4583 538 4623 cum
568 4568 819 4640 lacrymis
849 4570 1077 4639 rogavit,
1113 4584 1220 4640 quo
1248 4570 1330 4623 ‘sui
1358 4570 1669 4640 dignaretur
1691 4570 1853 4627 misen
1876 4568 1914 4573 ⁷
1958 4570 2092 4633 Deo,
2120 4570 2338 4640 quidam
2378 4569 2576 4624 surdus
2619 4570 2932 4636 adveniens,
2976 4572 3075 4626 sibi
3128 4572 3290 4624 etiam
3335 4569 3547 4625 infundi

272 4657 400 4711 reri.
430 4656 676 4727 Denique
715 4672 773 4713 se
820 4658 1024 4714 faciens
1071 4660 1266 4714 iterum
1302 4658 1493 4714 referri
1541 4659 1595 4714 in
1634 4660 1854 4716 domum

272 4746 633 4811 infirmorum,
657 4742 938 4819 poﬂjuam
969 4749 1360 4819 aliquantulum
1382 4750 1633 4806 videlicet
1652 4753 1857 4821 quievit

275 4838 327 4891 in
355 4839 573 4904 lectulo,
599 4853 722 4894 sese
741 4840 950 4910 erigere
975 4839 1123 4906 fecit,
1151 4849 1204 4894 et
1232 4840 1356 4896 inde
1381 4842 1619 4896 sedendo
1649 4850 1854 4907 tenere,

275 4942 379 4995 quo
421 4944 594 4999 usque
640 4927 821 4983 subito
866 4938 1029 4998 caput
1068 4929 1365 4984 inclinavit.
1398 4928 1548 4996 Quod
1589 4930 1767 4985 statim
1800 4941 1861 4984 ut

274 5021 520 5077 viderunt
569 5022 667 5091 qui
721 5022 993 5085 astabant,
1045 5036 1145 5076 nos
1192 5029 1542 5083 vocaverunt,
1593 5031 1856 5090 ponentes

276 5126 392 5144 nnm
424 5114 645 5144 ἶηοηιιῖηιι
683 5112 735 5144 in
765 5111 939 5144 n:l:n:n
998 5122 1045 5144 nl
1077 5111 1277 5144 lum:nn
1313 5111 1663 5144 nnnnnrlnnlnc
1729 5111 1854 5144 ιηιῖο

1958 4663 2180 4718 auribus
2207 4677 2274 4716 ex
2305 4661 2395 4716 illo
2424 4662 2548 4716 vino
2573 4662 2816 4733 rogavit;
2842 4662 2933 4732 qui
2964 4664 3144 4717 statim
3175 4662 3420 4724 audiens,
3458 4674 3545 4714 re—

1957 4754 2058 4810 diit
2096 4751 2163 4807 ad
2205 4754 2480 4823 regionem
2509 4753 2711 4808 deserti
2764 4755 2908 4809 unde
2956 4755 3273 4808 advenerat.
3314 4752 3544 4819 Quidam

1955 4844 2123 4898 etiam
2167 4843 2330 4898 homo
2356 4860 2423 4898 ex
2462 4843 2788 4913 Biturigensi
2823 4844 3020 4912 patria,
3070 4842 3160 4910 qui
3210 4856 3306 4908 per
3359 4840 3547 4891 decem

1958 4948 2130 4988 annos
2161 4931 2391 4990 ofﬁcium
2426 4933 2622 5001 linguae
2652 4934 2982 5003 perdiderat,
3031 4934 3096 4985 ad
3142 4929 3261 4995 ejus
3308 4927 3547 4982 tumbam

1958 5030 2220 5083 accedens
2288 5036 2410 5099 post
2459 5027 2665 5096 aliquot
2709 5026 2824 5079 dies
2878 5041 2986 5095 quo
3030 5023 3349 5084 advenerat,
3401 5017 3549 5084 loqui

1957 5116 2099 5144 λίην.
2127 5116 2423 5144 ..-ηψπ-...ει
2478 5113 2718 5144 Πηηῖηιια
2749 5111 2965 5144 ηηῖιεηηη
3002 5107 3212 5144 vntnlnc
3248 5109 3302 5144 in
3345 5105 3550 5144 Innnie-
