4116 5358
503 197 606 260 891

1431 216 1488 271 S.
1517 215 1832 275 ODiLONlS
1869 217 2367 277 CLUNIACENSIS
2404 219 2692 278 ABBATIS
2715 220 2754 276 ν

3665 232 3776 288 83?.

501 317 646 375 trahi
680 304 1000 400 fecit-Tquo
1025 330 1152 386 dum
1175 330 1340 387 verba
1367 332 1631 390 orationis
1662 335 2004 406 multiplicat,
2035 345 2090 392 et
2118 341 2164 401 Α
2194 335 2594 402 nasset,c:eteri
2623 347 2812 389 omnes
2832 332 3073 390 unanimi
3104 347 3367 393 consensu
3395 335 3530 395 hanc
3553 339 3778 399 electio-

479 420 612 485 νβιῗο
648 424 815 478 Deum
846 423 1079 487 invocat,
1109 424 1260 478 adest
1283 422 1421 478 beati
1446 424 1687 481 Odilonis
1715 429 1966 498 generale
1993 445 2092 483 au-

501 513 718 577 x'lium,
767 527 874 582 quo
909 513 1126 568 caecitas
1175 514 1378 569 orbatae
1417 516 1660 572 mulieris
1700 518 1991 590 depellitur
2023 521 2092 575 ab

497 603 696 668 oculis,
731 606 856 675 qttia
887 607 1030 662 ﬁlius
1057 609 1194 664 lucis
1238 620 1291 664 et
1334 613 1384 666 ei
1426 629 1529 666 non
1560 613 1703 669 ﬁlius
1744 617 2089 670 tenebrarum

499 689 620 748 fuit.
653 694 731 748 Ex
767 695 990 754 Diezeze
1016 709 1196 754 castro
1224 702 1444 772 quidam
1476 705 1637 759 homo
1668 707 1734 761 ad
1768 705 1883 774 ejus
1912 708 2092 778 sepul-

497 798 650 838 crum
694 786 935 854 veuiens,
990 790 1239 860 loquendi
1288 794 1523 850 ollicittm
1573 797 1714 866 quod
1763 799 2085 866 perdiderat,

426 925 427 928 η
494 889 604 932 non
637 876 810 933 solum
845 883 1071 953 recepit,
1104 899 1294 939 verum
1321 888 1483 940 etiam
1513 889 1664 956 pedis
1697 891 1868 945 dextri
1899 900 1954 945 et
1977 908 2090 946 ma-

495 984 600 1024 nus
631 971 1007 1040 nihilominus,
1035 977 1223 1047 sicque
1250 978 1407 1033 hctus
1443 981 1507 1032 ad
1542 981 1756 1052 propria
1806 985 2084 1038 remeavit.

499 1057 736 1117 Turonis
761 1073 881 1118 erat
911 1067 1129 1135 quidam
1157 1069 1384 1131 vetulus,
1438 1069 1638 1124 lumine
1659 1071 1938 1128 oculorum
1976 1075 2088 1144 pri‘

495 1159 701 1204 vatus:
733 1151 822 1206 hic
849 1167 980 1223 ergo
1011 1156 1250 1210 secundo
1297 1167 1581 1227 postquam
1629 1160 1694 1214 ad
1746 1161 1864 1228 ejus
1909 1163 2088 1232 sepul-

497 1254 649 1296 crum
678 1245 847 1308 venit,
880 1245 1060 1300 lumen
1093 1250 1236 1317 quod
1267 1251 1526 1305 amiserat
1565 1251 1804 1320 recipere
1833 1255 2048 1310 meruit.

572 1349 592 1384 ι
638 1332 763 1388 Haec
783 1336 848 1390 de
872 1337 1145 1394 miraculis
1174 1340 1352 1395 Patris
1399 1343 1571 1397 nostri
1622 1344 1866 1399 breviter
1923 1348 2084 1402 vobis

495 1424 908 1494 explicavimus.
943 1429 1208 1486 Dicuntur
1229 1433 1394 1488 etiam
1424 1443 1622 1504 praeter
1650 1451 1713 1490 ea
1752 1438 1941 1501 multa,
1964 1454 2084 1509 qua

497 1513 619 1569 ideo
642 1531 746 1571 non
772 1519 1093 1586 creduntur,
1116 1522 1242 1592 quia
1268 1538 1296 1576 a
1323 1525 1816 1594 contemptibilibus
1837 1528 2083 1598 personis

496 1605 827 1664 referuntur.
864 1611 1066 1667 Valete.
1093 1614 1220 1684 (Hic
1247 1616 1434 1671 desinit
1464 1619 1516 1672 in
1539 1616 1775 1691 Fossat.)

2193 442 2320 480 nem
2383 426 2825 496 comprobarunt.
2890 425 2946 480 ld
3022 425 3252 482 fortasse
3316 429 3538 487 innuere
3601 434 3777 488 voluit

2193 528 2384 573 auctor
2411 518 2665 574 Chronici
2709 517 3098 584 Malleacensis,
3129 520 3220 589 qui
3267 521 3330 574 ad
3380 537 3579 577 annum
3635 526 3777 581 1048

2191 607 2286 670 ait,
2324 607 2606 663 Odilonem
2640 607 2691 662 in
2725 617 3003 662 senectute
3032 609 3169 664 bona
3215 625 3384 666 annos
3427 616 3775 684 septuaginta

2190 712 2283 751 sex
2321 696 2615 769 [legendum
2663 699 2936 768 octoginta
2989 699 3108 770 sex]
3163 710 3343 755 natum
3393 704 3684 773 quievisse,
3717 707 3774 760 in

2189 794 2341 863 cujus
2375 794 2571 858 locum,
2603 795 2804 864 inquit,
2833 797 2988 866 jussu
3025 813 3141 863 suo,
3166 808 3212 852 et
3239 799 3484 855 electione
3538 803 3774 857 omnium

2189 883 2440 951 fratrum,
2470 887 2744 940 ordinatus
2766 896 2840 941 est
2871 885 3028 958 Hugo
3057 888 3246 944 nobilis
3276 901 3472 959 pastor,
3505 893 3625 948 vim
3663 910 3774 950 me-

2189 977 2288 1030 rizo
2320 993 2422 1030 non
2448 976 2741 1030 dissimilis.

2258 1067 2383 1121 123.
2428 1067 2562 1123 Cum
2609 1083 2738 1122 vero
2791 1067 3077 1126 Jodsaldus
3126 1071 3346 1128 disertis
3396 1073 3578 1129 verbis
3628 1075 3770 1130 scri-

2185 1159 2360 1228 pserit
2415 1159 2633 1214 beatum
2687 1160 2970 1217 Odilonem
3032 1164 3162 1233 ipsis
3218 1163 3461 1219 Januarii
3514 1162 3774 1221 Kalendis

2185 1263 2328 1304 anno
2359 1248 2495 1304 1049
2525 1252 2825 1308 excessisse
2853 1269 2918 1308 ex
2953 1253 3054 1310 hac
3103 1254 3232 1320 vita,
3275 1256 3455 1310 nullus
3497 1271 3558 1309 ea
3598 1256 3665 1309 de
3710 1272 3771 1312 re

2187 1355 2473 1394 remanere
2513 1352 2690 1410 potest
2734 1342 3040 1413 ambigendi
3093 1345 3266 1400 locus.
3326 1345 3425 1412 Qui
3474 1361 3602 1400 vero
3644 1360 3770 1400 eum

2183 1444 2325 1484 anno
2355 1430 2490 1486 1048
2521 1431 2719 1487 obiisse
2745 1433 3104 1502 scripserunt,
3125 1447 3216 1490 aut
3237 1451 3437 1489 annum
3457 1451 3484 1488 a
3503 1433 3771 1490 Paschate

2183 1519 2474 1592 ihempisse
2505 1523 2759 1578 censendi
2795 1532 2953 1588 sunt;
3005 1533 3099 1578 aut
3148 1534 3311 1587 certe,
3367 1541 3488 1580 cum
3545 1525 3603 1580 in
3655 1527 3769 1596 ipsa

2184 1625 2370 1679 nocte,
2392 1630 2512 1684 qua:
2535 1615 2675 1670 inter
2702 1623 2991 1686 utrumque
3015 1632 3214 1671 annum
3239 1617 3411 1671 media
3437 1616 3557 1683 fuit,
3579 1617 3771 1672 beatus

570 1718 592 1753 ι
643 1702 714 1755 De
739 1702 1002 1760 electione
1030 1722 1157 1762 vero
1179 1708 1467 1764 clarissimi
1491 1709 1866 1768 Patrisnostri
1898 1713 2080 1768 domni
2112 1693 2157 1752 Β
2185 1706 2354 1760 abbas
2383 1706 2705 1769 excesserit,
2729 1707 2820 1762 alii
2849 1707 2956 1762 diei
2981 1708 3332 1776 prmcedenti,
3361 1708 3451 1776 qui
3488 1717 3771 1763 extremus

491 1791 735 1864 Hugonis
759 1795 990 1862 abbatis,
1015 1800 1290 1854 canticum
1331 1817 1528 1857 novum
1576 1806 1867 1872 cantantis,
1898 1807 1943 1861 si
1992 1822 2081 1862 cu-

492 1885 624 1953 pitis
679 1901 862 1951 nosse,
891 1889 1075 1944 sciatis
1139 1891 1290 1946 illum
1358 1895 1655 1950 secundum
1721 1898 1849 1953 altui
1903 1899 2080 1954 Patris

491 1973 766 2031 Benedicti
797 1977 1082 2048 imperium
1114 1981 1346 2037 electum
1376 1999 1519 2050 esse,
1556 1987 1816 2058 omnique
1859 1990 2078 2060 sapien-

493 2065 569 2120 tia
599 2075 662 2122 et
699 2069 1002 2124 eruditione
1053 2074 1357 2141 praeditum,
1406 2092 1470 2131 ac
1520 2093 1730 2133 morum
1788 2083 2075 2149 probitate,

493 2156 747 2220 utilitate,
788 2158 1073 2215 honestate
1101 2163 1415 2229 subnixum,
1446 2167 1784 2236 abbatiaeque
1815 2171 2075 2227 honorem

488 2245 730 2304 Invitum.
750 2253 1045 2320 accepisse,
1078 2253 1426 2326 lacrymando
1456 2258 1665 2312 scilicet
1695 2270 1750 2313 ct
1783 2261 2078 2330 judicando

491 2353 552 2395 se
588 2339 865 2410 indignum
898 2357 1017 2396 esse
1049 2343 1138 2398 tali
1166 2346 1390 2401 honore.
1423 2347 1662 2417 Denique
1683 2365 1714 2402 a
1741 2349 2075 2420 Burgundio-

490 2447 620 2486 num
656 2432 989 2502 principibus
1019 2443 1075 2488 et
1101 2436 1494 2500 Arvernorum,
1527 2439 1634 2492 into
1681 2448 1736 2492 et
1780 2455 1810 2493 a
1860 2455 2074 2496 summo

488 2520 748 2589 pontiﬁce
795 2530 998 2575 sanctae
1048 2525 1358 2592 apostolica:
1411 2526 1564 2580 sedis
1609 2527 1765 2580 valde
1811 2529 2073 2598 diligitur,

490 2607 811 2674 honoratur,
841 2611 1137 2677 attollitur;
1173 2622 1226 2668 et
1259 2615 1521 2684 quidquid
1552 2616 1604 2669 itt
1659 2618 2076 2686 pr.edecessoris

489 2701 576 2754 sui
616 2702 978 2768 cratditioue,
1005 2704 1053 2758 ei
1083 2705 1400 2759 conceditur
1439 2713 1494 2760 et
1524 2706 1779 2762 donatur.
1821 2728 1840 2762 s

557 2792 841 2848 Jadsaldus
868 2795 1120 2850 observat
1147 2797 1364 2851 beatum
1406 2797 1578 2852 virum
1605 2799 1658 2853 itt
1685 2803 1944 2857 extremis
1975 2819 2075 2872 po-

495 2887 684 2952 situm,
712 2887 973 2943 fratribus
1010 2890 1078 2942 ab
1127 2905 1192 2944 eo
1237 2891 1641 2948 scisciutntibus
1688 2897 1810 2965 quis
1858 2896 1909 2950 in
1959 2898 2075 2966 ejus

495 2978 674 3034 locum
706 2982 1018 3035 monasterii
1045 2984 1282 3053 regimen
1317 2994 1459 3038 esset
1484 2998 1850 3056 suscepturus.
1870 2990 1937 3042 ait
1958 2989 2076 3060 ejus

488 3072 685 3143 quippe
720 3084 852 3128 nutu
879 3075 1101 3129 omnino
1124 3075 1451 3145 pendebant,
1477 3081 1838 3148 respondisse,
1859 3096 1917 3134 se
1939 3081 2075 3134 hanc

487 3176 597 3216 rem
620 3163 671 3215 in
695 3163 791 3216 Dei
813 3165 1158 3235 dispositione
1194 3177 1242 3220 et
1283 3168 1511 3236 fratrum
1551 3169 1796 3224 electione
1837 3173 2076 3224 commit-

487 3257 615 3305 tere.
639 3249 939 3308 Verebatur
985 3257 1214 3311 fortasse
1258 3257 1444 3312 beatus
1492 3257 1672 3322 Pater,
1727 3275 1794 3315 ne
1850 3259 1896 3314 si
1962 3261 2074 3329 ipse

489 3355 854 3396 successorem
894 3343 996 3399 sibi
1033 3346 1362 3414 designaret,
1394 3362 1482 3402 res
1525 3348 1574 3401 in
1604 3349 1909 3419 exemplum
1966 3359 2074 3404 tra-

490 3429 733 3499 heretur,
760 3449 932 3504 eoque
964 3437 1180 3491 tandem
1229 3439 1530 3502 deveniret,
1564 3449 1624 3494 ut
1673 3441 1897 3497 abliates
1948 3442 2074 3503 Clu-

489 3523 775 3580 niacenses
813 3543 917 3581 non
959 3527 1187 3583 fratrum
1221 3531 1508 3596 electione,
1539 3532 1680 3600 quod
1716 3542 1891 3588 tamen
1937 3535 2072 3591 adeo

489 3612 690 3670 diserte
717 3617 1019 3684 prrcscribit
1051 3618 1194 3673 beati
1226 3618 1552 3690 legislatoris
1581 3621 1784 3691 regula,
1809 3623 1901 3677 sed
1929 3627 2073 3695 ejus-

489 3705 633 3758 modi
665 3706 1127 3775 dcsiguatiouibus
1154 3719 1488 3763 crearentur.
1517 3711 1616 3777 Qui
1654 3711 1798 3768 enim
1828 3712 2066 3770 Cluniaci

485 3794 700 3850 beatum
730 3797 1008 3852 Odilonem
1040 3809 1429 3869 prmcesserant
1459 3801 1683 3858 abbates
1711 3819 1926 3870 omnes,
1980 3813 2073 3859 aut

490 3901 519 3939 a
549 3890 970 3955 przccessoribus
999 3891 1112 3944 suis
1152 3890 1364 3945 fuerant
1416 3892 1700 3963 designati,
1756 3903 1849 3948 aut
1901 3905 2066 3958 certe,

487 3976 650 4031 veluti
679 3979 732 4032 in
759 3980 1057 4034 subsidium
1094 3981 1160 4034 ab
1203 3983 1265 4034 iis
1299 3983 1474 4037 adhth
1501 3985 1806 4040 viventibus
1838 3985 1888 4040 in
1932 3988 2074 4059 regi-

488 4071 649 4125 minis
678 4074 1013 4127 consortium
1056 4076 1342 4144 assumpti.
1400 4076 1475 4129 Ita
1525 4077 1754 4132 Bernoni
1809 4082 2072 4135 successit

487 4159 624 4221 Odo,
655 4161 825 4216 Odoni
884 4163 1210 4233 Aymardus,
1248 4165 1520 4235 Aymartlo
1552 4167 1801 4234 Maiolus,
1838 4172 1916 4224 uti
1947 4187 2074 4240 pro-

489 4250 782 4306 batumest
811 4253 861 4306 iu
891 4252 1128 4320 ejttsdetn
1177 4257 1433 4327 Aymardi
1482 4257 1687 4328 Elogio.
1740 4261 1804 4313 Et
1855 4263 2067 4316 tandem

489 4338 768 4394 Odilonem
799 4343 986 4396 eodem
1028 4344 1184 4398 modo
1211 4345 1387 4399 sancti
1410 4343 1592 4401 Maioli
1627 4349 1859 4417 primum
1902 4351 2065 4406 colle-

488 4444 632 4498 gain,
669 4439 777 4484 tum
810 4448 1174 4488 successorem
1216 4432 1382 4490 fuisse
1421 4453 1576 4493 nemo
1615 4450 1697 4493 est
1754 4441 1845 4509 qui
1898 4443 2068 4509 possit

495 4519 748 4575 inliciati.
775 4522 1037 4576 Cteterum
1074 4524 1328 4581 .lodsaldo
1374 4529 1702 4599 sull'ragatur
1765 4531 2066 4602 L‘dalricus,

487 4611 578 4680 qui
603 4611 737 4666 libro
762 4627 822 4665 tu
851 4613 1308 4674 Consuetudinutu
1334 4619 1705 4675 Cluniacensis
1731 4627 2066 4692 monasterii,

488 4705 665 4774 capite
700 4708 745 4768 1,
762 4722 1035 4776 exponens
1061 4726 1166 4778 qua
1194 4713 1403 4766 ratione
1425 4713 1491 4766 ad
1516 4713 1728 4767 abbatis
1749 4715 2064 4771 electionem

485 4797 886 4866 procedendum
910 4801 998 4865 sit,
1025 4815 1086 4854 ca
1116 4817 1234 4870 qua:
1255 4813 1375 4872 post
1401 4805 1572 4858 sancti
1597 4803 1838 4860 Odilonis
1859 4808 2063 4862 obitum

488 4888 539 4940 in
580 4889 720 4942 beati
756 4888 988 4960 Ilugonis
1013 4893 1275 4948 electione
1300 4895 1657 4964 contigerant,
1678 4894 1730 4949 in
1759 4898 2064 4965 exemplum

488 4980 570 5034 his
603 4983 780 5038 verbis
806 4996 1026 5040 enarrat
1067 5001 1081 5039 :
1122 4985 1316 5042 Beatus
1363 4988 1526 5042 Pater
1556 4987 1742 5051 Odilo,
1771 5001 1981 5058 rogatus
2011 4993 2063 5044 in

485 5077 727 5128 extremis
757 5081 863 5131 suis
892 5082 1018 5148 quid
1046 5081 1145 5133 sibi
1184 5083 1248 5136 de
1290 5100 1588 5137 successore
1638 5084 1917 5146 videretur,
1962 5102 2064 5138 non

486 5165 734 5233 acquievit
765 5169 832 5220 ad
855 5171 948 5222 hoc
971 5180 1246 5239 quemdam
1266 5176 1552 5228 nominare.
1574 5172 1861 5242 Subjuugit
1885 5184 2062 5228 tamen

2101 4405 2150 4466 D

2182 1805 2302 1850 erat
2336 1797 2461 1850 anni
2490 1797 2662 1862 1048ς
2724 1797 2814 1852 alii
2842 1797 3214 1868 subsequenti,
3245 1798 3336 1867 qui
3392 1798 3600 1867 primus
3647 1807 3770 1853 erat

2182 1888 2311 1942 anni
2371 1887 2676 1957 1049,9jus
2727 1888 2933 1943 obitum
2981 1888 3330 1958 consignasse
3374 1889 3642 1942 videntur.
3701 1888 3772 1942 Et

2180 1979 2398 2049 quidem
2431 1977 2856 2045 ettm,Jodsaldo
2895 1989 3050 2043 teste,
3102 1981 3189 2035 die
3224 1980 3512 2035 Dominica
3567 1979 3772 2033 obicrit

2180 2069 2358 2133 Odilo,
2386 2067 2505 2137 ejus
2534 2086 2682 2125 mors
2727 2071 3039 2126 necessario
3086 2073 3450 2143 consignanda
3499 2082 3583 2126 est
3625 2087 3769 2126 anno

2181 2159 2340 2225 1049,
2364 2161 2456 2229 qui
2486 2161 2600 2230 ipse
2629 2176 2815 2216 revera
2840 2179 2868 2215 a
2893 2163 2979 2217 die
3005 2163 3283 2216 Dominica
3302 2163 3584 2218 exordium
3610 2179 3764 2219 sum—

2178 2252 2304 2321 psit.
2345 2251 2500 2305 Nulla
2549 2252 2678 2306 item
2727 2260 2810 2307 est
2864 2252 3149 2308 difﬁcultas
3201 2253 3346 2308 circa
3403 2262 3613 2323 tempus
3656 2268 3769 2324 quo

2176 2344 2370 2399 beatus
2410 2345 2493 2397 vir
2537 2343 2878 2399 Cluniacensi
2925 2347 3257 2400 monasterio
3301 2345 3602 2414 prasfuerit.
3659 2345 3765 2412 Qui

2176 2436 2322 2489 enim
2357 2435 2571 2489 nonnisi
2599 2435 2990 2505 quinquaginta
3023 2451 3118 2490 sex
3167 2437 3444 2507 regituiuis
3489 2452 3662 2491 annos
3712 2436 3767 2491 ei

2180 2524 2440 2592 tribuunt,
2471 2533 2789 2593 computant
2817 2540 2912 2579 eos
2936 2540 2965 2578 a
2992 2526 3132 2579 beati
3165 2525 3342 2580 Maioli
3373 2527 3543 2590 obitu,
3572 2542 3766 2596 quam-

2177 2613 2280 2678 vis,
2345 2623 2404 2668 ut
2458 2611 2629 2668 fusius
2683 2629 2845 2684 supra
2893 2614 3261 2683 exposuimus,
3308 2615 3498 2670 saltem
3547 2615 3766 2669 biennio

2176 2715 2334 2758 antea
2377 2705 2427 2759 iu
2463 2706 2789 2759 monasterio
2815 2705 3158 2762 Cluniacensi
3202 2721 3396 2762 nomen
3436 2715 3490 2760 et
3525 2706 3762 2762 ofﬁcium

2177 2793 2392 2848 abbatis
2417 2793 2742 2863 impleverit.

2249 2885 2371 2938 126.
2413 2884 2584 2940 Porro
2614 2886 2739 2941 licet
2764 2886 3286 2956 ipsismetKalendis
3307 2885 3546 2942 Januarii
3571 2887 3764 2944 beatus

2178 2974 2331 3030 Odilo
2353 2977 2654 3031 excesserit
2677 2992 2707 3030 e
2734 2979 2862 3043 vita,
2889 2977 3003 3045 ejus
3038 2987 3216 3031 tamen
3246 2977 3514 3033 festivitas
3541 2979 3594 3031 in
3618 2979 3761 3033 diem

2103 3046 2149 3109 (ἶ
2179 3079 2496 3135 sequentem
2541 3069 2798 3123 translata
2851 3069 2992 3137 fuit,
3019 3071 3162 3140 quod
3217 3070 3425 3125 scilicet
3484 3071 3600 3140 ipso
3641 3069 3763 3137 eius

2177 3159 2357 3212 obitus
2381 3160 2466 3214 die
2505 3159 2943 3215 Circutncisionis
2987 3161 3280 3216 Dominica:
3330 3162 3597 3217 festivitas
3633 3177 3764 3232 age-

2179 3258 2349 3301 retur.
2386 3249 2438 3303 Id
2465 3265 2592 3304 vero
2622 3250 2781 3320 paulo
2809 3261 2930 3321 post
2955 3252 3071 3322 ejus
3100 3264 3327 3306 mortem
3366 3251 3568 3306 factuut
3594 3252 3762 3308 fuisse

2177 3339 2478 3410 colligimus
2517 3358 2581 3396 cx
2619 3342 2847 3398 Udalrici
2893 3344 3030 3399 libro
3063 3361 3079 3398 ι
3122 3344 3581 3400 Consuetudinutu
3627 3346 3757 3400 Clu-

2177 3431 2536 3498 uiacensium,
2585 3435 2764 3502 capite
2814 3434 2904 3501 47,
2957 3436 3047 3491 ubi
3105 3436 3195 3490 ille
3237 3435 3313 3490 ait
3362 3436 3755 3507 depositionem

2176 3521 2351 3576 sancti
2378 3520 2619 3577 Odilonis
2681 3535 2786 3577 tam
2833 3527 2977 3578 citari
3025 3527 3192 3580 sancti
3234 3537 3281 3580 et
3327 3537 3436 3580 tam
3473 3528 3757 3597 fanti/iuris

2176 3612 2390 3676 fecisse,
2419 3621 2477 3666 ut
2507 3614 2623 3668 dies
2646 3625 2830 3670 octava
2865 3617 3059 3671 natalis
3094 3620 3264 3672 sancti
3299 3617 3559 3689 Stephani
3584 3619 3755 3673 solam

2174 3706 2401 3760 haberet
2428 3709 2997 3764 commemorationem
3039 3726 3160 3764 cum
3207 3727 3310 3764 una
3363 3722 3566 3765 tantum
3612 3713 3759 3765 antia

2172 3803 2350 3871 phoua
2377 3810 2432 3857 et
2463 3819 2564 3857 una
2594 3803 2836 3858 collecta.
2877 3803 3028 3858 Unde
3070 3804 3332 3860 Henricus
3377 3807 3756 3861 Cluniacensis

2173 3895 2341 3950 abbas
2378 3895 2434 3949 in
2462 3895 2712 3958 Statutis,
2739 3897 2891 3950 initio
2923 3897 3102 3952 saeculi
3129 3897 3321 3952 decimi
3350 3897 3527 3966 quarti
3558 3897 3758 3960 editis,

2172 3987 2351 4056 potius
2388 3987 2665 4055 antiquam
2703 3989 3148 4042 consuetudinem
3192 3987 3435 4040 ﬁrmasse
3491 3987 3758 4040 dicendus

2173 4087 2256 4132 est
2285 4093 2445 4146 quam
2487 4079 2551 4132 de
2587 4094 2726 4132 novo
2755 4079 3074 4142 instituisse,
3098 4078 3382 4132 statuendo
3415 4089 3470 4131 ut
3498 4079 3752 4148 deinceps

2173 4170 2494 4225 festivitates
2554 4171 2724 4225 sancti
2779 4171 3054 4233 Odilonis,
3124 4170 3390 4239 Hugouis,
3450 4169 3652 4224 Odonis
3695 4178 3751 4223 et

2173 4262 2351 4318 Maioli
2385 4265 2484 4318 sub
2506 4265 2611 4317 ritu
2636 4263 2831 4332 duplici
2872 4263 3292 4317 celebrarentur.
3331 4263 3393 4316 Et
3422 4272 3569 4316 certe
3602 4271 3749 4315 tanta

2174 4356 2276 4410 fuit
2297 4372 2425 4426 erga
2472 4366 2716 4412 sanctum
2758 4355 3035 4410 Odilonem
3094 4354 3525 4408 Cluniacensium
3581 4353 3750 4406 animi

2171 4449 2481 4518 propensiu,
2512 4458 2569 4501 ut
2603 4448 2784 4502 statim
2838 4457 2959 4517 post
2987 4448 3153 4517 ipsius
3184 4456 3409 4499 tnortem
3441 4445 3560 4514 ejus
3605 4443 3752 4498 fece-

2171 4545 2282 4598 rint
2307 4543 2468 4598 simul
2497 4557 2617 4596 cum
2658 4541 2778 4596 aliis
2808 4542 3136 4596 monasterii.
3167 4539 3408 4610 patronis
3461 4535 3751 4607 specialem

2170 4633 2740 4689 commemorationem
2768 4633 2822 4686 itt
2853 4632 2956 4686 illis
2982 4632 3392 4700 precibusqua:
3426 4629 3584 4697 vulgo
3630 4623 3748 4679 suf-

2171 4727 2341 4798 fragia
2368 4737 2676 4782 sanctorum
2709 4725 3064 4795 appellantur.
3090 4723 3318 4793 ldipsum
3339 4732 3567 4776 testatur
3588 4717 3752 4773 Udal-

2169 4820 2316 4872 rieus
2351 4818 2487 4872 libro
2511 4834 2526 4872 ι
2548 4819 2660 4884 jam
2686 4818 2899 4870 laudato
2929 4815 3106 4883 capite
3138 4814 3193 4868 5.
3235 4814 3506 4868 llabemus
3555 4812 3606 4865 in
3660 4809 3748 4864 Bi-

2170 4909 2439 4964 bliotheca
2467 4909 2828 4971 Cluniacensi,
2853 4908 2957 4962 col.
2989 4907 3114 4971 528,
3145 4908 3399 4977 hymnum
3444 4917 3500 4960 et
3545 4905 3748 4960 oratio-

2170 5015 2270 5054 nes
2297 5014 2416 5068 quaa
2441 5000 2492 5052 in
2534 4997 2650 5065 ejus
2677 4998 2970 5052 festivitate
3016 4997 3318 5066 antiquitus
3360 4996 3748 5059 recitabantur,

2171 5101 2224 5147 et
2256 5094 2308 5146 in
2338 5092 2454 5161 ejus
2486 5091 2645 5146 missa
2675 5099 2868 5160 praeter
2894 5100 3002 5144 tres
3023 5089 3300 5144 orationes
3320 5096 3628 5148 consuetas,
3653 5086 3744 5138 ad-

2164 5181 2353 5251 jicitur
2375 5191 2565 5248 quarta
2591 5195 2751 5249 super
2771 5181 3022 5249 populum
3055 5179 3348 5233 rccitauda.
3367 5178 3514 5231 Adeo
3535 5176 3745 5231 celebro

487 5253 692 5324 aliquot
729 5273 760 5314 e
795 5262 1080 5331 majoribus
1107 5273 1154 5316 et
1187 5266 1626 5334 probabilioribus
1657 5268 1892 5335 personis
1944 5283 2060 5320 nto-
2161 5273 2274 5342 jam
2308 5285 2435 5328 tunc
2461 5281 2578 5326 erat
2606 5273 2744 5340 apud
2772 5287 2960 5326 omnes
2985 5271 3159 5325 sancti
3193 5269 3433 5325 Odilonis
3456 5275 3746 5332 nonten,ut
