4116 5358
339 246 452 304 895

1737 249 1740 252 ’
1790 249 2118 309 ELOGIUM.

3486 255 3588 312 894

336 361 521 414 ctione
547 372 608 423 ιι,
643 356 774 415 feria
806 373 881 423 rt,
911 357 1038 415 luna
1074 375 1231 423 mu,
1263 359 1426 418 Nonis
1457 361 1766 421 Decembris
1813 367 1908 420 de-
1938 369 1986 425 Α
2015 364 2368 421 translatione
2397 407 2411 433 ,
2471 370 2720 440 quamvis
2785 368 2926 425 beati
2998 369 3175 425 Maioli
3237 369 3592 427 elevationem

333 448 551 504 dicasse
581 458 914 504 memoratur
945 451 1203 519 capellam
1230 452 1280 504 in
1305 452 1508 507 honore
1533 455 1703 508 beata:
1729 455 1910 510 Mariae

333 553 391 596 et
423 540 712 596 dulcissimi
739 542 917 596 Patris
955 543 1209 607 Odilonis,
1242 545 1294 598 in
1351 544 1468 599 loco
1511 547 1655 601 dicto
1693 547 1912 602 Alacar-

332 631 517 694 meda,
544 632 596 685 in
632 634 886 700 parochia
915 634 1156 689 Cidanis.
1209 635 1332 690 lude
1379 635 1554 691 factus
1599 647 1682 692 est
1733 648 1911 697 tantus

329 723 653 792 pepulerum
679 740 974 780 concursus
1002 726 1066 780 ad
1099 726 1226 781 illud
1249 729 1573 791 oratorium,
1600 730 1651 782 in
1698 731 1909 787 densis-

330 814 474 867 sima
506 815 632 870 licet
668 815 799 879 silya
831 817 1019 882 situm,
1040 827 1097 871 ut
1121 833 1242 872 eum
1277 819 1427 873 multi
1460 835 1611 874 suam
1636 821 1816 875 sedem
1838 821 1911 877 ibi

326 902 604 971 ﬁxissent,
629 909 989 963 necessari-im
1023 909 1185 963 fuerit
1225 919 1410 978 postea
1457 912 1765 980 parochiam
1811 912 1913 968 ibi-

330 995 458 1048 dem
491 996 796 1052 instituere.
817 997 1096 1053 Odilonem
1124 1000 1265 1054 inter
1293 1009 1524 1070 quatuor
1550 1011 1766 1056 sanctos
1787 1002 1914 1056 Clu-

326 1087 616 1143 niacensis
669 1090 980 1144 monasterii
1039 1090 1265 1147 abbates
1313 1100 1560 1147 recenset
1593 1091 1910 1156 Gaufridus,

332 1175 613 1230 Vosiensis
635 1178 801 1246 prior,
827 1179 878 1233 in
902 1180 1170 1235 Chronico
1195 1182 1276 1235 sui
1311 1183 1623 1235 monasterii
1648 1197 1768 1250 cap.
1801 1181 1901 1244 ὄις

324 1263 486 1330 cujus
510 1264 856 1320 festivitatem
875 1269 925 1321 in
947 1268 1374 1324 Claromontensi
1393 1270 1619 1324 ecclesia
1647 1271 1911 1325 celebrari

324 1357 642 1422 procuravit
670 1356 824 1412 Odilo
850 1358 916 1411 de
942 1357 1229 1425 Mercorio,
1252 1361 1441 1420 nostri,
1457 1371 1516 1413 ut
1530 1361 1642 1429 jam
1669 1361 1910 1415 diximus

325 1457 484 1497 num.
516 1445 573 1508 5,
603 1447 776 1500 sancti
807 1445 1046 1502 Odilonis
1072 1450 1524 1518 consanguineus.
1563 1450 1680 1518 Ipsa
1713 1449 1910 1503 Necro-

325 1535 456 1605 logii
499 1539 659 1593 verba
691 1539 795 1594 huc
824 1540 1026 1594 referre
1075 1541 1245 1594 visum
1299 1549 1403 1604 est,
1459 1556 1524 1595 ex
1579 1541 1906 1608 Quereetani

325 1628 475 1682 notis
509 1628 576 1681 ad
619 1628 1007 1684 Bibliothecam
1041 1631 1473 1695 Cluniaeensem,
1500 1631 1603 1686 col.
1662 1633 1732 1686 69
1784 1651 1797 1686 :
1852 1647 1905 1688 tv

2014 460 2325 524 approbent,
2355 460 2497 526 quod
2530 459 2667 514 forte
2687 459 2801 530 jam
2839 461 3036 514 dudum
3071 460 3211 514 facta
3241 461 3448 516 fuisset.

2081 546 2202 601 128.
2244 546 2361 601 Alia
2393 557 2572 603 tamen
2601 551 2740 604 beati
2772 551 3014 606 Odilonis
3046 551 3391 620 reliquiarmn
3425 561 3596 607 trans-

2012 633 2140 688 latio
2161 645 2375 704 peracta
2401 637 2501 692 fuit
2523 655 2551 692 a
2576 637 2804 708 Rogerio
2820 640 3222 709 archiepiscopo
3241 639 3589 694 Bituricensi:

2011 739 2170 794 quam
2199 726 2435 793 quidem,
2469 729 2912 784 convenientibus
2955 745 3016 784 ea
3060 730 3344 785 occasione
3379 732 3443 784 ad
3473 747 3588 785 mo-

2012 816 2309 870 nasterium
2362 814 2751 872 Silviniaeense
2800 817 3163 889 compluribus
3224 821 3489 890 episcopis
3536 828 3594 874 et

2011 904 2331 969 abbatibus,
2383 905 2676 960 solemnem
2742 907 2908 961 fuisse
2968 908 3223 962 discimus
3274 924 3343 962 ex
3392 909 3585 962 instru-

2011 1001 2196 1049 mento
2238 995 2406 1050 veteri
2451 995 2593 1066 quod
2639 997 2692 1050 in
2741 997 3070 1052 Bibliotheca
3110 997 3446 1053 Cluniacensi
3495 999 3592 1053 ha-

2010 1084 2190 1139 betur.

2084 1176 2202 1232 129.
2245 1177 2492 1233 Clemens
2519 1187 2724 1244 sextus,
2764 1193 2872 1248 quo
2900 1180 3186 1234 mandante
3222 1180 3322 1234 ista
3358 1181 3590 1236 transla-

2013 1265 2088 1320 tio
2115 1265 2259 1320 facta
2294 1266 2415 1332 fuit,
2441 1268 2795 1338 indulgentias
2823 1270 3090 1323 concessit
3116 1269 3182 1324 iis
3214 1271 3305 1339 qui
3339 1269 3590 1325 Silvinia—

2011 1372 2225 1412 censem
2255 1359 2538 1413 ecclesiam
2578 1359 2861 1414 inviserint
2886 1361 3073 1414 diebus
3099 1359 3252 1415 festis
3278 1370 3586 1415 sanctorum

2011 1449 2187 1504 Maioli
2213 1450 2454 1506 Odilonis
2475 1461 2527 1506 et
2551 1451 2777 1505 aliorum
2808 1468 2942 1521 quos
2973 1461 3236 1515 recenset,
3273 1453 3396 1506 item
3425 1461 3478 1506 et
3501 1452 3588 1506 die

2013 1540 2380 1595 translationis
2407 1542 2546 1596 beati
2583 1542 2863 1605 Odilonis;
2898 1557 2962 1596 ex
2991 1557 3093 1611 qua
3125 1542 3338 1611 quidem
3365 1542 3585 1610 speciali

2012 1631 2378 1686 translationis
2421 1632 2678 1685 memoria
2717 1631 3015 1700 colligimus
3039 1647 3156 1686 eam
3188 1631 3354 1686 fuisse
3377 1633 3590 1687 casteria

328 1715 521 1774 Nonas
550 1721 823 1786 Januarii,
854 1721 1049 1776 Octava
1078 1725 1248 1776 sancti
1288 1722 1557 1792 Stephani,
1585 1733 1633 1776 et
1668 1723 1908 1778 Odilonis
1943 1719 1984 1777 Β
2012 1719 2383 1775 celebriorem.
2444 1719 2641 1775 Verum
2691 1735 2811 1773 cum
2862 1721 2972 1775 haec
3022 1720 3168 1774 bulla
3217 1722 3338 1775 data
3392 1722 3483 1784 sit,
3530 1730 3588 1776 ut

324 1812 538 1866 abbatis
557 1822 604 1865 et
632 1813 945 1881 confessoris
965 1853 980 1877 ,
1002 1831 1096 1883 pro
1126 1831 1226 1883 uno
1256 1815 1389 1882 fasto
1440 1814 1681 1869 librando
1745 1814 1902 1871 Odilo

322 1903 389 1959 de
416 1903 678 1958 Mercurio
709 1907 988 1959 canonicus
1016 1905 1461 1961 Claromontensis
1505 1918 1552 1961 et
1591 1909 1902 1978 pra’positas

321 1993 652 2050 Brivatensis
696 1997 932 2065 promisit
970 1997 1322 2067 quadraginta
1362 1997 1558 2050 solidos
1611 1997 1900 2060 censuales,

321 2097 413 2139 aut
445 2086 664 2139 reddere
687 2085 844 2140 semel
863 2088 1211 2157 quadraginta
1239 2087 1422 2150 libras,
1439 2098 1486 2140 et
1510 2088 1692 2141 debent
1717 2087 1902 2141 librari

319 2179 372 2232 in
403 2181 569 2232 missa
595 2189 640 2231 et
669 2180 721 2232 in
749 2181 972 2241 vesperis
995 2180 1099 2233 diei
1126 2180 1263 2248 festi.
1289 2178 1553 2234 Caeterum
1580 2181 1902 2251 Martyrolo-

317 2270 403 2338 gia
434 2269 650 2338 Vulgata
685 2268 924 2324 Odilonis
944 2269 1258 2323 memoriam
1288 2269 1562 2324 celebrant
1586 2271 1607 2324 1
1636 2270 1898 2333 Januarii,

316 2367 408 2412 aut
446 2370 600 2414 certe
630 2361 717 2414 die
745 2361 1014 2429 sequenti,
1037 2361 1179 2430 quod
1217 2361 1269 2415 in
1311 2362 1432 2415 aliis
1466 2362 1646 2416 obitus
1675 2361 1809 2420 dies.
1845 2361 1897 2414 in

315 2450 436 2502 aliis
462 2465 598 2503 vero
643 2450 1013 2519 depositionis,
1055 2465 1148 2503 seu
1204 2451 1382 2518 potius
1425 2450 1542 2519 ejus
1594 2449 1899 2504 festivitatis

315 2539 590 2595 memoria
624 2540 912 2593 indicetur.
941 2537 998 2590 lu
1047 2538 1426 2610 Martyrologio
1466 2540 1636 2593 sancti
1691 2539 1897 2593 Arnulﬁ

313 2636 452 2704 apud
496 2635 690 2688 Mettas
716 2648 753 2687 ιι
786 2631 1051 2686 Kalendas
1083 2629 1322 2684 Januarii
1374 2630 1430 2684 lit
1475 2630 1715 2685 Odilonis
1756 2645 1901 2683 com-

309 2727 665 2782 memoratio.
688 2727 744 2780 ln
773 2725 1087 2796 Necrolugio
1116 2734 1297 2780 autem
1333 2724 1614 2778 Remensis
1648 2722 1900 2777 Ecclesiae

309 2820 425 2892 ipsa
453 2823 552 2877 die
582 2821 1195 2876 KalendarumJanuarii
1221 2819 1468 2872 laudatur
1489 2815 1686 2887 Oydelo
1716 2815 1894 2884 abbas,

316 2913 474 2968 simul
500 2930 626 2968 cum
650 2912 923 2966 Willelmo
950 2913 1153 2981 pariter
1180 2912 1395 2964 abbate.

317 3001 453 3059 XIV.
525 3001 768 3056 Odilonis
813 3019 978 3056 sacra:
1033 3002 1293 3084 reliquiis,
1327 3010 1373 3054 et
1422 3016 1605 3054 earnm
1664 2998 1896 3053 transla-

1020 3082 1202 3125 tiones.

384 3163 513 3219 127.
557 3162 782 3216 Sacrum
804 3159 951 3215 beati
973 3159 1215 3217 Odilonis
1237 3176 1433 3230 corpus
1459 3161 1509 3215 in
1543 3159 1896 3214 Silviniacen-

318 3254 393 3310 sis
421 3252 765 3316 monasterii,
791 3251 878 3305 ubi
910 3251 1022 3320 ipse
1060 3252 1341 3306 defunctus
1369 3259 1472 3314 est,
1500 3249 1740 3304 ecclesia:
1773 3248 1896 3302 navi

317 3359 486 3413 prope
548 3353 791 3396 sanetum
851 3340 1100 3394 Maiolnm
1168 3341 1465 3410 depositum
1521 3339 1637 3392 fuit.
1699 3339 1899 3392 Visitur

319 3436 480 3486 etiam
511 3448 653 3485 nunc
669 3430 786 3499 ejus
811 3429 1208 3492 tumulus,licet
1231 3446 1399 3484 sacra:
1419 3429 1627 3483 exuvias
1659 3443 1686 3480 a
1716 3427 1896 3481 multis

322 3532 466 3576 retro
490 3521 702 3576 saeculis
735 3521 927 3574 exinde
966 3520 1188 3575 elevata:
1211 3519 1408 3574 fuerint
1430 3530 1484 3575 et
1509 3519 1735 3589 publica:
1763 3517 1893 3570 lide-

319 3614 447 3669 lium
490 3615 827 3669 venerationi
866 3614 1140 3683 CXpOSlltc.
1186 3613 1343 3668 Certe
1370 3614 1412 3667 si
1449 3612 1578 3666 lides
1631 3622 1714 3666 est
1760 3611 1897 3665 libro

320 3707 824 3762 Atutiversariorum
845 3706 1145 3770 Silviniaei,
1171 3721 1327 3773 quem
1350 3704 1642 3761 Gaufridus
1663 3703 1892 3766 Choleti,

320 3798 433 3866 ejus
487 3800 589 3854 loci
649 3801 816 3869 prior,
849 3813 989 3851 anno
1045 3797 1183 3851 1455
1243 3797 1360 3850 ﬁeri
1417 3795 1657 3859 curavit,
1705 3794 1896 3848 Petrus

323 3891 586 3956 Damiani,
629 3893 960 3960 proindeque
997 3891 1155 3959 paulo
1184 3900 1302 3960 post
1333 3889 1474 3943 beati
1507 3887 1715 3941 abbatis
1753 3902 1896 3940 mor-

325 3989 448 4043 tem,
481 3982 648 4051 ipsius
684 3997 879 4050 corpus
901 3996 930 4034 e
965 3991 1104 4034 terra
1150 3979 1381 4034 levatum
1423 3978 1628 4047 primus
1661 3983 1895 4030 transtu-

323 4069 401 4125 lit.
431 4073 506 4126 lbi
533 4074 730 4143 quippe
753 4074 950 4144 legitur
978 4088 991 4126 :
1024 4089 1116 4127 vm
1158 4072 1425 4126 Kalendas
1461 4070 1740 4125 Februarii
1785 4070 1896 4138 o/ﬁ-

323 4163 456 4216 cium
479 4165 571 4232 ﬁat
607 4165 988 4234 plenum,sicat
1020 4166 1082 4218 de
1121 4165 1396 4218 abbatibus
1440 4162 1890 4229 Cluniacensibus,

323 4271 414 4324 pro
443 4256 596 4310 Petro
633 4257 891 4310 Damiano
931 4258 1189 4328 episcopo,
1214 4257 1302 4327 qui
1327 4273 1513 4326 corpus
1549 4255 1686 4309 beati
1713 4254 1891 4308 Patris

324 4348 483 4401 nostri
511 4347 751 4402 Odilonis
780 4347 1037 4410 releuauit,
1063 4359 1108 4401 et
1134 4350 1189 4401 in
1238 4350 1351 4400 loco
1399 4349 1451 4400 in
1490 4364 1590 4416 quo
1630 4361 1768 4399 nunc
1807 4360 1890 4397 re-

324 4440 555 4510 quiescit,
586 4444 719 4492 mira
747 4441 1020 4492 devotione
1057 4438 1346 4492 collocavit.
1394 4437 1744 4507 Refectionem
1781 4437 1889 4505 {ra-
1923 4415 1971 4474 D

327 4538 459 4582 trum
483 4542 718 4600 procuret
743 4533 984 4584 sacrista.
1005 4529 1281 4584 Cousentit
1303 4528 1538 4595 ejusdem
1562 4527 1666 4581 loci
1688 4526 1891 4580 Neero-

328 4620 538 4688 logium,
573 4624 660 4678 ubi
695 4625 943 4678 vutitem
1000 4620 1267 4675 Kalendas
1316 4619 1595 4673 Februarii
1642 4619 1892 4686 depositio

326 4713 496 4766 domui
523 4712 664 4768 Petri
700 4714 946 4767 Damiani
966 4713 1189 4781 episcoyi
1222 4710 1496 4764 recolitur.
1540 4709 1690 4777 Apud
1724 4706 1891 4760 Suus-

326 4803 490 4860 saium
523 4808 573 4859 in
601 4804 982 4876 Martyrologio
1016 4802 1290 4856 Gallicano
1316 4800 1571 4854 recolitur
1594 4799 1678 4852 die
1705 4797 1737 4850 ὅ
1769 4796 1890 4849 Maii

329 4891 592 4952 Reseratio
621 4897 854 4966 corporis
884 4895 1049 4947 sancti
1083 4891 1320 4945 Odilonis
1345 4891 1544 4944 abbatis
1579 4888 1890 4942 Cluniacen—

324 4985 413 5038 sis.
443 4986 571 5053 Quae
595 4988 756 5042 verba
785 4983 1117 5058 Bollandianj
1142 4983 1207 5036 ad
1226 4983 1470 5036 eamdem
1496 4980 1636 5033 diem
1670 4978 1719 5032 in
1748 4977 1892 5031 Prte-

333 5081 582 5135 termissis
601 5083 794 5150 adopta
805 5086 945 5131 runt.
967 5072 1293 5131 ClemenslV
1310 5083 1362 5128 et
1376 5069 1642 5126 Honorius
1656 5071 1782 5123 item
1800 5068 1888 5132 IV,

332 5170 414 5200 ιι·ιῖ
461 5171 708 5200 Πλημμκκ.
752 5170 1004 5200 Paulae-im
1042 5165 1252 5200 Inhanln
1301 5164 1497 5200 omnn‘n
1541 5162 1746 5200 ιΙιη-ἰηπι
1784 5170 1889 5200 tor-

2003 1814 2218 1882 quidem
2262 1815 2489 1869 habetur
2517 1815 2570 1869 in
2600 1815 2923 1869 Bibliotheca
2973 1815 3310 1870 Cluniacensi
3346 1817 3448 1871 col.
3482 1817 3587 1871 512

2004 1919 2146 1958 anno
2172 1919 2210 1958 ιι
2241 1904 2551 1969 Clementis,
2587 1907 2638 1958 id
2669 1917 2749 1959 est
2777 1922 2898 1960 tera:
2925 1907 3162 1978 vulgaris
3193 1909 3350 1973 1545,
3389 1919 3482 1963 aut
3520 1911 3587 1965 de

2004 1994 2104 2049 alia
2136 1994 2480 2050 translatione
2507 1995 2576 2050 ab
2604 2010 2665 2049 ea
2706 2011 2864 2064 quam
2913 1997 3025 2065 ipse
3071 1999 3184 2051 lieri
3235 1999 3584 2051 mandaverat

2002 2080 2243 2153 loquitur
2269 2084 2529 2154 pontifex,
2559 2086 2699 2154 quod
2731 2101 2834 2139 non
2876 2095 2956 2139 est
2997 2086 3320 2152 verisimile;
3365 2097 3456 2140 aut
3501 2087 3586 2140 in-

2001 2179 2358 2225 strumentum
2417 2172 2634 2240 Rogerii
2692 2173 2908 2226 biennio
2959 2173 3146 2227 saltem
3205 2185 3327 2242 post
3384 2176 3582 2230 factam

2004 2260 2408 2315 translationem
2469 2261 2653 2315 datum
2705 2262 2850 2328 fuit;
2903 2272 2997 2318 aut
3050 2265 3280 2333 denique
3324 2283 3478 2320 error
3527 2269 3580 2322 in

1998 2349 2155 2404 bulla:
2206 2359 2362 2404 notas
2417 2351 2828 2423 chronologicas
2887 2352 3120 2422 irrepsit.
3179 2353 3336 2409 Certe
3387 2356 3579 2411 littera:

1997 2437 2258 2510 Aytnonis
2286 2441 2504 2510 prioris,
2536 2442 2731 2510 quibus
2778 2440 2938 2496 ﬁdem
2981 2441 3110 2496 facit
3157 2458 3316 2498 unam
3367 2459 3398 2499 e
3436 2447 3577 2500 beati

1998 2532 2098 2585 viri
2148 2534 2312 2588 costis
2353 2533 2773 2590 Carnotensibus
2820 2535 3092 2590 canonicis
3143 2537 3323 2590 datam
3373 2537 3575 2605 fuisse,

2000 2622 2138 2678 hanc
2173 2623 2578 2678 translationem
2621 2639 2763 2679 anno
2803 2625 3006 2694 pariter
3050 2624 3186 2680 1545
3233 2629 3570 2697 consignant.

2001 2714 2109 2768 Has
2151 2715 2364 2770 litteras
2401 2717 2506 2770 huc
2547 2717 2782 2788 integras
2819 2716 3143 2786 proferimus
3167 2733 3233 2773 ex
3264 2721 3476 2774 schedis
3513 2721 3573 2776 ν.

1999 2803 2059 2860 C.
2089 2804 2304 2858 Antonii
2335 2805 2545 2860 Wionis
2575 2805 2883 2861 llerovallii.

2070 2893 2190 2949 130.
2233 2895 2494 2950 Caeterum
2524 2910 2692 2950 sacra:
2710 2894 2945 2964 reliquiae
2965 2894 3104 2950 beati
3131 2893 3368 2950 Odilonis
3387 2897 3577 2950 etiam-

2000 3001 2141 3041 nunc
2169 2985 2220 3038 in
2249 2985 2474 3040 ecclesia
2509 2985 2877 3040 Silviniacensi
2916 3000 2943 3038 a
2988 2988 3186 3040 nostris
3211 2987 3575 3042 Cluniacensi-

1922 3070 1966 3133 C
1999 3076 2098 3130 bus
2131 3077 2375 3142 religiose
2404 3085 2771 3140 asservantur,
2795 3090 2989 3144 corpus
3018 3076 3233 3144 quidem
3273 3077 3322 3128 in
3353 3080 3576 3141 scrinio.

1999 3169 2142 3239 quod
2180 3179 2262 3223 est
2291 3184 2452 3238 super
2475 3167 2643 3222 altare
2673 3168 2738 3221 ad
2765 3167 3007 3222 ecclesia:
3033 3168 3247 3232 odeum,
3288 3183 3318 3222 e
3359 3170 3576 3238 regione

1999 3260 2204 3314 scilicet
2241 3259 2464 3314 alterius
2493 3259 2699 3323 altaris,
2737 3259 2877 3329 quod
2913 3259 2979 3311 ad
3016 3259 3396 3312 asservandum
3426 3258 3570 3313 beati

1999 3348 2176 3403 lllaioli
2207 3365 2403 3418 corpus
2437 3356 2804 3403 constructum
2851 3348 3013 3402 fuisse
3060 3347 3193 3402 alias
3236 3350 3434 3403 diettuu
3464 3359 3567 3403 est.

1998 3439 2196 3492 Eorum
2232 3455 2358 3493 vero
2389 3440 2563 3508 capita
2609 3439 2660 3492 in
2694 3438 2862 3493 thecis
2888 3439 3150 3507 separatis
3194 3439 3394 3492 inclusa
3427 3449 3572 3504 sunt,

1997 3547 2115 3600 qua}
2145 3529 2458 3598 injucuudo
2497 3530 2728 3583 adventu
2774 3530 2949 3597 Caroli
2992 3531 3141 3582 ducis
3187 3530 3570 3584 Borbonieusis

1996 3629 2047 3672 et
2071 3620 2343 3673 Arvernia:
2363 3619 2556 3672 deferri
2581 3619 2705 3671 fecit
2724 3617 3012 3672 Gaul’ridus
3033 3618 3266 3684 ejusdem
3283 3619 3380 3671 loci
3406 3622 3574 3687 prior,

1996 3724 2118 3762 cum
2167 3709 2396 3778 primum
2443 3724 2582 3761 anno
2621 3707 2756 3760 M34
2798 3707 3049 3776 princeps
3090 3707 3174 3760 ille
3225 3707 3572 3760 Silviniaeum

1995 3802 2232 3866 advenit,
2281 3813 2339 3855 ut
2384 3818 2449 3855 ex
2497 3802 2852 3858 instrumento
2897 3802 3111 3871 publico
3139 3818 3201 3856 ea
3239 3803 3304 3856 de
3344 3818 3399 3855 re
3426 3801 3612 3856 facto‘

1997 3896 2166 3959 patet,
2222 3888 2363 3958 quod
2421 3888 2472 3940 in
2521 3885 2850 3940 Bibliotheca
2893 3885 3250 3950 Cluniacensi,
3298 3886 3400 3938 col.
3448 3885 3572 3947 512,

1993 3981 2194 4035 editum
2237 3989 2336 4034 est.
2392 3980 2441 4033 ls
2474 3988 2578 4044 est,
2613 3989 2670 4032 ut
2699 3979 2912 4048 quidem
2940 3981 3070 4033 mihi
3103 3981 3328 4044 videtur,
3360 3979 3579 4033 Gaulri-

1995 4071 2096 4124 dus
2139 4070 2372 4135 Choleti,
2419 4070 2484 4123 de
2535 4085 2641 4138 quo
2676 4068 2787 4137 jam
2828 4071 3082 4133 diximus,
3127 4071 3215 4140 qui
3255 4087 3470 4139 capsatu
3512 4072 3578 4122 ad

1993 4163 2162 4216 sancti
2195 4161 2436 4215 Odilonis
2476 4176 2670 4230 corpus
2701 4161 3116 4226 recondendum,
3164 4170 3218 4216 et
3267 4162 3427 4215 altam
3477 4177 3577 4229 pro

1992 4251 2108 4321 ejus
2128 4254 2301 4322 capite
2328 4269 2449 4307 eum
2479 4253 2716 4306 armario
2744 4252 2856 4306 ﬁeri
2883 4254 3110 4306 curavit.

1996 4364 2193 4419 Littera
2226 4367 2585 4420 testimonialis
2623 4375 2778 4418 costa:
2811 4367 2978 4418 sancti
3004 4365 3244 4419 Odilonis
3273 4365 3580 4432 confessoris

2068 4436 2266 4489 abbatis
2317 4435 2675 4490 Cluniacensis
2713 4435 2975 4487 canonicis
3015 4435 3421 4489 Carnutenstbus
3461 4452 3582 4487 con-

2071 4523 2250 4560 εεδδιε.

2073 4635 2090 4668 ι
2124 4617 2531 4672 Venerabilibus
2559 4617 2807 4671 Patribus
2834 4625 2888 4671 et
2913 4615 3146 4671 dominis
3176 4616 3493 4681 domnisque
3529 4621 3584 4665 et

1999 4709 2186 4762 amicis
2230 4709 2578 4770 charissimis,
2618 4708 2851 4763 dominis
2888 4708 3094 4762 decano
3143 4708 3462 4773 eceterisque
3495 4719 3585 4754 ca-

1998 4799 2206 4852 nonicis
2236 4799 2552 4854 Carnotens.
2597 4797 2703 4853 Nos
2750 4799 2915 4854 frater
2952 4802 3125 4869 Aymo
3159 4799 3224 4850 de
3265 4805 3454 4850 sancto
3483 4793 3586 4846 Ge-

1997 4902 2166 4942 ranno
2205 4889 2419 4942 humilis
2442 4891 2592 4957 prior
2615 4890 2884 4957 prioratus
2911 4888 3374 4956 Silviguiacensis,
3410 4891 3586 4936 totus-

1998 4992 2103 5047 que
2133 4980 2371 5050 ejusdem
2400 4979 2500 5032 loci
2527 4979 2636 5032 Deo
2667 4979 2890 5031 devotus
2917 4984 3240 5039 conventus,
3271 4977 3500 5029 salutem
3538 4975 3589 5022 in

1999 5087 2062 5125 eo
2086 5072 2174 5139 qui
2202 5081 2284 5125 est
2313 5071 2551 5123 omnium
2578 5083 2704 5122 vera
2736 5068 2899 5121 salus.
2939 5065 3071 5120 Cum
3104 5080 3198 5132 per
3237 5062 3594 5121 reverendam

2002 5163 2052 5200 in
2083 5162 2297 5200 ΓΙη-ῖοιη
2327 5159 2541 5200 Dntrmn
2573 5171 2635 5200 rm
2664 5156 2937 5200 dominum
2966 5153 3245 5200 dominum
3274 5156 3336 5200 R.
3371 5149 3600 5200 necutis-
