4116 5358
578 206 684 264 895
1471 208 1526 265 S.
1569 208 1882 266 ODILONIS
1918 203 2406 263 CLUNIACENSIS
2442 202 2729 260 ABBA'I‘IS
2775 200 2817 253 V
3713 197 3823 254 896

578 318 771 374 sesima
795 317 1203 389 quadragesimo
1226 318 1435 388 quinto,
1462 335 1659 391 corpus
1681 319 1755 390 pii
1785 335 1849 375 ac
1877 317 2148 390 gloriosis-
2177 320 2222 379 Α
2249 315 2488 386 ejusdem
2532 315 2728 381 sancti,
2769 321 2926 385 prout
2963 314 3079 373 hmo
3105 313 3285 371 omnia
3319 315 3372 369 in
3402 313 3599 371 litteris
3624 316 3822 369 vostris

578 410 699 465 simi
744 409 921 464 Patris
965 410 1135 465 nostri
1177 409 1321 466 beati
1353 409 1594 467 Odilonis
1628 411 1696 465 ad
1734 409 1947 464 Iaudem
1983 408 2146 465 totius
2246 408 2404 463 nobis
2423 407 2706 463 destinatis
2729 407 2959 462 vidimus
2987 406 3193 476 plenius
3213 407 3497 462 contineri.
3538 406 3820 461 Devotioni

576 494 741 556 curiae
767 499 1030 564 Paradisi,
1062 510 1117 556 et
1145 502 1382 571 ejusdem
1421 504 1593 558 sancti
1638 502 1996 559 solemnitatis
2023 517 2146 556 cum
2245 510 2460 564 vestrae,
2489 498 2689 553 domini
2714 498 3039 563 charissimi,
3066 498 3151 553 cui
3173 497 3226 551 in
3250 508 3510 567 quantum
3533 512 3825 567 possumus

576 590 666 644 illa
705 591 1243 665 devotionehlionore
1279 602 1334 647 et
1374 595 1670 651 reverentia
1707 609 1811 665 qua
1848 594 2029 649 decuit
2058 606 2150 647 re-
2246 601 2303 648 et
2327 591 2605 654 debemus.
2634 605 2798 659 super
2819 597 2925 642 tam
2959 588 3148 643 devota
3174 596 3229 641 et
3255 588 3478 643 solemni
3508 587 3822 655 receptione

575 680 793 735 levavit.
834 681 948 749 Qua
991 659 1314 738 relevatione
1344 686 1628 754 completa.
1669 659 1963 741 venerabili
1989 691 2045 738 et
2070 683 2151 737 di-
2249 684 2512 739 dictarum
2545 682 2891 750 reliquiarum
2918 681 3292 749 regratiamur,
3324 677 3699 749 signiﬁcamus
3728 692 3827 745 per

573 781 755 827 screto
802 774 921 828 viro
961 775 1178 829 domino
1213 776 1487 844 Stephano
1532 775 1744 846 Rogerii
1788 775 2151 832 concanonico

574 869 757 913 vestro
808 877 873 916 ac
921 861 1132 918 alliciali
1177 862 1499 920 Bitnrtcensi
1556 882 1654 920 nos
1707 865 1981 919 humiliter
2026 878 2148 919 cum

575 965 769 1021 magna
799 951 1051 1015 instantia
1092 955 1444 1025 supplicante,
1486 966 1753 1025 quatenus
1801 957 1870 1011 de
1912 956 2152 1024 reliquiis

576 1042 902 1097 sanctissimi
925 1047 1169 1112 corporis
1192 1047 1429 1114 praedicti
1454 1046 1603 1100 vobis
1623 1048 1837 1101 mittere
1861 1044 2149 1109 vellemus;

576 1131 661 1186 cui
692 1131 1071 1200 supplicationi
1110 1145 1409 1188 annuentes
1436 1135 1489 1188 in
1523 1141 1781 1204 quantum
1807 1132 1961 1189 nobis
1984 1132 2152 1187 Altis-

575 1221 747 1274 simus
776 1221 1006 1291 desuper
1032 1223 1377 1287 ministravit,
1422 1240 1583 1277 unam
1627 1225 1694 1278 de
1736 1225 1902 1280 costis
1943 1224 2153 1293 praelati

575 1311 748 1365 sancti
771 1308 1012 1367 Odilonis
1034 1327 1133 1380 per
1158 1313 1329 1382 ipsum
1359 1323 1538 1370 vestro
1563 1316 1904 1371 sanctissimo
1929 1315 2155 1385 collegio

575 1401 831 1457 duximus
857 1403 1251 1483 destinandam,
1288 1420 1448 1474 quam
1476 1406 1531 1459 in
1556 1414 1739 1460 vestro
1769 1405 2006 1474 capitulo
2031 1419 2154 1461 cum

581 1508 769 1562 m-igna
794 1495 1095 1550 reverentia
1121 1503 1177 1549 et
1198 1495 1537 1551 solemnitate
1571 1497 1880 1566 recepistis;
1904 1497 2156 1552 ordinare

576 1599 639 1639 ac
663 1594 901 1641 statuere
928 1595 1313 1657 pmponentes,
1331 1588 1473 1658 quod
1495 1598 1602 1643 tam
1640 1589 1695 1643 in
1726 1598 1905 1644 vestra
1925 1589 2151 1644 ecclesia

2249 781 2543 843 przesentes
2578 773 2775 828 dictam
2813 779 3020 825 costam
3074 784 3171 838 per
3213 768 3490 839 praelatum
3546 767 3822 821 dominum

2252 860 2583 930 Stephanum
2608 859 2819 928 Rogetii
2848 859 3163 912 canonicum
3192 869 3426 911 vestrum
3455 856 3613 910 vobis
3650 855 3825 909 tradi-

2254 959 2382 1012 tam,
2405 951 2469 1004 de
2498 964 2722 1019 corpore
2746 949 3037 1003 beatissimi
3056 946 3295 1004 0dilonis
3312 956 3612 1001 extractam
3641 945 3825 1009 fuisse,

2252 1050 2306 1095 et
2331 1040 2480 1097 vobis
2516 1056 2611 1111 per
2636 1055 2757 1093 cum
2798 1040 3141 1096 deferendam
3174 1040 3227 1094 in
3255 1040 3539 1108 praesentia
3590 1039 3828 1109 plurium

2254 1132 2359 1187 ﬁde
2381 1134 2662 1203 dignorum
2677 1133 2840 1188 fuisse
2850 1132 3273 1188 commendatam
3292 1150 3309 1188 :
3327 1142 3659 1202 quapropter
3678 1132 3830 1185 vobis

2254 1236 2375 1276 cum
2402 1221 2592 1276 devota
2623 1237 2839 1291 precum
2867 1223 3120 1275 instantia
3146 1222 3531 1292 supplicamus,
3560 1229 3832 1290 quatenus

2254 1312 2451 1368 festum
2498 1315 2863 1370 translationis
2900 1315 3067 1385 ipsius
3107 1316 3284 1371 facere
3326 1314 3501 1370 velitis
3545 1314 3598 1369 in
3651 1313 3832 1369 eccle-

2252 1404 2333 1459 sia
2370 1414 2569 1470 vestra,
2608 1414 2663 1459 et
2698 1404 2753 1459 in
2795 1413 2906 1458 tota
2945 1404 3166 1460 dioecesi
3200 1403 3519 1459 Carnoteusi
3562 1401 3833 1459 celebrari

2254 1494 2552 1548 annuatim.

2330 1602 2356 1627 ι
2382 1583 2435 1637 1η
2479 1584 2630 1655 cujus
2668 1584 2745 1639 rei
2798 1583 3162 1639 testimonium
3204 1583 3376 1655 sigilla
3416 1591 3601 1637 nostra
3650 1583 3705 1637 in
3752 1583 3838 1638 his

575 1676 1069 1747 catltedrali,quam
1099 1678 1152 1732 in
1184 1689 1292 1733 tota
1316 1679 1798 1735 dimcesI-I'acerelis
1819 1680 1935 1750 ejus
1956 1679 2155 1736 festum
2184 1659 2229 1719 Β
2255 1671 2611 1743 praesentibus
2649 1671 2841 1727 litteris
2879 1672 3131 1727 duximus
3169 1672 3502 1742 opponenda.
3541 1672 3738 1726 Datum
3780 1671 3837 1725 in

577 1766 946 1821 translationis
983 1770 1047 1822 ad
1084 1770 1462 1825 exaltationem
1488 1770 1727 1839 ejusdem
1755 1772 1927 1828 sancti
1952 1771 2153 1842 jugiter
2258 1768 2498 1838 prioratu
2555 1776 2740 1822 nostro
2795 1767 3088 1837 prmdicto,
3139 1766 3228 1821 die
3282 1766 3538 1820 vicesima
3597 1766 3841 1821 secunda

577 1856 842 1911 celebrari
877 1874 890 1909 :
923 1859 1049 1912 dum
1092 1868 1267 1915 tamen
1301 1875 1399 1930 per
1427 1870 1639 1915 nostras
1672 1870 1917 1931 patentes
1945 1862 2155 1916 litteras
2259 1858 2463 1914 mensis
2497 1857 2648 1924 Julii,
2680 1873 2821 1914 anno
2863 1858 3071 1913 Domini
3119 1857 3404 1913 millesimo
3453 1856 3837 1913 trecentesimo

582 1944 1000 2003 testiﬁcaremur
1040 1950 1236 2004 dictam
1282 1959 1487 2006 costam
1533 1950 1786 2007 eduxisse
1826 1952 1894 2009 de
1929 1967 2156 2024 corpore
2260 1951 2673 2023 quadragesimo
2710 1952 2956 2023 septimo.
2987 1970 3007 2004 ι

583 2140 2833 2170 W

2836 2154 2909 2172 Ἠ

959 2300 1596 2394 INCIPIUNT
1663 2300 2246 2395 CAPITULA
2307 2306 2637 2398 VITIE
2720 2303 3423 2412 SEQUENTIS.

2913 2150 3353 2176 Μ

3360 2151 3830 2171 ’Μ’

964 2650 1302 2708 CAPITULA
1339 2651 1520 2710 LIBRI
1557 2614 1764 2707 enim.

578 2736 839 2862 Prgcl'otgus
893 2738 1125 2795 lotsaldi
1181 2744 1422 2798 monachi
1462 2744 1531 2798 ad
1577 2742 1899 2814 Stephanum
1941 2744 2157 2815 ponti/i—

581 2876 986 3001 lte‘misprwfatio
1018 2880 1094 2935 rel
1125 2881 1410 2951 deploratia
1438 2898 1504 2937 ea:
1538 2884 1761 2937 transitu
1784 2882 2012 2953 ejusdem
2037 2882 2151 2938 Pa-

580 3014 658 3090 ρε
681 3020 882 3090 generis
912 3020 1025 3090 ejus
1056 3019 1343 3090 nobilitate.

576 3085 707 3141 CAP.
748 3085 1080 3171 nouam"
1116 3089 1224 3146 Deo
1264 3091 1489 3146 militare
1530 3092 1734 3165 coeperit
1770 3093 1825 3146 in
1864 3108 1963 3147 sua
1992 3092 2157 3163 ipsius

579 3170 959 3291 ιιρῖρῖῖέίίιαᾶάυ
991 3228 1173 3283 Μαὶοιὶ
1192 3233 1362 3286 sancti
1387 3248 1440 3286 se
1463 3234 1793 3353 con/auxerit
1824 3232 2080 3288 societati.

581 3293 667 3349 Ill.
709 3295 946 3353 Qualiter
968 3300 1193 3353 deseruit
1221 3301 1378 3353 huius
1402 3319 1538 3353 strcn
1565 3304 1582 3353 i
1605 3318 1865 3353 namnam.

709 3295 946 3372 Qualiter
968 3300 1193 3353 deseruit
1221 3293 1582 3372 ltig'ussrrcnl'i
1604 3318 1865 3372 pompam.

580 3362 670 3417 IV.
716 3365 954 3450 Qualiter
989 3380 1198 3425 sanctus
1233 3362 1462 3426 Haiolus
1485 3362 1633 3426 illum
1656 3362 1863 3443 elegerit
1889 3389 2156 3439 successo-

584 3451 767 3560 uni):
789 3438 985 3584 shé‘bitu
1016 3510 1248 3584 corporis
1275 3511 1409 3584 ejus,
1436 3520 1484 3567 et
1508 3512 1645 3584 quod
1672 3511 1806 3567 nihil
1840 3513 1896 3568 in
1924 3527 1982 3567 eo
2012 3513 2162 3584 fuca-

652 3585 762 3650 tam
784 3576 864 3650 vel
882 3576 1183 3648 aﬁ'ectatum
1212 3576 1330 3650 fuit.

584 3643 865 3769 Vlhguod
899 3643 954 3701 in
996 3665 1057 3704 eo
1085 3643 1311 3721 quatuor
1340 3651 1551 3709 uirtutes
1587 3650 1900 3725 principales
1945 3651 2166 3723 refulse-

553 3773 815 3866 Ἴως,οε
830 3788 1063 3866 justitia,
1096 3788 1173 3843 uel
1199 3790 1335 3866 quod
1368 3808 1399 3844 a
1433 3792 1783 3866 pontiﬁcibus,
1816 3792 2163 3866 regibus,‘d_u-

655 3855 936 3920 cibus,’uel
965 3855 1359 3929 imperatoribus
1400 3855 1628 3916 maximo
1666 3863 1768 3931 fuit
1811 3855 1987 3918 amore
2028 3861 2163 3917 dile-

655 3935 789 3980 ctus.

742 3995 913 4069 ‘Quod
940 3999 993 4053 in
1013 4015 1266 4068 pauperes
1293 4000 1568 4069 munificus
1596 4002 1718 4064 fuit.

584 4063 675 4119 IX.
726 4066 964 4141 Qualiter
1009 4063 1141 4141 binis
1181 4072 1355 4141 pueris
1391 4063 1510 4139 jam
1555 4072 1813 4141 defunctis

654 4139 916 4206 prwstitit,
946 4138 1023 4192 uel
1044 4138 1325 4206 sepultura:
1349 4138 1434 4194 eos
1459 4138 1697 4194 tradidit.

586 4202 663 4278 X.‘
696 4205 771 4278 De
792 4208 976 4261 clerico
1004 4202 1241 4278 contagio
1268 4210 1423 4278 lepra:
1449 4212 1733 4265 maculato.

1859 4072 2162 4126 indumenta

588 4272 890 4361 XLI-Quam
927 4272 1340 4361 hospesﬁtipet
1370 4289 1700 4361 quamplures
1740 4282 1953 4336 diversa:
1991 4280 2160 4335 atlatt's
2192 4288 2238 4346 ο

659 4345 1084 4420 diversi_generis
1107 4345 1311 4401 Christo
1335 4345 1627 4420 acquisivit.

587 4410 701 4482 XII.
744 4416 820 4466 De
845 4410 1169 4482 fortitudine.

763 4481 852 4555 D‘e
870 4487 1228 4555 temperantia,
1250 4497 1297 4540 et
1323 4491 1645 4545 renovatione
1665 4504 1881 4544 suorum
1904 4488 2157 4541 locorum.

594 4552 737 4630 XIV.
770 4551 849 4630 _De
876 4551 1101 4630 transitu
1134 4557 1544 4630 ejusquomodo
1592 4569 1784 4613 terram
1828 4558 1942 4630 ejus
1985 4559 2160 4612 beatus

658 4623 871 4697 spiritus
895 4623 1141 4697 deseruit,
1156 4623 1422 4697 'coalo'sque
1441 4629 1637 4696 petivit.

588 4690 704 4745 XV.
746 4690 1139 4748 Commendutio
1173 4690 1381 4749 animle.

590 4761 729 4885 XV};
773 4762 1012 4829 Qualiter
1042 4774 1251 4819 sanctus
1291 4767 1372 4821 vir
1403 4770 1703 4839 apparuerit
1736 4768 1944 4823 cuidam
1982 4782 2166 4821 mona-

659 4851 684 4885 c
724 4850 774 4885 ο.

659 4850 774 4886 εηο.

590 4901 750 4956 XVII.
790 4901 869 4957 De
890 4904 1051 4959 simili
1077 4905 1289 4961 visione.

927 4994 1007 5049 CA
1016 4994 1265 5053 PITULA
1301 4996 1480 5055 LIBRI
1514 4996 1823 5059 SECUNDI.

592 5083 718 5140 Car.
744 5085 782 5139 I.
824 5085 1093 5161 Quomodo
1116 5091 1378 5161 quondam
1403 5107 1532 5161 puer
1554 5090 1801 5146 liberatus
1829 5089 1894 5144 sit
1919 5087 2165 5142 divinitus

665 5158 1029 5226 aigravissima
1060 5160 1385 5226 inﬁrmitate.

591 5224 654 5276 II.
698 5225 769 5277 De
798 5241 933 5279 circa
963 5224 1277 5284 illuminato.

595 5291 681 5345 III.
724 5293 797 5347 De
825 5312 960 5358 aqua
989 5301 1042 5351 in
1064 5299 1237 5351 vinum
1262 5316 1528 5355 conversa.

2258 2653 2367 2711 VII.
2409 2656 2487 2711 De
2523 2655 2683 2711 simili
2708 2654 2982 2710 miraculo.
3365 2691 3374 2700 .

2257 2724 2389 2796 VIII.
2428 2727 2505 2782 De
2532 2729 2712 2796 paucis
2738 2725 2998 2796 pisciculis
3022 2723 3259 2794 plurimis
3290 2722 3517 2796 refectis.

2255 2793 2367 2922 IX;4
2390 2798 2465 2852 De
2494 2792 2859 2880 eruberat'ione
2891 2795 2995 2851 vini
3024 2792 3090 2848 in
3131 2810 3288 2863 parvo
3319 2792 3528 2847 vasculo
3573 2792 3630 2847 in
3670 2803 3842 2847 monte

2375 2879 2597 2922 venturo.

2181 2948 2227 3013 ς
2258 2938 2327 3013 X.
2366 2938 2443 3013 D_e
2464 2938 2690 3013 quodam
2715 2937 2921 3013 homine
2948 2952 2981 2990 a
3007 2934 3233 3005 febribus
3252 2933 3491 3011 liberato.

2258 3009 2348 3064 XI.
2388 3003 2694 3062 De'utribus
2724 3008 2777 3062 in
2807 3023 2932 3061 usus
2958 3003 3244 3076 pauperum
3268 3003 3553 3069 evacuatis,
3578 3012 3627 3057 et
3649 3003 3842 3057 iterum

2329 3080 2577 3136 diuinitus
2616 3076 2857 3150 impletis.

2256 3169 2368 3225 XII.
2409 3170 2485 3223 De
2508 3183 2628 3222 vase
2656 3167 2815 3221 vitreo
2836 3163 3102 3233 confracta
3124 3172 3171 3217 et
3197 3162 3442 3217 solidata.

2257 3239 2391 3295 XIII.
2435 3240 2510 3292 De
2544 3238 2771 3307 quadam
2808 3236 2999 3307 visione
3032 3233 3598 3307 cujusdam-nemine.

2257 3309 2394 3364 XIV.
2438 3310 2510 3362 De
2537 3303 2844 3361 reuelatione
2866 3303 3043 3357 damni
3066 3303 3333 3356 Benedicti
3354 3319 3526 3371 paptr.

2256 3380 2372 3435 XV.
2416 3379 2492 3432 De
2522 3378 2744 3448 quodam
2776 3390 2934 3448 puero
2958 3372 3022 3426 ab
3044 3372 3347 3448 inﬁrmitate
3369 3372 3598 3448 gutturis
3623 3382 3845 3448 sanato;

2259 3448 2399 3531 XVI.
2442 3449 2514 3531 pe
2532 3441 2698 3531 'li'bris
2735 3441 2784 3499 et
2815 3444 2935 3498 aliis
2962 3441 3364 3513 supellectilibus
3392 3458 3533 3512 aqua
3556 3441 3766 3513 infectis
3793 3455 3843 3496 st

2329 3520 2541 3572 minime
2577 3517 2739 3571 lassis.

2257 3587 2419 3644 XVII.
2460 3588 2539 3641 De
2567 3585 2790 3657 qaiodnm
2821 3581 3037 3655 puerulo
3078 3582 3329 3636 monacho
3360 3598 3392 3635 a
3420 3580 3733 3652 grauissima
3759 3582 3849 3634 in-

2329 3656 2586 3728 ﬁrmitate
2604 3656 2843 3709 liberato.

2259 3751 2442 3808 XVIII.
2483 3750 2557 3803 De
2579 3749 2712 3803 libro
2737 3756 2784 3801 et
2810 3748 2947 3801 vasis
2974 3747 3207 3813 repertis.

2262 3821 2401 3877 XIX.
2447 3820 2518 3874 De
2543 3819 2768 3885 quodam
2792 3827 2993 3885 potente
3015 3834 3046 3869 a
3067 3815 3246 3869 dolore
3272 3813 3409 3867 oculi
3430 3813 3677 3869 liberato.

2262 3891 2379 3946 XX.
2418 3890 2494 3943 De
2521 3885 2707 3942 clerico
2733 3905 2762 3938 u
2789 3887 2967 3940 morbo
2990 3885 3187 3938 brachii
3209 3894 3413 3937 curato.

2260 3960 2401 4016 XXI.
2439 3959 2516 4014 De
2544 3957 2770 4029 quodam
2797 3965 2961 4009 mente
2981 3965 3129 4023 capto
3158 3955 3259 4008 sive
3285 3953 3611 4007 dwmoniaco
3634 3962 3844 4007 sanato.

2262 4032 2423 4090 XXII.
2466 4028 2794 4097 De’quodam
2824 4036 2964 4078 muto
2987 4035 3191 4097 sanato.

2263 4100 2446 4156 XXIII.
2493 4092 2820 4168 Ile'quodam
2854 4094 3066 4168 paruulo
3101 4092 3311 4168 rusculo
3335 4109 3364 4144 a
3394 4092 3511 4146 vino
3552 4092 3847 4155 exinanita,

2332 4183 2381 4226 et
2417 4164 2615 4225 uirtute
2638 4168 2804 4220 sancti
2831 4164 3157 4235 postmodum
3183 4164 3334 4230 pleno
3368 4172 3594 4231 reperto.

2629 4275 2970 4333 CAPITULA
3008 4274 3183 4329 LIBRI
3220 4272 3468 4328 TERTII.

2261 4396 2389 4453 CAP.
2438 4396 2477 4450 I.
2544 4394 2619 4449 De
2659 4395 2888 4464 quadam
2926 4389 3101 4460 puella
3145 4390 3352 4454 insana,
3399 4387 3566 4441 surda
3608 4396 3661 4442 et
3700 4399 3851 4442 mitto

2331 4476 2540 4521 sanata.
2608 4518 2614 4529 ,

2260 4536 2327 4591 Ii.
2367 4536 2443 4589 De
2467 4528 2674 4588 homine
2700 4531 2857 4585 surdo
2880 4538 2927 4583 et
2951 4538 3094 4584 muto
3125 4528 3362 4582 liberato.

2264 4604 2347 4660 III.
2389 4604 2522 4658 Item
2550 4605 2612 4656 de
2638 4603 2744 4656 alio
2775 4613 2934 4654 muto.

2260 4676 2349 4729 IV.
2394 4675 2467 4727 I)e
2492 4674 2716 4744 quodam
2752 4670 3041 4740 paralytico
3068 4667 3225 4722 simul
3251 4677 3300 4721 et
3326 4676 3467 4722 muto
3492 4675 3703 4721 curato.

2263 4745 2330 4800 V.
2373 4744 2447 4798 De
2470 4742 2760 4813 presbytero
2782 4751 2945 4813 mitto.

2264 4813 2352 4869 VI.
2393 4812 2475 4866 De
2494 4829 2627 4866 catco
2652 4812 2967 4864 illuminato.

2266 4884 2371 4938 VII.
2414 4882 2547 4937 Item
2577 4882 2640 4933 de
2664 4897 2802 4934 creca
2826 4887 3034 4932 sanata.

2265 4952 2396 5009 VIII.
2439 4953 2573 5007 Item
2602 4951 2665 5004 de
2686 4949 2789 5003 alio
2810 4966 2945 5003 caeco
2970 4948 3280 5003 illuminato.

2265 5023 2358 5078 IX.
2395 5023 2471 5077 De
2495 5021 2718 5088 quodam
2747 5020 2931 5072 insano
2959 5020 3028 5072 ad
3060 5027 3282 5071 mentem
3309 5024 3567 5072 reuocato.

2271 5092 2333 5146 X.
2376 5093 2449 5146 De
2486 5092 2710 5161 quodam
2749 5088 3055 5161 paralytico.

2267 5161 2357 5215 Xi.
2396 5161 2472 5231 De
2492 5158 2772 5231 hydropico
2794 5158 3031 5231 liberato.

2267 5231 2380 5285 XII.
2421 5228 2552 5284 Item
2580 5229 2643 5281 de
2666 5228 2771 5279 alio
2799 5228 3102 5297 hydropico.

2268 5300 2403 5354 XIII.
2444 5299 2519 5353 De
2538 5298 2763 5358 quadam
2793 5307 3056 5351 contracta
3075 5306 3280 5349 sanata.
