4116 5358
357 288 457 343 897

1450 279 1632 338 VITA.
1674 311 1740 321 —
1778 280 2150 338 PROLOGUS
2187 281 2560 338 AUCTORIS.

315 446 397 521 η
772 433 1235 524 INCIPIT
1305 430 1927 523 PROLOGUS
1954 366 2583 557 ᾼΟΤδΑιΒῖ

3012 258 3026 287 Ι

2590 356 2667 403 .2,
2940 340 3100 393 κισ
3140 340 3167 379 ρ
3198 352 3215 379 ί
3254 370 3301 385 ....
3452 284 3605 375 ...898

2635 416 3179 522 ΜΟΝᾹἙἨΙ
3348 430 3363 437 ’

3452 360 3495 375 ’ἢ

3444 424 3487 439 μη,

1401 580 1500 634 AD
1538 554 2017 636 STEPHANUII‘
2041 579 2517 636 mmmam

1019 691 1110 748 DE
1146 691 1305 749 VITA
1344 690 1433 746 ET
1475 690 1891 749 VlRTUTIBUS
1931 691 2180 749 SANCTI
2219 691 2538 748 ODlLONIS
2577 694 2893 751 ABBATIS.

416 808 735 866 Rcverendo
771 806 916 860 Patri
962 804 1270 869 S-rsruauo,
1313 805 1610 859 secundum
1641 804 1722 859 sui
1746 804 1922 858 nomi-
1948 810 1994 866 Α
2028 805 2387 874 tillnscunque
2448 806 2779 873 homuncio,
2839 808 3073 863 nutritus
3128 811 3307 881 magni
3355 789 3598 869 Oalilonis

348 905 431 960 nis
464 901 960 971 interpretationem
991 897 1283 967 pontiﬁcali
1337 896 1505 967 gloria
1530 904 1808 955 coronato.
1836 895 1919 949 nl-

350 997 513 1050 timus
555 1008 745 1048 servus
774 1006 1051 1045 servorum
1087 989 1203 1053 Dei,
1237 989 1452 1043 nomine
1496 997 1702 1042 tantum
1728 1004 1921 1043 mona-

345 1087 500 1149 chus,
538 1083 870 1146 Jorsacuus,
917 1080 1179 1152 quidquid
1228 1081 1281 1134 in
1329 1088 1555 1150 utraque
1586 1078 1692 1133 vita
1721 1077 1919 1149 jucun-

350 1177 489 1232 dius.

414 1265 775 1334 Antiquorum
798 1262 1238 1333 philosophorum
1282 1260 1460 1317 studia
1482 1259 1698 1330 scriptis
1726 1266 1782 1314 et
1804 1274 1920 1313 mo-

344 1354 613 1411 numentis
636 1353 946 1408 extulerunt
990 1352 1227 1422 priorum
1260 1365 1478 1405 suorum
1510 1348 1694 1404 laudes
1722 1356 1777 1403 et
1807 1361 1919 1402 me-

344 1446 564 1508 morias,
606 1444 805 1500 talibus
852 1443 1065 1498 indiciis
1093 1449 1377 1512 sperantes
1404 1455 1463 1495 se
1492 1438 1669 1495 facere
1698 1440 1917 1495 immor-

347 1536 503 1601 tales,
534 1551 673 1606 quos
698 1543 963 1591 noverant
1004 1533 1176 1589 fuisse
1218 1531 1492 1588 mortales.
1518 1531 1720 1586 Deinde
1745 1531 1915 1601 gradu

337 1626 580 1683 secundo
608 1625 790 1698 regula
834 1624 1220 1689 ecclesiastica,
1254 1631 1404 1678 tanto
1430 1622 1776 1678 dicendorum
1802 1636 1916 1676 ma-

340 1717 475 1772 teria
528 1716 849 1781 sublimior,
908 1722 1110 1785 quanto
1151 1714 1265 1783 spei
1312 1712 1563 1768 certioris
1617 1713 1910 1778 directior,

339 1815 651 1861 sanctorum
703 1807 944 1861 virorum
1007 1804 1268 1877 praeclara
1309 1803 1567 1860 describit
1612 1818 1810 1874 opera,
1854 1813 1913 1859 ut

335 1899 687 1955 succedentes
722 1909 779 1954 et
823 1899 989 1953 futuri
1044 1898 1276 1953 habeant
1319 1911 1532 1967 semper
1575 1913 1801 1968 quorum
1824 1912 1911 1953 se-

334 1996 568 2057 quantur
587 1988 857 2057 exempla,
881 1995 1157 2056 totumque
1178 1986 1245 2041 ad
1270 1986 1417 2040 illum
1445 1985 1727 2052 referatur,
1749 2001 1778 2040 a
1800 2000 1908 2055 quo

2022 898 2364 967 magisterio,
2421 898 2851 969 informatusque
2906 900 3197 967 beneﬁcio,
3244 904 3596 971 quemadmo-

2023 990 2148 1042 dum
2181 988 2538 1060 llieronymus
2569 990 2634 1043 de
2674 988 2899 1043 Blacsilla
2954 999 3011 1044 et
3056 990 3375 1061 Nepotiano,
3427 994 3595 1063 epita—
3638 998 3643 1009 '

2019 1078 2203 1150 pllium
2227 1079 2303 1149 (4)
2323 1080 2590 1147 quoddam
2619 1079 2759 1133 volui
2783 1081 2849 1135 de
2875 1090 3043 1135 morte
3059 1082 3456 1152 virtutibusque
3477 1081 3596 1152 ejus

2021 1170 2336 1234 inscribere,
2354 1180 2409 1224 et
2428 1169 2771 1225 veluti'llores
2783 1173 2849 1225 ad
2869 1172 3170 1241 sepulcrum
3188 1172 3303 1240 ejus
3316 1188 3592 1244 spargere,

2018 1275 2140 1329 quae
2163 1261 2559 1316 introeuntibus
2580 1271 2837 1333 prtcstent
2859 1262 3061 1332 aliquid
3085 1264 3369 1321 sua-vitatis
3390 1275 3443 1319 ct
3469 1281 3594 1337 gra-

2018 1351 2126 1416 tiae,
2157 1351 2541 1424 redoleantque
2584 1353 2884 1408 secundum
2930 1354 3013 1409 sui
3050 1355 3285 1426 speciem
3311 1357 3591 1427 quantulo-

2017 1458 2233 1514 cunque
2270 1445 2457 1499 odore.
2496 1444 2556 1499 ln
2609 1444 2711 1500 hoc
2759 1461 2889 1501 vero
2918 1446 3256 1502 devotionem
3286 1448 3450 1502 animi
3486 1449 3592 1504 mei

2004 1532 2208 1602 otl‘ero,
2261 1543 2315 1591 et
2362 1536 2557 1591 altiora
2606 1536 2913 1592 describere
2960 1537 3262 1592 volentibus
3307 1538 3593 1593 materiam

2012 1636 2233 1695 praesto,
2291 1641 2397 1682 non
2450 1628 2789 1684 occasionem
2810 1629 3002 1698 agendi
3031 1630 3083 1685 id
3110 1629 3304 1685 melius
3325 1629 3588 1700 subripio.

2002 1713 2165 1782 Quod
2192 1730 2330 1786 opus
2354 1714 2471 1782 tibi,
2496 1725 2683 1771 sancte
2707 1717 2925 1787 praesul,
2949 1718 3069 1774 ideo
3096 1719 3313 1774 mittere
3327 1718 3590 1787 disposui,

2010 1806 2135 1875 quia
2180 1815 2231 1861 te
2276 1816 2524 1877 nepotem
2579 1808 2767 1878 ipsius,
2810 1819 2870 1864 et
2896 1825 2993 1879 per
3031 1810 3180 1865 illum
3207 1811 3275 1864 ad
3305 1809 3590 1865 sacerdotii

2008 1898 2237 1969 gloriam
2266 1899 2590 1954 accersitum
2616 1901 2778 1966 novi;
2828 1902 3105 1957 conlidens
3135 1910 3227 1956 tuo
3252 1900 3589 1971 complacere

2000 1986 2229 2057 judicio,
2261 1988 2526 2060 quidquid
2555 1990 2609 2044 in
2626 1990 2883 2048 laudibus
2903 1991 3020 2060 ejus
3038 1991 3386 2063 descripserit
3411 1992 3588 2048 cultus

332 2077 504 2132 virtus
548 2087 602 2133 et
653 2077 939 2147 prudentia
979 2077 1159 2141 datur,
1212 2091 1242 2129 a
1289 2090 1397 2145 quo
1433 2076 1597 2130 etiam
1629 2076 1908 2132 derivatur
2006 2080 2091 2136 vel
2122 2079 2356 2136 incultus
2375 2095 2577 2136 sermo.

326 2166 594 2224 fortitudo
622 2176 677 2223 et
704 2167 988 2240 sapientia.
1013 2166 1093 2221 Ad
1124 2165 1315 2220 horum
1331 2163 1560 2220 formam
1586 2180 1706 2236 ego,
1739 2179 1905 2234 quau—
1935 2150 1978 2209 Β

728 2294 896 2351 lTEM
933 2292 1304 2349 PREFATlO
1334 2291 1464 2348 VEL
1505 2293 1938 2351 DEPLORATIO
1977 2295 2069 2350 EX
2109 2295 2457 2352 TRANSITU
2495 2296 2802 2354 EIUSDEM
2843 2298 3114 2354 PATRIS.

390 2407 531 2475 Quis
557 2405 705 2461 dabit
734 2404 899 2475 capiti
948 2420 1069 2460 meo
1111 2420 1306 2474 aquam
1335 2412 1392 2457 et
1418 2402 1591 2459 oculis
1614 2403 1750 2458 meis
1778 2401 1901 2458 fon-

325 2504 435 2552 tem
462 2494 843 2566 lacrymarum,
867 2502 921 2549 et
941 2492 1164 2564 plorabo
1185 2492 1591 2553 desolationem.
1622 2507 1728 2547 non
1744 2494 1903 2549 unius

325 2584 582 2646 hominis,
634 2599 810 2654 neque
862 2583 1103 2645 duorum,
1140 2583 1227 2638 vel
1268 2583 1452 2650 trium,
1484 2581 1577 2638 sed
1609 2583 1901 2639 multorum

318 2676 642 2749 populorum
688 2675 979 2746 promiscui
1024 2689 1219 2740 sexus,
1269 2674 1495 2729 diversa:
1551 2675 1898 2741 conditionis,

322 2770 553 2826 diversae
592 2768 791 2834 anatis,
842 2768 1038 2823 diversi
1082 2767 1289 2823 ordinis
1326 2766 1338 2820 !
1375 2765 1623 2833 Plorabo,
1658 2766 1898 2836 inquam,

318 2862 630 2918 vastitatem
662 2860 1007 2915 nobilissimae
1053 2859 1501 2931 congregationis,
1528 2859 1718 2928 ampla:
1744 2860 1902 2915 fami-

321 2950 429 3017 lias,
466 2951 740 3007 destituta:
792 2948 1117 3004 dormitione
1166 2948 1251 3003 sui
1308 2949 1477 3019 patris
1519 2948 1797 3003 Odilonis:
1833 2949 1900 3005 de

320 3041 468 3111 cujus
495 3040 820 3106 visceribus,
872 3042 937 3095 de
964 3038 1117 3108 cujus
1161 3036 1473 3109 magisterio
1503 3048 1560 3095 et
1583 3040 1895 3107 virtutibus,

318 3130 471 3202 quasi
503 3129 826 3200 quibusdam
853 3127 1084 3183 vinculis
1112 3136 1166 3182 et
1197 3126 1414 3183 funibus
1447 3128 1673 3199 religata
1698 3130 1901 3200 depen-

320 3223 503 3285 debat,
541 3229 615 3287 et,
675 3227 735 3273 ut
756 3219 829 3273 ita
854 3218 1055 3284 dicam,
1087 3218 1547 3274 indissolubilibus
1581 3220 1783 3275 amoris
1803 3235 1897 3276 ne-

316 3316 477 3371 xibus
491 3312 771 3383 complexa
786 3310 1212 3367 sustentabatur.
1230 3311 1367 3377 Quid
1390 3311 1526 3382 agis,
1548 3312 1899 3382 gravissima-

317 3421 433 3460 rum
479 3403 842 3474 lacrymarum
902 3403 1191 3467 excitator,
1243 3411 1298 3456 et
1352 3411 1516 3456 tantae
1564 3402 1892 3457 calamitatis

315 3494 520 3548 delator
538 3491 691 3564 [Mm
724 3493 782 3557 2,
805 3490 1094 3564 desolator]
1118 3492 1140 3544 ?
1184 3491 1420 3561 Erumpe
1441 3500 1494 3546 et
1514 3491 1685 3546 clama
1715 3492 1766 3546 in
1799 3508 1892 3546 au-

318 3584 467 3639 ribus
514 3583 833 3654 promiscua-
881 3580 1263 3647 multitudinis,
1313 3584 1499 3637 dicens
1547 3600 1560 3636 :
1608 3582 1888 3649 Quomodo

2004 2406 2231 2477 vestigia
2256 2407 2516 2461 virtutum
2547 2406 2663 2476 ejus
2694 2408 3026 2474 incedentes,
3066 2412 3219 2480 quasi
3263 2412 3582 2482 quibusdam

2002 2499 2259 2569 gradibus
2301 2499 2368 2553 ad
2414 2498 2639 2554 iteratos
2689 2499 2943 2570 lugubres
2970 2499 3146 2555 luctus
3177 2500 3381 2556 funeris
3402 2505 3583 2558 venia-

2003 2606 2145 2645 mus.
2194 2589 2472 2661 Prmcepta
2519 2591 2798 2645 rhetorum
2836 2600 2979 2658 sunt,
3011 2600 3069 2645 ut
3097 2592 3328 2663 majores
3347 2592 3462 2661 ejus
3487 2595 3581 2664 qui

2000 2680 2304 2735 laudandus
2350 2690 2436 2735 est
2491 2688 2877 2745 memorentur,
2929 2690 2983 2736 et
3024 2696 3209 2736 eorum
3239 2681 3398 2737 altius
3426 2691 3580 2754 gesta

2001 2782 2349 2845 repetantur;
2376 2774 2563 2844 sicque
2603 2776 2669 2828 ad
2701 2775 2872 2844 ipsum
2905 2791 3001 2845 per
3029 2776 3228 2843 gradus
3252 2792 3429 2831 sermo
3457 2793 3580 2846 per-

1998 2866 2201 2932 veniat,
2247 2881 2354 2936 quo
2413 2867 2663 2922 videlicet
2704 2867 2864 2922 avitis
2909 2868 3255 2938 paternisque
3288 2869 3575 2924 virtutibus

1999 2956 2263 3012 illustrior
2320 2955 2431 3020 ﬁat,
2472 2967 2526 3012 et
2553 2965 2645 3011 aut
2687 2973 2790 3013 non
2838 2959 3195 3027 degenerasse
3221 2975 3250 3011 a
3281 2959 3454 3021 bonis,
3483 2969 3575 3016 aut

2000 3048 2303 3104 mediocres
2345 3049 2458 3119 ipse
2501 3063 2726 3103 ornasse
2764 3049 3030 3103 videatur.
3077 3048 3185 3104 Nos
3209 3050 3388 3103 carnis
3419 3050 3559 3105 bona

1996 3155 2116 3211 qua:
2156 3154 2369 3209 semper
2423 3151 2476 3194 et
2503 3141 2616 3211 ipse
2646 3142 2992 3212 contempsit,
3027 3142 3078 3195 in
3107 3142 3299 3196 animce
3322 3140 3572 3198 laudibus

1995 3248 2101 3288 non
2130 3233 2497 3302 requiramus;
2528 3242 2705 3288 tamen
2730 3235 2853 3303 quia
2882 3250 2986 3288 non
3018 3233 3086 3288 de
3115 3235 3400 3290 mediocris
3419 3236 3572 3290 nobio

1993 3322 2162 3378 litatis
2203 3325 2462 3394 sanguine
2498 3325 2798 3388 descendit,
2833 3327 2974 3394 quod
3006 3341 3289 3395 possumus
3323 3327 3375 3381 in
3397 3326 3570 3383 laudi-

1992 3412 2094 3468 bus
2135 3412 2258 3481 ejus
2280 3406 2642 3469 assumamﬁs.
2701 3414 2919 3469 Exstitit
2949 3423 3103 3485 pater
3129 3415 3245 3486 ejus
3272 3417 3416 3471 inter
3438 3431 3568 3487 prc-

1992 3520 2145 3561 ceres
2187 3506 2553 3560 Arvernorum
2594 3506 2982 3574 nobilissimus,
3035 3507 3190 3561 virin
3238 3509 3401 3561 armis
3431 3520 3569 3564 stre~

1990 3610 2150 3659 unus,
2197 3596 2628 3664 possessionibus
2678 3607 2734 3651 et
2772 3597 2974 3651 divitiis
3005 3598 3476 3667 locupletissimus,
3509 3600 3562 3656 in

314 3673 547 3727 decessit
592 3672 912 3727 miserorum
967 3671 1182 3740 adjutor
1224 3671 1557 3738 lQuomodo
1584 3674 1885 3728 siluitmce-

1996 3684 2217 3740 consilio
2258 3686 2536 3754 providus,
2586 3694 2639 3738 et
2670 3686 2720 3739 in
2752 3687 2897 3740 omni
2929 3701 3137 3739 morum
3164 3687 3449 3743 honestate
3467 3702 3569 3742 suo

311 3764 545 3817 rentium
570 3774 904 3834 opportunus
949 3765 1257 3820 consolator
1286 3766 1309 3818 2
1337 3765 1419 3819 vel
1453 3782 1560 3835 quo
1605 3767 1738 3821 abiit
1765 3766 1884 3838 plu-

312 3853 571 3907 rimorum
608 3854 994 3908 monachorum
1024 3854 1399 3909 desiderabilis
1427 3856 1616 3925 auriga
1647 3857 1890 3912 innume-

310 3940 670 4011 rabiliumque
718 3941 1036 4012 populorum
1082 3943 1348 3998 discretus
1383 3945 1691 3999 moderator
1711 3954 1766 4001 et
1797 3962 1885 4002 re-

309 4042 426 4086 ctor
450 4032 474 4086 ?
504 4031 549 4086 0
579 4049 739 4102 quam
781 4033 1019 4089 incertus
1040 4033 1289 4089 humanae
1309 4035 1641 4090 conditionis
1667 4048 1840 4093 status
1864 4040 1878 4092 !

306 4136 339 4177 ο
369 4137 531 4193 quam
586 4124 860 4179 mutabilis
910 4140 1089 4179 rerum
1142 4127 1447 4181 mortalium
1478 4129 1703 4182 cursus!
1749 4129 1882 4183 Dum

304 4213 615 4281 putavimus
639 4228 760 4267 eum
791 4229 911 4268 esse
937 4216 1094 4271 nobis
1124 4215 1177 4269 in
1208 4219 1478 4272 communi
1518 4219 1624 4272 vita
1652 4220 1879 4287 socium,

308 4314 554 4358 tenemus
593 4302 930 4371 defunctum,
976 4314 1030 4359 et
1059 4321 1216 4375 quem
1263 4310 1614 4377 sperabamus
1639 4326 1877 4380 praesen.

306 4401 436 4457 tem,
464 4392 710 4449 dolemus
739 4393 1037 4450 absentem.
1071 4396 1127 4450 Si
1155 4409 1333 4452 tamen
1365 4398 1624 4453 dolendus
1653 4407 1757 4463 est,
1788 4401 1879 4469 qui

303 4484 544 4539 dolorem
603 4486 813 4552 evasit;
862 4487 908 4542 si
971 4487 1233 4560 lugendus
1274 4498 1375 4552 est,
1418 4491 1508 4559 qui
1542 4491 1608 4545 de
1639 4492 1782 4547 luctu
1811 4492 1879 4548 ad

301 4575 576 4643 gaudium,
597 4575 665 4628 de
689 4577 922 4632 tenebris
946 4578 1013 4632 ad
1042 4578 1238 4645 lucem,
1255 4581 1321 4635 de
1343 4594 1501 4651 patria
1531 4583 1596 4636 ad
1615 4585 1873 4652 requiem,

301 4675 356 4719 et
402 4666 469 4720 de
505 4676 684 4721 morte
729 4668 979 4723 transivit
1017 4672 1083 4724 ad
1116 4671 1301 4726 vitam.
1338 4673 1474 4740 Quid
1498 4674 1727 4744 agimus,
1755 4678 1874 4731 ani-

298 4758 426 4812 ma?
446 4757 564 4826 Quo
595 4774 696 4815 nos
719 4764 1131 4818 convertemus?
1153 4765 1207 4818 Si
1230 4765 1681 4835 intemperantius
1709 4784 1887 4839 exag-.

295 4864 486 4918 gerare
524 4850 766 4905 dolorem
811 4854 1156 4922 coeperimus,
1202 4856 1364 4910 timeo
1401 4872 1467 4911 ne
1495 4859 1644 4912 acies
1673 4860 1870 4915 mentis

294 4941 697 5004 reverberetur,
735 4950 791 4995 et
811 4941 863 4997 id
893 4944 1035 5013 quod
1062 4946 1128 5000 de
1157 4946 1446 5002 virtutibus
1473 4951 1590 5027 ejus
1628 4950 1870 5005 volumus

1991 3783 2229 3844 tempore
2256 3774 2383 3829 nulli
2431 3777 2720 3840 secundus,
2754 3777 2845 3845 qui
2885 3778 3045 3831 etiam
3073 3778 3355 3849 privilegio
3378 3787 3569 3835 aucto-

1988 3867 2166 3921 ritatis
2191 3877 2243 3921 et
2269 3868 2477 3937 gratim,
2537 3868 2705 3938 Major
2734 3869 2992 3924 Beraldus
3021 3871 3317 3929 vocabatur
3351 3872 3419 3927 ab
3439 3888 3559 3927 om-

1986 3958 2162 4011 nibus.
2220 3957 2369 4012 Fidei
2415 3959 2613 4014 virtute
2665 3960 2736 4013 ita
2794 3959 3117 4030 prtecipuus,
3170 3970 3228 4014 ut
3271 3961 3413 4031 quod
3469 3962 3560 4016 alii

1985 4048 2198 4119 dillicile
2226 4034 2603 4117 sacramentis,
2656 4053 2759 4107 hoc
2790 4053 2889 4109 iste
2931 4054 3244 4108 inviolatum
3267 4055 3562 4109 custodiret

1984 4142 2320 4211 simplicibus
2370 4144 2572 4198 verbis.
2635 4144 2817 4217 Longe
2852 4161 2909 4200 se
2945 4146 3176 4200 habebat
3217 4154 3370 4201 actus
3400 4146 3554 4201 aliter

1982 4236 2097 4305 ejus
2120 4245 2171 4290 et
2201 4236 2438 4299 habitus,
2491 4252 2652 4307 quam
2688 4240 2846 4293 modo
2888 4239 3053 4292 videri
3083 4239 3252 4308 possit
3282 4239 3333 4292 in
3365 4239 3561 4308 quovis

1980 4326 2225 4396 principe
2273 4326 2499 4395 quilibet
2551 4328 2782 4383 actionis
2833 4330 3042 4382 modus.
3095 4327 3217 4382 Fuit
3273 4328 3347 4382 illi
3400 4345 3557 4391 uxor,

1980 4416 2240 4487 Girberga
2264 4419 2500 4482 nomine,
2527 4436 2631 4475 nou
2663 4422 2896 4493 degener
2920 4422 3187 4475 natalibus
3210 4430 3265 4475 et
3294 4420 3555 4475 moribus.

1979 4508 2109 4574 Qure
2134 4519 2349 4577 quantae
2372 4510 2738 4573 continentiae,
2771 4522 2984 4579 quanta:
3011 4512 3297 4575 castitatis,
3322 4522 3377 4567 et
3403 4510 3557 4579 cujus

1980 4598 2274 4652 voluntatis
2296 4597 2457 4652 fuerit
2502 4601 2601 4655 sub
2629 4602 2840 4664 marito,
2868 4611 3009 4671 [post
3040 4612 3269 4656 mortem
3299 4601 3415 4671 ejus
3446 4617 3559 4655 om-

1978 4689 2135 4744 nibus
2190 4689 2289 4743 l‘uit
2343 4689 2394 4743 in
2435 4700 2641 4758 aperto.
2685 4691 2818 4745 Nam
2874 4693 3059 4746 relicta
3108 4693 3306 4762 patria,
3350 4690 3556 4746 relictis

1974 4782 2292 4852 propinquis
2335 4790 2389 4836 et
2438 4781 2584 4847 ﬁliis,
2615 4793 2668 4837 et
2702 4784 2909 4854 magnis
2940 4784 3089 4838 fundi
3120 4781 3552 4853 possessionibus

1975 4880 2137 4941 atque
2187 4871 2409 4935 divitiis,
2443 4883 2702 4943 tanquam
2729 4874 2830 4926 alia
2862 4873 3024 4926 Paula
3077 4882 3262 4927 secuta
3291 4880 3371 4925 est
3400 4862 3556 4924 Chri-

1975 4970 2140 5028 stum,
2173 4973 2227 5017 et
2249 4964 2391 5032 apud
2416 4964 2809 5037 monasterium
2835 4964 2910 5031 (5)
2936 4963 3106 5016 sancti
3133 4960 3355 5014 Joannis
3376 4961 3556 5030 Augu~

288 5029 615 5103 inscribere,
659 5030 1015 5089 immoderato
1065 5033 1250 5091 dolore
1293 5037 1610 5105 perturbati,
1650 5039 1871 5094 minime

1996 5052 2192 5106 stiduno
2216 5029 2469 5123 positum,
2503 5034 2995 5108 sanctimonialium
3018 5048 3251 5115 suscepit
3282 5049 3477 5112 locum,
3499 5058 3558 5101 et

284 5136 705 5193 prosequamur.
739 5122 845 5179 Sed
885 5125 1057 5194 primo
1077 5125 1146 5180 de
1194 5126 1374 5179 carnis
1421 5125 1538 5193 ejus
1567 5127 1866 5194 nobilitate,

282 5234 403 5288 quae
460 5220 515 5273 in
576 5218 744 5274 titulis
766 5229 1072 5274 sanctorum
1101 5219 1342 5274 virorum
1377 5235 1475 5288 pro
1503 5220 1868 5277 additamenta

280 5310 458 5358 laudis
514 5310 1040 5358 nonitur-'dicamus-
1068 5320 1127 5358 et
1148 5314 1509 5358 nnstmmlnm-
1544 5315 1742 5358 sensim
1775 5331 1872 5358 nm-

1978 5139 2255 5210 religionis
2314 5142 2580 5194 habitum.
2642 5138 2813 5203 Quam
2865 5136 3130 5190 laudabile
3168 5135 3242 5189 ibi
3281 5136 3558 5191 duraverit

1975 5232 2338 5300 prapositum,
2392 5242 2669 5297 quamque
2716 5225 2888 5280 dulcis
2926 5233 2982 5280 ct
3018 5225 3160 5279 utilis
3200 5226 3454 5280 omnibus
3482 5225 3557 5282 ibi
