4116 5358
604 322 709 378 899

1526 331 1581 384 S.
1623 331 1935 387 ODlLONlS
1974 332 2464 392 CLUNIACENSIS
2501 335 2787 394 ABBATIS
2833 335 2872 393 ν

3719 344 3820 399 9υο

608 438 858 507 deinceps
909 437 1024 507 ejus
1080 439 1188 493 vita
1218 439 1402 506 fuerit,
1445 452 1500 498 et
1548 459 1707 512 quam
1749 446 1982 513 glorioso
2020 446 2164 500 exitu
2195 455 2239 512 Α
2268 450 2321 502 in
2365 461 2550 504 sancta
2596 451 2922 520 virginitate,
2981 461 3136 508 nocte
3183 461 3238 508 et
3277 455 3365 510 die
3413 456 3520 513 Deo
3559 458 3822 523 serviens,

604 528 770 580 vitam
829 527 1049 593 finierit,
1109 531 1293 599 paucis
1319 547 1437 600 quae
1481 546 1941 602 supererantcum
1968 536 2166 605 gemitu

606 631 828 669 narrare
858 618 1057 672 audivi.
1092 619 1327 675 Fuerunt
1349 623 1578 692 denique
1609 625 1725 678 istis
1746 624 1832 678 alii
1863 625 1954 678 filii
1987 634 2168 694 poten-

607 713 686 758 tes
736 714 792 758 et
823 707 1044 769 nobiles,
1085 719 1138 762 et
1186 709 1236 762 in
1281 727 1378 765 suo
1413 712 1600 764 ordine
1636 723 1891 779 quantum
1917 715 1983 766 ad
2013 729 2170 766 mun-

604 795 796 848 danam
829 795 1050 866 gloriam
1084 799 1209 853 nulli
1247 800 1555 856 inferiores.
1587 802 1840 869 Quaedam
1871 805 2032 856 etiam
2061 819 2164 855 non

601 889 974 952 praetereunda
1001 888 1127 955 lilia,
1159 892 1374 946 nomine
1403 890 1708 958 Blismodis,
1731 893 2018 956 abbatissa,
2047 907 2165 960 qua:

2267 553 2434 608 prope
2455 542 2820 594 centenarium
2850 541 3083 611 explevit
3111 560 3375 599 annorum
3401 562 3701 601 numerum.
3733 547 3824 602 His

2267 629 2341 683 ita
2396 631 2637 684 breviter
2677 631 2979 702 descriptis,
3033 635 3097 686 ad
3155 635 3302 689 illum
3341 653 3497 704 quem
3537 639 3824 692 celebriter

2267 722 2609 775 commenda
2657 723 2913 778 nobilitas
2951 727 3148 781 mentis
3191 733 3245 780 et
3313 726 3574 781 celsitudo
3612 724 3828 795 generis

2267 809 2464 879 stylum
2480 818 2774 866 vertamus.

1635 1056 1743 1135 IN
1804 1056 2205 1134 NOMINE
2264 1055 2430 1131 DEI
2492 1055 2824 1135 SUMMI

1073 1255 1604 1369 INCIPIT
1690 1252 2041 1372 VITA
2125 1251 2752 1367 EJUSDEM
2837 1253 3386 1367 PATRIS.

596 1492 731 1548 Car.
773 1493 886 1548 l.—
911 1492 1148 1558 Qualiter
1172 1493 1280 1547 Deo
1307 1494 1539 1574 militare
1564 1497 1768 1566 coeperit
1800 1496 1853 1550 in
1873 1514 1972 1551 sua
2003 1497 2167 1568 ipsius

1265 1577 1508 1632 pueritia.

2275 1496 2414 1550 dano
2447 1495 2646 1548 vellere
2675 1495 2973 1557 detonsam,
3010 1495 3075 1550 de
3105 1494 3317 1550 lavacro
3348 1497 3683 1568 baptismatis
3729 1503 3828 1558 ite-

2276 1600 2394 1638 rum
2435 1584 2834 1645 ascendentem,
2879 1598 2998 1637 cum
3039 1586 3278 1654 gemellis
3303 1584 3500 1641 fetibus
3528 1590 3832 1648 dilectionis

670 1677 838 1748 igitur
866 1676 1024 1732 Odiio
1046 1679 1128 1732 vir
1152 1677 1513 1740 beatissimus,
1559 1678 1854 1733 nobilitatis
1890 1686 2172 1732 stemmate
2205 1712 2246 1770 Β
2277 1677 2558 1745 utriusque
2589 1676 2989 1744 procedentem,
3022 1676 3152 1730 nihil
3195 1679 3377 1731 sterile
3411 1694 3592 1734 secum
3619 1695 3835 1750 portan-

597 1776 940 1835 procreatus,
972 1767 1111 1819 inter
1138 1765 1248 1834 ipsa
1277 1765 1568 1834 primordia
1592 1775 1841 1835 tanquam
1872 1767 2006 1821 alter
2028 1767 2172 1820 Isaac

2277 1773 2384 1818 tcrn
2418 1764 2656 1832 nihilque
2703 1780 2895 1818 vanum
2943 1765 3316 1822 meditantem!
3350 1767 3465 1823 Jain
3495 1783 3707 1840 sumpto
3739 1773 3834 1826 lia-

602 1855 816 1911 Christo
843 1864 1211 1918 consecratus,
1241 1865 1296 1909 et
1323 1855 1539 1908 Brivate
1565 1854 1840 1924 (Brioude)
1879 1857 2018 1924 apud
2051 1871 2175 1910 san-
2269 1850 2382 1904 bitu
2410 1852 2617 1906 videres
2645 1863 2880 1906 nOstram
2905 1868 3060 1906 ovem
3093 1856 3229 1907 inter
3250 1855 3380 1910 alias
3403 1858 3626 1925 primam
3649 1874 3833 1928 opere,

605 1956 750 2002 ctum
778 1945 1048 2001 lulianum
1096 1946 1386 2016 gloriosum
1428 1945 1978 2015 nrartyrcmclcricali
2027 1955 2173 2000 sorte

604 2049 687 2094 est
714 2040 961 2093 donatus.
1004 2038 1380 2092 Delectabatur
1421 2038 1472 2090 in
1515 2038 1626 2106 ipsa
1669 2039 1922 2104 pueritia,
1955 2037 2172 2090 humili-

605 2138 752 2194 tate,
809 2129 1081 2192 castitate,
1138 2127 1443 2182 innocentia
1491 2135 1545 2180 et
1591 2128 1845 2195 puritate,
1905 2136 1958 2180 et
2006 2136 2171 2197 prout

603 2233 734 2275 aetas
781 2221 1114 2282 admittebat,
1148 2218 1529 2271 misericordiae
1560 2218 1811 2286 operibus
1863 2217 2168 2271 insistebat.

607 2313 907 2383 Superabat
940 2320 1238 2367 coactaneos
1288 2312 1547 2380 sapientia
1591 2321 1648 2363 et
1693 2311 1951 2375 moribus,
1989 2311 2062 2364 ita
2112 2316 2170 2362 ut

593 2401 710 2471 jam
743 2419 846 2456 non
881 2418 1032 2472 puer,
1072 2402 1164 2455 sed
1192 2416 1352 2456 senex
1388 2402 1717 2464 maturitate,
1764 2416 1868 2454 non
1910 2410 2167 2468 tempore,

605 2495 672 2548 ab
697 2494 945 2547 omnibus
992 2501 1288 2563 putaretur.
1340 2491 1592 2546 Decursis
1652 2492 1832 2560 itaque
1877 2490 2170 2560 puerilibus

599 2586 780 2649 annis,
815 2585 900 2638 ubi
928 2583 1406 2654 roburjuventutis
1437 2584 1726 2637 succedere
1757 2583 1942 2650 ciepit,
1975 2581 2172 2636 tacitus

603 2692 786 2731 secum
813 2677 1098 2740 deliberat,
1132 2684 1190 2728 ut
1214 2673 1492 2744 Egyptias
1528 2673 1661 2727 ollas
1691 2674 1984 2736 desereret,
2008 2682 2062 2725 et
2079 2687 2172 2740 per

605 2766 780 2819 media
853 2766 1035 2819 mundi
1105 2765 1452 2828 discrimina,
1511 2773 1686 2818 terras
1737 2762 2172 2832 repromissionis

607 2856 851 2909 intraret.
877 2853 999 2908 Jesu
1028 2855 1185 2918 bone,
1213 2869 1372 2923 quam
1401 2854 1582 2907 suavis
1605 2863 1691 2905 tua
1723 2853 1953 2918 vocatio,
1982 2866 2170 2920 quatu-

607 2960 711 3012 que
774 2945 942 2998 dulcis
1003 2942 1081 2997 tui
1138 2945 1358 3014 spiritus
1411 2943 1726 3012 iuspiratio!
1776 2944 1865 3012 qui
1932 2958 2056 2996 mox
2115 2951 2172 2996 ut

2270 1951 2568 1998 extremam
2614 1944 2821 2006 ordine,
2859 1955 3072 1998 :eterna:
3099 1947 3387 2002 viriditatis
3426 1964 3620 2018 pascua
3655 1954 3837 2020 requi-

2272 2048 2412 2097 rere,
2447 2034 2791 2087 lucernarum
2843 2036 3135 2090 ministeria
3178 2041 3523 2106 concinnare,
3571 2042 3834 2096 infantum

2271 2125 2740 2178 custodieudornm
2813 2127 3068 2181 excubias
3128 2128 3458 2196 observare,
3527 2133 3836 2202 pavimenta

2269 2227 2484 2267 verrere
2515 2225 2566 2268 et
2617 2230 2840 2284 quaeque
2876 2217 2999 2270 vilia
3029 2218 3199 2273 ollicia
3237 2221 3513 2274 humiliter
3553 2237 3832 2290 peragere.

2272 2304 2376 2360 Sed
2407 2323 2509 2359 non
2533 2308 2621 2360 diu
2670 2309 2821 2361 latuit
2850 2311 3160 2378 margarita,
3195 2327 3301 2365 non
3340 2312 3429 2366 diu
3457 2313 3633 2381 potuit
3659 2315 3840 2369 occul-

2285 2401 2392 2454 tari.
2413 2401 2466 2454 in
2491 2404 2700 2472 privato
2730 2405 2845 2458 loco
2872 2403 3026 2459 fortis
3055 2407 3274 2460 athleta.

2269 2513 2397 2568 (ΣΑΡ.
2437 2514 2604 2567 ιν.-
2629 2513 2871 2580 Qualiter
2913 2531 3121 2571 sanctus
3165 2518 3392 2593 Maiolus
3434 2520 3582 2574 illum
3632 2522 3839 2593 elegerit

2823 2602 3164 2641 successorem
3192 2589 3310 2643 sibi.

2340 2672 2579 2726 Evolutis
2637 2683 2756 2742 post
2797 2674 2911 2728 haec
2956 2674 3068 2730 fere
3115 2688 3348 2745 quatuor
3395 2679 3570 2743 annis,
3623 2693 3839 2737 sanctus

2271 2759 2494 2817 llaioius
2525 2773 2644 2832 post
2688 2765 2884 2818 multos
2927 2781 3022 2834 pro
3062 2766 3276 2822 Christo
3310 2770 3598 2825 desudatos
3627 2772 3839 2828 labores

2271 2851 2336 2904 de
2365 2852 2600 2905 tenebris
2629 2850 2843 2922 )Egypti
2876 2855 3168 2922 egreditur,
3195 2857 3524 2926 transitoque
3548 2863 3714 2914 maris
3749 2877 3842 2931 pe—

2272 2942 2444 2997 riculo
2471 2941 2769 2998 Jerusalem
2806 2947 3119 3016 ingreditur,
3152 2955 3308 3016 atque
3343 2950 3394 3002 in
3424 2959 3621 3004 :eterua
3655 2968 3785 3021 pace
3809 2969 3842 3006 ι

607 3045 838 3089 mentem
891 3034 1208 3104 pulsaverit,
1267 3045 1430 3089 mstus
1471 3034 1706 3089 fornacis
1769 3033 2070 3105 Babylonia:
2116 3035 2170 3089 in
2201 3051 2243 3111 ρ
2275 3032 2490 3090 Christo
2545 3035 2856 3090 collocatur.
2908 3037 3143 3092 Instante
3191 3053 3318 3092 vero
3367 3041 3553 3094 mortis
3609 3043 3840 3097 articulo

609 3143 846 3182 amorem
878 3125 1232 3181 trausformas
1264 3125 1722 3196 cwlestispatria).
1755 3126 1894 3180 Ecce
1923 3126 2065 3179 enim
2082 3139 2176 3179 cor

607 3220 777 3273 nostri
799 3219 1170 3288 juvenis,dum
1201 3221 1376 3274 subito
1403 3219 1601 3288 pllISHS,
1633 3229 1828 3286 mutas,
1859 3229 1912 3274 et
1936 3219 1989 3274 in
2015 3234 2174 3275 veros

609 3309 886 3379 amplexus
919 3310 1221 3365 Salomonis
1251 3311 1567 3365 mirabiliter
1591 3311 1858 3366 accendis.

609 3422 738 3476 Car.
787 3420 938 3475 ll.—
966 3421 1235 3487 Quomodo
1283 3420 1494 3504 Maioli.
1526 3423 1694 3476 sancti
1737 3439 1792 3476 se
1842 3420 2170 3492 conjunrerit

1261 3502 1514 3545 societati.

680 3583 836 3638 Certe
863 3583 986 3637 dum
1019 3581 1140 3636 talia
1179 3583 1470 3637 meditatur
1506 3583 1558 3635 in
1589 3583 1798 3647 animo,
1831 3597 2054 3651 magnus
2085 3579 2172 3636 ille

609 3670 855 3732 Maiolus.
891 3686 987 3740 per
1013 3679 1180 3723 totum
1214 3686 1349 3739 pene
1388 3673 1640 3724 nnimlum
1679 3671 1935 3734 famosus,
1977 3673 2172 3725 Arver-

613 3778 804 3815 norum
836 3762 967 3815 lines
999 3761 1311 3831 ingreditur.
1343 3761 1406 3815 Et
1435 3762 1616 3816 divina
1641 3763 1990 3832 dispositione
2028 3764 2072 3819 is
2110 3765 2175 3820 de

611 3869 720 3922 quo
743 3853 1032 3922 loquimur,
1073 3863 1196 3906 ante
1220 3869 1342 3906 eum
1365 3854 1664 3908 adducitur.
1696 3855 1794 3920 Qui
1829 3856 2176 3910 considerans

611 3947 664 4000 in
687 3961 751 4000 eo
777 3953 1115 4015 przestautem
1145 3944 1461 4015 elegantiam
1485 3946 1726 4013 corporis
1764 3955 1819 4000 et
1844 3946 2172 4001 nobilitatem

610 4041 844 4111 generis,
887 4055 1138 4109 magnum
1169 4039 1419 4107 quiddam
1449 4048 1504 4093 et
1545 4038 1783 4092 divinum
1821 4039 1993 4092 oculis
2033 4040 2174 4093 inte-

611 4129 844 4183 rioribus
875 4129 924 4181 in
953 4143 1016 4182 eo
1045 4127 1360 4196 przevidens,
1389 4135 1528 4181 totus
1568 4127 1620 4180 in
1651 4125 1766 4194 ejus
1795 4143 2032 4181 amorem
2061 4127 2176 4181 illa-

611 4220 775 4280 bitur,
803 4229 858 4273 et
892 4219 1127 4273 vicissim
1173 4218 1312 4271 inter
1351 4233 1444 4271 eos
1498 4217 1638 4287 ignis
1675 4218 1868 4271 divinae
1896 4217 2177 4274 charitatis

612 4310 782 4380 magis
812 4309 1086 4378 magisque
1131 4308 1457 4362 accenditur.
1491 4306 1572 4360 Fit
1611 4307 1751 4361 inter
1781 4323 1872 4360 eos
1913 4306 2176 4362 familiare

2279 3125 2534 3180 donmum
2585 3125 2860 3182 Odilonem
2910 3128 3011 3183 sibi
3064 3143 3424 3184 socorssorem
3487 3131 3633 3201 eligit
3680 3143 3842 3202 atque

2279 3218 2526 3288 proprias
2550 3232 2677 3272 oves
2701 3217 2924 3272 Domino
2945 3228 2998 3273 et
3024 3219 3125 3273 sibi
3155 3218 3390 3290 reliquit.
3420 3219 3517 3286 Qui
3545 3208 3836 3288 reluctans,

2282 3317 2334 3362 et
2360 3307 2496 3361 ultra
2525 3323 2684 3376 quam
2710 3309 2851 3362 credi
2879 3307 3046 3378 possit
3067 3307 3280 3371 invitus,
3311 3312 3574 3363 communi
3598 3312 3840 3364 omnium

2273 3399 2688 3462 vote,communi
2701 3399 2936 3452 omnium
2949 3400 3209 3454 sententia
3226 3402 3289 3453 ad
3304 3397 3594 3470 injunctutn
3607 3400 3840 3456 ollicium

2285 3491 2584 3553 ordinatur.
2617 3500 2671 3544 et
2698 3501 2950 3561 tanquam
2975 3492 3109 3547 alter
3141 3491 3451 3563 MoysesDei
3481 3495 3676 3563 populo
3701 3510 3839 3563 pra:-

2279 3580 2477 3635 llcitur.
2494 3581 2630 3647 Quid
2647 3583 2760 3652 agis
2777 3584 2904 3650 Deo,
2934 3582 3125 3636 dilecta
3153 3585 3328 3637 anima
3343 3583 3511 3650 iQuid
3527 3585 3841 3638 reluctaris?

2277 3671 2412 3738 Quid
2445 3670 2619 3726 adhuc
2647 3673 2726 3726 vis
2757 3684 2901 3726 stare
2929 3683 3049 3742 post
3074 3672 3352 3742 parietem,
3379 3685 3432 3726 et
3459 3677 3725 3743 reSpEcere
3746 3690 3841 3744 per

2277 3763 2543 3817 cancellos
2571 3772 2625 3818 et
2669 3763 2973 3818 fenestras?
3014 3765 3280 3834 Egredere
3319 3763 3428 3835 jam
3475 3765 3540 3818 ad
3592 3765 3837 3819 diliusam

2276 3851 2469 3918 lucem,
2500 3853 2776 3921 egredere.
2805 3851 3066 3922 Loquitur
3097 3853 3189 3908 tibi
3219 3869 3447 3922 sponsus
3487 3865 3736 3923 tanquam
3773 3855 3838 3908 ad

2277 3957 2549 4011 sponsam,
2585 3943 2636 3996 in
2687 3942 2924 3998 Canticis
2953 3944 3328 3999 canticorum:
3368 3944 3552 4016 Surge,
3594 3938 3834 4013 propera,

2279 4033 2446 4083 «mira
2479 4047 2614 4094 mea,
2646 4031 2876 4099 formosa
2917 4047 3048 4093 mea,
3082 4043 3128 4085 et
3166 4033 3280 4086 reni
3315 4032 3488 4090 (Cum.
3522 4047 3583 4099 ιι,
3615 4034 3722 4102 l0),
3757 4035 3839 4086 vi-

2279 4120 2473 4176 delicet
2506 4131 2692 4192 aperte
2737 4123 2966 4178 dicens:
3015 4122 3185 4194 Surge
3232 4124 3297 4180 de
3325 4134 3490 4179 stratu
3535 4125 3752 4194 quietis,
3786 4127 3838 4180 in

2279 4227 2384 4281 quo
2417 4212 2606 4267 tuimet
2650 4211 2814 4266 solius
2861 4227 3042 4266 curam
3074 4228 3232 4282 agere
3271 4215 3484 4281 quieris,
3517 4229 3738 4283 propera
3785 4224 3838 4268 et

2281 4301 2427 4367 veni,
2460 4301 2525 4352 ad
2559 4300 2965 4368 impeudemlarn
3005 4302 3164 4354 etiam
3197 4302 3452 4370 proximis
3483 4318 3664 4355 curaui
3699 4302 3841 4356 Salu-

612 4399 956 4468 colloquium,
978 4398 1162 4468 junior
1192 4396 1388 4452 seniori
1419 4412 1572 4450 suum
1603 4396 1778 4464 prodit
1811 4397 2132 4450 desiderium
2158 4412 2172 4462 ;
2202 4389 2252 4447 D
2281 4390 2368 4454 tis,
2401 4405 2498 4457 per
2521 4389 2752 4443 studium
2784 4389 2980 4443 sedulae
3007 4391 3416 4459 priedicatiouis.
3445 4390 3676 4445 Ostemle
3708 4392 3839 4444 mihi

615 4504 774 4542 senex
806 4497 859 4542 ut
889 4489 1254 4556 praemeditata
1284 4487 1546 4555 perficiat,
1577 4487 1749 4541 modis
1773 4486 1965 4556 quibus
2005 4485 2176 4555 potuit

609 4577 837 4646 junioris
869 4578 1081 4630 instruit
1104 4578 1362 4630 animum.

647 4666 775 4722 CAP.
815 4667 971 4720 lll.—
992 4666 1226 4730 Qualiter
1246 4667 1470 4719 deseruit
1494 4667 1648 4735 hujus
1676 4666 1854 4720 sreculi
1877 4683 2138 4736 pompam.

682 4755 776 4810 llis
804 4757 873 4809 ita
899 4756 1035 4808 inter
1055 4771 1112 4810 se
1139 4756 1431 4824 dispositis,
1461 4770 1622 4810 senex
1649 4758 1714 4809 ad
1739 4758 1951 4825 propria
1987 4770 2175 4810 rever-

614 4848 764 4910 titur,
798 4845 1099 4900 sollicitudo
1125 4843 1338 4912 juvenis
1373 4846 1437 4898 ad
1475 4860 1536 4898 ea
1569 4845 1889 4913 perﬁcienda
1923 4860 2041 4912 qum
2067 4858 2179 4898 ρω-

613 4947 784 5005 perat,
839 4945 1187 5005 prmparatur.
1242 4934 1356 4989 Non
1418 4936 1603 4989 multis
1659 4937 1838 5003 itaque
1885 4935 2179 5001 iuterjectis

616 5027 824 5094 spatiis,
854 5041 1021 5078 novus
1053 5025 1204 5080 miles
1240 5035 1490 5095 tanquam
1520 5025 1839 5080 Benedictus
1870 5024 2175 5090 Romuleas,

616 5115 813 5169 deserit
837 5125 889 5168 et
945 5116 1046 5168 iste
1081 5116 1424 5171 Brivatcnses
1465 5132 1556 5170 seu
1590 5116 1905 5168 Anicienses
1942 5115 2008 5181 (Ie
2042 5113 2177 5182 Puy)

2276 4479 2466 4532 faciem
2500 4487 2663 4540 tuam,
2702 4488 2854 4532 sonet
2882 4493 2982 4532 vox
3017 4488 3101 4532 tua
3149 4479 3200 4533 in
3250 4481 3468 4535 auribus
3514 4482 3667 4534 meis.
3725 4480 3840 4534 Vox

2277 4571 2420 4624 enim
2453 4578 2539 4622 tua
2567 4569 2758 4633 dulcis,
2786 4580 2840 4624 et
2883 4569 3048 4624 facies
3077 4581 3162 4623 tua
3192 4571 3408 4625 decora.
3443 4572 3705 4639 Suscepto
3743 4573 3843 4624 ita-

2278 4673 2382 4727 que
2434 4658 2708 4727 regimiuis
2756 4656 2948 4722 ofﬁcio,
2997 4661 3164 4730 magis
3213 4675 3276 4715 ac
3321 4662 3488 4733 magis
3529 4671 3837 4714 sanctorum

2279 4746 2717 4803 conformabatur
2743 4749 3002 4818 exemplo,
3039 4761 3091 4804 et
3121 4751 3173 4804 in
3199 4752 3447 4804 omnibus
3495 4751 3699 4805 crelesti
3749 4754 3842 4805 ad-

2278 4840 2928 4908 ornabaturmagisterio.
2981 4841 3308 4895 Prmlucebat
3363 4841 3414 4895 in
3465 4856 3528 4896 eo
3571 4843 3838 4909 quoddam

2279 4931 2484 4998 insigne
2507 4931 2906 4988 documentum.
2922 4929 3058 4998 quod
3075 4931 3330 4999 subjectis
3355 4931 3674 4984 imitandum
3697 4943 3838 4985 esset

2279 5028 2331 5074 et
2357 5020 2679 5083 timendum;
2711 5029 2765 5073 et
2791 5021 2962 5088 qualis
2989 5031 3130 5074 esset
3159 5021 3211 5074 in
3240 5022 3404 5086 erius,
3434 5022 3678 5075 relucens
3701 5025 3751 5074 in
3778 5038 3841 5076 eo

2281 5111 2452 5180 gratia
2486 5111 2792 5165 declarabat
2815 5114 3067 5168 exterius.
3102 5113 3328 5170 Habitus
3357 5116 3499 5166 enim
3533 5117 3744 5170 mentis.
3783 5124 3838 5165 ut
