4116 5358
309 339 410 397 ῡοι

1652 326 1828 384 VITA.
1857 356 1911 368 —
1955 325 2081 379 LIB.
2112 323 2153 378 i.

3438 301 3541 356 90⁵2

317 451 658 509 auctoritatis
682 460 735 506 et
764 449 980 520 gratim;
1011 447 1305 502 mansuetis
1335 445 1522 503 hilaris
1541 453 1595 500 et
1626 443 1874 502 blandus.
1905 443 1952 502 Α
1979 434 2120 520 Car...
2283 411 3420 520 TJDLejustintt'put'fi
3611 473 3614 478 ,

317 543 560 612 superbis
582 555 711 594 vero
740 551 793 592 et
824 537 1060 599 ollensis,
1092 546 1151 590 ut
1179 539 1268 590 vix
1302 536 1510 590 sulferri
1545 545 1743 605 posset,
1765 542 1874 585 ter-

318 633 508 688 ribilis.
537 631 704 684 Macie
731 629 954 689 validus,
985 627 1186 696 pallore
1224 635 1469 690 ornatus,
1501 626 1697 679 canitie
1723 625 1878 677 deco-

319 732 488 778 ratus.
513 719 663 774 Oculi
693 719 832 772 illius
859 718 1020 770 veluti
1043 717 1272 785 quodam
1293 717 1572 784 splendore
1595 713 1876 782 fulgentes,

321 812 651 869 intuentibus
679 820 732 863 et
760 809 950 862 terrori
977 817 1132 861 erant
1162 816 1216 860 et
1241 803 1602 866 admirationi,
1632 801 1882 872 lacrymis

323 903 547 966 assidui,
579 903 699 968 quia
751 898 944 966 saepius
992 898 1180 951 aderat
1225 897 1395 949 virtus
1437 893 1879 963 compnnctionis.

320 992 614 1046 Renitebat
643 990 806 1042 etiam
835 989 886 1040 in
918 988 1082 1056 ipsius
1110 997 1273 1049 motu,
1303 995 1474 1054 gestu,
1500 986 1730 1046 incessu,
1764 999 1886 1051 spe-

326 1082 437 1136 cies
459 1079 815 1141 auctoritatis,
845 1078 1050 1146 pondus
1071 1077 1350 1146 gravitatis
1374 1073 1886 1144 tranquillitatisque

325 1171 633 1240 vestigium.
682 1167 948 1223 Occursus
980 1166 1118 1220 illius
1146 1165 1294 1234 quasi
1325 1164 1538 1234 quidam
1570 1162 1888 1232 gratissima:

324 1259 676 1330 iucunditatis
698 1255 964 1318 radius,et
989 1254 1214 1307 insolita!
1247 1251 1616 1306 delectationis
1641 1261 1884 1304 eventus.

331 1350 443 1403 Vox
475 1346 546 1400 illi
579 1345 766 1407 virilis,
798 1352 852 1398 et
887 1344 957 1396 ita
989 1343 1141 1412 plena
1171 1342 1404 1404 decoris,
1437 1351 1494 1396 ut
1540 1351 1747 1395 mentes
1789 1357 1887 1394 au-

331 1440 589 1495 dientium
645 1452 752 1490 non
816 1435 1160 1490 mediocriter
1218 1435 1549 1490 demulceret
1611 1433 1891 1488 dulcedine

331 1527 728 1583 modulationis.
765 1527 952 1582 Sermo
985 1527 1124 1580 illius
1155 1526 1341 1594 plenus
1380 1524 1660 1579 suavitatis
1683 1532 1738 1577 et
1770 1538 1895 1593 gra-

334 1620 441 1682 tias,
473 1628 630 1689 prout
680 1619 816 1671 ratio
848 1631 1132 1670 causarum
1179 1631 1235 1668 se
1263 1616 1512 1678 habebat,
1556 1613 1728 1666 medie
1760 1622 1894 1665 tem-

333 1717 586 1778 peratus;
645 1722 742 1760 nec
792 1705 1007 1759 modum
1061 1704 1408 1774 progrediens
1461 1702 1743 1771 loquendi,
1795 1714 1895 1755 nec

334 1799 514 1853 minus
530 1813 626 1866 pro
644 1806 879 1864 tempore
905 1795 1234 1863 improvidus
1256 1794 1571 1849 disserendi.
1597 1793 1736 1847 Nihil
1760 1793 1892 1846 ineo
1923 1781 1966 1841 Β

339 1888 601 1953 fucatum,
651 1889 780 1943 nihil
816 1887 1158 1953 aﬂ‘ectatum;
1191 1887 1284 1941 sed
1333 1896 1524 1941 natura
1573 1884 1898 1941 mirabiliter

338 1978 596 2034 reddebat
645 1993 766 2032 eum
819 1980 1058 2048 corporis
1113 1977 1379 2048 positione
1430 1985 1483 2030 et
1529 1977 1717 2031 ordine
1775 1976 1899 2029 vita:

339 2070 682 2140 quadratum.
722 2069 786 2122 Et
815 2068 1078 2138 quamvis,
1112 2067 1401 2120 secundum
1432 2067 1643 2120 beatum
1670 2065 1898 2118 Ambro-

340 2159 501 2221 sium,
535 2158 586 2211 in
636 2157 1025 2227 pulchritudine
1054 2156 1296 2224 corporis
1345 2155 1519 2208 locum
1549 2153 1763 2207 virtutis
1793 2167 1899 2205 non

343 2261 626 2317 ponamus,
657 2249 881 2316 gratiam
919 2257 1094 2302 tamen
1131 2261 1232 2300 non
1272 2244 1622 2299 excludimus.
1655 2241 1748 2296 His
1776 2256 1905 2296 vero

350 2340 585 2402 omissis,
625 2342 689 2394 ad
711 2338 1150 2408 compositionem
1179 2353 1384 2391 morum
1415 2336 1551 2405 ejus,
1591 2334 1784 2403 quibus
1810 2347 1906 2402 per

352 2429 585 2483 divinam
617 2430 840 2500 gratiam
868 2429 1156 2483 adornatus
1183 2427 1411 2491 exstitit,
1442 2425 1741 2479 redeamus.

352 2538 480 2597 Car.
522 2539 679 2595 VL—
701 2539 852 2610 Quod
886 2541 938 2595 in
973 2557 1030 2594 eo
1070 2550 1293 2610 quatuor
1333 2540 1550 2592 virtutes
1597 2535 1908 2607 principales

968 2611 1290 2663 'refulserint.

421 2721 482 2775 In
509 2730 764 2790 quantum
794 2721 1024 2774 humana
1059 2720 1342 2774 :estimatio
1368 2735 1425 2775 se
1453 2719 1637 2784 habet,
1681 2726 1912 2787 quatuor

359 2811 410 2864 in
437 2821 623 2864 sancto
649 2812 763 2865 viro
807 2809 1126 2880 principales
1163 2825 1266 2862 non
1315 2809 1656 2863 mediocriter
1699 2809 1910 2863 reluce-

357 2901 484 2955 bant
510 2901 757 2961 virtutes,
801 2899 1101 2967 prudentia,
1130 2898 1359 2967 justitia,
1401 2897 1658 2952 fortitudo
1696 2906 1750 2952 et
1780 2907 1914 2952 tem-

356 2991 620 3058 perantia.
663 2989 1005 3043 Prudentiam
1055 2989 1354 3058 philosophi
1395 2988 1652 3042 definiunt
1703 2988 1754 3041 in
1806 2988 1914 3042 veri

347 3081 767 3150 investigatione
806 3080 1121 3143 consistere,
1167 3091 1221 3134 et
1260 3080 1496 3134 scicntia:
1527 3080 1782 3148 plenioris
1824 3096 1920 3135 cu-

351 3171 598 3239 piditate.
622 3169 748 3236 Quo
775 3184 971 3238 genere
1005 3171 1214 3225 virtutis
1245 3172 1318 3224 ita
1347 3170 1560 3234 enituit,
1587 3179 1646 3224 ut
1669 3187 1772 3224 non
1799 3171 1913 3226 die-

353 3259 459 3314 bus
489 3276 662 3331 neque
713 3261 957 3316 noctibus
983 3277 1012 3315 a
1053 3263 1162 3316 veri
1209 3263 1620 3333 investigatione
1659 3269 1914 3317 cessaret.

361 3349 586 3420 Semper
613 3353 659 3407 ei
694 3355 829 3406 liber
861 3353 1054 3407 divinae
1075 3355 1541 3424 contemplationis
1567 3354 1619 3408 in
1654 3353 1916 3416 manibus,

363 3457 572 3510 semper
597 3443 644 3495 ei
676 3458 850 3497 sermo
878 3443 943 3497 de
984 3443 1274 3512 Scripturis
1317 3445 1583 3510 assiduus,
1611 3453 1664 3499 et
1693 3445 1759 3498 ad
1793 3445 1922 3498 aedi-

363 3531 666 3586 ficationem
718 3545 1034 3587 cunctorum
1072 3534 1225 3588 labor
1273 3535 1578 3589 continuus.
1638 3535 1704 3590 Ut
1735 3534 1922 3590 Hiero-

363 3635 554 3692 nymus
593 3622 939 3677 Eustochium
987 3623 1226 3688 instruit,
1258 3623 1458 3678 faciem
1497 3625 1814 3679 dormientis
1843 3625 1924 3679 in-

364 3716 572 3769 terdum
610 3716 799 3785 pagina
833 3726 1020 3771 sancta
1054 3718 1396 3787 suscipiebat,
1435 3718 1774 3788 evigilantem
1828 3717 1927 3772 ite-

366 3813 482 3858 rata
512 3803 671 3858 lectio
710 3807 1008 3861 recreabat.
1058 3807 1200 3861 Nihil
1235 3809 1284 3863 ei
1332 3809 1384 3862 in
1419 3809 1516 3864 bac
1544 3810 1649 3863 vita
1693 3808 1922 3874 dulcius,

367 3895 498 3949 nihil
545 3895 829 3950 amabilius
875 3896 994 3951 fuit.
1025 3897 1264 3952 Lectioni
1296 3900 1468 3954 oratio
1505 3899 1648 3969 jugis
1674 3899 1928 3953 succede-

365 3985 476 4039 bat.
525 3984 627 4051 Qui
658 3987 907 4054 gemitus,
940 4004 1058 4058 qua:
1081 3989 1331 4056 suspiria,
1356 3988 1438 4042 vel
1465 3987 1730 4042 afﬂuentia
1753 3989 1928 4058 lacry-

367 4091 596 4140 marum,
641 4086 696 4130 et
739 4079 1005 4148 praecipue
1037 4081 1086 4133 in
1131 4079 1220 4134 illo
1265 4090 1452 4134 sancto
1485 4079 1749 4134 sacrificio
1791 4076 1928 4148 Agni

368 4167 692 4220 imrmicnlati
723 4179 858 4232 erat,
893 4169 1126 4239 Spiritus
1149 4181 1372 4225 sanctus
1399 4181 1585 4226 auctor
1619 4173 1782 4240 ipsius
1812 4188 1927 4226 mu-

367 4257 512 4308 neris
537 4265 590 4308 et
613 4258 796 4325 gratim
827 4259 990 4311 novit.
1040 4259 1170 4312 Rem
1203 4261 1392 4313 miram
1425 4259 1666 4314 dicturus
1694 4276 1834 4325 sum,
1873 4269 1930 4315 et

368 4356 514 4400 certe
545 4363 748 4402 veram.
779 4349 910 4401 Cum
943 4351 1136 4418 saepius
1161 4350 1306 4402 illum
1335 4350 1649 4418 psallentem
1677 4352 1728 4404 in
1758 4361 1928 4404 stratu

2047 481 2532 573 éivbus—rrducibius,
2589 481 3107 560 vel'imperatoribus
3161 484 3387 536 niaximo
3439 481 3540 549 fuit

2045 570 2221 625 timore
2242 570 2479 622 dilectus.

2046 680 2260 736 Justiria
2317 685 2441 739 est,
2494 683 2552 728 ut
2600 673 2787 726 volunt
2844 667 3164 738 philosophi,
3218 679 3336 734 quce
3389 679 3543 718 suum

1979 773 2174 838 cuique
2228 768 2444 831 tribuit,
2496 766 2730 819 alienum
2783 778 2886 816 non
2938 760 3195 819 vindicat,
3250 757 3541 810 utilitatem

1987 859 2258 930 propriam
2290 855 2533 925 negligit,
2567 866 2626 904 ut
2655 863 2992 904 communem
3025 845 3331 913 aequitatem
3363 856 3547 898 custo-

1985 949 2118 1001 diat.
2163 945 2285 998 llaec
2331 944 2510 998 omnia
2550 942 2608 994 in
2638 939 2727 993 illo
2757 953 2860 991 non
2895 936 3257 997 mediocriter,
3296 933 3388 988 sed
3424 949 3549 1002 pro-

1987 1035 2105 1090 fuse
2157 1032 2373 1087 noveris
2432 1030 2712 1084 reluxisse.
2765 1026 3027 1080 Omnibus
3074 1025 3215 1077 enim
3264 1023 3548 1085 mtatibus,

1990 1123 2254 1194 personis,
2306 1130 2361 1176 et
2393 1118 2821 1180 conditionibus,
2859 1122 3014 1185 prout
3049 1113 3272 1182 iustitiae
3306 1113 3425 1176 fuit,
3457 1113 3551 1166 de-

1991 1215 2163 1268 bitum
2195 1214 2454 1267 honorem
2491 1208 2765 1270 exhibuit;
2798 1215 2851 1260 et
2875 1204 3121 1258 omnibus
3151 1205 3222 1256 ita
3251 1218 3309 1257 se
3338 1213 3551 1270 gratum

1990 1303 2242 1371 praabuit,
2275 1309 2462 1354 utnon
2493 1296 2652 1350 aliter
2688 1310 2848 1365 quam
2893 1292 3138 1362 angelus,
3185 1291 3226 1343 si
3263 1291 3333 1343 ita
3367 1292 3548 1345 dicen-

1990 1394 2115 1447 dum
2141 1401 2245 1455 est,
2276 1390 2386 1444 imo
2414 1388 2537 1456 quia
2568 1389 2638 1440 ita
2673 1384 2960 1440 dicendum
2992 1381 3330 1444 cst,-cuuctis
3355 1380 3554 1434 cbarus

1990 1483 2280 1539 exstiterit.
2342 1478 2678 1548 Principibus
2721 1487 2782 1530 et
2825 1471 3180 1544 potestatibus
3225 1470 3547 1523 Christianis

1991 1573 2284 1629 secundum
2318 1568 2664 1638 apostolicam
2693 1563 3015 1619 sententiam
3066 1562 3116 1613 in
3155 1559 3298 1612 nullo
3331 1557 3552 1618 restitit,

1993 1662 2084 1716 sed
2118 1661 2192 1713 ita
2241 1655 2581 1712 amicabilem
2624 1662 2677 1707 et
2727 1651 3022 1706 otliciosnm
3071 1663 3128 1702 se
3179 1647 3452 1710 reddidit,
3494 1653 3554 1697 ut

1995 1761 2249 1818 tanquam
2295 1747 2431 1801 alter
2473 1744 2670 1813 Josepb
2741 1743 2809 1796 ab
2869 1740 3118 1795 omnibus
3174 1746 3447 1791 amaretur
3493 1747 3549 1790 et

1999 1841 2287 1897 celebriter
2331 1845 2702 1892 veneraretur.
2748 1833 3050 1889 Concurrat
3079 1831 3131 1884 in
3160 1830 3298 1883 hunc
3322 1842 3558 1881 amorem

1991 1931 2292 1986 ~Rotbertus
2319 1943 2411 1982 rex
2446 1926 2818 1988 Francorum;
2853 1923 3075 1976 accedat
3109 1917 3358 1972 Adeleida
3388 1927 3562 1972 mater

2001 2019 2287 2082 Ottonum;
2329 2015 2508 2069 veniat
2553 2013 2819 2068 Henricus
2849 2012 3138 2080 imperator
3163 2007 3560 2070 Romanorum;

1994 2108 2254 2164 intersint
2293 2103 2568 2159 Conradus
2606 2109 2660 2155 et
2689 2099 2988 2162 Henricus,
3034 2095 3281 2150 videlicet
3311 2108 3464 2164 pater
3507 2104 3564 2148 et

2003 2199 2165 2261 filius,
2215 2197 2456 2251 Cmsares
2483 2202 2532 2246 et
2580 2192 2679 2260 ipsi
2709 2189 2914 2243 nobiles
2943 2187 3125 2240 invicti
3152 2203 3165 2238 :
3195 2201 3420 2254 quorum
3443 2199 3566 2238 om-

2005 2290 2154 2344 nium
2200 2285 2474 2347 amicitiis,
2521 2281 2709 2335 olliciis
2747 2290 2801 2333 et
2841 2276 3207 2346 imperialibus
3251 2273 3564 2327 muneribus

2007 2382 2080 2436 ita
2134 2374 2504 2445 magnificatus
2549 2379 2652 2434 est,
2697 2377 2756 2421 ut
2796 2367 2896 2420 sibi
2943 2375 2996 2418 et
3047 2364 3150 2418 illis
3195 2377 3287 2416 cor
3321 2376 3484 2414 unum
3511 2369 3569 2414 et

2009 2467 2183 2521 anima
2218 2461 2401 2516 fuerit.
2449 2459 2585 2525 Quid
2625 2456 2787 2510 etiam
2838 2452 3141 2520 Stephanus
3183 2465 3277 2504 rex
3325 2448 3570 2517 llungro-

2010 2573 2147 2618 rum,
2181 2554 2293 2608 sive
2327 2549 2554 2605 Saucius
2593 2561 2683 2600 rex
2725 2543 3074 2610 Hesperidum
3105 2539 3442 2610 pepulerunt,
3476 2536 3571 2606 qui

2011 2644 2257 2716 quamvis
2280 2634 2833 2707 eumprzesentialiter
2862 2646 2966 2685 non
2990 2631 3238 2691 viderint,
3282 2637 3458 2681 tamen
3503 2627 3571 2679 ad

2012 2737 2213 2790 famam
2251 2726 2559 2785 sanctitatis
2601 2725 2718 2794 ejus
2761 2719 3244 2779 intercurrentibus
3289 2716 3476 2787 legatis
3517 2725 3573 2768 et

2015 2824 2308 2897 reciprocis
2357 2820 2581 2882 litteris,
2631 2815 2996 2870 astrinxerant
3037 2811 3184 2865 illum
3227 2808 3326 2864 sibi
3373 2805 3572 2863 beneﬂ-

2017 2895 2193 2973 ciiset
2214 2912 2445 2982 copiosis
2483 2906 2816 2968 muneribus,
2856 2918 2919 2958 co
2945 2900 3293 2954 uritendantes
3319 2912 3376 2951 se
3401 2895 3577 2950 humi-

2018 3010 2139 3066 liter
2175 3000 2510 3060 orationibus
2547 2997 2687 3051 illius
2728 3003 2789 3049 et
2831 2990 3118 3060 suffragiis.
3167 2987 3289 3040 Fuit
3327 2987 3487 3039 etiam
3523 2983 3576 3036 in

2018 3101 2238 3157 remotis
2265 3097 2508 3167 partibus
2543 3087 2953 3146 occidentalium
2976 3083 3109 3136 alter
3138 3080 3380 3141 Saucius,
3421 3077 3579 3130 Pam.

2019 3193 2336 3264 pulanorum
2380 3187 2683 3254 episc0pus,
2718 3178 2809 3248 qui
2855 3178 2927 3230 ita
2977 3175 3077 3229 sibi
3115 3173 3164 3226 in
3208 3169 3458 3226 amicitiis
3486 3167 3581 3222 ad-

2016 3259 2172 3341 haesit
2213 3290 2265 3334 et
2303 3276 2536 3347 capiosis
2575 3269 2884 3328 muneribus
2927 3263 3232 3323 deservivit,
3272 3267 3330 3314 ut
3359 3259 3422 3313 ad
3453 3272 3577 3312 eum

2007 3378 2181 3433 etiam
2206 3371 2271 3426 de
2297 3380 2406 3424 tam
2444 3361 2755 3436 longinquis
2793 3357 3100 3429 regionibus
3132 3352 3362 3413 veniret,
3385 3357 3437 3403 et
3467 3362 3580 3402 mo-

2021 3467 2250 3522 nacltum
2278 3475 2336 3516 se
2369 3460 2437 3512 ab
2467 3471 2530 3511 eo
2567 3453 2685 3508 fieri
2721 3451 3058 3504 decerneret.
3097 3442 3264 3508 Quem
3311 3441 3577 3493 intantum

2022 3557 2196 3614 dulcis
2224 3550 2498 3608 memoria:
2534 3545 2688 3602 O.ilo
2722 3540 2924 3602 dilexit,
2965 3545 3023 3591 ut
3057 3537 3216 3590 etiam
3248 3530 3480 3585 moriens
3516 3528 3583 3581 de

2022 3664 2086 3705 eo
2135 3645 2462 3701 mentionem
2509 3637 2731 3698 faceret,
2783 3641 2838 3685 et
2883 3636 3004 3699 post
3050 3633 3273 3680 mortem
3317 3633 3469 3675 suam
3517 3618 3586 3672 ad

2025 3755 2145 3795 eum
2177 3733 2537 3794 visitandum,
2581 3741 2707 3782 cum
2743 3720 2952 3778 exuviis
2991 3717 3427 3771 vestimentorum
3463 3723 3587 3763 suo-

2024 3845 2141 3886 rum
2185 3828 2318 3882 duos
2356 3823 2548 3878 fratres
2577 3819 2834 3878 mitteret,
2877 3810 2969 3881 qui
3014 3807 3085 3862 illi
3127 3809 3283 3859 tinem
3318 3803 3440 3857 vitae
3476 3814 3587 3855 suae

2028 3917 2379 3980 nuntiarent,
2440 3919 2496 3964 et
2551 3907 2824 3974 antiquam
2879 3897 3170 3954 amicitiam
3221 3893 3322 3947 sibi
3377 3899 3588 3944 mortuo

2025 4009 2378 4066 conciliarent
2404 4004 2503 4075 (6),
2546 4010 2601 4056 et
2637 4011 2853 4052 rursum
2892 3992 3133 4048 eamden
3173 3986 3477 4041 viventibus
3505 3999 3589 4038 re-

2025 4106 2308 4157 novarent.
2358 4073 2474 4149 Non
2517 4085 2874 4162 praetereundi
2916 4091 3040 4137 sunt
3073 4081 3234 4134 etiam
3272 4077 3343 4129 illi
3381 4073 3587 4128 Domini

2027 4193 2332 4249 sacerdotes
2371 4195 2425 4242 et
2465 4182 2738 4256 apostolici
2769 4179 2892 4242 viri,
2929 4175 3212 4235 Silvester,
3245 4169 3588 4229 Benedictus,

2027 4283 2282 4342 Joannes,
2307 4286 2360 4330 et
2381 4278 2434 4330 in
2457 4273 2658 4328 ultimis
2674 4271 2772 4338 piae
2794 4264 3062 4319 memoriae
3073 4261 3337 4321 Clemens,
3357 4270 3584 4325 quorum

2027 4371 2252 4444 gratiam
2276 4369 2347 4421 ita
2375 4360 2684 4433 promeruit,
2716 4366 2774 4410 ut
2796 4366 3045 4423 tanquam
3072 4367 3135 4404 ex
3165 4347 3418 4444 fratribus
3447 4357 3592 4396 uirus

371 4451 589 4491 somnus
616 4441 910 4507 exciperet,
935 4449 1110 4493 tamen
1144 4440 1380 4508 pSaImus
1409 4441 1475 4493 ab
1499 4456 1592 4495 ore
1614 4442 1926 4499 dormientis
1955 4477 2003 4533 D
2029 4435 2312 4516 ξιδιίιθτίι,
2343 4455 2471 4522 Quae
2507 4452 2650 4506 enim
2687 4461 2915 4517 persona
2956 4441 3309 4506 undecunque
3354 4435 3590 4486 locorum

372 4541 475 4580 non
513 4529 817 4592 recedebat,
851 4538 907 4581 ut
933 4530 974 4582 si
1004 4531 1260 4593 nescires,
1287 4531 1507 4600 vigilare
1535 4547 1656 4584 etttn
1685 4542 1924 4600 putares.

371 4615 644 4688 Evigilans
675 4633 803 4672 vero
842 4619 912 4672 ita
958 4620 1218 4687 psalmum
1249 4636 1369 4672 cum
1419 4620 1760 4675 festinatione
1791 4623 1930 4676 arri-

372 4708 573 4776 piebat,
602 4707 754 4777 quasi
794 4723 896 4761 non
951 4709 1345 4764 illlCl'llliSlSSCl.
1387 4709 1726 4778 Loqnebatur
1771 4713 1932 4766 credo

377 4807 500 4848 tunc
545 4812 666 4849 cum
699 4812 893 4864 sponsa
926 4798 976 4849 in
1005 4797 1239 4853 Cauticis
1265 4801 1594 4853 canticorum
1627 4817 1638 4852 :
1675 4801 1786 4869 Ego
1813 4802 1936 4853 dar-

377 4888 478 4938 tnio
504 4896 549 4938 et
578 4903 668 4938 cor
711 4904 882 4940 meum
932 4889 1107 4958 vigilat
1153 4890 1328 4960 (Cant.
1358 4907 1408 4957 v,
1439 4893 1514 4960 ‘2).
1562 4893 1618 4945 lu
1645 4891 1937 4962 Scripturis

382 4990 536 5043 quam
563 4977 722 5030 fuerit
743 4979 1007 5043 eruditus,
1029 4990 1082 5032 et
1106 4981 1154 5033 in
1187 4997 1434 5036 sermone
1457 4982 1733 5043 facundus,
1750 5000 1937 5052 quatu-

381 5082 481 5134 que
511 5070 674 5122 etiam
706 5071 758 5123 in
792 5079 934 5124 recta
966 5070 1069 5124 fide
1097 5073 1415 5137 catholicus,
1451 5083 1714 5127 testantur
1736 5089 1939 5128 sermo-

2036 4571 2146 4608 non
2205 4557 2423 4620 cuperet
2486 4545 2683 4601 habere
2730 4541 3006 4597 Odilonem
3064 4545 3314 4603 tanquam
3368 4530 3596 4583 alterum

2039 4619 2380 4698 Salomonent
2407 4635 2636 4690 amicum
2665 4642 2720 4686 et
2741 4638 2966 4700 patrem,
2997 4635 3051 4679 et
3071 4639 3166 4693 pro
3192 4637 3248 4675 se
3269 4620 3406 4689 apud
3434 4619 3598 4670 Deum

2040 4724 2488 4787 intercessorem?
2513 4721 2793 4776 Gaudebat
2823 4717 2971 4771 Italia
2997 4730 3118 4768 cum
3145 4710 3389 4766 Odilonis
3416 4707 3602 4758 aderat

2042 4819 2343 4890 praesentia,
2375 4824 2427 4869 et
2453 4813 2722 4882 praecipue
2771 4806 3054 4861 familiaris
3100 4801 3200 4855 sibi
3237 4799 3421 4890 Papia,
3450 4792 3603 4890 cujus

2043 4878 2200 4978 prece
2222 4915 2277 4960 et
2330 4878 2628 4963 industria,
2659 4897 2989 4964 temporibus
3033 4888 3244 4944 Henrici
3282 4894 3338 4938 et
3372 4878 3603 4976 Conradi

2044 4973 2428 5066 imperatorum
2465 4991 2689 5043 litterata
2719 4996 2803 5039 est
2831 4984 2899 5036 ab
2927 4977 3135 5034 excidio
3173 4973 3335 5039 gladii
3365 4981 3419 5026 et
3467 4973 3609 5066 peri:

2041 5055 2162 5143 culo
2209 5085 2462 5142 incendii.
2508 5079 2816 5134 Laetabatur
2851 5073 3009 5126 etiam
3042 5067 3170 5120 urbs
3197 5065 3394 5127 Roma,
3427 5055 3612 5114 mundi
