4116 5358
563 160 671 218 903

1448 172 1507 227 S.
1547 171 1861 230 ODILOMS
1905 173 2399 233 CLUNIACENSIS
2436 178 2728 235 ABBATIS
2774 180 2817 235 V

3706 193 3815 249 904

558 287 742 345 partes
767 275 993 347 justitiai
1028 281 1327 351 posuimus,
1370 293 1430 340 ut
1473 294 1664 367 aperte
1707 297 2132 346 monstraremus
2164 302 2207 355 Α
2241 295 2571 364 marsupium
2602 296 2746 352 illius
2781 298 2859 353 ita
2891 298 3247 365 exinanitum.
3274 308 3333 356 ut
3356 301 3495 371 quod
3524 301 3674 359 daret
3703 305 3804 361 fra.

561 365 711 419 illum
749 369 1026 437 proprium
1057 372 1253 442 cuique
1283 374 1557 442 tribuisse,
1590 365 1645 432 et
1667 378 1871 436 idcirco
1893 381 2134 436 omnium

556 458 786 525 gratiam
815 468 869 514 et
894 476 1133 518 amorem
1162 468 1546 535 promeruisse,
1577 478 1633 524 et
1664 480 1724 525 ut
1753 472 1917 529 etiam
1953 476 2133 530 omni-

552 548 658 603 bus
698 550 1087 620 declat-aretur,
1133 558 1257 625 quia
1300 573 1526 616 necesse
1566 574 1688 617 erat
1718 573 1774 618 ut
1801 580 1959 634 quem
1992 566 2135 622 Deus

552 636 872 705 perfuderat
912 643 1105 710 gratia,
1136 644 1204 698 ab
1231 648 1482 703 omnibus
1521 661 1818 706 amaretur.
1860 652 2006 710 Bene
2031 656 2133 711 ita-

550 741 657 794 que
681 727 748 782 de
764 743 830 783 eo
850 744 1041 787 omnes
1063 733 1118 787 in
1142 750 1428 792 commune
1450 752 1760 807 senserunt,
1785 745 1909 813 quia
1934 747 2132 816 ubique

549 817 843 873 cunctis-et
868 822 1039 875 amori
1070 833 1125 877 et
1147 824 1338 879 honori
1362 824 1485 881 fuit.
1518 827 1638 884 Jam
1662 846 1793 886 vero
1819 835 1885 888 de
1908 834 2129 890 inferio.

550 904 703 962 ribus
729 909 973 966 seniores
999 912 1300 971 honorabat
1333 928 1393 973 ut
1418 929 1620 988 patres,
1647 921 1897 991 juniores
1933 934 1990 979 ut
2013 924 2127 981 fra-

547 1003 680 1064 tres,
728 1014 863 1054 anus
905 1010 965 1056 ut
1008 1012 1233 1072 matres,
1283 1008 1519 1080 virgines
1556 1020 1615 1066 ut
1651 1029 1893 1082 sorores;
1940 1031 2129 1074 omnes

547 1092 729 1142 tamen
772 1090 1049 1148 aestimans
1090 1094 1194 1150 sibi
1238 1099 1567 1167 superiores,
1618 1104 1828 1158 cunctis
1873 1104 1927 1158 in
1977 1120 2129 1162 com-

544 1190 710 1232 mune
766 1181 1053 1249 praibebat
1088 1184 1365 1243 familiare
1410 1191 1744 1246 consortium
1791 1201 1845 1248 et
1890 1193 2128 1252 salutare

537 1265 895 1338 colloquium.
943 1270 1084 1328 Nulli
1130 1289 1416 1344 onerosus,
1457 1279 1588 1334 nulli
1620 1281 1976 1351 importunus,
2009 1284 2128 1340 nul-

544 1354 651 1412 lius
693 1359 917 1417 honoris
959 1364 1209 1436 cupidus,
1254 1368 1491 1424 alienum
1516 1386 1625 1426 non
1651 1372 1980 1438 vindicabat,
2017 1376 2126 1432 imo

544 1447 719 1516 magis
767 1454 909 1519 quod
950 1469 1106 1509 suum
1150 1466 1270 1512 erat
1305 1459 1555 1516 hilariter
1580 1461 1735 1517 alteri
1765 1467 2119 1522 concedebat.

545 1535 843 1595 Utilitatem
908 1546 1182 1615 propriam
1244 1550 1595 1622 negligehat,
1656 1563 1718 1608 ut
1779 1570 2121 1612 communem

2237 382 2409 438 tribus
2456 400 2562 438 non
2611 386 2857 451 haberet,
2887 404 3009 443 cum
3035 389 3213 446 subito
3233 404 3300 445 ex
3328 391 3602 463 insperato
3628 396 3814 451 venie-

2233 472 2327 526 bat
2369 473 2470 528 sibi
2505 475 2775 533 squiciens
2820 477 3156 548 benedictio,
3204 483 3345 537 unde
3392 485 3677 540 sedaretur
3716 503 3811 558 pe-

2235 563 2462 617 tentium
2514 565 2853 623 vociferatio.
2899 569 2966 624 Et
3001 586 3069 626 ne
3107 573 3435 641 generaliter
3470 575 3585 630 haec
3621 591 3809 647 prosc-

2233 654 2469 721 quendo,
2508 654 2625 724 ejus
2663 658 2843 729 aliqua
2887 660 3272 719 misericordia:
3309 681 3471 735 opera
3500 668 3841 737 specialiter’

2233 741 2481 812 ignorare
2524 747 2828 813 videamur,
2883 752 3126 820 quaedam
3172 753 3261 808 hic
3309 764 3434 810 sunt
3485 750 3841 825 inserendaf

2230 834 2362 889 satis
2408 850 2706 894 memoratu
2750 841 2934 911 digna,
2970 858 3090 912 qua:
3134 844 3293 900 fidem
3321 847 3593 917 prmbeant
3640 851 3801 906 etiam

2229 926 2314 981 bis
2340 942 2458 997 qua:
2478 930 2796 986 nominatim
2823 949 2931 988 non
2961 942 3085 989 sunt
3112 938 3384 1006 ponenda.

2225 1078 2473 1158 CaralX.
2503 1112 2576 1122 —
2603 1081 2843 1158 Qualiter
2887 1083 3021 1158 binis
3071 1087 3246 1158 pueris
3285 1087 3402 1157 jam
3438 1088 3699 1158 defunctis
3728 1097 3801 1146 in-

2336 1152 2584 1207 dumenta
2613 1155 2878 1223 prazstitit,
2920 1156 2997 1210 uel
3025 1152 3306 1227 sepultura}
3333 1175 3419 1213 eos
3450 1152 3693 1214 tradidit.

2298 1281 2541 1350 Quodam
2596 1296 2838 1357 tempore
2891 1303 3013 1343 cum
3060 1288 3127 1342 ad
3176 1300 3424 1344 sanctum
3483 1291 3795 1361 Dionysium

2226 1369 2465 1427 Parisius
2505 1385 2775 1447 pergeret,
2809 1386 2864 1431 et
2907 1392 3003 1447 per
3041 1378 3310 1448 publicum
3354 1380 3457 1435 iter
3499 1381 3792 1447 incederet,

2223 1463 2448 1521 oll'cndit
2495 1473 2629 1522 duos
2665 1485 2861 1539 pueros
2895 1468 3050 1524 famis
3077 1480 3133 1525 et
3167 1470 3382 1541 frigoris
3409 1473 3673 1543 supplicio
3705 1489 3795 1528 oc-

2223 1562 2502 1626 cubuisse,
2553 1570 2607 1616 et
2652 1562 2753 1616 sub
2776 1562 2947 1617 oculis
2979 1565 3243 1630 omnium,
3273 1564 3414 1619 diclu
3453 1566 3789 1621 miserabile!

537 1629 856 1697 aequitatem
889 1636 1209 1693 custodiret.
1258 1637 1705 1698 Benevolentiam'
1734 1654 1792 1699 et
1821 1644 2118 1701 liberalita-
2149 1649 2192 1707 Β
2221 1649 2393 1702 nudos
2432 1658 2487 1704 et
2530 1649 2828 1721 insepultos
2856 1651 2910 1706 in
2943 1652 3116 1706 media
3146 1629 3234 1706 via
3262 1651 3463 1721 jacere.
3492 1654 3625 1709 Erat
3649 1657 3794 1710 enim

538 1724 670 1783 tem,
720 1735 839 1789 qua:
884 1724 1048 1783 etiam
1081 1735 1138 1781 et
1178 1728 1309 1798 ipsa}
1352 1741 1535 1800 partes
1563 1740 1689 1787 sunt
1726 1734 2113 1803 beneficentiae,

542 1806 659 1862 sive
686 1806 922 1875 'justitize
961 1812 1059 1885 (7),
1100 1815 1172 1870 ita
1226 1819 1515 1885 retinebat,
1572 1831 1633 1876 ut
1680 1824 1734 1877 in
1788 1825 1868 1880 eis
1914 1827 2117 1882 nostris

540 1900 881 1967 temporibus
929 1902 985 1956 in
1028 1918 1127 1959 suo
1160 1907 1350 1964 ordine
1393 1910 1738 1981 singulariter
1784 1914 1931 1971 solus
1976 1916 2118 1972 relu-

538 1997 710 2044 ceret.
763 1990 1023 2049 Omnibus
1068 1997 1215 2051 enim
1263 1998 1317 2052 in
1357 2014 1645 2059 commune
1692 2005 1909 2062 volebat
1954 2008 2119 2063 bene-

536 2073 748 2146 facere;
794 2082 889 2136 sed
928 2084 1124 2153 quibus
1162 2096 1376 2156 poterat
1416 2090 1709 2149 liberaliter
1734 2095 1973 2152 liberalis
2001 2098 2117 2153 exi-

530 2165 732 2260 stebat.
774 2168 903 2226 Plus
946 2175 1219 2242 gaudebat
1257 2178 1400 2239 datis
1433 2197 1595 2254 quam
1636 2187 1895 2260 acceptis,
1936 2188 2115 2247 sciens

537 2258 671 2319 illud
700 2262 1001 2335 felicitatis,
1043 2272 1183 2327 istud
1214 2274 1526 2346 indigentia:
1551 2295 1694 2347 esse,
1732 2258 1785 2336 et
1815 2282 2113 2339 secundum

536 2355 834 2413 Dominica:
878 2358 1133 2419 Veritatis
1179 2367 1521 2435 sententiam,
1570 2370 1784 2426 beatius
1830 2387 1950 2429 esse
1980 2376 2112 2431 dare

533 2462 695 2516 quam
726 2452 993 2523 accipere.

622 2540 751 2595 CAP.
779 2541 908 2598 Vlll.
928 2573 1003 2585 —
1029 2545 1185 2611 Quod
1213 2548 1268 2602 in
1294 2566 1548 2620 pauperes
1584 2554 1865 2624 muniﬁcus
1891 2557 2016 2627 fuit.

599 2628 657 2683 ln
685 2646 949 2702 pauperes
983 2635 1058 2690 ita
1097 2637 1385 2694 munificus
1408 2649 1548 2709 erat,
1589 2652 1649 2697 ut
1676 2646 1968 2715 aliquando
1998 2665 2107 2705 non

528 2717 961 2786 dispensatorem
1025 2725 1120 2778 sed
1170 2726 1451 2796 profusum
1502 2731 1812 2802 largitorem
1873 2739 2105 2795 videres.

533 2805 744 2862 Etenim
773 2812 945 2882 magis
975 2813 1343 2872 delectabatur
1365 2819 1418 2873 in
1442 2818 1703 2878 faciendis
1728 2825 2105 2900 eleemosynis,

530 2912 721 2989 quam“
742 2900 935 2970 aliquis
976 2905 1232 2972 gratulari
1277 2911 1450 2977 possit
1474 2912 1528 2965 in
1560 2917 1903 2985 acquirendis
1940 2936 2107 2989 pecu-

2218 1750 2284 1792 eo
2316 1746 2558 1808 tempore
2594 1739 2765 1795 fames
2794 1741 2988 1807 valida,
3018 1757 3139 1812 qua:
3166 1741 3248 1796 sui
3274 1744 3637 1813 magnitudine
3656 1758 3794 1813 pene

2220 1837 2359 1882 totas
2388 1826 2685 1883 Galliarum
2723 1831 2839 1885 sive
2871 1831 3173 1900 Aquitania:
3199 1830 3546 1901 oppresserat
3566 1836 3793 1902 provin-

2217 1917 2349 1972 cias.
2393 1917 2759 1989 Compunctus
2797 1921 2980 1990 itaque
3020 1920 3103 1974 vir
3139 1930 3361 1975 sanctus
3406 1920 3497 1975 tali
3538 1923 3790 1987 horrore,

2215 2023 2355 2078 equo
2399 2009 2656 2077 desilivit,
2704 2011 2964 2076 substitit,
2995 2011 3342 2082 pollinctores
3368 2013 3617 2066 mercede
3649 2027 3794 2082 qua:-

2214 2098 2361 2154 sivit.
2390 2099 2569 2156 Lanea
2599 2110 2768 2167 veste,
2794 2118 2960 2174 quam
2996 2102 3153 2173 vulgo
3177 2102 3485 2157 staminiam
3516 2112 3730 2167 vocant,
3757 2118 3790 2157 a

2215 2191 2376 2250 dorso
2400 2193 2690 2260 abstracta,
2737 2195 2952 2250 illorum
2995 2196 3301 2249 nuditatem
3339 2193 3572 2265 propriis
3616 2193 3792 2248 mani-

2211 2283 2314 2338 bus
2357 2283 2668 2352 cooperuit,
2718 2284 3002 2354 sepelivit,
3059 2285 3298 2338 dehitum
3341 2284 3569 2338 mortuis
3631 2285 3790 2339 obsc-

2213 2362 2396 2444 quinta
2440 2375 2731 2444 persolvit,
2787 2375 2974 2445 sicque
3022 2383 3261 2444 emptum
3312 2374 3416 2429 iter
3468 2373 3664 2429 tenuit.
3726 2373 3788 2428 Si

2213 2462 2472 2519 Martinus
2516 2480 2612 2534 per
2647 2475 2815 2520 totum
2869 2465 3056 2520 orbem
3106 2465 3409 2520 celebratur
3461 2466 3514 2519 in
3564 2464 3787 2520 dimidia

2214 2556 2397 2609 tunica
2444 2557 2667 2625 pauperi
2720 2556 2915 2621 divisa,
2961 2571 3059 2609 cur
3103 2570 3212 2610 non
3256 2564 3314 2635 et
3344 2555 3444 2609 iste
3486 2557 3784 2611 secundum

2210 2647 2292 2702 sui
2322 2649 2552 2716 speciem
2576 2647 2806 2702 celebris
2835 2647 3101 2701 habeatur
3128 2646 3181 2700 in
3217 2648 3391 2701 tunica
3416 2646 3643 2716 integra,
3675 2662 3787 2701 non

2210 2740 2303 2794 uni
2334 2740 2473 2805 vivo,
2513 2740 2609 2793 sed
2651 2739 2859 2794 duobus
2898 2738 3129 2793 mortuis
3160 2737 3322 2792 data?
3359 2735 3519 2790 Multa
3548 2735 3786 2807 proferri

2208 2832 2415 2900 possint
2442 2829 2661 2894 similia,
2689 2830 2790 2883 nisi
2826 2831 3243 2885 succumberent
3271 2836 3468 2882 nostra:
3497 2828 3786 2896 parvitatis

2210 2921 2444 2989 ingenia.
2485 2918 2591 2973 Sed
2628 2928 2810 2973 tamen
2858 2932 2926 2972 ne
2963 2918 3178 2973 silentio
3216 2925 3535 2989 premantur
3575 2919 3778 2981 omnia,

531 2987 656 3040 niis.
685 2987 751 3041 Et
773 2992 902 3059 quid
923 2993 1138 3048 dicam?
1162 2995 1440 3053 Caecorum
1469 3002 1712 3069 baculus,
1744 2987 2106 3065 esurientium
2135 2998 2178 3058 C
2212 2987 2341 3066 tunc
2391 3010 2482 3064 tali
2530 3011 2810 3079 temporis,
2854 3019 2909 3065 et
2947 3010 3198 3081 deinceps
3219 2987 3332 3080 per
3366 3015 3563 3067 multos
3610 3023 3785 3063 annos

530 3079 704 3146 cibus,
737 3096 861 3151 spes
890 3085 1234 3154 miserorum,
1266 3090 1505 3148 solamen
1546 3089 1843 3167 lugentium
1886 3099 2012 3155 fuit.
2040 3101 2108 3156 Et

532 3172 660 3238 quid
709 3173 922 3230 dicam?
977 3176 1361 3237 Misericordiae
1410 3186 1707 3245 visceribus
1754 3190 1893 3246 ultra
1943 3206 2108 3263 quam

530 3264 632 3318 dtci
664 3267 834 3333 possit
856 3267 1128 3336 aflluebat,
1165 3282 1241 3341 et,
1271 3286 1533 3345 quantum
1567 3282 1619 3336 in
1646 3298 1707 3339 se
1731 3295 1870 3351 erat,
1899 3287 2106 3345 nullutu

528 3370 558 3408 a
613 3356 878 3413 beneficio
931 3363 1317 3423 misericordiae
1369 3371 1709 3431 excludebat.
1759 3376 1828 3433 Et
1871 3380 2013 3435 sicut
2050 3381 2106 3435 in

527 3448 799 3518 epitaphio
827 3452 1105 3510 Sabiniani
1135 3473 1285 3528 papa:
1316 3460 1546 3531 legitur:

588 3559 678 3632 llic
712 3560 970 3632 hominum
991 3567 1110 3617 vilia
1134 3570 1309 3620 blando
1346 3587 1577 3627 sermone
1602 3582 1849 3632 removit:

589 3621 694 3671 Nec
714 3626 871 3686 culpis
890 3625 1064 3690 judex,
1089 3632 1177 3680 sed
1205 3621 1573 3689 medicinalis—tt:

534 3721 667 3775 Erat
709 3736 858 3780 certe
894 3727 948 3781 in
987 3730 1089 3785 hac
1126 3733 1327 3789 virtute
1365 3737 1631 3793 intantum
1662 3739 1911 3807 diffusus,
1943 3751 2003 3798 ut
2035 3744 2103 3800 ab

525 3810 959 3881 imprudentibus
1000 3819 1054 3873 in
1103 3819 1279 3877 ofﬁcio
1310 3824 1536 3894 hujusce
1582 3827 1802 3885 virtutis
1837 3832 2102 3900 dijudica-

523 3912 675 3958 retur
725 3908 946 3963 nimius.
1000 3909 1111 3966 Sed
1158 3913 1252 3969 ille
1275 3916 1343 3970 ad
1374 3917 1475 3973 hoc
1510 3919 1784 3990 objectum
1826 3922 2104 3992 eleganter

522 3992 762 4050 alludere
802 3998 994 4054 solitus
1037 4011 1173 4056 erat.
1219 4023 1237 4055 ι
1267 4005 1398 4076 Ego,
1447 4008 1639 4077 inquit,
1689 4014 1861 4084 magis
1887 4014 2009 4069 volo
2034 4016 2102 4071 de

524 4085 900 4143 misericordia
934 4093 1363 4151 misericorditer
1385 4096 1643 4169 judicari,
1682 4120 1844 4173 quam
1876 4107 1943 4162 de
1977 4122 2103 4162 cru-

525 4173 745 4231 delitate
783 4180 1077 4236 crudeliter
1116 4185 1386 4242 damnari.
1419 4208 1437 4241 ι
1475 4190 1545 4246 Ut
1600 4194 1743 4247 enim
1774 4197 1849 4251 ait
1876 4197 2100 4253 Ambro-

524 4263 638 4315 sius
669 4283 681 4316 :
707 4265 891 4322 Bonus
935 4269 1117 4341 [Mss.,
1160 4273 1382 4349 bonum]
1436 4288 1519 4334 est
1567 4283 1875 4339 misericors
1916 4286 2095 4351 homo,

2210 3102 2553 3158 incumbente
2597 3103 2839 3168 miseria,
2891 3103 2944 3157 in
2991 3119 3119 3158 usus
3164 3119 3461 3174 pauperum
3514 3103 3784 3176 confregit

2202 3194 2436 3265 plurima
2485 3210 2614 3249 vasa
2670 3195 3038 3250 ecclesiastica
3069 3204 3123 3251 et
3161 3207 3479 3252 ornamenta
3523 3198 3780 3268 insignia,

2208 3283 2349 3338 inter
2411 3299 2530 3353 quae
2584 3286 2746 3339 etiam
2800 3285 3134 3355 imperialem
3213 3286 3431 3342 Henrici
3484 3288 3783 3357 imperato-

2208 3374 2284 3429 ris
2340 3389 2619 3438 coronam,
2683 3375 2965 3446 indignum
3018 3376 3267 3445 judicans
3320 3376 3445 3431 talia
3510 3380 3781 3448 denegare

2203 3468 2533 3537 pauperibus
2567 3466 2802 3531 Christi,
2841 3484 2940 3538 pro
2975 3469 3170 3537 quibus
3207 3468 3407 3523 effusus
3444 3479 3527 3523 est
3560 3472 3781 3540 sanguis

2205 3557 2427 3612 Christi.
2492 3557 2550 3611 1n
2608 3559 2880 3613 thesauris
2935 3558 3190 3614 Ecclesia:
3248 3559 3574 3629 pauperibus
3638 3561 3780 3614 datis

2204 3646 2400 3702 divinis
2454 3655 2509 3702 et
2565 3648 2817 3703 humanis
2873 3648 3105 3703 oraculis
3150 3648 3475 3704 Laurentius
3517 3650 3781 3719 praedica-

2203 3745 2293 3791 tur
2349 3737 2655 3805 mirabilis;
2719 3739 2807 3794 cui
2856 3737 2985 3793 licet
3050 3740 3211 3793 istum
3259 3739 3599 3810 aequiparare
3669 3754 3777 3793 non

2202 3826 2544 3891 audeamus,
2619 3838 2799 3884 tamen
2872 3829 3084 3884 cunctis
3150 3844 3288 3898 quos
3359 3830 3598 3883 vidimus
3657 3845 3775 3885 mo-

2201 3918 2353 3973 derui
2412 3919 2675 3988 temporis
2733 3919 3045 3975 hominibus
3101 3919 3289 3992 (quod
3353 3921 3469 3975 sine
3523 3920 3775 3990 prwjudi-

2201 4010 2285 4066 cio
2345 4004 2662 4082 cujusquam
2718 4013 2985 4081 dixerim)
3047 4013 3102 4067 in
3160 4028 3258 4067 suo
3316 4013 3507 4068 ordine
3562 4014 3618 4067 in
3671 4013 3775 4069 hac

2197 4103 2397 4157 virtute
2454 4103 2807 4173 praeferimus.
2866 4102 3146 4157 Consuluit
3198 4104 3391 4173 quibus
3449 4104 3658 4171 potuit,
3721 4113 3775 4157 et

2198 4193 2393 4263 quibus
2432 4209 2529 4264 per
2575 4208 2634 4249 se
2683 4209 2788 4248 non
2837 4195 3040 4260 valuit,
3093 4193 3228 4250 alios
3278 4206 3337 4248 ut
3385 4195 3774 4279 misererentur

2198 4286 2430 4356 rogavit.
2460 4287 2599 4340 Cum
2629 4282 2771 4340 enim
2806 4303 2912 4341 non
2944 4288 3210 4341 sulliceret
3240 4296 3348 4341 tam
3378 4288 3588 4342 acerbae
3612 4287 3771 4342 famis

521 4354 613 4419 qui
660 4357 782 4409 dum
830 4360 950 4413 aliis
993 4364 1242 4420 subvenit
1284 4370 1386 4423 sibi
1432 4375 1686 4440 consulit,
1733 4386 1788 4431 et
1828 4377 1883 4431 in
1919 4379 2096 4434 alieno
2123 4352 2173 4411 D
2196 4352 2470 4445 praedictis
2512 4379 2840 4446 temporibus
2883 4380 3122 4432 omnium
3175 4378 3408 4432 miseriis
3453 4381 3765 4443 subvenire.

524 4448 775 4501 remedio
798 4451 1018 4507 vulnera
1064 4473 1161 4510 sua
1207 4470 1380 4515 curat.
1432 4465 1856 4534 Agnoscitenim
1885 4483 1945 4524 se
1973 4485 2096 4527 esse
2193 4466 2426 4521 Vidimus
2469 4483 2591 4522 eum
2637 4468 2783 4523 "i005
2824 4478 2877 4523 εί
2924 4468 3186 4525 εοειεδίδε
3229 4485 3365 4539 quas
3406 4479 3619 4539 Pomm
3661 4472 3771 4525 ei"

522 4536 814 4602 hominem,
846 4543 936 4609 qui
972 4548 1121 4600 novit
1149 4548 1430 4616 ignoscere
1460 4572 1471 4606 :
1501 4560 1556 4608 et
1598 4558 1712 4612 vias
1758 4558 1960 4614 Christi
2004 4574 2094 4615 se-
2195 4558 2365 4624 cuire,
2401 4560 2467 4614 ad
2507 4558 2875 4630 eleemosynas
2930 4559 3206 4614 faciendas
3238 4536 3508 4629 principes
3550 4560 3651 4631 (8).
3686 4562 3770 4615 di-

519 4628 725 4695 quitur,
757 4632 872 4698 qui,
905 4649 1069 4689 carne
1114 4650 1381 4708 suscepta,
1411 4642 1603 4699 maluit
1652 4647 1707 4702 in
1752 4648 1895 4702 hunc
1936 4664 2094 4703 mun-
2192 4648 2351 4714 vites,
2393 4650 2691 4704 mediocres
2741 4628 2992 4715 suadere,
3022 4650 3264 4704 dulcibus
3305 4650 3651 4704 sermonibus
3698 4651 3766 4703 ad

520 4719 644 4771 dum
684 4720 1017 4794 Redemptor
1058 4728 1245 4783 venire
1292 4745 1455 4799 quam
1481 4732 1665 4803 judex.
1721 4736 1873 4792 Unde
1907 4747 1963 4792 et
1996 4740 2098 4795 iste
2193 4739 2623 4794 miscricordiam
2659 4755 2976 4810 provocare,
3021 4740 3206 4810 eisque
3241 4741 3362 4795 inde
3398 4740 3764 4809 plenissimam

516 4808 600 4858 vir
637 4823 877 4877 sanctus,
922 4826 980 4867 nt
1006 4818 1375 4884 praediximus,
1408 4823 1639 4879 malebat
1664 4840 1782 4881 esse
1814 4828 2093 4896 culparum

519 4899 784 4952 medicina
817 4918 977 4971 quam
1006 4906 1193 4975 judex.
1240 4909 1311 4963 At
1348 4910 1452 4967 hoc
1487 4913 1774 4983 aliquoties
1799 4919 1938 4984 quod
1962 4918 2094 4973 offe-

518 4987 757 5053 rebatur,
805 4992 1164 5053 libentissime
1214 5000 1536 5071 accipiebat,
1578 5013 1637 5057 ut
1680 5003 1904 5058 haberet
1945 5009 2090 5075 quod

518 5084 847 5149 pauperibus
895 5087 1262 5145 distribueret.
1308 5091 1633 5162 lmplebatur
1680 5083 1890 5161 semper
1937 5096 1989 5150 in
2030 5113 2093 5152 eo

515 5171 654 5236 quod
683 5174 877 5231 dicitur
905 5180 957 5232 in
992 5180 1281 5251 Evangelio
1310 5200 1324 5237 ς
1372 5182 1533 5237 Omni
1553 5186 1762 5237 habenti
1787 5177 2017 5249 dabitur,
2044 5198 2091 5241 et

518 5257 799 5316 abundabit
826 5264 1040 5335 (Matth.
1069 5283 1186 5333 xm,
1217 5270 1330 5337 12).
1374 5270 1615 5324 Vidimus
1643 5272 1786 5324 enim
1816 5272 2091 5328 multoties

2187 4836 2533 4898 peccatorum
2582 4832 2952 4885 remissionem
3002 4832 3167 4886 libera
3200 4848 3329 4888 voce
3376 4834 3441 4886 de
3486 4833 3639 4887 caelis
3684 4848 3766 4885 re-

2188 4919 2519 4986 promittere.
2571 4919 2652 4974 lta
2707 4926 2791 4975 vir
2843 4931 3062 4976 sanctus
3114 4938 3249 4991 quos
3303 4938 3409 4976 non
3464 4920 3764 4977 sufﬁciebat

2191 5006 2335 5063 alere
2383 5010 2706 5079 sumptibus,
2749 5011 2974 5080 juvabat
3019 5013 3159 5080 apud
3209 5011 3325 5066 illos
3366 5027 3503 5080 quos
3551 5020 3762 5078 poterat

2191 5100 2529 5152 sermonibus
2577 5100 3002 5154 misericordiam
3053 5102 3422 5155 suadentibus.
3465 5102 3627 5156 Certe
3670 5100 3759 5155 tali

2189 5187 2437 5240 consultu
2479 5188 2643 5241 multa
2690 5189 2856 5243 millia
2891 5204 3182 5258 pauperum
3219 5192 3567 5259 cognovimus
3600 5191 3761 5244 famis

2186 5281 2244 5329 et
2307 5278 2503 5331 mortis
2555 5279 2791 5332 evasisse
2842 5279 3160 5348 periculum.
3220 5279 3427 5333 Nullius
3483 5280 3758 5334 miseriam
