4116 5358
284 281 389 344 905

1633 268 1813 325 VITA.
1853 298 1925 308 —
1960 265 2091 322 LIB.
2131 264 2175 321 ι.

3441 273 3550 330 906

280 386 610 466 ρι-ωιει-ἰνίι,
657 384 858 440 nullius
904 379 1282 437 necessitatem
1340 377 1616 450 despexit,
1668 377 1868 433 nullius
1899 382 1945 441 Α
1972 374 2341 444 computabat.
2388 374 2593 431 Tamen
2638 375 2765 446 quia
2809 376 2911 432 hoc
2948 376 3065 431 sine
3100 379 3355 435 seandalo
3386 382 3557 452 pluri.

283 481 654 540 inﬁrmitatem
686 473 989 532 exhorruit.

310 564 315 569 ’
368 572 501 626 Car.
531 568 599 623 X.
630 598 700 609 —
726 566 799 621 De
826 563 1016 619 clerico
1042 562 1285 633 contagio
1312 562 1470 632 lepra:
1492 560 1778 614 maculato.

352 659 602 728 Denique
649 656 870 727 quidam
917 660 1123 708 sanctae
1164 652 1259 707 Dei
1295 651 1590 708 Genitricis
1614 650 1873 706 Anicien-

284 751 360 807 sis
407 748 658 806 ecclesiae
704 745 968 811 clericus,
1012 744 1303 799 secundum
1345 755 1560 798 carnem
1603 741 1876 796 nobilissi-

285 859 428 908 mus,
450 842 616 914 lepree
658 837 910 909 contagio
947 835 1270 900 maculatus,
1306 836 1576 905 privatum
1623 834 1728 888 sibi
1767 832 1875 888 vcl-

286 934 365 987 uti
439 939 604 985 tantae
677 926 1011 997 corruptioni
1072 925 1441 981 necessarium
1512 924 1664 995 juxta
1722 923 1878 995 Lige-

288 1022 391 1077 rim
429 1020 507 1092 (9)
538 1019 758 1073 ﬂuvium
788 1017 1076 1086 quemdam
1116 1015 1355 1086 elegerat
1389 1015 1568 1069 locum
1599 1022 1876 1068 monaste-

292 1113 432 1168 riolo
479 1111 622 1180 quod
650 1109 854 1164 dicitur
878 1106 1032 1163 Volta
1079 1107 1411 1177 contiguum.
1441 1105 1558 1171 Quo
1587 1104 1880 1158 adveniens

290 1201 385 1257 Dei
418 1198 654 1255 famulus
679 1206 734 1252 et
769 1199 874 1252 hoc
912 1211 1232 1267 agnoscens,
1278 1195 1494 1249 inﬁrmo
1531 1195 1887 1263 compatitur,’

292 1290 536 1347 solatiari
572 1289 646 1343 illi
681 1289 734 1342 in
777 1288 974 1358 quibus
1007 1301 1230 1342 necesse
1254 1294 1395 1350 erat,
1426 1285 1685 1338 fratribus
1714 1284 1883 1352 impe-

295 1388 401 1434 rat.
440 1377 693 1448 Requirit
722 1392 852 1433 vero
887 1377 1001 1447 ipse
1046 1375 1369 1429 miserabilis
1413 1373 1587 1429 sancti
1630 1372 1732 1427 viri
1772 1374 1883 1444 pri-

293 1479 478 1525 vatum
526 1469 886 1538 colloquium',
927 1476 983 1523 et
1029 1477 1089 1521 ut
1127 1467 1194 1522 ad
1243 1480 1302 1522 se
1351 1467 1573 1522 aeredat
1608 1464 1885 1520 humiliter

295 1568 451 1631 rogat
495 1574 593 1629 per
642 1559 1055 1614 internuntium.
1089 1558 1242 1626 Quod
1292 1567 1511 1612 sanctus
1555 1555 1735 1611 facere
1776 1570 1883 1611 non

296 1651 603 1716 recusavit,
660 1652 906 1705 recolens
959 1649 1255 1704 Dominica:
1316 1648 1638 1703 humilitatis
1700 1662 1885 1704 exem-

1975 481 2188 521 morum
2221 466 2493 523 declinare
2523 482 2630 522 non
2662 476 2896 538 poterat,
2928 470 3170 524 exterius
3195 471 3411 540 quidem
3445 474 3557 529 fra~

1977 564 2194 612 ternum
2242 557 2560 629 obsequium
2610 559 2960 630 suscipiebat,
2992 560 3086 615 sed
3122 561 3346 618 interius
3376 579 3405 618 a
3435 581 3560 635 pro~

1973 649 2157 719 posito
2177 648 2397 704 humilis
2423 649 2615 719 rigoris
2646 663 2751 703 non
2773 648 3101 705 discedebat.
3123 649 3434 709 Conventus
3458 654 3562 709 fra-

1978 748 2122 796 trum
2166 740 2382 795 fortiter
2408 740 2601 805 tenuit,
2633 740 2807 796 donec
2844 741 2910 795 ad
2951 742 3067 813 ipsa
3097 744 3290 799 mortis
3316 755 3559 800 extrema

1976 829 2245 900 pervenit.
2278 827 2324 885 0
2351 843 2511 900 quam
2537 828 2805 897 jocundus
2850 829 2992 884 inter
3037 831 3173 887 alios
3211 835 3560 903 procedebat,

1980 924 2143 991 Quam
2183 920 2408 975 festivus
2438 920 2491 974 in
2522 920 2614 975 illo
2642 930 2831 976 sancto
2860 922 3029 977 choro
3058 925 3269 980 medius
3300 927 3500 993 stabat,
3532 944 3562 982 a

1980 1012 2187 1068 dextris
2230 1019 2286 1064 et
2325 1026 2355 1064 a
2397 1011 2640 1065 sinistris
2677 1013 3013 1083 prospiciens
3044 1029 3299 1071 coronam
3340 1018 3564 1074 novella:

1980 1102 2355 1173 plantationis,
2385 1118 2595 1159 memor
2633 1102 2778 1157 illius
2806 1104 3058 1159 versiculi
3092 1105 3332 1163 Davidici
3371 1110 3568 1164 carmi-

1981 1194 2068 1249 nis
2099 1208 2115 1247 :
2145 1192 2276 1247 Filii
2319 1194 2396 1247 tui
2442 1194 2575 1247 sicut
2626 1193 2840 1248 novellw
2888 1194 3178 1262 olivarum‘,
3233 1198 3289 1253 in
3341 1200 3568 1253 circu'tu

1982 1299 2175 1338 meum
2203 1294 2309 1337 tua:
2339 1280 2511 1353 (Psal.
2539 1283 2768 1352 cxxvu).
2809 1282 2877 1337 Et
2899 1293 3105 1353 quanto
3135 1285 3306 1356 magis
3336 1287 3571 1358 augeba-

1985 1384 2074 1429 tur
2101 1390 2361 1428 numerus
2388 1373 2635 1439 fratrum,
2670 1381 2822 1429 tanto
2851 1376 3024 1447 magis
3050 1376 3373 1447 quibusdam
3401 1379 3570 1450 signis

1984 1472 2042 1520 et
2071 1465 2240 1520 certis
2287 1465 2499 1520 indiciis
2540 1465 2851 1521 declarabat
2887 1467 2967 1521 sui
3000 1466 3165 1522 animi
3195 1469 3469 1538 gaudium.
3503 1470 3569 1525 Et

1984 1556 2111 1625 quia
2141 1555 2418 1611 multoties
2448 1556 2663 1610 videbat
2692 1558 3012 1626 quibusdam
3052 1559 3105 1614 id
3139 1560 3290 1615 oneri
3320 1575 3462 1627 esse,
3492 1575 3575 1618 so-

1986 1645 2117 1701 litus
2144 1654 2264 1702 erat
2286 1646 2467 1702 dicere
2494 1664 2506 1700 :
2539 1664 2557 1697 ε
2582 1642 3025 1715 'Nolite,fratres,
3050 1649 3103 1704 in
3134 1651 3575 1720 augmentatione

295 1743 464 1814 plum,
498 1744 589 1813 qui
628 1744 793 1798 etiam
825 1758 932 1797 non
976 1752 1200 1816 rogatus
1239 1742 1426 1798 venire
1455 1742 1623 1796 voluit
1655 1742 1721 1796 ad
1752 1758 1884 1797 cen—
1917 1727 1959 1786 Β
1988 1736 2168 1808 gregis
2220 1737 2558 1793 contristari.
2604 1736 2771 1805 Cujus
2819 1739 2963 1793 enim
3012 1748 3142 1795 nutu
3192 1748 3248 1795 et
3291 1743 3578 1798 vocatione

296 1834 529 1888 turionis
581 1848 822 1890 servum.
876 1833 1017 1888 Dum
1070 1848 1202 1889 vero
1254 1835 1321 1889 ad
1371 1849 1494 1888 eum
1548 1833 1884 1903 pervenitur,

296 1923 441 1979 illius
486 1939 593 1980 non
641 1927 1036 1981 exborrescens
1066 1925 1363 1990 miseriam,
1398 1925 1555 1982 nobis
1596 1926 1687 1996 qui
1734 1927 1885 1982 vide-

297 2014 492 2070 bamus
531 2016 689 2071 valde
733 2017 1077 2083 mirantibus,
1118 2018 1172 2072 in
1218 2018 1401 2073 oscula
1443 2018 1572 2084 ruit,
1610 2017 1888 2089 amplexa-

299 2113 408 2172 tur,
438 2115 495 2161 et
524 2107 614 2162 diu
645 2123 768 2165 cum
802 2108 893 2163 illo
928 2108 1195 2164 familiare
1239 2110 1568 2181 colloquium
1598 2112 1889 2182 participa-

299 2202 405 2250 tur.
435 2196 480 2253 Ο
509 2197 684 2252 virum
729 2213 825 2267 per
864 2199 1045 2254 omnia
1094 2198 1251 2255 laude
1300 2201 1553 2269 dignum!
1593 2201 1686 2269 qui
1718 2203 1889 2273 magis

298 2285 354 2339 in
400 2286 623 2343 homine
666 2299 876 2345 natura:
920 2290 1177 2361 diligebat
1225 2292 1673 2360 praerogativam,
1724 2308 1887 2364 quam

300 2373 529 2443 alicujus
572 2379 743 2432 morbi
791 2381 1185 2449 eXpavcsccbat
1217 2380 1552 2436 accidentem
1586 2382 1884 2438 miseriam.

298 2483 426 2540 CAP.
457 2486 546 2542 XI.
580 2519 647 2528 —
688 2489 862 2562 Quam
921 2490 1105 2562 hospes
1153 2490 1287 2562 fuit,
1334 2501 1381 2544 et
1432 2494 1767 2562 quamplura
1803 2496 1888 2548 di-

405 2573 567 2611 versa:
582 2560 982 2625 wtatia,diecrsi
1012 2562 1214 2630 generis
1248 2560 1453 2614 Christo
1486 2560 1781 2632 acquisivit.

368 2663 428 2719 In
463 2667 827 2738 suscipiendis
864 2669 1169 2739 hospitibus
1199 2669 1423 2725 festivus
1455 2680 1573 2725 erat
1609 2681 1663 2727 et
1698 2673 1892 2742 jocun-

303 2752 423 2810 dus.
456 2754 602 2811 Nihil
642 2773 882 2828 unquam
932 2759 1035 2814 sibi
1081 2759 1271 2816 deesse
1305 2759 1548 2817 liberalis
1582 2763 1892 2820 conﬁdebat

302 2845 550 2912 animus,
604 2849 697 2903 sed
752 2850 805 2903 in
863 2850 1194 2906 abundantia
1246 2853 1641 2909 benedictionis
1685 2854 1890 2912 Christi

300 2933 556 2989 omnibus
597 2934 820 3006 largiter
847 2946 962 2992 erat
996 2938 1266 3010 profusus.
1308 2940 1630 2996 Munditiam
1667 2943 1892 3015 integri-

304 3023 429 3078 talis
472 3024 550 3078 ita
589 3025 954 3082 inviolabilem
1000 3030 1311 3097 custodivit,
1345 3039 1404 3086 ut
1437 3031 1675 3103 Spiritus
1716 3035 1889 3090 sancti

301 3122 608 3171 mereretur
649 3116 765 3170 fieri
812 3118 1143 3174 domicilium
1178 3129 1234 3176 et
1275 3123 1597 3179 castissima:
1635 3125 1886 3194 puritatis

304 3205 725 3276 receptaculum.
777 3206 1106 3263 Humilitatis
1148 3208 1313 3265 etiam
1362 3219 1509 3266 tanta
1560 3213 1613 3267 in
1675 3228 1741 3269 eo
1788 3213 1889 3268 fuit

301 3296 587 3366 perfectio,
616 3307 676 3351 ut
719 3312 788 3352 ne
832 3298 900 3353 ad
941 3299 1211 3355 modicum
1260 3300 1478 3371 quidem
1521 3310 1804 3359 notaretur
1832 3304 1889 3359 in

306 3386 396 3442 illo
422 3386 691 3454 superbiae
719 3388 1026 3457 vestigium.
1057 3389 1370 3446 lnnocentia
1417 3391 1471 3445 in
1514 3391 1604 3447 illo
1633 3408 1739 3446 non
1775 3407 1890 3449 me—

304 3477 564 3533 diocriter
609 3478 829 3535 reluxit.
870 3481 949 3534 Ex
993 3496 1092 3535 suo
1139 3481 1331 3538 affectu
1372 3484 1633 3553 pensabat
1663 3500 1885 3551 omnes;

305 3574 362 3621 et
391 3567 532 3622 sicut
575 3567 665 3622 ille
705 3577 824 3622 erat
870 3568 1080 3625 alienus
1107 3585 1139 3625 a
1184 3570 1308 3625 felle
1351 3572 1588 3637 malitiae,
1619 3573 1693 3628 ita
1726 3573 1889 3628 etiam

306 3656 613 3712 aestimabat
642 3659 778 3714 alios
810 3659 1010 3715 nullius
1058 3661 1165 3716 doli
1209 3671 1360 3730 peste
1404 3665 1677 3735 corrumpi
1706 3681 1886 3737 posse.

310 3745 621 3802 llonestatis
649 3749 843 3804 decore
874 3750 947 3804 ita
974 3750 1229 3820 pollebat,
1261 3760 1317 3806 ut
1349 3752 1403 3806 in
1431 3754 1577 3808 omni
1603 3769 1699 3809 sua
1728 3756 1893 3811 actio-

309 3853 378 3892 ne
413 3838 573 3907 hujus
603 3840 822 3896 virtutis
862 3842 1288 3912 pulchritudine,
1324 3852 1579 3915 tanquam
1609 3845 1889 3915 cujusdam

308 3926 535 4000 fulgoris
588 3932 956 4001 resplenderet
1001 3935 1223 3990 lumine.
1276 3936 1420 3992 Nihil
1466 3939 1609 3993 enim
1665 3939 1892 3997 inhone-

309 4029 475 4085 stum,
502 4021 638 4076 nihil
676 4024 987 4080 indecorum
1026 4026 1113 4082 illa
1144 4038 1334 4082 sancta
1386 4030 1564 4084 anima
1597 4032 1781 4087 videre
1809 4032 1893 4087 vel

314 4111 505 4167 audire
547 4112 783 4169 volebat.
833 4116 1128 4171 Veritatem
1174 4120 1338 4175 corde
1384 4121 1671 4188 retinebat,
1702 4130 1758 4177 et
1800 4138 1894 4177 ore

309 4201 656 4272 proferebat;
712 4206 1051 4263 mendacium
1096 4224 1228 4264 vero
1273 4219 1528 4281 tanquam
1578 4212 1892 4282 pestiferum

305 4292 556 4347 morbum
612 4295 785 4351 modis
831 4286 1083 4353 omnibus
1127 4301 1371 4355 cavebat.
1411 4300 1671 4357 Humanze
1728 4304 1893 4358 etiam

1991 1837 2410 1899 congregantur,
2463 1826 2579 1896 ejus
2622 1828 2959 1898 providentia
3002 1838 3056 1885 ct
3100 1830 3449 1887 miseratione
3478 1849 3578 1904 gu-

1990 1920 2383 1975 bernabnntur.
2420 1938 2438 1972 ι
2481 1919 2771 1976 Multorum
2811 1922 2955 1977 enim
2996 1923 3388 1979 monachorum
3420 1935 3577 1997 pater

1990 2012 2231 2077 exstitit,
2282 2027 2419 2081 quos
2468 2012 2535 2067 de
2584 2014 2816 2068 diversis
2865 2016 3293 2082 conditionibus,
3346 2017 3579 2074 diversis

1989 2101 2240 2159 aetatibus
2286 2110 2341 2157 et
2389 2104 2724 2175 temporibus
2785 2106 3014 2160 Domino
3065 2108 3373 2178 acquisivit.
3429 2110 3579 2166 Alios

1991 2208 2227 2263 namque
2269 2194 2325 2249 in
2366 2195 2624 2264 pueritia,
2653 2196 2790 2251 alios
2823 2197 2875 2251 in
2904 2180 3211 2269 juventute,
3238 2201 3373 2257 alios
3401 2202 3455 2258 in
3487 2220 3577 2260 se-

1991 2292 2209 2341 nectute
2239 2287 2482 2356 accepit;
2528 2296 2584 2341 et
2628 2290 2877 2357 quamvis
2905 2288 3135 2345 diversis
3168 2293 3235 2346 ad
3267 2307 3389 2347 eum
3417 2309 3582 2351 vene-

1990 2376 2103 2431 rint
2130 2377 2484 2446 temporibus,
2517 2387 2695 2433 tamen
2720 2381 2820 2435 sub
2847 2398 2954 2436 una
2987 2384 3356 2440 moderatione
3382 2388 3582 2443 discre-

1994 2465 2266 2535 tionisque
2296 2467 2520 2533 virtute,
2562 2479 2809 2525 materna
2850 2472 3138 2540 charitate,
3167 2486 3395 2543 paterna
3431 2477 3581 2533 solli-

1993 2557 2232 2612 citudine
2258 2555 2410 2623 fovit,
2440 2560 2671 2614 nutrivit
2707 2570 2764 2616 et
2807 2577 2872 2618 ex
2914 2563 3096 2619 multis
3126 2564 3373 2637 partibus
3403 2570 3582 2641 dispa-

1994 2648 2255 2719 ribusque
2279 2650 2523 2706 moribus
2553 2652 2608 2705 in
2647 2667 2813 2708 unum
2843 2656 3045 2726 corpus
3063 2657 3299 2730 collegit.
3327 2660 3581 2728 Quocun-

1992 2753 2101 2809 que
2127 2737 2330 2803 exibat,
2354 2755 2674 2812 quocunque
2698 2745 3047 2815 procedebat,
3077 2756 3226 2805 tanta
3253 2753 3582 2821 sequebatur

1993 2842 2118 2884 eum
2146 2826 2453 2899 frequentia
2484 2831 2737 2900 fratrum,
2775 2842 2837 2889 ut
2860 2834 2971 2905 jam
2993 2846 3108 2894 non
3140 2841 3330 2897 ducem
3358 2854 3415 2899 et
3437 2845 3582 2917 prin-

1994 2922 2195 2994 cipem,
2229 2928 2323 2983 sed
2361 2943 2553 2984 revera
2601 2939 2822 3000 putares
2868 2948 2990 2989 eum
3032 2951 3151 2992 esse
3194 2938 3583 3012 archangelum

1995 3017 2407 3072 monachorum.
2441 3019 2554 3076 lloc
2585 3023 2732 3077 enim
2774 3026 2996 3083 nomine
3042 3030 3299 3087 censebat
3329 3048 3453 3089 eum
3482 3049 3581 3107 ap-

1991 3103 2303 3174 pellandum
2340 3108 2391 3162 in
2422 3110 2537 3165 suis
2568 3114 2914 3171 sermonibus
2942 3125 2996 3171 et
3025 3118 3270 3188 epistolis
3294 3103 3584 3181 Fulbertus

1993 3191 2084 3248 ille
2110 3194 2211 3250 sibi
2238 3199 2609 3266 praecordialis
2638 3203 2867 3270 amicus,
2898 3205 3249 3265 Carnotensis
3274 3213 3580 3284 episcopus,

1995 3285 2051 3339 in
2097 3288 2385 3344 sanctitate
2430 3290 2735 3357 laudabilis,
2779 3295 2832 3349 in
2881 3298 3150 3368 sapientia
3197 3303 3484 3372 mirabilis,
3526 3307 3583 3363 in

1994 3372 2147 3442 cujus
2186 3372 2362 3433 morte
2407 3378 2644 3435 studium
2675 3383 3029 3455 philosophia:
3061 3388 3112 3444 in
3137 3388 3368 3447 Francia
3397 3396 3580 3465 periit,

1994 3473 2044 3520 et
2073 3466 2241 3537 gloria
2270 3473 2610 3527 sacerdotum
2635 3490 2777 3545 pene
2804 3479 3019 3535 cecidit.
3068 3478 3071 3481 ’

2372 3582 2499 3638 Car.
2535 3585 2646 3640 Xll.
2676 3618 2744 3627 —
2778 3589 2851 3643 De
2881 3590 3210 3658 fortitudine.

2064 3668 2183 3725 Jam
2213 3671 2280 3726 de
2311 3672 2627 3730 fortitudine
2652 3678 2818 3732 animi
2848 3680 2988 3749 ejus,
3020 3683 3101 3736 vel
3133 3686 3380 3755 corporis
3405 3703 3579 3758 pauca
3657 3744 3663 3753 ,

1996 3763 2220 3831 dicturi,
2249 3765 2416 3820 etiam
2459 3768 2674 3825 virtutis
2714 3770 2858 3825 illius
2894 3772 3284 3840 definitionem,
3310 3776 3465 3845 juxta
3495 3796 3587 3839 ve-

1995 3863 2171 3910 terum
2217 3858 2633 3915 aestimationem
2680 3862 2937 3920 adhibere
2984 3866 3263 3923 debemus.
3297 3869 3584 3928 Fortitudo

1994 3957 2079 4002 est
2121 3948 2361 4004 animum
2403 3966 2567 4020 supra
2616 3953 2841 4022 periculi
2873 3965 3075 4013 metum
3120 3974 3306 4031 agere,
3340 3962 3586 4034 nihilque

1995 4035 2100 4092 nisi
2156 4040 2330 4109 turpia
2386 4043 2601 4108 timere,
2644 4043 2876 4101 tolerare
2930 4046 3146 4104 fortiter
3198 4052 3448 4120 adversa,
3499 4055 3586 4109 vel

1994 4142 2277 4199 prospera.
2328 4129 2442 4187 Hac
2488 4124 2900 4213 itaquegfr‘etus
2949 4138 3167 4202 virtute,
3217 4155 3379 4211 quam
3427 4143 3586 4199 fortis

1996 4221 2161 4275 fuerit
2202 4222 2256 4276 in
2297 4222 2620 4292 repellendis
2652 4225 2992 4283 inimicorum
3022 4229 3255 4297 insidiis,
3285 4247 3448 4302 quam
3495 4250 3587 4304 pa-

1997 4311 2138 4367 tiens
2173 4312 2225 4365 in
2274 4312 2591 4379 tolerandis,
2625 4316 2770 4372 dictu
2802 4318 3014 4375 videtur
3044 4321 3279 4378 difﬁcile.
3316 4324 3587 4381 Cerneres

304 4380 482 4485 laudis
512 4373 728 4485 favores
766 4401 871 4440 non
903 4388 1233 4457 requirebat,
1263 4404 1441 4460 neque
1475 4391 1702 4461 gloriam
1736 4409 1888 4450 suam
1921 4423 1968 4482 D
1995 4401 2050 4457 in
2078 4401 2169 4458 illo
2194 4403 2298 4458 hoc
2323 4373 2664 4475 privilegium
2692 4373 3002 4478 patientize;

305 4472 358 4526 in
399 4487 498 4527 ore
538 4473 816 4529 hominum
853 4479 1105 4546 ponebat.
1145 4480 1201 4535 Si
1253 4483 1467 4551 quando
1519 4497 1648 4538 vero
1691 4498 1721 4538 a
1761 4500 1890 4540 con-

308 4562 573 4618 fratribus
606 4565 690 4619 vel
735 4567 1002 4638 episcopis
1041 4585 1192 4625 more
1231 4571 1602 4629 ecclesiastico
1638 4573 1892 4633 oliiciosis

304 4654 580 4725 obsequiis
646 4660 1045 4729 suscipiebatur
1105 4666 1189 4720 vel
1254 4668 1652 4738 bonorabatur,
1721 4681 1892 4729 testor

303 4740 489 4799 Iesum
537 4748 858 4804 advocatum
906 4753 1099 4809 animae
1127 4755 1263 4825 ejus,
1295 4757 1419 4828 quia
1451 4759 1576 4814 talia
1605 4763 1892 4834 parvipen-

307 4835 492 4905 debat,
536 4850 592 4894 et
623 4841 787 4896 veluti
828 4845 1095 4913 quoddam
1135 4848 1332 4904 nullius
1366 4852 1619 4906 momenti
1658 4855 1887 4922 pretium

380 4996 458 5077 (9)
483 4996 821 5077 SAiLliaEnt
846 5002 1003 5077 codd.
1029 5021 1159 5060 mss.
1194 5007 1548 5077 Crispeiensis
1584 5014 1639 5063 et
1669 5006 1728 5062 S.
1752 5007 1890 5063 Ger-

312 5069 479 5147 mani.
691 5069 959 5147 Thuaneo
980 5073 1174 5145 legitur
1192 5068 1347 5146 juxta
1376 5078 1623 5141 Alierim,
1655 5093 1762 5147 quo
1792 5096 1890 5134 no-

313 5138 459 5215 mine
492 5140 874 5215 designarelur
902 5138 1113 5209 Elavér,
1146 5138 1302 5215 vulgo
1327 5147 1549 5209 t‘AlIier,
1574 5138 1890 5203 cui'insidet

317 5205 486 5285 Volla,
513 5205 670 5266 locus
688 5211 764 5285 ob
790 5205 1176 5285 monasterium
1213 5205 1281 5269 ab
1318 5216 1433 5285 ipso
1458 5217 1516 5271 S.
1539 5205 1772 5271 Odilone
1810 5218 1885 5272 ibi

304 5280 585 5358 conditum
616 5280 885 5358 celebris;
918 5291 971 5358 et
997 5285 1212 5351 quidem
1240 5280 1377 5338 idem
1410 5286 1583 5341 codex
1600 5286 1773 5358 habet
1802 5289 1887 5340 in.

1996 4503 2153 4558 rant,
2204 4503 2461 4565 tanquam
2508 4495 2646 4552 alter
2693 4498 2896 4568 David,
2951 4502 3212 4574 majorem
3253 4508 3587 4576 rependebat

1993 4581 2241 4639 beneﬁcii
2277 4586 2530 4655 gratiam,
2560 4597 2615 4644 et
2658 4591 2744 4647 his
2769 4593 2862 4662 qui
2905 4594 3134 4652 oderant
3163 4598 3428 4668 potiorem
3462 4617 3586 4657 eon-

1993 4674 2249 4734 servabat
2297 4676 2755 4737 benevolentiam.
2811 4684 2931 4742 Non
2989 4687 3245 4744 valebant
3289 4691 3434 4745 hunc
3495 4694 3586 4744 ad-

1994 4758 2150 4820 versa
2196 4766 2462 4837 dejicere,
2517 4785 2618 4827 nec
2675 4788 2937 4846 prospera
2984 4777 3219 4834 elevare.
3257 4778 3303 4833 0
3352 4789 3587 4849 quantas

1994 4856 2391 4925 infestationes,
2426 4870 2482 4918 et
2522 4879 2684 4935 quam
2730 4870 3081 4938 gravissimas
3128 4872 3516 4928 insectationes
3553 4892 3585 4929 a

1995 5028 2145 5088 nem,
2172 5028 2296 5088 qua;
2324 5013 2544 5088 exhibet
2576 5016 2800 5086 Ligerim
2830 5017 3184 5088 praetulimus.
3218 5015 3353 5088 Nam
3388 5028 3588 5088 praeter

1995 5080 2208 5154 Eoltani
2237 5083 2385 5154 illam
2413 5080 2703 5149 celebrem,
2734 5080 2897 5154 qua'm
2927 5088 3086 5139 modo
3109 5080 3490 5153 laudabam'us,
3518 5093 3587 5144 ad

1993 5152 2265 5208 Elaverim
2313 5153 2556 5218 ﬂuvium,
2592 5152 2972 5221 haud—procul
3018 5157 3088 5209 ab
3132 5155 3265 5207 urbe
3304 5152 3589 5214 Aniciensi

1995 5223 2274 5294 dissitam,
2313 5222 2621 5294 invenimus
2666 5221 2736 5294 in_
2771 5222 2967 5294 tabulis
3013 5222 3385 5294 geographieis
3425 5225 3590 5294 paulo

1996 5240 2274 5289 mssnam,
2313 5240 2621 5275 invenimus
2666 5240 2721 5274 In
2771 5240 2967 5277 tanuus
3013 5240 3385 5343 geograpmeis
3425 5240 3588 5294 paulo

1996 5291 2136 5348 infra
2185 5292 2435 5347 eamdem
2485 5290 2673 5344 urbem
2723 5290 2900 5345 locum
2934 5291 2986 5345 la
3034 5292 3109 5345 Vo
3132 5303 3178 5345 te
3223 5294 3588 5358 nominatum,
