4116 5358
531 219 633 276 907

1512 215 1569 270 S.
1610 212 1929 271 ODlLONlS
1966 209 2463 291 CLUNlACENSIS
2509 210 2801 268 ABBATIS
2842 209 2888 264 Υ

3683 214 3792 271 908

529 329 841 385 domesticis
867 335 920 382 ct
950 315 1221 383 extraneis
1249 327 1362 398 ipsa
1385 336 1574 382 sancta
1603 324 1783 380 anima
1813 323 2093 392 sustinuit;
2132 324 2182 384 Α
2209 321 2469 379 eut'ormis
2521 331 2576 378 et
2616 323 2948 394 compositus
2994 339 3176 381 coram
3225 326 3337 383 Deo
3382 337 3436 386 et
3480 330 3790 389 hominibus

528 429 579 476 et
610 426 805 485 praeter
839 420 958 484 bas,
990 433 1152 489 quam
1194 418 1359 473 duras
1397 419 1642 488 corporis
1667 431 1856 488 pcenas
1895 416 1949 472 in
1971 414 2102 487 jeju-

527 513 653 577 niis,
686 512 736 566 in
764 511 985 581 vigiliis,
1009 511 1063 566 in
1094 511 1431 566 orationibus
1463 510 1577 582 ipse
1616 511 1717 566 sibi
1746 509 1996 574 adscivit,
2027 517 2100 575 et,

523 603 666 674 quod
694 604 807 674 jam
840 603 1007 660 libere
1035 602 1324 658 dicendum
1366 611 1450 659 est
1480 611 1602 673 post
1642 601 1949 672 naviganlis
1991 594 2102 654 feli-

519 695 767 760 citatem,
793 694 1115 765 quibusdam
1142 693 1372 749 vinculis
1397 702 1451 750 et
1478 693 1708 749 nexibus
1741 693 1956 759 ferreis,
1987 692 2102 749 solo

524 785 1112 856 Deoteste,membra
1149 800 1246 840 sua
1286 786 1359 841 ita
1401 785 1773 852 damnaverat,
1801 794 1861 841 ut
1883 785 1973 841 vix
2002 785 2103 840 hu-

527 875 854 932 maua‘caro
896 876 999 931 hoc
1047 875 1282 931 tolerare
1329 877 1584 946 potuerit.
1615 876 1862 932 Cilicium
1889 876 1938 931 ei
1965 891 2103 932 sem-

522 981 620 1032 per
661 968 1020 1037 asperrimum
1067 968 1295 1023 interius
1335 968 1671 1033 adhaerebat,
1699 968 1929 1039 desuper
1972 982 2101 1023 vero

522 1055 782 1112 mediocri
808 1065 864 1112 et
895 1058 1168 1113 communi
1199 1066 1346 1112 veste
1375 1058 1595 1113 indutus
1624 1058 1940 1128 apparebat.
1972 1056 2102 1112 Μαι.

524 1148 732 1216 tiplices
763 1149 926 1203 etiam
960 1158 1017 1203 et
1047 1148 1285 1204 diversos
1313 1149 1529 1205 labores
1556 1149 1812 1205 sustinuit
1842 1163 1940 1218 pro
1966 1163 2100 1218 pace

525 1237 912 1303 licclesiarum,
935 1254 1033 1309 pro
1056 1246 1196 1307 statu
1223 1253 1444 1294 suorum
1470 1239 1729 1305 locorum,
1745 1255 1844 1310 pro
1866 1238 2100 1296 utilitate

515 1327 886 1395 proximorum
929 1336 983 1382 et
1016 1328 1253 1397 propriis
1280 1326 1535 1397 periculis
1562 1326 1811 1397 quaesivit
1842 1327 2099 1399 tranquil-

516 1419 724 1474 litatem
766 1418 1162 1476 universorum.
1193 1417 1314 1475 Scis
1342 1429 1396 1475 et
1424 1428 1477 1475 tu
1513 1419 1824 1476 misericors
1851 1428 1905 1475 et
1935 1420 2098 1475 mise-

516 1516 667 1564 rator
714 1508 1024 1575 hominum,
1074 1506 1201 1564 Jesu
1248 1508 1480 1575 Christe,
1524 1509 1591 1564 ad
1639 1508 2096 1581 comprobandam

514 1600 631 1670 ejus
666 1597 984 1670 patientiam
1025 1615 1188 1670 quam
1218 1600 1580 1672 gravissimos
1608 1600 1822 1657 dolores
1850 1609 1906 1656 et
1934 1615 2093 1657 acer-

2206 416 2516 485 apparebat.
2551 418 2618 471 Et
2665 428 2863 488 przeter
2892 419 3007 474 haec
3047 419 3306 476 interiora
3332 462 3349 487 ,
3394 421 3609 479 luerunt
3640 424 3694 479 in
3722 442 3788 481 eo

2204 508 2541 564 extrinsecus
2590 496 2823 579 gloriosa
2870 510 3045 565 studia
3088 509 3141 565 in
3184 512 3428 570 aadiﬁciis
3470 524 3785 571 sanctorum

2202 598 2444 656 locorum
2484 601 2902 665 construendis,
2955 602 3278 659 renovandis
3303 645 3318 670 ,
3349 614 3402 660 et
3450 608 3788 662 ornamentis

2202 691 2558 763 undecunque
2595 692 2961 762 acquirendis.
2997 693 3343 749 Demonstrat
3368 696 3470 750 hoc
3492 695 3787 753 Cluniacus

2202 796 2331 837 suus
2369 782 2687 853 principalis
2717 783 2869 839 locus
2890 825 2905 850 ,
2936 785 2991 840 in
3037 785 3246 841 cunctis
3273 785 3512 843 aediﬁciis
3554 787 3786 844 interius

2200 879 2254 925 et
2282 872 2543 938 exterius,
2570 881 2771 943 praeter
2814 874 3049 945 parietes
3094 874 3340 931 ecclesiae
3366 917 3380 941 ,
3411 875 3480 931 ab
3509 876 3627 948 ipso
3662 887 3785 934 stu-

2205 967 2359 1024 diose
2384 978 2697 1035 renovatus,
2724 978 2777 1025 et
2812 970 3150 1026 ornamentis
3200 971 3573 1041 multipliciter
3616 971 3783 1028 ador-

2203 1067 2363 1114 natus
2393 1077 2406 1112 :
2444 1057 2533 1114 ubi
2564 1060 2727 1115 etiam
2760 1059 2814 1115 in
2842 1059 3154 1116 novissimis
3190 1060 3305 1116 suis
3335 1060 3629 1117 claustrum
3655 1078 3788 1118 con-

2200 1154 2419 1219 struxit,
2472 1154 2739 1210 colomnis
2792 1153 3114 1211 marmoreis
3161 1169 3232 1209 ex
3284 1154 3492 1211 ultimis
3536 1155 3789 1226 partibus

2201 1242 2344 1297 illius
2365 1243 2679 1313 provinciae,
2711 1259 2775 1300 ac
2796 1259 2892 1315 per
2919 1243 3293 1314 rapidissimos
3316 1246 3596 1301 Durentia:
3623 1245 3779 1301 Rho-

2201 1334 2437 1405 danique
2466 1350 2657 1391 cursus
2682 1375 2699 1401 ,
2748 1350 2855 1391 non
2901 1334 3021 1391 sine
3068 1350 3266 1406 magno
3305 1335 3491 1392 labore
3534 1338 3782 1393 advectis

2201 1424 2527 1480 mirabiliter
2554 1426 2867 1481 decoratum
2892 1442 2905 1479 :
2938 1425 3004 1481 de
3027 1442 3137 1496 quo
3160 1424 3353 1482 solitus
3383 1436 3504 1481 erat
3530 1426 3779 1498 gloriari,

2199 1516 2502 1587 utjucundi
2532 1527 2651 1573 erat
2694 1519 2953 1586 habitus,
3010 1520 3281 1576 invenisse
3334 1536 3394 1577 se
3447 1521 3685 1594 ligneum
3729 1532 3788 1579 et

2200 1609 2508 1678 relinquere
2561 1624 2921 1667 marmoreum
2950 1650 2967 1675 ,
3020 1611 3089 1665 ad
3144 1610 3449 1681 exemplum
3497 1611 3785 1669 Octaviani

512 1690 613 1745 bos
641 1689 916 1746 cruciatus
951 1690 1166 1746 dederis
1206 1692 1311 1747 sibi
1342 1692 1397 1746 in
1428 1691 1642 1748 occulto
1672 1709 1686 1747 :
1713 1701 1769 1746 et
1814 1700 1994 1749 tamen
2038 1692 2096 1748 in
2125 1678 2171 1737 Β
2198 1699 2455 1763 Caesaris,
2482 1714 2640 1771 quem
2666 1700 3237 1757 describuatbistoriac
3260 1678 3489 1757 Romam
3510 1701 3786 1757 invenisse

512 1778 600 1834 his
652 1778 909 1835 invictum
960 1780 1132 1834 tenuit
1176 1780 1440 1847 animum,
1468 1790 1721 1852 tanquam
1768 1782 1911 1838 bona
1953 1792 2096 1840 terra

513 1871 751 1926 fructum
802 1871 1035 1927 reddens
1086 1871 1142 1927 in
1190 1871 1487 1942 patientia,
1539 1871 1726 1928 dicens
1777 1886 1835 1928 se
1888 1874 2096 1944 majora

517 1966 715 2023 mereri
761 1981 922 2036 quam
969 1964 1276 2035 patiebatur
1317 1964 1598 2036 supplicia.
1645 1965 1961 2021 Animarum
2009 1981 2098 2021 re-

513 2058 782 2127 demptOr,
814 2055 1060 2123 Domine,
1087 2055 1179 2126 qui
1228 2054 1294 2111 ad
1328 2055 1432 2109 hoc
1453 2054 1692 2125 percutis
1730 2065 1788 2111 ut
1819 2069 2001 2123 sanes,
2026 2044 2105 2112 ad

514 2148 618 2201 hoc
656 2147 949 2204 mortiﬁcas
965 2154 1035 2213 ut
1055 2145 1317 2211 viviﬁces,
1350 2143 1647 2201 secundum
1690 2146 2090 2203 multitudinem

512 2238 658 2292 illius
704 2237 1099 2308 praeteritorum
1144 2235 1414 2304 dolorum,
1442 2236 1735 2294 succedant
1772 2236 1876 2293 sibi
1906 2251 2094 2295 conso-

506 2329 740 2384 lationes
796 2335 1007 2382 tuarum
1066 2325 1361 2382 sanitatum
1423 2333 1479 2383 et
1540 2326 1723 2383 laetitia
1790 2326 2090 2383 caelestium

508 2422 851 2489 gaudiorum.

503 2532 634 2590 CAP.
669 2532 803 2589 XIII.
833 2564 901 2575 -—
930 2533 1009 2590 De
1046 2536 1391 2607 temperantia
1427 2545 1476 2592 et
1513 2537 1844 2593 renovatione
1871 2552 2088 2592 suorum

1169 2606 1424 2664 locorum.
2050 2612 2065 2629 ’

573 2696 977 2767 Temperantia,
994 2712 1114 2769 quae
1136 2698 1322 2753 ultima
1346 2698 1401 2753 in
1424 2697 1672 2769 catalogo
1685 2696 2084 2768 propositarum

503 2787 767 2842 virtutum
785 2799 888 2856 est,
904 2789 958 2844 in
981 2788 1063 2843 sui
1078 2788 1390 2844 deﬁnitione
1413 2789 1629 2845 modum
1644 2789 1956 2845 etordinem
1979 2804 2090 2846 ser-

504 2885 597 2931 vat
617 2890 806 2931 eorum
835 2893 955 2947 qua:
977 2877 1203 2933 dicenda
1228 2887 1373 2943 sunt,
1396 2877 1480 2933 vel
1509 2877 1737 2949 agenda.
1759 2878 1817 2933 In
1843 2893 1950 2948 quo
1976 2879 2088 2934 vir-

502 2966 635 3020 tutis
655 2963 829 3022 olﬁeio
853 2973 1057 3020 tantum
1071 2966 1259 3032 valuit,
1281 2968 1412 3021 utin
1433 2967 1686 3023 omnibus
1707 2967 2011 3024 actionibus
2030 2976 2085 3025 et

2197 1788 2486 1845 lateritiam
2533 1790 2646 1860 (10)
2699 1797 2755 1843 et
2794 1788 3079 1859 reliquisse
3128 1805 3511 1847 marmoream.
3552 1790 3789 1862 lncmpit

2195 1879 2359 1934 etiam
2389 1879 2654 1936 ciborium
2685 1894 2849 1950 super
2874 1882 3042 1935 altare
3071 1880 3249 1935 sancti
3290 1879 3462 1947 Petri,
3495 1880 3648 1949 cujus
3676 1896 3776 1935 co-

2194 1953 2410 2027 lumnas
2437 1970 2654 2026 vestivit
2678 1986 2745 2026 ex
2771 1979 2998 2042 argento
3020 1986 3145 2026 cum
3168 1971 3364 2042 nigello
3388 1971 3523 2044 (ll),
3543 1971 3782 2041 pulchro

2195 2077 2361 2133 opere
2383 2063 2688 2118 decoratas.
2725 2061 2846 2116 Jam
2876 2077 3008 2118 vero
3037 2062 3106 2118 de
3132 2062 3387 2118 omnibus
3428 2064 3785 2119 monasteriis

2193 2152 2308 2207 suis
2336 2151 2463 2221 quid
2500 2151 2850 2207 Paterniacus
2884 2150 2996 2222 (12)
3028 2152 3099 2208 ob
3144 2152 3237 2208 Dei
3290 2152 3587 2210 Genitricis
3619 2169 3776 2209 amo-

2192 2256 2332 2308 rem,
2354 2242 2457 2298 sibi
2483 2241 2816 2299 delectabilis
2840 2241 3026 2300 locus?
3058 2242 3362 2299 Romanum
3385 2246 3780 2301 monasterium

2193 2347 2223 2386 a
2250 2330 2416 2388 fundo
2468 2341 2861 2401 constructum,
2891 2334 3045 2390 locus
3091 2333 3267 2389 sancti
3318 2335 3555 2390 Victoris
3599 2334 3780 2392 Gene-

2191 2424 2393 2491 vensis,
2421 2433 2622 2494 praeter
2649 2440 2801 2481 suam
2832 2425 3112 2496 antiquam
3142 2434 3197 2480 et
3222 2424 3457 2480 nobilem
3484 2425 3777 2482 ecclesiam

2190 2533 2259 2575 ex
2286 2525 2396 2573 toto
2424 2517 2587 2572 etiam
2617 2532 2715 2572 suo
2740 2524 2982 2586 tempore
3012 2524 3379 2584 constructus,
3400 2514 3574 2572 Carus
3602 2516 3777 2581 locus,

2188 2605 2446 2663 Am‘berta
2473 2605 2630 2661 valde
2657 2605 2888 2662 celebris
2917 2605 3171 2673 ecclesia,
3202 2589 3353 2662 Rivis
3380 2622 3448 2662 ex
3491 2616 3627 2672 toto,
3656 2605 3779 2662 Cel—

2189 2697 2452 2765 sinanias,
2486 2696 2834 2764 Silviniacus,
2863 2697 3126 2754 translata
3174 2698 3468 2765 Firmitas,
3497 2707 3779 2754 monaste-

2189 2789 2330 2847 rium
2358 2790 2531 2847 sancti
2563 2790 2881 2860 Saturnini,
2928 2791 3070 2863 apud
3109 2791 3329 2862 Papiam
3373 2793 3548 2849 sancti
3594 2792 3779 2848 Maioli

2188 2883 2556 2941 nobilissimus
2582 2884 2756 2952 locus,
2781 2893 2837 2942 et
2856 2893 3058 2956 praeter
3080 2885 3195 2940 hzec
3224 2884 3563 2940 diversarum
3592 2883 3773 2940 eccle-

2187 2976 2391 3032 siarum
2422 2974 2700 3046 multiplex
2729 2990 2988 3032 numerus
3008 3015 3023 3044 ,
3072 2967 3190 3030 lucc
3221 2974 3407 3029 omnia
3439 2973 3583 3029 illius
3619 2974 3781 3029 indu-

500 3055 746 3126 imperiis
770 3057 987 3112 modum
1009 3064 1235 3123 teneret,
1254 3059 1497 3114 ordinem
1520 3068 1784 3127 servaret,
1806 3068 1861 3117 et
1882 3055 2159 3120 discre-‘C
2192 3067 2321 3123 stria
2352 3082 2452 3123 suo
2486 3077 2730 3137 tempore
2758 3067 2813 3121 in
2842 3065 3086 3121 aediﬁciis
3110 3106 3125 3132 ,
3175 3066 3229 3120 in
3259 3064 3697 3135 possessionibus
3724 3073 3783 3119 et

499 3156 588 3202 tus
618 3146 940 3204 mirabiliter
968 3150 1247 3204 existeret.
1276 3148 1491 3219 ’Jejuuia
1523 3151 1574 3206 in
1607 3152 1807 3224 auriga:
1841 3154 2084 3223 modum,

504 3241 802 3297 secundum
841 3244 1058 3299 beatum
1096 3243 1504 3318 Hieronymum,
1541 3261 1639 3318 pro
1680 3247 2000 3306 lassitudine
2032 3256 2089 3305 et

499 3333 706 3391 viribus
717 3338 961 3406 corporis
984 3338 1403 3407 moderabatur;
1428 3349 1481 3395 et
1503 3341 1582 3396 sic
1597 3343 1842 3413 apposita
1860 3358 2087 3414 quaeque

507 3421 732 3491 libabat,
764 3433 903 3479 utet
940 3427 1376 3496 superstitionem
1417 3427 1661 3498 fugeret,
1701 3443 1755 3485 et
1799 3431 2085 3488 continen-

506 3516 636 3571 tiam
694 3526 1019 3575 reservaret.
1071 3518 1258 3575 Cultus
1312 3519 1424 3590 ipse
1473 3536 1575 3577 nec
1622 3523 1941 3589 munditiis,
1985 3538 2088 3579 nec

500 3609 752 3665 sordibus
800 3610 1051 3665 notabilis
1098 3619 1238 3665 erat.
1262 3609 1593 3667 Gravitatem
1647 3628 1858 3667 tuorum
1902 3612 2088 3668 hilari-

504 3710 616 3757 tate
662 3701 857 3758 frontis
908 3703 1260 3771 temperabat.
1303 3703 1362 3758 ln
1412 3704 1749 3776 corrigendis
1796 3705 1941 3761 vitiis
1986 3720 2088 3775 pro

503 3793 662 3849 modo
710 3803 767 3849 et
828 3803 1071 3864 tempore
1122 3808 1383 3861 severus,
1439 3795 1492 3849 in
1551 3795 1893 3851 remittendis
1958 3811 2087 3866 gra-

500 3884 713 3948 tiosus,
773 3892 828 3939 et
884 3884 937 3938 in
991 3895 1221 3953 utroque
1269 3899 1424 3954 aequa
1477 3884 1639 3940 lance
1683 3885 1939 3942 libratus.
1992 3884 2088 3941 Hze

495 3991 626 4032 vero
655 3992 791 4046 quas
836 3976 1217 4047 proposuimus
1275 3979 1330 4032 in
1372 3993 1437 4033 eo
1483 3979 1797 4035 relucebant
1834 3980 2085 4048 virtutes,

500 4078 558 4124 et
639 4069 692 4123 in
754 4067 851 4124 has
927 4069 1325 4124 concurrebant
1390 4080 1601 4126 caetera:
1661 4086 1870 4128 omnes.
1949 4072 2086 4128 Tota

505 4158 650 4213 enim
704 4173 959 4214 cerneres
988 4159 1042 4213 in
1072 4159 1162 4215 illo
1191 4161 1434 4232 exempla
1481 4161 1761 4216 virtutum.
1791 4160 1869 4217 lta
1895 4163 1947 4218 in
1978 4165 2088 4219 sin-

502 4248 644 4320 gulis
687 4249 1000 4314 eminebat,
1046 4252 1200 4320 quasi
1249 4262 1476 4308 cteteras
1528 4268 1637 4308 non
1690 4254 1963 4320 haberet;
2012 4254 2086 4309 ita

500 4352 693 4394 omnes
730 4338 1021 4406 retinebat,
1059 4348 1120 4395 ttt
1163 4341 1311 4396 nulla
1343 4343 1596 4409 deesset;
1635 4342 1709 4397 ita
1738 4345 1900 4398 etiam
1944 4343 2081 4398 affa-

496 4427 665 4484 bilem
710 4443 770 4483 se
834 4437 887 4483 et
950 4430 1272 4487 benevolum
1325 4431 1581 4502 subjectis
1640 4434 1972 4503 exhibebat,
2023 4447 2082 4491 ut

497 4521 672 4593 magis
718 4521 883 4577 vellet
925 4522 1074 4594 diligi
1105 4524 1281 4595 “quam
1341 4524 1558 4591 timeri,
1613 4528 1786 4598 magis
1829 4530 2083 4596 prodesse

499 4628 665 4683 quam
720 4628 975 4686 praeesse.
1029 4613 1161 4681 Quis
1204 4632 1442 4687 unquam
1495 4618 1561 4673 de
1615 4618 1719 4673 hoc
1777 4620 1894 4674 viro
1940 4621 2083 4690 quod

495 4705 807 4775 displiceret
830 4703 1086 4760 audivit?
1121 4707 1243 4777 quis
1289 4708 1497 4763 audivit
1529 4717 1587 4763 ut
1633 4709 1932 4766 crederet?
1963 4712 2084 4780 quis

496 4794 730 4849 credidit
755 4802 816 4849 ut
859 4806 969 4848 non
998 4795 1172 4867 magis
1206 4811 1267 4851 se
1300 4797 1474 4866 ipsum
1526 4798 1876 4868 malignitatis
1915 4808 1968 4854 et
2002 4800 2085 4854 in-

499 4885 682 4943 l‘amite
707 4887 1032 4944 denotaret?
1058 4886 1175 4958 Ipse
1215 4888 1362 4943 enim
1412 4890 1513 4945 sibi
1565 4893 1945 4947 auctoritatem
1984 4901 2080 4947 da-

496 4975 632 5042 bat,
685 4976 779 5047 qui
815 4976 868 5030 in
917 4978 1174 5033 omnibus
1222 4978 1338 5033 suis
1390 4978 1602 5034 actibus
1658 4979 1741 5034 vel
1779 4980 2084 5036 aetionibus

569 5103 681 5177 (l0)
724 5102 1037 5177 Sic‘codett
1070 5103 1469 5176 Crespeiensis,
1497 5106 1636 5161 alius
1664 5120 1786 5159 cum
1823 5107 2080 5165 Bollando

498 5172 743 5246 ligneam.
798 5172 993 5246 Nostra
1026 5174 1185 5246 lectio
1209 5172 1435 5231 'videtur
1467 5176 1677 5246 melior,
1709 5178 1853 5243 quod
1892 5181 2083 5233 auctor

2190 3161 2527 3218 ornamentis
2555 3159 2886 3231 amplissime
2914 3160 3139 3215 dilatata
3167 3168 3475 3215 creverunt.
3506 3158 3776 3213 Constru-

2190 3252 2270 3307 xit
2300 3252 2461 3307 etiam
2494 3250 2546 3306 in
2574 3251 2780 3307 ultimis
2808 3252 2931 3307 vitae
2956 3266 3067 3308 suae
3098 3251 3152 3306 in
3176 3250 3435 3321 praediolo
3461 3251 3773 3321 genitorum

2183 3359 2417 3400 suorum
2446 3344 2719 3415 quoddam
2762 3345 3149 3400 monasterium
3175 3383 3192 3411 ,
3238 3343 3392 3399 Volta
3422 3344 3497 3416 (Ia
3535 3342 3718 3416 Voute)
3745 3359 3780 3397 a

2190 3432 2524 3488 revolutione
2552 3448 2705 3504 aqua:
2729 3433 3210 3490 circumcurrentis
3236 3442 3632 3504 nuncupatum,
3658 3444 3782 3490 stu-

2187 3521 2342 3580 dioso
2363 3538 2530 3593 opere
2560 3525 2901 3592 decoratum,
2932 3526 3074 3596 quod
3111 3526 3179 3580 de
3204 3525 3520 3581 {redditihus
3544 3540 3779 3581 suorum

2189 3612 2486 3668 amicorum
2518 3613 2865 3683 antiquorum
2895 3622 2949 3669 et
2978 3622 3264 3685 parentum
3292 3653 3311 3680 ,
3339 3622 3503 3686 prout
3548 3616 3735 3684 potuit
3757 3653 3776 3679 .

2188 3704 2256 3760 ad
2282 3703 2626 3760 serviendum
2656 3707 2769 3761 Deo
2818 3706 3158 3761 hmrcditavit
3183 3745 3200 3773 ,
3242 3714 3300 3761 et
3341 3706 3780 3775 competentibus

2186 3795 2342 3852 libris
2364 3795 2450 3852 vel
2478 3796 2814 3853 ornamentis
2842 3797 3098 3853 decenter
3111 3797 3424 3852 adornavit.
3468 3794 3527 3851 Si
3558 3796 3772 3851 inimici

2141 3886 2642 3952 .subsanaverint,
2691 3886 2777 3942 vel
2829 3886 2990 3942 amici
3034 3885 3481 3958 reprehenderint
3516 3900 3607 3940 me
3658 3886 3779 3965 haec

2187 3979 2459 4049 superﬂue
2497 3980 2763 4050 posuisse,
2796 3980 3049 4036 noverint
3071 3978 3340 4050 profecto,
3367 3978 3625 4034 noverint
3655 3978 3776 4032 tunc

2187 4070 2368 4125 omnia
2391 4072 2459 4126 ad
2489 4070 2717 4127 virtutes
2739 4071 2905 4127 animi
2933 4070 3052 4139 ejus
3077 4080 3348 4142 spectare,
3364 4078 3420 4126 et
3441 4085 3542 4141 pro
3566 4069 3775 4125 talibus

2187 4160 2489 4229 patrocinia
2543 4170 2857 4216 sanctorum
2906 4160 3145 4216 feliciter
3183 4161 3553 4231 promeruisse
3606 4169 3777 4230 atque

2199 4264 2459 4306 coronam
2491 4251 2664 4306 beata:
2693 4251 3067 4307 retributionis
3085 4250 3199 4320 jam
3231 4267 3262 4305 a
3310 4251 3539 4306 Domino
3581 4264 3772 4321 perce-

2189 4343 2352 4414 pisse.
2378 4343 2520 4411 Quid
2562 4342 2697 4413 jam,
2742 4345 2951 4413 agimus
2980 4343 3206 4398 anima?
3237 4358 3337 4399 cur
3374 4353 3484 4398 tam
3532 4342 3774 4413 prolixas

2187 4435 2682 4492 circumlocutionis
2702 4451 2885 4492 moras
2914 4435 3283 4492 innectimus?
3327 4435 3407 4489 sic
3437 4432 3661 4489 diﬂ‘erre
3683 4449 3774 4487 vo-

2185 4528 2363 4583 lumus
2394 4538 2648 4593 mortem,
2707 4538 2763 4584 et
2806 4528 2971 4583 vitam
3015 4527 3197 4583 facere
3241 4527 3563 4595 longiorem,
3615 4525 3772 4595 quasi

2190 4619 2473 4675 timeamus
2497 4620 2683 4673 venire
2708 4618 2775 4673 ad
2802 4618 3070 4673 ultimum.
3102 4618 3282 4673 Manet
3305 4617 3483 4672 adhuc
3534 4615 3624 4670 illa
3651 4631 3774 4671 sen-

2190 4710 2357 4762 tentia
2389 4710 2565 4779 primo
2594 4709 2798 4764 homini
2849 4710 2973 4763 data
3002 4726 3016 4762 :
3050 4708 3211 4764 Terra
3241 4725 3295 4763 es
3321 4748 3337 4774 ,
3384 4719 3431 4762 et
3477 4709 3531 4761 in
3575 4721 3771 4761 terram

2187 4799 2285 4852 ibis
2308 4796 2459 4869 (Gen.
2500 4816 2557 4853 ut
2585 4840 2600 4865 ,
2636 4799 2744 4870 l9).
2795 4799 3071 4869 Quotquot
3116 4806 3234 4868 post
3280 4800 3423 4853 hanc
3460 4806 3771 4860 venerunt,

2187 4902 2379 4946 omnes
2407 4890 2807 4959 praeterierunt,
2831 4898 2889 4944 et
2919 4889 3109 4943 mortis
3159 4888 3328 4960 legem
3371 4886 3771 4956 persolverunt.

2188 4980 2383 5034 Μαι-ιιιὶ
2420 4988 2546 5033 sunt
2572 4979 2918 5048 patriarchae,
2935 4980 3212 5048 propheta:
3230 4986 3286 5034 et
3312 4976 3568 5047 apostoli,
3589 4990 3769 5047 rcges,

2188 5114 2341 5182 locus
2380 5112 2433 5166 in
2455 5127 2590 5182 pago
2613 5110 3007 5182 Matisconeusi
3024 5112 3185 5175 situs,
3209 5111 3369 5182 datus
3389 5118 3475 5182 est.
3508 5109 3567 5182 S_.
3598 5107 3771 5164 Odoui

2189 5198 2221 5237 a
2250 5180 2490 5237 Roberto
2518 5180 2772 5250 episcopo
2802 5180 3061 5235 Valentia:
3101 5191 3160 5235 et
3204 5180 3470 5235 Edwardo
3502 5180 3623 5249 ejus
3644 5193 3770 5247 ger-

497 5242 746 5319 videatur
765 5242 1003 5299 alludere
1032 5245 1100 5298 ad
1124 5247 1350 5316 Augusti
1374 5246 1606 5300 Caesaris
1632 5242 1836 5299 dictum
1860 5246 1924 5301 de
1949 5250 2102 5303 urbe
2193 5266 2376 5305 mano.
2408 5242 2662 5305 Amberta
2702 5242 2776 5304 ad
2822 5265 3018 5319 pagum
3056 5249 3471 5319 Lugdunensem
3509 5242 3770 5319 pertinet,

498 5312 695 5358 ana-

2191 5322 2254 5358 ad
2317 5320 2581 5358 Anmrnnc
2620 5335 2747 5358 \mrn
2807 5317 2951 5358 [liv—ie
3026 5317 3185 5358 vnldh
3232 5318 3326 5358 R52
3396 5326 3448 5358 nl
3492 5317 3767 5358 ΙῘρΙειίιιίξιδ-
