4116 5358
215 301 321 357 909
1596 292 1778 348 V’ITA.
1817 323 1840 332 -

1856 323 1888 334 —
1926 292 2054 347 LIB.
2093 292 2140 346 1.
3376 289 3481 349 910

213 419 591 485 imperatores,
621 413 918 484 principes,
963 411 1193 482 majores
1222 421 1275 467 et
1317 411 1593 476 minores;
1625 421 1784 480 quot-
1818 415 1864 470 Α
1892 407 2069 479 guinis
2096 407 2348 472 sumitur,
2397 422 2504 477 pax
2550 405 2814 462 fratribus
2842 407 3138 476 praebetur,
3167 415 3221 464 et
3263 408 3330 462 ad
3359 406 3485 465 ulti-

213 517 342 574 quot
370 505 680 561 habuerunt
705 504 915 557 initium
941 503 1218 567 nascendi,
1270 503 1470 557 habent
1516 500 1786 556 conditio-
1891 513 2040 552 mum
2091 497 2182 551 illa
2216 496 2498 553 salutifera
2543 512 2677 552 crux
2722 507 2922 554 nostrae
2967 499 3374 569 redemptionis,
3429 509 3488 557 et

214 611 337 649 nem
390 593 703 658 moriendi;
741 593 954 663 excepti
1003 601 1130 648 sunt
1169 592 1314 647 Elias
1357 600 1413 646 et
1463 591 1646 646 Euoch
1673 630 1688 655 ,
1736 601 1793 645 et
1893 590 2073 659 imago
2109 587 2356 644 crucifixi
2398 588 2610 644 Domini
2641 588 2813 644 nostri
2853 590 2921 644 ad
2948 591 3215 645 orandum
3246 604 3488 660 praesen-

217 688 314 756 ipsi
343 687 398 740 in
427 701 525 741 suo
553 686 762 751 ordine,
794 686 1126 754 temporibus
1153 683 1472 739 Antichristi
1520 682 1791 737 morituri.
1897 688 2064 735 tatur.
2096 679 2140 736 Ο
2173 679 2397 735 Domine
2433 678 2588 736 Jesn!
2621 679 2788 764 in‘illa
2812 679 2945 734 hora
2973 696 3094 751 quae
3117 681 3372 752 suspiria,
3393 682 3487 751 qui

218 777 448 832 Moritur
474 775 646 832 Filius
688 777 781 832 Dei
808 794 822 842 ;
851 777 1010 833 aliter
1057 792 1156 831 nos
1178 817 1193 838 ,
1223 775 1382 830 aliter
1426 775 1514 830 ille
1540 793 1554 840 ;
1586 775 1673 830 ille
1703 790 1798 845 po-
1897 770 2128 837 gemitus
2159 768 2405 825 fuerunt!
2457 785 2578 840 qua:
2617 772 2923 826 recordatio
2953 780 3008 826 et
3054 771 3324 828 confessio
3353 771 3490 827 deli-

221 875 450 929 testate,
501 881 602 921 nos
651 847 1000 931 conditione;
1061 866 1149 919 ille
1192 865 1508 931 voluntate,
1557 881 1658 920 nos
1710 879 1802 918 ne-
1900 871 2138 926 ctorum,
2170 876 2291 930 quae
2318 859 2641 932 glorificatio
2683 870 2788 916 tua:
2827 861 3146 930 majestatis,
3192 878 3311 932 quae
3341 863 3493 916 invo-

221 941 475 1012 cessitate
505 995 520 1020 ,
567 955 813 1024 quamvis
863 964 920 1010 et
982 955 1096 1026 ipse
1144 956 1487 1020 necessitate,
1537 955 1660 1025 quia
1705 971 1802 1024 pro
1901 951 2047 1006 catio
2080 953 2154 1005 tui
2184 951 2440 1016 nominis,
2478 959 2534 1005 et
2563 966 2683 1020 quae
2721 951 2981 1005 memoria
3013 960 3116 1006 tuae
3146 951 3413 1022 passionis
3437 961 3497 1028 et

222 1056 405 1099 nostra
449 1045 787 1100 liberatione.
843 1045 957 1101 Nisi
1001 1047 1144 1100 enim
1198 1047 1289 1101 ille
1331 1056 1654 1111 moreretur,
1704 1061 1804 1099 nos
1904 1053 2107 1097 nostrm
2137 1043 2553 1111 redemptionis!
2601 1043 2680 1095 lta
2721 1041 2864 1096 enim
2902 1043 3182 1113 suspensis
3217 1043 3412 1107 oculis,
3438 1052 3497 1097 et
3570 1107 3576 1118 ι

225 1151 330 1189 non
357 1151 763 1206 resurgeremus
792 1152 807 1202 ;
839 1137 1067 1190 moritur
1107 1137 1214 1199 ille,
1267 1148 1326 1191 ut
1359 1153 1456 1192 nos
1500 1145 1622 1206 post
1659 1152 1806 1189 mor-
1904 1131 2268 1202 lacrymarum
2298 1131 2558 1185 imbribus
2587 1131 2760 1201 plenis
2775 1132 3239 1201 contemplabatur
3259 1142 3494 1188 et‘com-
3574 1140 3578 1147 '

233 1234 340 1280 tcm
368 1227 534 1279 vitam
565 1241 916 1295 speraremus
938 1237 1222 1281 aeternam.
1905 1221 2213 1292 patiebatur
2235 1221 2308 1275 ttti
2333 1221 2511 1275 vultus
2539 1221 2855 1292 imaginem,
2901 1222 3056 1291 quasi
3104 1221 3300 1276 iterum
3329 1232 3384 1278 te
3418 1221 3499 1294 vi-

232 1336 360 1390 CAP.
399 1336 712 1410 .\'_lV.—De_‘
733 1338 958 1410 transitu
984 1339 1116 1408 ejus.
1148 1339 1419 1404 Quomodo
1463 1351 1658 1394 terram
1693 1341 1808 1410 ejus

1907 1313 2062 1369 deret
2090 1312 2334 1383 crucifigi
2367 1321 2421 1367 et
2451 1312 2612 1368 mori.
2641 1311 2868 1368 Astabat
2900 1311 2996 1366 tibi
3031 1320 3173 1368 totus
3199 1328 3499 1383 suspensus

424 1408 604 1460 beatus
628 1408 839 1475 spiritus
870 1401 1098 1462 deseruit
1131 1401 1385 1479 uictosque
1408 1413 1605 1480 petivit.
1713 1401 1731 1410 ⁷
1909 1417 2032 1458 Cum
2072 1401 2240 1456 Maria
2277 1410 2476 1467 matre,
2528 1403 3036 1472 pertransiebatque
3085 1405 3321 1457 animam
3355 1403 3500 1458 illius

299 1495 358 1549 in
381 1497 638 1550 extremis
674 1496 856 1566 itaque
885 1498 1006 1551 vita:
1028 1513 1137 1552 sua:
1164 1499 1336 1554 felicis
1360 1501 1636 1555 memoria:
1652 1500 1813 1557 0dilo
1911 1508 1924 1548 ε

1911 1491 2194 1548 acerrima:
2240 1492 2674 1562 compunctionis
2715 1492 2946 1563 gladius.
2985 1490 3181 1548 Nescio
3227 1491 3503 1562 corporeis

232 1599 328 1653 per
352 1585 779 1654 quinquennium
813 1587 966 1641 novis
995 1587 1190 1643 iterum
1216 1597 1270 1642 et
1315 1590 1652 1659 gravissimis
1692 1608 1812 1646 cru.
1912 1601 1980 1640 an
2017 1585 2357 1655 incorporeis
2386 1586 2561 1641 oculis
2587 1587 2913 1656 respiciebat
2957 1602 2988 1642 e
3019 1587 3189 1643 latere
3222 1587 3505 1642 inimicum

232 1678 462 1732 ciatibus
483 1677 647 1748 coepit
672 1679 1023 1735 vehementer
1043 1679 1225 1751 amigi.
1251 1682 1351 1748 Qui
1381 1697 1500 1736 cum
1525 1681 1638 1751 jam
1670 1699 1813 1738 mor-
1915 1675 2289 1732 insidiatorem
2331 1677 2554 1732 humani
2583 1678 2820 1748 generis,
2872 1679 2964 1748 qui
3005 1694 3109 1734 nec
3141 1680 3212 1735 ab
3254 1678 3371 1748 ipso
3399 1679 3506 1733 Do-

236 1777 342 1820 tem
373 1767 603 1821 vicinam
627 1769 875 1833 sentiret,
903 1779 1216 1826 sanctorum
1239 1771 1606 1842 apostolorum
1629 1772 1813 1828 limina
1847 1757 1890 1816 Β
1919 1767 2066 1822 mino
2122 1777 2348 1823 conatus
2409 1783 2520 1824 sua:
2586 1767 2793 1824 fraudis
2851 1769 3142 1836 abslinuit,
3189 1779 3381 1825 contra
3447 1784 3508 1824 se

239 1857 391 1921 adiit,
422 1872 488 1911 eo
513 1867 734 1923 voto,ea
762 1860 1813 1932 spe,tttibisubtantorumapostolorum
1918 1865 2088 1913 stare.
2138 1856 2364 1914 Videres
2415 1858 2604 1923 illum,
2675 1867 2732 1913 et
2783 1857 2952 1914 libero
3004 1858 3240 1914 clamore
3292 1859 3508 1936 audires

237 1947 574 2014 protectione
601 1947 837 2002 debitum
863 1951 1054 2005 mortis
1079 1951 1405 2018 exsolveret,
1434 1952 1575 2008 sicut
1605 1968 1818 2024 semper
1918 1948 2244 2018 quibusdam
2293 1949 2630 2005 terribilibus
2686 1950 3208 2006 contradictionibus
3252 1965 3374 2006 eum
3426 1950 3510 2004 in-

239 2036 295 2088 in
323 2037 467 2090 votis
499 2037 782 2091 habuerat.
817 2037 923 2094 Sed
953 2041 1077 2109 quia
1111 2057 1217 2096 non
1257 2050 1341 2096 est
1374 2042 1428 2096 iu
1467 2042 1700 2099 hominis
1726 2060 1820 2114 po-
1920 2052 2175 2108 crepare.
2236 2047 2292 2094 el
2321 2047 2383 2092 υῐ
2409 2052 2438 2091 a
2492 2053 2553 2092 se
2601 2037 2760 2110 longe
2803 2039 3080 2096 recederet
3137 2039 3508 2110 imperialibus

238 2135 433 2179 testate
460 2128 541 2180 via
569 2126 703 2196 ejus,
733 2128 892 2183 aliter
919 2145 978 2184 se
1003 2144 1096 2184 res
1126 2131 1315 2184 habuit
1343 2146 1504 2200 quam
1555 2134 1815 2202 speravit.
1919 2127 2101 2183 verbis
2125 2127 2337 2198 jubere.
2375 2128 2442 2182 Et
2482 2137 2542 2182 ut
2587 2130 2768 2184 verbis
2811 2129 2983 2200 ipsius
3020 2129 3252 2200 loquar:
3286 2149 3304 2183 ι
3342 2130 3461 2186 Tibi
3491 2172 3508 2198 ,

241 2216 439 2272 Mansit
467 2219 650 2289 itaque
681 2222 752 2276 ibi
783 2238 881 2293 per
914 2233 1146 2294 quatuor
1192 2239 1411 2279 menses
1437 2266 1451 2288 ,
1500 2226 1818 2292 gravissima
1921 2215 2118 2286 inquit.
2158 2217 2379 2270 humani
2407 2216 2627 2288 generis
2673 2217 2926 2283 inimice.
2965 2218 3230 2274 ίηιετάῖοο
3254 2233 3353 2290 [δεῖ
3395 2220 3510 2274 Vir-

243 2310 486 2379 corporis
513 2312 760 2367 detentus
790 2313 1122 2368 infirmitate.
1145 2315 1346 2369 Aderat
1373 2314 1478 2369 sibi
1499 2314 1672 2370 dulcis
1711 2330 1824 2370 me-
1922 2312 2090 2358 "item
2145 2305 2359 2360 Domini
2411 2307 2516 2360 ῐηεῖ
2564 2305 2691 2362 ’05“
2746 2307 2948 2364 Clitis“
3003 2318 3060 2365 θῑ
3109 2325 3208 2379 Per
3251 2310 3510 2364 “uiuum

241 2402 428 2456 moria:
449 2401 745 2458 Clementis
765 2419 937 2476 papae,
961 2405 1029 2460 de
1058 2420 1164 2474 quo
1187 2421 1349 2476 supra
1377 2407 1820 2469 memoravimus,
1922 2403 2125 2451 επιειαέ
2151 2398 2349 2463 οΐυοῖε,
2381 2407 2566 2454 “Velle
2590 2413 2619 2452 ³
2646 2414 2732 2456 me
2762 2401 3048 2456 maChinaS
3084 2410 3234 2467 ωδε,
3270 2401 3512 2456 οεοιιιῑεὶε

243 2491 616 2548 desiderabilis
661 2495 990 2561 collocutio,
1036 2506 1090 2551 et
1137 2496 1446 2566 apostolica:
1512 2497 1824 2552 reverentia:
1923 2496 1978 2543 ei
2035 2491 2563 2558 aperias'inSidiaS.
2612 2493 2737 2562 quia
2775 2508 2911 2549 crux
2969 2493 3209 2552 Domini.
3241 2495 3348 2550 mei
3401 2496 3511 2550 vita

245 2583 588 2638 benedictio:
623 2584 877 2656 frequens
904 2589 1066 2642 etiam
1104 2590 1495 2644 monachorum
1518 2598 1571 2644 et
1601 2589 1826 2645 cierico—
1926 2577 2090 2644 milli.
2129 2593 2278 2634 mors
2320 2580 2435 2634 lilii-
2493 2581 2639 2636 Cm!
2699 2581 2913 2637 Domini
2953 2583 3060 2638 mei
3114 2597 3329 2639 mecum
3382 2593 3510 2648 081.

245 2686 362 2724 rum
397 2681 551 2742 grata
601 2676 883 2742 visitatio,
929 2678 1074 2732 inter
1119 2693 1256 2747 quos
1304 2679 1502 2749 saepius
1554 2681 1827 2736 revisebat
1926 2687 2088 2742 quem
2113 2686 2328 2742 semper
2367 2672 2556 2738 adoro,
2603 2689 2821 2744 semper
2861 2673 3124 2730 benedico
3163 2682 3220 2730 et
3276 2689 3420 2730 nunc
3458 2673 3513 2728 in

246 2761 476 2819 domnus
503 2764 832 2824 Laurentius
880 2769 1319 2838 archiepiscopus
1348 2771 1412 2824 de
1466 2769 1643 2824 Malfia
1691 2771 1824 2841 (l5),
1926 2763 2180 2818 manibus
2226 2764 2342 2833 ejus
2381 2765 2632 2833 Spiritum
2681 2781 2860 2820 meum
2911 2766 3254 2822 commendo.
3303 2766 3401 2821 His
3440 2767 3512 2820 ita

248 2853 326 2906 vir
350 2868 447 2922 per
471 2857 656 2909 omnia
703 2857 1102 2923 sanctissimus,
1137 2859 1188 2912 in
1219 2857 1520 2929 Scriptttris
1547 2863 1830 2930 utriusque

1927 2853 2176 2922 expletis,
2210 2855 2678 2926 appropinquabat
2724 2855 2838 2925 jam
2869 2856 3188 2912 solemnitas
3219 2856 3516 2912 Dominicze

249 2942 458 3013 linguze,
485 2943 690 3000 Graecae
735 2947 984 3003 videlicet
1023 2958 1078 3002 et
1109 2948 1350 3013 Latinae,
1385 2949 1827 3016 facundissimus,
1932 2943 2279 3011 Nativitatis,
2319 2946 2374 3000 in
2415 2947 2611 3016 quibus
2653 2947 2846 3003 diebus
2889 2947 3131 3004 solemne
3175 2947 3277 3004 sibi
3320 2949 3374 3003 in
3402 2947 3514 3002 vita

251 3037 511 3108 istiusque
573 3041 748 3094 nostri
809 3041 985 3097 Patris
1041 3043 1546 3101 familiarissimus:
1599 3061 1828 3115 quorum
1859 3093 1876 3115 ,

1889 3091 1902 3115 ,
1934 3051 2029 3091 sua
2057 3035 2257 3103 fuerat,
2286 3046 2346 3091 ut
2376 3039 2548 3109 magis
2591 3039 2860 3107 gratiosus
2890 3048 2947 3095 et
2974 3039 3244 3096 ofﬁciosus
3284 3053 3514 3111 appare-

809 3091 984 3097 __--_-
1602 3091 1827 3115 1--.“...
2130 3091 2140 3092 κ
2243 3091 2257 3103 .
2381 3091 2389 3092 κ
2438 3091 2540 3109 κυτ
2591 3091 2857 3107 υη--ν-τκτ
2898 3091 2944 3095 ν-
2981 3091 3240 3096 ν-η---πν
3288 3091 3481 3111 τίη-ην

252 3136 476 3196 uterque
537 3129 754 3184 animus
801 3131 1272 3202 conglutinabatnr
1330 3135 1592 3191 individui
1647 3091 1903 3191 amoreC
1934 3138 2035 3182 rei.
2069 3129 2260 3199 Vigilia
2299 3144 2429 3186 vero
2471 3131 2816 3195 adveniente,
2851 3132 2907 3186 in
2952 3132 3190 3204 capitulo
3232 3147 3355 3188 cum
3406 3132 3519 3188 fra-

253 3218 492 3285 spiritus.
556 3217 847 3288 Postquam
898 3237 1027 3277 vero
1084 3233 1272 3278 contra
1329 3240 1480 3294 spem
1523 3226 1830 3292 convaluit,
1935 3220 2109 3275 tribus
2157 3222 2432 3291 procedit;
2487 3222 2734 3276 nuntium
2765 3222 3005 3278 caelestis
3051 3223 3255 3279 oraculi
3287 3233 3345 3280 et
3377 3239 3510 3280 ven-

253 3307 415 3361 fultus
441 3316 754 3362 sanctorum
787 3310 1155 3378 apostolorum
1187 3312 1481 3382 suffragiis,
1507 3324 1563 3370 et
1589 3317 1832 3372 munitus

1935 3319 2070 3364 tura:
2098 3309 2407 3366 festivitatis
2435 3312 2613 3378 audit;
2645 3327 2818 3381 genua
2851 3311 3039 3379 ﬂectit,
3071 3316 3284 3381 adorat,
3314 3315 3519 3370 oratio-

255 3397 724 3454 benedictionibus
753 3401 1067 3469 apostolicis
1097 3403 1164 3456 ad
1213 3404 1432 3474 propria
1477 3405 1679 3469 rediit;
1711 3405 1836 3461 Clu-
1936 3416 2057 3455 nem
2090 3402 2362 3456 terminat.
2402 3401 2530 3458 Post
2558 3404 2670 3458 haec
2719 3412 2830 3458 tam
2875 3405 3068 3461 festive
3095 3415 3150 3461 et
3191 3407 3516 3473 luculenter,

258 3491 468 3543 niacum
501 3491 668 3553 venit,
695 3500 749 3545 et
781 3491 853 3545 ibi
889 3508 984 3562 per
1010 3504 1176 3548 totum
1221 3494 1334 3550 fere
1380 3512 1580 3551 annum
1623 3507 1824 3552 semet.-

1936 3499 1998 3545 ut
2037 3506 2311 3561 nunquam
2341 3493 2534 3548 melius
2561 3502 2688 3548 ante
2717 3495 2769 3548 in
2796 3495 2903 3548 vita
2927 3510 3024 3550 sua
3055 3496 3279 3563 fecerat,
3307 3513 3517 3553 sermo-

259 3571 429 3648 ipsum
451 3619 467 3644 ,
504 3580 555 3632 in
624 3591 886 3649 quamum
928 3582 1215 3638 inﬁrmitas
1245 3587 1514 3640 concessit
1543 3626 1557 3651 ,
1580 3585 1833 3656 jejuniis,
1937 3595 2059 3634 nem
2083 3593 2322 3650 perorat,
2349 3583 2414 3636 de
2455 3597 2552 3637 sua
2589 3593 2762 3637 morte
2803 3585 3054 3641 dolentes
3085 3586 3287 3641 fratres
3319 3602 3510 3642 001150-

259 3671 600 3724 orationibus
642 3679 697 3724 et
743 3673 942 3743 vigiliis
988 3676 1338 3730 vehementer
1373 3675 1603 3742 afﬂixit;
1641 3678 1837 3733 fratres
1937 3671 2098 3726 1³ηάο
2158 3673 2398 3739 relevat.
2448 3675 2516 3730 de
2563 3675 2654 3728 Dei
2700 3676 3075 3730 tttiscricot‘dia
3126 3692 3347 3746 sperare
3398 3689 3523 3748 post

261 3762 332 3813 ibi
363 3770 645 3814 manentes
671 3769 728 3815 et
758 3764 1204 3830 supervenientes
1241 3765 1344 3833 piis
1365 3767 1838 3824 exhortationibus
1939 3772 2167 3818 mortem
2197 3779 2352 3819 suam
2383 3764 2667 3820 denunliai
2691 3805 2706 3830 ν
2756 3765 2952 3822 deinde
2998 3782 3122 3822 cum
3167 3767 3272 3822 illis
3311 3769 3524 3839 gaudiis

264 3850 555 3915 instruxit,
613 3860 668 3904 et
726 3849 966 3905 velocem
1008 3853 1091 3906 sui
1146 3854 1394 3922 corporis
1445 3855 1838 3924 depositionem
1940 3861 2105 3907 tanta
2150 3851 2464 3909 festivitatis
2493 3855 2760 3910 interesse
2812 3855 3080 3912 sollicitus
3107 3867 3381 3928 procurat.
3415 3857 3521 3913 Sed

263 3941 544 3994 imminere
569 3941 837 4008 przedixit.
865 3942 1186 3996 Decreverat
1209 3951 1328 4012 post
1351 3944 1464 3998 haec
1487 3953 1548 3997 ut
1571 3954 1841 4000 monaste-
1939 3943 2066 4012 quia
2101 3941 2213 4011 jam
2250 3959 2388 4013 pene
2421 3945 2690 4000 exanimis
2722 3946 2775 3999 in
2828 3946 3019 4016 majori
3067 3947 3298 4002 ecclesia
3348 3949 3528 4003 sancti

264 4031 339 4083 ria
369 4046 466 4085 sua
493 4041 548 4085 et
575 4030 740 4085 cellas
763 4032 1041 4097 circuiret,
1068 4032 1268 4088 fratres
1293 4034 1566 4100 visitaret,
1596 4038 1842 4106 paternis
1939 4033 2108 4098 Petri,
2150 4048 2257 4102 quo
2278 4042 2574 4089 conventus
2595 4034 2825 4089 fratrum
2857 4037 3236 4104 conveniebat,
3259 4038 3532 4095 interesse

268 4121 730 4175 admonitionibus
786 4122 1102 4178 instruendo
1132 4123 1196 4176 ad
1230 4123 1456 4178 meliora
1498 4136 1839 4194 provocarat,
1945 4137 2052 4176 non
2100 4133 2336 4191 iiOlel'ai.
2382 4125 2436 4178 in
2487 4125 2718 4180 CCCleSia
2770 4127 2864 4182 θεῖ
2910 4131 3190 4200 genitricis
3219 4140 3276 4186 el
3302 4132 3528 4203 Virginis

264 4220 317 4262 et
341 4213 425 4263 sic
455 4211 673 4264 demutn
711 4226 1034 4280 quocunque
1081 4212 1380 4278 secederet,
1408 4214 1479 4268 ibi
1507 4230 1662 4269 suam
1704 4217 1844 4272 solli-
1943 4213 2147 4280 Mariae,
2190 4214 2460 4284 aliquibus
2507 4215 2769 4273 fratribus
2817 4233 3001 4274 secum
3051 4222 3323 4288 detentis,
3371 4225 3526 4294 quasi

264 4302 402 4354 citus
434 4302 774 4356 vocationem
817 4313 1182 4372 exspectaret.
1217 4302 1332 4358 Hoc
1375 4320 1541 4375 Opere
1583 4307 1843 4376 inccepto,
1946 4303 2165 4370 quidam
2207 4303 2435 4360 feSliVUS
2464 4315 2793 4374 Ρΐωοειιῑονν
2823 4309 3062 4377 Psalmos
3111 4319 3166 4366 ει
3205 4313 3528 4382 θιιιίριιοηθε

267 4393 618 4448 Silviniacum
645 4395 879 4460 venitur,
905 4411 1012 4465 quo
1043 4397 1410 4464 praedecessor
1456 4413 1589 4453 suus
1623 4410 1844 4456 sanctus
1871 4438 1922 4497 υ
1947 4394 2276 4465 imponebat.
2312 4397 2721 4461 benedictiones
2764 4401 2950 4467 dabal,
2996 4412 3052 4457 ei
3092 4419 3320 4475 quaeque
3350 4406 3526 4462 Ollicia

267 4483 495 4538 Maiolus
540 4484 770 4538 moritur
804 4494 860 4539 et
909 4485 1151 4556 sepultus
1196 4488 1510 4556 requiescit.
1540 4488 1617 4544 lbi
1667 4483 1918 4560 itaque"
1951 4496 2116 4543 tantae
2153 4489 2432 4544 festivitati
2484 4493 2856 4562 congruentia,
2883 4494 3082 4550 oblitus
3124 4511 3400 4567 corporea:
3445 4499 3530 4552 in-

269 4588 373 4628 non
402 4573 588 4643 paucis
606 4573 800 4658 .diebus
831 4585 1245 4640 commoratus,
1299 4592 1422 4631 cum
1469 4577 1700 4633 instaret
1734 4579 1845 4647 jam
1953 4579 2268 4644 ﬁrmitatis,
2332 4580 2487 4635 laetus
2540 4581 2898 4650 persolvebat.
2955 4583 3234 4641 Jttcundus
3279 4589 3423 4642 enim
3477 4599 3532 4642 et

269 4671 532 4724 adventus
559 4667 852 4723 Dominicae
875 4667 1206 4735 Nativitatis,
1235 4679 1292 4724 et
1312 4671 1426 4740 ipse
1463 4680 1721 4740 tanquam
1745 4688 1847 4727 vox
1953 4669 2199 4735 festivus,
2228 4669 2438 4735 festive,
2472 4685 2576 4725 non
2601 4671 2712 4740 jam
2754 4687 2852 4742 per
2896 4674 3171 4742 speculum
3201 4684 3259 4729 et
3305 4677 3357 4730 in
3404 4675 3536 4730 aani-

269 4772 632 4826 praccurrens,
673 4757 740 4812 de
763 4759 848 4812 die
864 4758 918 4814 in
950 4759 1090 4814 diem
1119 4759 1317 4828 popqu
1348 4769 1509 4814 tantae
1540 4760 1851 4817 festivitatis
1955 4773 2153 4836 gmate,
2188 4765 2281 4819 sed
2313 4764 2454 4820 facie
2499 4765 2566 4818 ad
2608 4765 2800 4820 faciem
2828 4803 2846 4830 ,
2896 4767 3182 4821 Dominum
3230 4767 3534 4822 venientem

270 4849 464 4917 gaudia
519 4849 574 4902 in
625 4863 724 4902 suo
755 4863 1004 4903 sermone
1035 4849 1245 4918 publice
1283 4851 1643 4918 denuntiaret,
1674 4854 1853 4908 subito
1956 4855 2231 4924 suscipere
2261 4857 2502 4921 volebat,
2533 4866 2588 4910 et
2635 4859 2702 4912 ad
2749 4859 2854 4913 hoc
2901 4867 3014 4914 toto
3059 4858 3328 4913 desiderio
3362 4855 3538 4925 suspi-

274 4940 346 4992 illi
389 4939 473 4993 sui
521 4939 763 4994 diuturni
802 4940 1095 5004 cruciatus,
1140 4949 1195 4992 et
1243 4941 1608 5009 antiquissimi
1642 4941 1855 4996 dolores
1957 4948 2134 5002 rabat.
2163 4947 2295 5001 Erat
2323 4957 2473 5004 certe
2502 4947 2766 5002 sollicitus
2795 4947 2980 5010 valde,
3030 4962 3098 5000 ne
3135 4946 3317 5000 minus
3370 4947 3542 5012 impa-

273 5030 429 5086 Simul
454 5031 522 5085 ad
549 5030 735 5085 Vilalia
769 5040 1184 5100 οοιιετθεειιιιυΐν
1225 5040 1281 5084 ει
1319 5031 1385 5085 de
1409 5033 1528 5104 eius
1570 5031 1698 5096 Vila.
1727 5033 1852 5094 heu.
1957 5046 2134 5092 ratum
2166 5053 2224 5093 se
2250 5039 2523 5096 inveniret
2539 5037 2652 5106 jam
2698 5037 2988 5091 imminens
3017 5036 3212 5090 divina:
3237 5033 3545 5092 vocationis

272 5119 404 5188 prob
433 5121 606 5186 dolor,
630 5120 984 5190 desperatur!
1011 5119 1082 5175 Ut
1114 5126 1197 5174 est
1217 5120 1600 5178 ecclesiastica:
1627 5135 1856 5177 consue-
1958 5129 2154 5183 exitus.
2200 5126 2419 5183 Viribus
2450 5128 2641 5194 itaque
2671 5124 2918 5192 corporis
2945 5137 3012 5177 ex
3059 5131 3170 5176 toto
3215 5137 3362 5191 pene
3408 5118 3551 5177 deti-

275 5213 487 5279 tudinis,
519 5213 720 5270 fratres
745 5227 870 5268 cum
917 5212 1136 5282 psalmis
1171 5218 1296 5266 ante
1340 5227 1461 5270 eum
1496 5213 1741 5277 veniunt,
1772 5228 1858 5268 se-
1960 5220 2250 5282 cjentibus,
2280 5233 2374 5286 per
2405 5224 2576 5271 imam
2602 5211 2996 5267 solemnitatem
3037 5209 3342 5278 bajuiomm
3373 5209 3551 5268 mani-

269 5305 501 5336 ιιιηιιΙησ-σι
551 5305 901 5336 ηηΛοΙΛιῖι-ιοησι
956 5301 1276 5336 οοηιίοηιῖιιιη
1306 5308 1477 5336 nnnlin
1529 5303 1650 5336 ﬁdo:
1696 5320 1858 5336 cuinon

1963 5311 2062 5336 '\Iuh
2095 5321 2192 5336 usa.
2219 5307 2461 5336 ρξιιιοιιιηο
2493 5305 2654 5336 ἱππ-αα
2687 5301 2894 5336 ιῖἷηνηηὶ
2923 5313 2986 5336 00
3027 5300 3266 5336 nnnlinm
3321 5310 3377 5336 οὐ
3408 5299 3555 5336 μοιβ..
