4116 5358
612 268 708 326 9η

1560 263 1617 318 S.
1655 261 1971 318 ODlLONlS
2009 253 2506 317 CLUNIACENSIS
2547 260 2828 316 ABBATIS
2861 261 2905 314 γ

3757 263 3866 319 912

611 398 823 454 semper
848 380 1118 453 mysteriis
1148 387 1448 442 recreatur,
1497 370 1552 434 et
1579 379 1721 434 diem
1753 394 1863 433 suae
1883 367 2184 432 vocationis
2212 384 2260 442 Α
2289 376 2391 430 mis
2433 376 2693 439 redditur,
2727 377 2868 430 inter
2896 389 3088 430 manus
3122 381 3363 439 tenetur;
3410 371 3644 429 cilicium
3689 390 3720 429 a
3750 373 3865 430 fra-

607 475 752 530 circa
785 472 1128 526 festivitatem
1174 471 1465 525 Dominica:
1511 470 1954 525 Circumcisionis
2003 471 2176 524 immi-

608 581 735 623 nere
763 581 860 634 pro
889 573 1040 618 certo
1069 571 1298 617 testatur
1326 581 1339 629 ;
1370 578 1677 617 memorans
1717 563 1858 616 illius
1895 562 2175 632 perfectis-

605 657 728 712 simi
787 655 889 709 viri
937 655 1116 709 domui
1166 654 1420 708 Willclmi
1479 655 1690 708 abbatis
1735 653 2074 708 Divionensis
2124 653 2178 706 in

607 751 794 804 eadem
827 757 1013 802 sancta
1057 748 1482 802 Circumeisione
1513 749 1740 813 obitum,
1774 749 1863 816 qtti
1894 757 2179 817 propterea

603 841 793 895 eadem
818 841 904 894 die
935 854 1191 895 coronam
1219 841 1428 908 accepit
1475 838 1668 893 divina:
1705 841 2177 905 remunerationis,

509 932 512 935 ’
602 928 729 1000 quia
776 943 988 997 semper
1017 929 1105 998 pie
1134 928 1566 996 compatiebatur
1617 938 1798 982 tenera
1826 928 2045 982 Vulnera
2075 929 2180 982 Do-

603 1016 786 1070 minici
827 1016 1037 1070 cruoris
1062 1056 1075 1081 ,
1130 1016 1382 1070 videlicet
1424 1018 1718 1070 secundum
1770 1016 2176 1086 Hieronymum,

602 1105 852 1175 injuriam
909 1105 1376 1161 Circumcisionis.
1435 1107 1608 1162 Simili
1673 1108 1830 1162 modo
1873 1117 1926 1162 et
1976 1109 2076 1162 iste
2124 1108 2175 1162 in

602 1195 940 1247 humanitate
965 1193 1290 1260 Salvatoris,
1329 1196 1572 1250 eamdem
1605 1198 1836 1251 habebat.
1863 1197 2176 1266 qualitatem

601 1281 924 1338 affectionis.
956 1283 1126 1353 Igitur
1174 1286 1391 1354 utrique
1416 1301 1520 1340 uno
1545 1287 1841 1357 eodemque
1869 1288 2176 1342 alliciebat]-

601 1381 691 1427 tur
719 1374 936 1443 pietatis
988 1388 1208 1444 genere,
1263 1375 1424 1429 simili
1472 1391 1684 1446 quoque
1720 1378 1786 1431 de
1831 1379 1931 1432 hoc
1979 1379 2176 1433 mundo

600 1475 872 1520 vocantur
911 1465 1271 1520 solemnitatis
1311 1477 1572 1536 tempore,
1622 1485 1726 1522 non
1776 1469 1977 1539 dispari
2010 1471 2175 1524 etiam

597 1553 835 1610 incaalis
865 1555 1132 1626 refulgent
1162 1557 1429 1612 claritate.
1477 1559 1717 1613 Fuerunt
1745 1562 1887 1615 enim
1917 1563 2059 1616 inter
2093 1577 2171 1627 se,

598 1643 726 1698 dum
758 1645 1026 1712 viverent,
1073 1647 1231 1702 amici
1273 1647 1694 1716 iudissolubiles,
1729 1650 1781 1703 in
1818 1660 2006 1705 sancta
2045 1667 2172 1720 pro-

2287 469 2457 522 tribus
2487 468 2807 523 festinanter
2833 469 2888 523 in
2938 477 3082 523 terra
3132 467 3414 530 sternitur,
3443 466 3654 522 cineres
3708 481 3868 537 spar-

2285 569 2502 628 guntur,
2537 566 2590 614 et
2629 568 2873 613 sanctum
2917 573 3113 628 corpus
3165 557 3565 627 superponitur.
3617 557 3864 614 Tandem

2287 659 2563 720 resumpto
2607 652 2823 720 Spiritu,
2863 651 2952 705 ubi
2984 660 3128 706 esset
3170 649 3455 719 quemdam
3486 648 3719 704 fratrum
3750 663 3869 707 suae

2286 743 2574 798 senectutis
2627 743 2882 811 bajulum,
2939 744 3157 798 nomine
3206 742 3564 807 Bernardum,
3607 743 3862 810 requirit.

2285 833 2401 900 Quo
2420 834 2648 898 dicente,
2675 835 2888 889 domine
2919 835 2970 888 in
2994 835 3173 888 cinere
3204 844 3257 888 et
3281 834 3476 897 cilicio,
3503 833 3612 888 Deo
3654 834 3864 902 gratias

2286 925 2580 993 respondit.
2632 925 2833 978 Deinde
2865 925 2908 980 si
2955 923 3190 978 infantes
3218 934 3272 978 et
3301 933 3601 978 conventus
3628 923 3862 977 fratrum

2285 1013 2536 1068 adessent
2563 1014 2826 1069 sollicitus
2875 1017 3194 1084 interrogat.
3229 1013 3328 1068 Cui
3369 1029 3490 1069 cum
3539 1029 3862 1083 reSponsum

2283 1114 2429 1160 esset
2476 1121 2664 1160 omnes
2715 1115 2913 1174 praesto
2964 1108 3150 1161 adesse
3195 1123 3208 1159 :
3261 1105 3476 1160 tandem
3551 1108 3852 1176 respiciens

2284 1209 2496 1248 crucem
2524 1203 2812 1259 astantem,
2855 1197 3003 1249 visus
3036 1195 3314 1249 oculorum
3359 1195 3410 1248 in
3463 1195 3606 1248 illam
3649 1197 3856 1266 dirigit,

2282 1295 2334 1340 et
2363 1296 2508 1340 motu
2542 1287 2806 1340 labiorum
2839 1287 3082 1356 quaedam
3137 1286 3339 1340 ultimae
3388 1288 3653 1342 orationis
3696 1288 3860 1340 verba

2282 1379 2383 1432 sub
2412 1379 2629 1432 silentio
2657 1371 2885 1447 profert.
2936 1380 3002 1433 Et
3056 1380 3128 1433 ita
3177 1380 3296 1432 sine
3345 1378 3448 1432 ulla
3504 1380 3860 1433 concussione

2281 1470 2563 1540 corporis,
2625 1479 2677 1524 ct
2724 1472 2840 1525 siue
2889 1471 3068 1540 aliqua
3123 1471 3441 1526 habitudine
3490 1471 3860 1539 incomposita:

2279 1563 2600 1627 all‘cctionis,
2653 1564 2851 1619 clausis
2882 1566 3053 1620 oculis
3104 1566 3155 1619 in
3202 1581 3334 1635 pace
3387 1565 3610 1635 quievit.
3651 1565 3861 1634 Corpus

2281 1651 2396 1722 ejus
2425 1669 2454 1707 a
2479 1653 2754 1718 fratribus,
2785 1654 2980 1723 quibus
3009 1655 3122 1724 ipse
3145 1653 3384 1723 iusserat
3423 1662 3476 1707 et
3506 1654 3861 1723 quemadmo-

594 1733 828 1790 fessionc
855 1737 1123 1806 aequales,
1152 1740 1284 1793 etin
1311 1741 1459 1794 omni
1507 1756 1716 1795 morum
1763 1743 2042 1798 honestate
2068 1759 2172 1799 non
2206 1734 2252 1794 Β
2279 1742 2404 1796 dum
2453 1743 2818 1808 ordinaverat,
2875 1743 3105 1806 lavatur,
3140 1744 3548 1806 aromatizatur,
3586 1742 3858 1812 componi-

596 1823 860 1892 dispares.
879 1827 1186 1894 Suspensus
1204 1829 1385 1898 itaque
1412 1831 1504 1884 tali
1541 1833 1944 1901 exspectatione
1963 1875 1976 1898 ,
2005 1843 2171 1889 totum

595 1911 724 1966 illud
763 1924 974 1984 tempus
1002 1931 1138 1984 pcuc
1169 1917 1284 1970 sine
1317 1919 1439 1972 cibo
1479 1928 1534 1974 et
1569 1929 1697 1990 potu
1731 1922 2082 1991 transigebat.
2109 1923 2176 1977 Et

596 2001 794 2056 mirum
827 2004 877 2056 in
911 2003 1129 2058 modum
1156 2020 1269 2060 rem
1302 2008 1570 2076 privatam
1596 2018 1650 2064 et
1676 2026 2113 2078 communem,ac
2128 2013 2174 2067 si

595 2091 732 2154 nihil
782 2103 1081 2161 pateretur,
1113 2097 1454 2165 disponebat,
1478 2109 1535 2154 et
1560 2101 1626 2156 de
1652 2103 1897 2170 corporis
1920 2104 1999 2157 sui
2031 2119 2175 2159 com-

592 2183 863 2250 positione
901 2187 986 2240 vel
1036 2188 1512 2257 scpultura,laetus
1558 2202 1613 2247 et
1660 2193 1858 2259 alacer,
1906 2197 2173 2264 quomodo

592 2273 748 2332 fieret
769 2281 1204 2334 commendabat.

656 2363 966 2421 Advenerat
1005 2373 1172 2424 sancti
1206 2370 1449 2428 Silvestri
1478 2374 1750 2444 pontificis
1771 2375 2036 2430 festivitas
2058 2419 2070 2443 ,
2119 2387 2173 2432 et

591 2456 775 2526 vigilia
797 2470 1124 2528 exspectata:
1155 2460 1646 2529 Cicrcumcisibnis,
1675 2483 1797 2522 cum
1841 2469 2020 2523 subito
2047 2478 2172 2523 aute

584 2546 760 2606 lucem
793 2551 963 2619 magis
984 2567 1046 2605 ac
1075 2554 1245 2624 magis
1276 2556 1454 2625 urgeri
1477 2557 1641 2625 coepit
1665 2557 1730 2611 ad
1761 2568 1999 2612 extrema
2027 2576 2170 2614 mor-

585 2641 677 2695 tis.
704 2641 1015 2712 Mysterium
1041 2647 1282 2715 corporis
1317 2657 1370 2700 et
1399 2650 1677 2719 sanguinis
1709 2651 1914 2705 Domini
1941 2669 2059 2705 cum
2092 2652 2168 2707 fe-

585 2731 879 2787 stinatione
903 2735 1147 2803 requirit,
1164 2736 1395 2791 fideliter
1417 2740 1682 2808 agnoscit,
1709 2740 1933 2794 devotus
1961 2743 2124 2796 sumit
2150 2761 2164 2806 ;

584 2821 784 2876 iterum
814 2839 946 2878 crux
971 2825 1249 2890 aduratur,
1286 2829 1481 2882 iterum
1507 2828 1752 2883 diabolus
1784 2830 2083 2898 repellitur,
2114 2840 2165 2884 et

589 2927 659 2968 ne
689 2914 756 2968 ad
787 2929 845 2968 se
867 2915 1115 2970 funestus
1155 2919 1521 2987 propinquare
1548 2922 1761 2986 audeat,
1799 2921 2166 2989 imperialibus

584 3003 769 3059 verbis
823 3005 1032 3059 iteratis
1085 3008 1423 3074 prohibetur.
1479 3008 1814 3064 Succedcnte
1869 3025 1996 3065 vero
2055 3011 2160 3074 die,

584 3102 773 3148 contra
827 3094 1186 3164 malignorum
1233 3097 1520 3166 spirituum
1554 3097 1831 3154 illusiones
1880 3101 2162 3168 cogitatio-

583 3200 822 3254 numque
871 3186 1228 3255 pessimarum
1285 3189 1663 3256 incursiones,
1711 3206 1808 3260 pro
1842 3199 1994 3247 scuto
2040 3193 2164 3247 fidei

582 3274 886 3346 symbolum
933 3291 1119 3330 coram
1154 3279 1408 3333 omnibus
1436 3279 1663 3350 legitur;
1716 3280 2046 3350 Augustinus
2070 3297 2165 3336 ex-

582 3382 791 3436 ponens
837 3367 1226 3432 introducitur,
1260 3370 1467 3424 intente
1516 3371 1755 3437 auditur,
1811 3372 1865 3425 in
1914 3387 2165 3428 sermone

582 3460 752 3511 etiam
802 3474 922 3516 cum
977 3461 1284 3533 astantibus
1313 3461 1623 3530 replicatur.
1654 3462 1712 3516 ln
1759 3462 1976 3534 longum
2023 3465 2162 3518 diem

579 3548 742 3604 lectio
762 3550 1131 3621 prolongatur,
1155 3560 1316 3622 atque
1342 3554 1393 3606 iu
1422 3554 1609 3608 ultimo
1635 3555 1931 3610 certamine
1957 3556 2163 3625 positus

583 3640 821 3705 animus,
853 3641 906 3694 in
953 3643 1153 3696 virtute
1205 3642 1328 3696 ﬁdei
1369 3643 1670 3710 solidatur,
1722 3661 1977 3714 morsque
2023 3648 2166 3702 inter

584 3731 701 3784 huic
731 3731 990 3799 paulatim
1015 3732 1247 3786 claustra
1277 3734 1457 3787 carnis
1493 3734 1798 3804 irrumpens
1844 3737 2160 3806 ingreditur.

578 3820 805 3878 Fratres
837 3831 961 3875 ante
996 3838 1118 3876 eum
1161 3823 1450 3877 venientes
1489 3824 1664 3878 denuo
1713 3826 2035 3890 salutantur,
2063 3841 2162 3894 pa-

508 3955 522 3960 -
577 3915 750 3968 ternis
781 3913 1245 3967 exhortationibus
1288 3922 1342 3967 et
1388 3914 1861 3970 benedictionibus
1889 3917 2166 3970 instruun-

581 4015 693 4071 tur,
722 4008 1142 4070 i‘nuniuntur,-et
1168 4015 1228 4059 ut
1254 4005 1319 4059 de
1374 4008 1656 4062 vocatione
1685 4023 1781 4061 sua
1815 4008 2029 4062 solliciti
2058 4008 2166 4062 sint

581 4095 960 4150 admonentur.
987 4094 1278 4149 Consultus
1305 4095 1370 4148 de
1416 4110 1728 4151 successore
1760 4115 1771 4149 :
1809 4097 1938 4161 Hoc,
1967 4096 2158 4167 inquit,

580 4184 636 4238 in
671 4183 765 4238 Dei
797 4184 1151 4252 dispositione
1195 4194 1252 4238 et
1288 4185 1552 4240 electione
1590 4185 1815 4242 fratrum
1863 4187 2161 4241 committo.

580 4279 714 4334 Post
738 4281 853 4334 haec
884 4281 952 4334 ad
980 4295 1264 4349 vesperum
1297 4279 1412 4334 dies
1440 4281 1693 4344 trahitur,
1725 4282 2030 4351 vespertina
2078 4281 2163 4336 of-

2273 1840 2383 1895 tur,
2420 1832 2473 1885 in
2528 1833 2821 1902 gestatorio
2879 1834 2982 1887 sibi
3030 1842 3291 1888 consueto
3351 1833 3687 1897 collocatur;
3729 1841 3857 1887 ante

2273 1931 2519 1976 sanctum
2569 1922 2739 1976 altare
2771 1922 2837 1977 ad
2888 1924 3172 1978 ecclesiam
3225 1923 3490 1988 defertur,
3519 1933 3571 1978 et
3615 1940 3714 1993 per
3763 1923 3858 1977 tri-

2275 2013 2442 2068 duum
2497 2024 2718 2083 propter
2771 2013 2968 2069 fratres
3016 2013 3373 2084 undecunque
3419 2018 3486 2069 ad
3525 2014 3857 2084 sepulturam

2273 2113 2663 2160 concurrentes
2710 2114 3038 2165 reservatur.
3089 2103 3208 2158 Jam
3267 2119 3396 2160 vero
3451 2104 3518 2158 ad
3567 2104 3858 2173 exsequias

2267 2192 2477 2248 funeris
2502 2194 2638 2262 ejus,
2671 2210 2778 2250 non
2827 2194 2948 2249 dico
2992 2195 3164 2249 solum
3217 2194 3342 2248 villa
3367 2234 3382 2259 ,
3439 2194 3532 2249 sed
3573 2210 3711 2264 pene
3742 2205 3852 2249 tota

2268 2283 2547 2350 provincia
2575 2283 2745 2337 venit.
2772 2283 2999 2338 Videres
3019 2284 3146 2338 hinc
3173 2283 3306 2338 alios
3329 2283 3534 2347 dolere,
3565 2285 3692 2337 hinc
3721 2283 3855 2339 alios

2270 2375 2524 2444 gaudere,
2574 2383 2628 2430 et
2677 2379 2854 2428 tamen
2902 2389 3088 2429 omnes
3134 2374 3283 2429 ﬂere.
3342 2374 3570 2429 Flebant
3605 2375 3696 2428 alii
3743 2389 3854 2445 prae

2269 2467 2463 2536 gaudio
2509 2474 2657 2520 tanto
2685 2466 2866 2520 donati
2896 2477 3151 2536 patrono;
3185 2465 3381 2518 flebant
3407 2465 3496 2518 alii
3530 2480 3642 2533 prce
3667 2464 3850 2520 dolore

2271 2558 2404 2612 tanti
2436 2556 2613 2611 Patris
2649 2557 2890 2611 destituti
2927 2556 3139 2612 solatio.
3157 2555 3273 2610 Jam
3289 2571 3416 2610 vero
3444 2564 3562 2625 post
3591 2555 3851 2618 triduum,

2267 2646 2496 2716 expletis
2523 2647 2588 2701 de
2621 2663 2771 2702 more
2815 2647 3108 2716 exsequiis,
3139 2663 3259 2701 cum
3286 2662 3479 2716 magno
3507 2646 3848 2716 psallentium

2270 2737 2458 2801 choro,
2487 2735 2868 2804 discipulorum
2897 2750 3114 2789 suorum
3159 2736 3405 2790 manibus
3443 2738 3509 2788 ad
3540 2735 3847 2804 sepulcrum

2269 2826 2320 2879 in
2369 2825 2612 2881 eamdem
2655 2826 2938 2881 ecclesiam
2989 2825 3250 2890 defertur,
3306 2835 3360 2880 et
3396 2827 3651 2881 decenter
3682 2828 3733 2880 in
3775 2827 3851 2880 lo-

2267 2915 2387 2970 culo
2440 2931 2579 2971 novo
2632 2917 2697 2970 de
2727 2927 2878 2985 petra
2923 2917 3128 2981 exciso,
3170 2926 3231 2970 ut
3272 2915 3519 2980 decebat,
3565 2916 3844 2986 sepelitur.

2268 2990 2505 3062 Decessit
2526 3021 2654 3062 vero
2675 3008 2761 3062 vir
2799 3016 3017 3062 sanctus
3064 3016 3221 3062 nocte
3255 3005 3701 3062 Circumcisionis
3735 3007 3843 3060 Do-

2265 3100 2394 3154 mini
2423 3099 2588 3154 nostri
2613 3098 2739 3154 Jesu
2765 3098 2986 3163 Christi,
3015 3099 3069 3153 in
3109 3098 3282 3167 prima
3298 3099 3481 3168 vigilia
3507 3099 3704 3161 noctis,
3727 3112 3848 3168 qua:

2263 3191 2426 3243 etiam
2462 3190 2736 3244 Dominica
2765 3190 3082 3255 habebatur,
3108 3190 3283 3243 aetatis
3314 3205 3425 3243 sua:
3464 3203 3606 3243 anno
3631 3197 3847 3259 octoge-

2263 3280 2400 3334 simo
2424 3280 2668 3348 septimo,
2685 3279 3040 3335 ordinationis
3057 3295 3183 3335 vero
3201 3280 3647 3350 quinquagesimo
3669 3288 3846 3346 sexto,

2263 3384 2403 3423 anno
2427 3371 2588 3424 etiam
2632 3368 2922 3423 Dominicze
2953 3369 3343 3424 incarnationis
3391 3369 3676 3423 millesimo
3709 3385 3850 3437 qua-

2263 3455 2566 3527 dragesimo
2608 3471 2769 3511 nono.

2528 3548 2655 3602 Car.
2680 3549 2795 3604 XV.
2818 3579 2889 3589 —
2917 3547 3313 3603 Commendatio
3350 3551 3559 3604 animm.

2333 3635 2636 3704 Nuncjam,
2670 3636 2896 3692 Domine
2940 3637 3090 3705 Jesu,
3121 3638 3266 3694 illius
3298 3640 3530 3693 animam
3563 3639 3660 3693 tibi
3692 3654 3841 3694 com-

2262 3729 2600 3794 mendamus,
2631 3743 2792 3798 quem
2816 3729 3126 3784 defunctum
3158 3738 3343 3785 tenere
3388 3744 3490 3783 non
3527 3743 3840 3798 possumus.

2262 3823 2568 3879 Gaudemus
2613 3825 2738 3893 quia
2771 3823 2878 3878 tale
2909 3840 3103 3879 munus
3139 3839 3208 3879 ex
3249 3833 3302 3879 te
3341 3825 3649 3886 habuimus;
3693 3823 3842 3879 dole-

2262 3929 2382 3968 mus
2413 3915 2556 3982 quod
2589 3921 2700 3967 tam
2743 3915 2852 3968 cito
2881 3915 3178 3969 amisimus.
3211 3914 3524 3970 Absentiam
3554 3913 3670 3982 ejus
3695 3915 3844 3970 ferre

2262 4018 2367 4056 non
2413 4018 2728 4072 possumus,
2775 4005 2869 4058 sed
2907 4005 2959 4056 in
2993 4004 3094 4058 boc
3144 4004 3505 4069 consolamur,
3543 4006 3668 4074 quia
3718 4021 3842 4060 esse

2264 4102 2438 4148 tecum
2469 4109 2590 4148 eum
2615 4109 2911 4162 speramus.
2940 4094 3046 4149 Cur
3065 4095 3231 4158 enim,
3254 4095 3500 4159 Domine,
3530 4110 3633 4149 non
3663 4105 3839 4150 tecum

2264 4184 2337 4238 sit
2366 4184 2438 4238 ibi
2484 4184 2576 4254 qui
2618 4185 2705 4240 hic
2746 4200 3016 4254 nunquam
3069 4185 3236 4238 voluit
3261 4199 3288 4236 a
3320 4193 3372 4238 te
3395 4185 3672 4253 separari?
3708 4184 3843 4251 Quis

2263 4289 2499 4342 unquam
2533 4273 2624 4328 illo
2679 4274 2852 4344 magis
2909 4284 2961 4328 te
3017 4273 3388 4343 dilexit?quis
3424 4272 3517 4327 illo
3569 4274 3740 4342 magis
3789 4281 3845 4328 te

582 4370 702 4424 ficia
752 4387 780 4424 a
835 4371 1095 4425 fratribus
1142 4372 1546 4440 persolvuntur,
1598 4381 1652 4426 ct
1693 4373 1808 4442 ipse
1861 4372 2162 4442 hajulorum
2194 4401 2243 4460 υ
2269 4365 2560 4420 secundum
2593 4379 2748 4418 suum
2786 4363 2922 4417 Velle
2966 4373 3020 4418 el
3067 4378 3224 4434 posse
3253 4363 3610 4434 glorificavit?
3654 4365 3758 4417 Pro
3791 4373 3844 4422 te

580 4457 834 4512 manibus
862 4470 989 4512 ante
1038 4470 1287 4513 sanctum
1335 4461 1505 4515 altare
1551 4461 1642 4516 Dei
1677 4463 1956 4532 genitricis
1985 4462 2164 4518 Maria:

583 4563 704 4602 cum
731 4548 870 4602 lecto
911 4549 1174 4605 defertur.
1204 4550 1337 4604 Rem
1377 4554 1600 4607 miraml
1647 4554 1884 4624 psalmos
1915 4555 2160 4625 imponit,

581 4651 702 4690 cum
745 4638 1099 4705 psallentibus
1145 4641 1384 4695 moriens
1435 4641 1645 4710 psallit;
1683 4651 1739 4697 et
1783 4644 1922 4698 sicut
1953 4645 2018 4698 ad
2061 4645 2180 4699 tale

579 4729 947 4799 Spectaculum
997 4730 1217 4795 doloris,
1268 4749 1389 4786 cum
1441 4750 1472 4787 a
1521 4734 1780 4790 fratribus
1835 4737 1886 4790 itt
1944 4737 2163 4793 tristitia

578 4824 770 4878 mortis
799 4823 914 4892 ejus
943 4824 1131 4892 positis
1173 4823 1352 4894 aliqua
1383 4827 1658 4896 psallendo
1703 4829 2066 4898 negliguntur,
2095 4828 2161 4882 ab

580 4911 673 4968 illo
703 4916 1077 4979 emendantur,
1103 4923 1156 4967 ct
1188 4917 1330 4984 quod
1362 4918 1429 4970 ab
1469 4917 1575 4970 illis
1610 4917 1946 4972 obliviscitur
1974 4918 2039 4969 ab
2068 4917 2160 4971 illo

555 5007 915 5060 recordatur.
946 5006 1040 5061 His
1059 5008 1310 5076 expletis,
1333 5017 1392 5061 ut
1417 5008 1618 5063 fratres
1642 5008 1855 5061 exirent
1879 5007 2074 5070 innuit,
2106 5015 2161 5061 et

580 5093 698 5164 ipse
753 5096 1062 5164 aliquandiu
1116 5097 1169 5150 in
1224 5098 1473 5152 oratione
1527 5096 1746 5150 mansit.
1807 5094 2155 5149 Postmodum

581 5185 798 5253 quando
844 5185 1052 5250 voluit,
1102 5188 1168 5240 ad
1221 5186 1442 5241 domum
1507 5191 1832 5254 reportatur.
1889 5182 2155 5248 Quidnam

583 5283 770 5342 ageret
816 5283 1116 5329 conventus
1164 5275 1391 5330 fratrum
1442 5276 1706 5329 sollicitus
1751 5271 1996 5340 requirit.
2030 5273 2160 5326 Erat

2269 4469 2389 4510 cum
2423 4453 2724 4509 dolentibus
2750 4453 2935 4508 dolens
2960 4454 3187 4518 exstitit,
3211 4469 3308 4522 pro
3333 4464 3382 4508 te
3408 4453 3606 4508 multos
3629 4453 3845 4510 labores

2265 4545 2539 4611 sustinuit,
2567 4559 2664 4613 pro
2715 4552 2766 4599 te
2808 4544 3134 4614 pauperibus
3176 4543 3346 4598 multa
3395 4545 3743 4598 ministravit.
3778 4545 3845 4599 Et

2266 4635 2394 4703 quid
2421 4634 2618 4698 dicam,
2659 4633 2923 4688 Domine?
2955 4633 3107 4688 Licet
3157 4634 3469 4705 sanguinem
3503 4649 3602 4703 pro
3647 4643 3698 4688 te
3734 4649 3845 4689 non

2265 4724 2487 4790 fuderit,
2531 4733 2710 4778 tamen
2745 4723 2990 4794 martyrii
3045 4723 3220 4779 fructu
3273 4739 3378 4777 non
3425 4724 3665 4788 carebit;
3715 4725 3847 4792 quia

2265 4816 2368 4868 boc
2397 4815 2442 4869 si
2471 4829 2692 4869 necesse
2718 4823 2860 4868 esset
2891 4815 3017 4868 totis
3044 4814 3248 4868 viribus
3285 4812 3451 4867 ferret
3501 4812 3622 4884 [ms.
3658 4814 3681 4865 l
3731 4813 3849 4867 vel-

2267 4904 2395 4976 let],
2425 4912 2480 4958 et
2501 4905 2624 4974 quia
2663 4906 2766 4958 hoc
2814 4919 2934 4958 csse
2969 4920 3076 4958 non
3125 4904 3319 4974 potuit,
3346 4903 3444 4972 ipsi
3477 4904 3560 4957 sui
3595 4903 3846 4959 diuturni

2266 4994 2538 5050 cruciatus
2573 5003 2627 5049 et
2667 4994 2879 5049 labores
2902 4995 3244 5064 passionibus
3286 5004 3594 5048 sanctorum
3627 5004 3845 5048 tuorum

2262 5086 2555 5139 reddentur
2604 5083 2857 5152 aequales.
2892 5084 2948 5138 Si
2999 5086 3164 5154 quid,
3223 5083 3466 5146 Domine,
3518 5082 3732 5138 virtutis
3788 5093 3846 5137 et

2262 5176 2446 5244 gratiae
2474 5175 2528 5228 in
2557 5189 2620 5228 eo
2651 5172 2898 5238 refulsit,
2947 5183 3113 5228 totum
3149 5175 3217 5227 de
3246 5182 3334 5227 tuo
3358 5181 3411 5224 et
3455 5188 3554 5225 suo
3585 5170 3727 5237 fuit,
3773 5172 3847 5229 de

2261 5277 2353 5322 tuo
2395 5282 2494 5334 per
2520 5267 2772 5335 gratiam,
2809 5268 2874 5321 de
2906 5282 3003 5320 suo
3049 5281 3144 5334 per
3181 5265 3539 5318 voluntariam
3581 5264 3847 5320 obedien-
