4116 5358
272 287 376 342 913

1648 282 1829 342 VITA.
1874 317 1938 329 ο-
1972 285 2100 341 LIB.
2142 287 2205 341 II.

3418 242 3528 342 aii

274 401 521 457 tissimus
548 400 880 467 consolator,
930 402 1023 471 qui
1056 401 1192 456 vivis
1238 410 1293 456 et
1331 417 1525 473 regnas
1565 401 1618 455 in
1664 401 1856 456 saecula
1887 409 1934 463 Α
1964 416 2095 456 voce
2144 403 2387 457 diceret:
2415 402 2665 468 Domine,
2693 402 2909 473 quando
2944 403 3049 458 huc
3089 410 3143 457 et
3170 418 3285 457 cur
3308 401 3533 457 adveni-

275 491 623 555 amculorum,
656 507 836 545 amen.

274 605 403 659 CAP.
446 601 587 657 XVI.
618 634 689 643 —
718 603 964 675 Qualiter
1010 615 1222 658 saucius
1258 606 1337 660 vir
1391 605 1693 675 apparuerit
1739 605 1856 659 cui-

848 674 969 726 dam
1010 675 1285 728 monacho.

343 762 550 818 Eadem
572 777 704 818 vero
733 771 891 818 nocte
921 778 1029 833 qua
1054 765 1138 818 vir
1169 774 1393 821 sanctus
1435 765 1715 825 discessit.
1741 764 1858 835 qui-

276 853 402 907 dam
450 852 641 917 frater,
675 852 972 923 Gregorius
1024 856 1261 920 nomine,
1313 855 1547 909 Ninivita
1598 854 1710 926 (14)
1763 871 1862 910 na-

276 942 445 1007 tione,
468 941 730 1011 simplicis
779 951 987 998 natura:
1011 952 1067 999 et
1096 945 1551 999 innocentissima:
1578 945 1722 1008 vitae,
1745 943 1855 1010 illo,

277 1032 419 1087 sicut
462 1031 728 1097 diximus,
776 1032 829 1086 in
885 1032 1171 1088 ecclesiam
1209 1034 1515 1104 deportato,
1541 1018 1862 1089 lassiiudine

278 1128 334 1176 et
382 1119 700 1176 infirmitate
743 1132 1039 1191 gravatus,
1087 1123 1154 1177 ad
1196 1124 1473 1193 proprium
1528 1132 1760 1178 stratum
1805 1124 1859 1178 in

281 1210 530 1265 eamdem
566 1212 806 1277 domum,
838 1213 892 1266 in
920 1226 1026 1282 qua
1067 1221 1292 1267 sanctus
1327 1212 1557 1278 obierat,
1586 1214 1767 1280 rediit,
1804 1222 1860 1270 et

277 1314 337 1354 se
387 1299 556 1368 quieti
597 1301 783 1366 dedit;
813 1302 904 1370 qui
950 1301 1181 1357 necdum
1210 1303 1263 1356 in
1293 1317 1543 1356 somnum
1592 1299 1747 1372 plene
1773 1316 1860 1357 re-

281 1388 514 1452 solutus,
545 1390 792 1445 eumdem
833 1389 1047 1447 Patrem
1105 1390 1209 1445 sibi
1259 1398 1439 1446 astare
1476 1391 1634 1446 vidit.
1662 1391 1732 1445 At
1775 1390 1864 1445 ille

278 1479 688 1550 przcsumptibili
726 1495 859 1536 voce
907 1498 920 1533 :
968 1480 1108 1548 Quid
1158 1480 1295 1549 agis,
1354 1480 1550 1551 inquit,
1592 1479 1863 1537 domine?

277 1566 395 1636 Ipse
424 1584 552 1623 vero
581 1586 595 1621 :
633 1569 797 1634 Bene,
825 1568 1010 1634 frater,
1044 1576 1100 1624 et
1131 1568 1358 1639 optime,
1387 1567 1694 1638 respondit.
1723 1568 1860 1624 Nam

279 1660 540 1715 Dominus
577 1676 731 1715 meus
758 1658 917 1715 Jesus
961 1660 1213 1716 Christus
1259 1675 1358 1731 per
1404 1661 1751 1729 semetipsum
1778 1661 1862 1716 di-

1958 490 2074 546 sti?
2098 490 2179 545 Ad
2206 492 2515 561 exsequias,
2543 492 2739 561 inquit,
2767 492 2953 547 fratris
2995 491 3166 547 nostri
3191 491 3372 546 domni
3396 491 3534 545 Lau-

1965 583 2128 638 rentii
2181 583 2575 653 archiepiscopi
2631 584 2754 638 veni
2799 602 2812 637 :
2864 585 3060 653 quibus
3103 583 3352 651 expletis,
3407 581 3536 635 hinc

1962 673 2221 727 recedens
2247 673 2375 741 quin
2427 672 2664 727 viderem
2705 681 2756 727 te
2796 673 3072 742 prmterire
3116 671 3280 727 nolui.
3328 669 3422 725 His
3461 670 3535 733 dio

1961 766 2083 827 ctis,
2110 766 2244 819 visio
2270 765 2552 835 disparuit.
2584 765 2701 833 Ipse
2725 780 2851 819 vero
2878 763 3221 834 postmodum
3243 762 3359 816 ιιωο
3380 760 3536 818 nobis

1960 868 2014 914 et
2042 858 2283 927 pluribus
2317 858 2438 912 aliis
2470 858 2523 911 in
2551 858 2777 911 veritate
2802 856 3062 913 narravit.

2032 948 2374 1019 Epitaphium
2401 948 2513 1018 jam
2545 948 2889 1012 terminetur,
2922 962 2988 1002 ne.
3015 946 3284 1001 mentibus
3310 944 3537 1001 audien-

1967 1039 2104 1093 liutn
2142 1038 2315 1109 longa:
2342 1037 2604 1092 orationis
2650 1035 2928 1091 fastidium
2975 1045 3282 1106 generetur.
3310 1031 3541 1088 Verum-

1963 1136 2143 1183 tamen
2174 1128 2227 1182 in
2282 1127 2429 1183 calce
2460 1127 2726 1181 sermonis
2753 1126 3129 1194 compendiose
3158 1124 3388 1188 dicatur,
3415 1121 3541 1177 Odi-

1963 1215 2140 1269 Ionem
2158 1230 2221 1270 cx
2246 1215 2415 1270 multo
2445 1224 2685 1284 tempore
2716 1212 3001 1268 terminum
3028 1213 3151 1267 vitae
3175 1213 3275 1266 sibi
3301 1221 3538 1280 optasse,

1962 1309 2057 1360 sed
2088 1307 2386 1360 secundum
2439 1305 2775 1375 Apostolum,
2825 1302 3165 1358 subditorum
3196 1310 3424 1373 cogente
3454 1313 3541 1354 nep

1962 1395 2241 1461 cessitate,
2281 1386 2380 1466 per
2436 1395 2531 1450 Dei
2577 1394 2806 1466 gratiam
2842 1402 2949 1446 tam
2993 1391 3081 1448 diu
3114 1393 3166 1447 in
3197 1405 3362 1446 carne
3392 1407 3542 1444 man-

1961 1487 2118 1542 sisse.
2152 1486 2282 1541 Erat
2322 1494 2470 1542 certe
2501 1500 2737 1556 przesens
2781 1485 2888 1538 vita
2922 1481 3022 1538 sibi
3057 1483 3294 1546 taedium,
3326 1490 3379 1534 et
3406 1480 3541 1534 mori

1962 1576 2191 1632 lucrum.
2227 1575 2406 1647 Usque
2432 1577 2498 1631 ad
2522 1576 2839 1631 cﬂ'usinnem
2879 1574 3239 1645 lacrymarum
3272 1569 3544 1624 multoties

1961 1666 2175 1723 dolebat
2216 1675 2521 1721 cowtaneos
2568 1675 2621 1722 et
2647 1665 2891 1736 juniOres
2938 1679 3066 1719 suos
3094 1658 3458 1733 prmcessisse,
3490 1667 3545 1713 et

277 1758 472 1819 gnatus
515 1758 599 1804 est
626 1750 815 1805 venite
864 1750 931 1805 ad
980 1765 1201 1805 servum
1251 1765 1451 1817 suum;
1495 1752 1589 1807 sed
1625 1751 1681 1805 in
1723 1753 1859 1806 hora

1968 1768 2022 1812 se
2051 1757 2295 1812 dolorum
2314 1756 2500 1812 videre
2524 1754 2798 1809 miseriam
2821 1755 3168 1824 superstitem
3194 1750 3542 1805 remansisse.

277 1851 412 1892 mea:
444 1837 792 1894 discessionis
824 1838 896 1893 ibi
947 1839 1001 1893 in
1052 1840 1271 1909 angulo,
1314 1841 1635 1909 ostendebat
1682 1850 1865 1897 autem

258 1927 437 1996 'qnasi
474 1928 640 2000 digito
672 1930 846 1985 locum
873 1947 887 1996 ;
914 1931 1027 1985 vidi
1052 1939 1258 1986 trucem
1290 1940 1347 1987 et
1367 1932 1524 1989 valde
1566 1934 1867 1988 terribilem

284 2017 534 2090 ﬁguram,
587 2035 707 2091 quae
754 2036 841 2077 me
871 2021 953 2077 sui
1006 2023 1236 2079 horrore
1281 2032 1338 2079 et
1364 2025 1570 2094 ingenti
1610 2025 1869 2081 deformi-

283 2117 395 2163 tate
418 2117 628 2167 terrere
649 2112 846 2178 voluit;
878 2112 975 2169 sed
998 2113 1229 2171 Domino
1268 2115 1400 2170 mihi
1448 2125 1735 2184 praesente,
1764 2132 1866 2171 no-

288 2194 416 2257 cere
442 2217 554 2259 non
581 2204 779 2274 potuit.
809 2204 936 2261 Haec
985 2205 1171 2263 dicens
1205 2206 1451 2261 recessit.
1498 2206 1691 2261 Frater
1735 2222 1868 2263 vero

281 2292 405 2348 inde
427 2310 653 2367 surgens
672 2337 688 2363 ,
720 2312 843 2369 qua:
873 2297 1123 2355 audierat
1157 2305 1214 2353 et
1252 2298 1462 2353 viderat
1487 2296 1750 2355 fratribus
1772 2300 1866 2369 qui

284 2381 361 2437 ibi
405 2392 533 2440 tunc
583 2386 830 2456 aderant,
879 2398 936 2444 et
966 2388 1123 2445 nobis
1155 2389 1501 2459 postmodum
1533 2389 1586 2445 in
1637 2390 1869 2447 veritate

283 2477 542 2529 narravit.

634 2568 764 2624 Car.
802 2568 966 2625 XVII.
1008 2571 1084 2625 De
1108 2572 1271 2626 simili
1292 2574 1509 2628 visione.

355 2655 689 2713 Suecedente
719 2674 851 2716 vero
879 2662 1328 2732 Quadragesima,
1354 2663 1585 2718 domnus
1627 2663 1873 2720 Lauren-

287 2744 391 2798 tius
438 2746 902 2819 archiepiscopus,
935 2751 1001 2804 de
1030 2765 1138 2818 quo
1189 2765 1353 2819 supra
1382 2750 1639 2815 diximus,
1683 2751 1871 2811 Roma

290 2834 536 2916 moritur.
572 2837 776 2892 Aderat
802 2840 1029 2894 devotus
1072 2840 1126 2894 in
1172 2839 1445 2909 exsequiis
1484 2839 1601 2908 ejus
1648 2843 1867 2911 quidam

290 2924 546 2990 clericus,
600 2929 796 2985 Albero
836 2932 1074 2995 nomine,
1127 2932 1343 2987 natione
1388 2930 1734 3000 Tentonicus,
1776 2949 1877 3005 geo.

289 3030 413 3068 nere
444 3016 836 3083 nobilissimus,
869 3022 1007 3090 pnlri
1045 3020 1253 3076 Odiloni
1285 3021 1411 3076 dum
1470 3022 1677 3077 viveret
1708 3023 1879 3078 [θινὶ-ς

1964 1843 2262 1900 Videbatur
2288 1845 2390 1900 sibi
2416 1845 2556 1898 inter
2584 1842 2717 1897 alios
2748 1858 2868 1897 esse
2897 1841 3234 1912 peregrinus,
3259 1840 3384 1908 quia
3409 1853 3544 1907 pau-

1965 1948 2154 1992 corum
2183 1937 2260 1992 illi
2314 1936 2579 1991 discretus
2632 1945 2687 1989 ct
2735 1934 3047 1988 moderatus
3072 1927 3548 1985 consentiebataf-

1966 2027 2221 2083 fectionis
2270 2026 2506 2083 habitus.
2558 2024 3033 2095 Compungebatur
3085 2021 3301 2089 saepius,
3329 2018 3453 2089 quia
3482 2017 3547 2070 de

1967 2119 2171 2173 mundo
2198 2134 2337 2189 pene
2387 2108 2690 2173 recesserat
2725 2116 2888 2170 totius
2926 2110 3235 2169 honestatis
3262 2111 3443 2173 decus,
3493 2118 3549 2163 et

1966 2208 2220 2281 ingenita:
2254 2208 2515 2264 bonitatis
2556 2208 2748 2262 virtus.
2791 2203 2903 2258 lIcu
2937 2204 3064 2257 me!
3108 2202 3232 2271 quia
3282 2199 3548 2254 incolatus

1966 2316 2119 2357 meus
2160 2300 2509 2373 prolongatus
2544 2309 2647 2362 est,
2702 2313 2823 2352 cum
2866 2295 3033 2350 David
3082 2294 3398 2362 frequenter
3455 2307 3545 2344 ca-

1966 2388 2156 2457 nebat,
2179 2397 2235 2445 et
2260 2388 2556 2445 secundum
2584 2385 2901 2457 Apostolum
2924 2382 3142 2439 dissolvi
3166 2391 3220 2437 et
3246 2397 3369 2436 cum
3394 2378 3551 2433 Chri—

1966 2490 2052 2536 sto
2081 2493 2200 2536 esse
2232 2479 2403 2534 multo
2434 2477 2627 2533 melius
2679 2476 2929 2547 eligebat.
2972 2474 3109 2542 Quia
3159 2487 3289 2542 ergo
3326 2468 3437 2537 jam
3467 2484 3553 2521 re.-

1968 2567 2134 2623 cessit
2163 2574 2224 2620 ut
2278 2566 2465 2631 voluit,
2498 2566 2676 2620 luctus
2710 2563 2920 2619 funeris
2961 2561 3079 2632 ejus
3128 2576 3251 2615 cum
3304 2571 3554 2612 sermone

1968 2657 2275 2723 claudatur,
2324 2665 2378 2711 et
2431 2656 2647 2725 requies
2699 2655 2816 2726 ejus
2864 2654 2917 2708 in
2953 2651 3253 2708 Jerusalem
3302 2648 3553 2703 omnibus

1968 2744 2160 2802 diebus
2182 2746 2378 2799 iterum
2404 2754 2568 2814 atque
2591 2744 2789 2799 iterum
2814 2743 3160 2813 imprecetur,
3185 2747 3237 2794 et
3261 2753 3355 2809 per
3372 2737 3553 2791 omnia

1967 2834 2165 2892 saecula
2194 2835 2519 2893 saeculorum
2553 2842 2849 2905 rcpetatdr.
2873 2833 3066 2887 Amen.

2039 2926 2196 2985 Odilo
2223 2941 2346 2982 cum
2376 2926 2591 2983 Christo
2622 2936 2676 2981 tu
2711 2925 2861 2981 vivas
2885 2935 3110 2995 semper
3135 2923 3187 2977 in
3208 2921 3334 2977 alto
3366 2939 3378 2975 :

2038 3019 2194 3078 Odilo
2220 3028 2535 3090 perpetuam
2573 3019 2756 3088 capias
2789 3029 2844 3071 tu
2873 3026 3060 3072 sancte
3092 3028 3368 3069 coronam.

288 3104 631 3171 liarissimus,
680 3110 767 3175 qui
799 3125 922 3164 cum
954 3110 1152 3166 domno
1196 3126 1335 3179 papa
1364 3109 1565 3176 Leone,
1605 3111 1709 3167 sibi
1740 3127 1869 3181 pro-
1894 3108 1939 3169 C
2042 3110 2198 3166 Odilo
2222 3109 2500 3180 virgineus
2540 3117 2700 3163 temet
2739 3107 3013 3178 praecedat
3039 3116 3093 3160 et
3123 3119 3294 3172 agnus
3322 3120 3334 3155 :

287 3199 430 3251 ximo
468 3208 715 3267 parente,
746 3201 970 3255 ltoniam
1019 3204 1310 3255 advenerat
1338 3217 1399 3258 ea
1447 3210 1786 3272 tempestate.
1816 3202 1870 3259 Is

290 3284 492 3355 itaque,
521 3300 823 3344 memorato
861 3290 1270 3360 archiepiscopo
1312 3289 1570 3346 defuncto
1592 3297 1647 3347 et
1671 3292 1739 3346 ad
1779 3306 1872 3347 ee-

290 3376 510 3431 clesiam
559 3379 859 3451 deportato,
914 3381 1230 3439 lassitudine
1276 3395 1522 3455 cogente,
1577 3400 1638 3442 se
1689 3387 1874 3456 sopori

293 3467 440 3523 dedit
495 3471 547 3525 in
598 3475 831 3542 quodam
876 3473 1119 3546 ejusdem
1171 3477 1414 3534 ecclesiae
1463 3479 1689 3550 angulo,
1746 3495 1869 3536 cum

290 3557 470 3613 subito
500 3560 676 3615 adhuc
705 3577 845 3631 pene
897 3564 1160 3635 vigilanti,
1189 3564 1346 3620 Odilo
1377 3568 1461 3621 vir
1487 3549 1680 3624 beatus
1709 3582 1873 3638 appa-

292 3647 418 3703 ruit.
477 3648 575 3704 Cui
634 3666 756 3706 cum
811 3653 900 3709 ille
959 3663 1195 3710 tremens
1233 3666 1289 3709 et
1316 3656 1553 3726 pavidus
1599 3657 1887 3719 amicabili

2042 3201 2277 3258 Currere
2307 3208 2429 3269 post
2453 3200 2656 3264 valeas,
2683 3199 2837 3253 laetus
2868 3197 3097 3267 vestigia
3129 3205 3341 3264 tangas,

2045 3296 2191 3351 Illius
2221 3293 2477 3373 unguenti
2499 3293 2659 3363 pleno
2688 3289 2940 3362 perfusus
2962 3289 3152 3353 odore,

2046 3387 2165 3455 Quo
2199 3394 2411 3441 recreat
2445 3392 2653 3442 mentes
2684 3382 2881 3456 [ms.l,
2941 3374 3409 3451 animas]'diﬂ’uso
3454 3380 3565 3431 no-'

3036 3470 3207 3543 [mine
3238 3474 3476 3528 sanctas,

2046 3568 2165 3636 Quo
2188 3576 2351 3638 caput
2373 3567 2487 3637 ipsa
2516 3565 2609 3621 Dei
2641 3562 2874 3634 perfundit
2898 3561 3065 3617 odore
3089 3556 3279 3621 Maria,

2049 3659 2131 3712 Ex
2154 3672 2213 3713 se
2241 3657 2538 3728 peccatrix,
2567 3655 2751 3711 divino
2774 3665 2998 3708 munere
3028 3648 3176 3704 felix.

1122 3892 1412 3952 INCIPIT
1456 3892 1875 3955 PROLOGUS
1916 3892 1998 3955 IN
2031 3891 2285 3955 .LIBRO
2323 3888 2713 3958 SECUNDO.

363 4050 418 4103 In
451 4049 731 4119 superiore
758 4050 916 4116 libro,
964 4051 1049 4106 vel
1098 4055 1276 4121 potius
1318 4053 1670 4109 denominato
1697 4054 1875 4124 epita-
1904 4069 1953 4129 ι)
1978 4052 2197 4122 fecimus
2230 4053 2255 4107 Ρ
2285 4051 2501 4123 (Matth.
2531 4049 2627 4121 vr.)
2652 4048 2719 4104 Et
2747 4048 2862 4120 ipse
2891 4045 3152 4103 Dominus
3180 4044 3235 4099 in
3257 4042 3557 4115 Evangelio

292 4142 440 4211 pllio,
487 4141 554 4195 de
604 4142 843 4197 moribus
872 4142 1043 4212 patris
1077 4142 1341 4211 Odilmlis,
1386 4138 1447 4200 et
1492 4144 1666 4198 animi
1696 4145 1876 4200 virtu-

296 4231 459 4292 ubtrs,
506 4228 610 4283 etsi
638 4243 744 4283 non
782 4229 851 4283 ad
880 4229 1118 4298 plenum,
1163 4239 1339 4287 tamen
1384 4232 1679 4287 secundum
1729 4232 1875 4301 quod

300 4320 576 4389 potuimus
629 4318 884 4374 diximus.
930 4319 1218 4389 Signorum
1268 4336 1399 4377 vero
1436 4322 1893 4392 inquisitoribus,

295 4420 351 4467 et
378 4410 631 4465 meritum
661 4407 923 4480 cujusque
966 4411 1019 4465 in
1051 4411 1295 4465 miraculi
1339 4413 1577 4467 novitate
1619 4411 1731 4482 (15)
1756 4423 1905 4465 ατε-κ

299 4500 559 4557 tientibus
605 4502 658 4555 id
707 4500 997 4556 dicendum
1043 4512 1147 4568 est,
1180 4503 1304 4571 quia
1344 4502 1539 4556 divina:
1572 4501 1877 4557 dilectionis

296 4593 650 4663 praerogativa
702 4593 942 4662 ponitur,
997 4606 1105 4647 non
1149 4594 1201 4647 in
1228 4593 1537 4648 ostensione
1575 4592 1872 4662 signorum,

296 4686 388 4740 sed
415 4685 470 4738 in
500 4682 834 4754 perfectione
861 4685 1142 4738 virtutum.
1190 4684 1377 4753 Neque
1420 4684 1564 4737 enim
1602 4681 1873 4737 miracula

297 4775 381 4831 vel
418 4776 574 4845 signa
618 4789 718 4831 nos
761 4776 872 4830 Deo
907 4776 1311 4840 commendant,
1357 4775 1451 4830 sed
1482 4776 1710 4827 virtutes
1741 4786 1872 4842 ope-

298 4881 416 4921 rum
442 4866 718 4937 perfectos
737 4881 858 4922 esse
876 4866 1267 4923 demonstrant.
1294 4866 1429 4922 Cum
1454 4874 1509 4920 et
1526 4862 1692 4918 Iudas
1716 4862 1878 4917 simul

298 4970 420 5010 cum
450 4956 712 5026 apostolis
732 4957 885 5028 signa
920 4956 1133 5021 fecerit,
1158 4965 1215 5011 et
1239 4956 1456 5028 reprobi
1488 4955 1542 5010 in
1570 4953 1656 5009 die
1684 4950 1876 5020 judicii

296 5042 429 5101 foris
451 5059 489 5100 a
516 5058 693 5115 regno
713 5045 941 5108 exclusi,
973 5046 1193 5107 dicant:
1216 5045 1477 5110 'Domin'e,
1505 5057 1675 5097 nonne
1695 5043 1750 5093 iu
1780 5056 1877 5094 no-

294 5140 435 5195 mine
456 5150 549 5195 tuo
568 5132 1017 5211 prophetavimus,
1042 5150 1088 5194 et
1118 5139 1173 5193 in
1192 5148 1287 5191 tuo
1304 5140 1513 5194 nomine
1538 5133 1705 5188 multa
1730 5134 1880 5204 signa

1976 4146 2182 4202 sanctis
2220 4144 2476 4214 apostolis
2514 4160 2543 4197 a
2572 4142 2955 4212 praedicatione
2988 4138 3336 4194 redeuntibus
3366 4135 3511 4191 dicat
3541 4153 3573 4201 ε⁴

1979 4234 2163 4289 Nolite
2191 4235 2244 4287 in
2286 4233 2384 4287 hoc
2430 4233 2675 4304 gaudere,
2704 4231 2829 4301 quia
2864 4230 3125 4285 rlwmouia
3167 4226 3402 4295 subjecta
3434 4235 3558 4279 sunt

1977 4328 2118 4382 vobis
2145 4344 2165 4394 ;
2192 4326 2282 4382 sed
2305 4327 2359 4379 in
2380 4325 2476 4379 hoc
2505 4325 2745 4395 gaudete,
2770 4320 2896 4391 quia
2924 4317 3136 4373 nomina
3165 4326 3333 4371 vestra
3364 4315 3558 4385 scripta

1977 4429 2099 4474 sunt
2131 4421 2184 4474 in
2214 4418 2356 4474 caelis
2411 4414 2562 4487 (Luc.
2586 4431 2644 4481 x,
2668 4411 2783 4484 20).
2817 4411 2952 4466 Cum
2981 4424 3111 4480 ergo
3163 4408 3278 4462 ιιωο
3327 4408 3401 4493 ita
3428 4406 3556 4470 sint,

1979 4527 2180 4567 vanum
2204 4519 2290 4566 est
2334 4524 2435 4581 pro
2466 4522 2661 4579 magno
2690 4504 2911 4570 ducere,
2948 4502 3091 4572 quod
3126 4508 3343 4555 constat
3373 4513 3554 4569 repro-

1977 4602 2077 4659 bos
2104 4601 2397 4672 aliquando
2423 4614 2548 4654 cum
2579 4597 2769 4652 electis
2794 4596 3019 4650 habere.
3053 4592 3259 4647 Tamen
3282 4607 3348 4646 ne
3370 4596 3555 4646 noster

1978 4693 2134 4752 Odilo
2159 4694 2228 4748 ab
2278 4693 2380 4748 hac
2401 4691 2562 4745 etiam
2595 4688 2769 4760 gratia
2812 4685 3152 4749 excludatur,
3182 4680 3407 4737 dicenda
3435 4687 3559 4733 sunt

1980 4799 2153 4858 pauca
2186 4784 2255 4839 de
2277 4770 2499 4847 multis,
2515 4779 2518 4783 ’
2534 4795 2653 4849 qua:
2675 4778 2938 4833 Dominus
2961 4785 3146 4830 noster
3170 4773 3236 4826 ad
3266 4771 3478 4824 laudem
3506 4775 3559 4820 et

1979 4875 2208 4948 gloriam
2236 4882 2412 4936 suam,
2443 4880 2499 4923 et
2522 4869 2588 4922 ad
2629 4868 2775 4923 itlius
2797 4866 3049 4921 meritum
3080 4859 3389 4916 hominibus
3414 4869 3563 4909 com--
3592 4916 3595 4919 Α

1984 4968 2370 5035 mendandum,
2400 4974 2527 5021 ante
2552 4975 2805 5027 mortem,
2835 4966 3030 5028 etpost
3055 4960 3286 5009 mortem
3319 4949 3599 5018 dignatus.

1985 5067 2056 5122 sit
2081 5067 2478 5122 demonstrare.
