4116 5358
568 269 674 332 915

1521 270 1578 325 S.
1613 270 1928 327 ODILONIS
1958 268 2457 327 CLUNIACENSIS
2485 266 2772 324 ABBATIS
2799 267 2838 321 V

3727 271 3852 327 M6

1403 542 1862 634 INCIPIT
1932 541 2291 630 LIBER
2360 543 3012 634 SECUNDUS.

570 739 698 795 Car.
737 737 779 792 l.
809 767 878 779 ——
911 737 1182 804 Quomodo
1210 735 1474 806 quondam
1520 752 1649 806 puer
1692 734 1939 788 liberatus
1969 735 2033 787 sit
2063 735 2148 787 di-
2177 739 2222 796 Α
2253 750 2320 806 go
2370 742 2427 789 et
2472 743 2646 788 mater
2695 733 2992 790 Salvatoris
3049 735 3290 791 omnium
3351 735 3708 803 saeculorum,
3762 736 3847 795 ab

886 811 1079 863 vinitus
1109 825 1140 861 a
1169 805 1473 877 gravissima
1501 805 1826 873 inﬁrmitate.

639 920 698 974 ln
720 917 945 974 exordio
978 931 1109 971 vero
1135 915 1396 970 virtutum
1423 912 1556 982 ejus,
1595 911 1881 968 dicendum
1913 919 1997 965 est
2022 909 2150 979 quid

570 1009 646 1063 illi
679 1006 965 1078 contigerit
1013 1019 1138 1060 cum
1185 1005 1361 1059 adhuc
1410 1017 1544 1072 puer
1585 1011 1751 1064 esset,
1784 999 1927 1068 quod
1965 1013 2033 1053 ne
2063 997 2149 1051 cui

569 1099 819 1153 videatur
866 1093 1203 1161 incredibile,
1255 1093 1324 1147 ab
1367 1093 1498 1162 ipsis
1549 1091 1742 1160 agnovi
1795 1089 1990 1159 quibus
2035 1089 2150 1158 ipse

571 1191 764 1248 solitus
785 1198 904 1244 erat
932 1203 1177 1244 narrare.
1231 1187 1369 1241 Dum
1403 1185 1578 1241 adhuc
1623 1183 1878 1254 puerulus
1908 1183 1961 1236 in
1988 1180 2150 1236 domo

570 1283 743 1355 patris
771 1281 1090 1349 nutriretur,
1129 1287 1419 1350 antequam
1464 1278 1630 1334 etiam
1670 1275 1872 1333 scholis
1902 1276 2146 1340 daretur,

572 1373 804 1444 contigit
831 1381 893 1427 ut
944 1371 1311 1427 membrorum
1343 1368 1583 1424 omnium
1634 1380 1776 1438 pene
1812 1364 2013 1420 virtute
2039 1362 2150 1433 pri-

573 1475 819 1530 varetur,
849 1463 1244 1531 incedendique
1286 1459 1373 1515 vel
1400 1474 1497 1530 per
1522 1474 1580 1514 se
1602 1456 1853 1513 movendi
1890 1456 1938 1510 ei
1970 1453 2147 1524 possi-

575 1556 759 1612 bilitas
785 1567 1092 1626 negaretur.
1117 1552 1334 1609 Accidit
1359 1566 1487 1607 vero
1511 1550 1748 1621 quadam
1771 1548 1859 1604 die
1887 1545 2149 1600 familiam

572 1648 747 1718 patris
777 1647 894 1718 ejus
942 1647 1007 1701 de
1047 1645 1166 1700 loco
1201 1645 1267 1699 ad
1316 1644 1492 1698 locum
1539 1641 1760 1708 mutari,
1804 1649 1860 1696 et
1890 1638 2149 1694 infantem

573 1742 678 1797 sub
704 1738 950 1795 custodia
982 1736 1214 1792 nutricis
1262 1733 1599 1792 servulorum
1647 1730 1952 1788 ministerio
1993 1727 2150 1798 baju-

575 1829 698 1886 lari.
737 1831 983 1900 Cumque
1023 1828 1078 1883 in
1112 1827 1292 1882 medio
1328 1827 1521 1880 itinere
1549 1823 1616 1878 ad
1665 1822 1955 1894 quamdam
1981 1819 2154 1876 eccle-

573 1922 713 1977 siam
747 1922 802 1975 in
851 1920 1056 1974 honore
1099 1918 1194 1973 Dei
1240 1916 1520 1989 genitricis
1549 1913 1730 1969 Mariae
1777 1921 2152 1970 consecratam

575 2014 948 2079 divertissent,
993 2013 1356 2081 deposuerunt
1406 2007 1688 2080 puerulum
1716 2021 1838 2062 cum
1865 2004 2152 2062 sarcinulis

2253 824 2510 879 hodierna
2540 824 2626 878 die
2663 832 2718 879 et
2750 824 3006 896 deinceps
3039 839 3124 880 me
3156 826 3209 880 in
3247 833 3338 881 tuo
3363 827 3583 882 servitio
3609 826 3844 896 habeto,

2252 927 2413 986 atque
2455 917 2510 972 in
2563 917 2813 974 omnibus
2868 919 3003 974 meis
3044 920 3268 986 causis,
3323 921 3841 978 misericordissima

2250 1007 2584 1071 advocatrix,
2616 1008 2748 1062 mihi
2803 1023 3020 1079 semper
3065 1011 3271 1066 adesto.
3305 1010 3435 1067 Post
3476 1011 3645 1067 Deum
3684 1015 3839 1067 enim

2253 1113 2281 1151 a
2311 1099 2469 1152 modo
2494 1099 2628 1152 nihil
2665 1100 2760 1154 tibi
2785 1115 3059 1171 praepono,
3087 1111 3141 1156 et
3170 1102 3448 1158 ultroneus
3488 1103 3540 1157 in
3569 1112 3836 1157 aeternum

2260 1189 2546 1260 meipsum,
2579 1199 2833 1260 tanquam
2862 1192 3138 1262 proprium
3161 1207 3396 1258 servum,
3429 1202 3521 1248 tuo
3550 1193 3836 1263 mancipa-

2255 1282 2329 1336 tui
2360 1282 2533 1338 trado.
2564 1281 2691 1338 Hzec
2718 1282 2784 1338 de
2804 1284 3036 1352 pueritia
3062 1285 3179 1355 ejus
3199 1285 3342 1340 dicta
3367 1284 3655 1349 sufficiant,
3696 1300 3841 1340 nunc

2250 1373 2577 1430 veniendum
2609 1381 2692 1429 est
2731 1374 2911 1430 ad'illa
2934 1390 3072 1444 quat,
3099 1375 3212 1446 jam
3247 1376 3298 1430 in
3329 1374 3645 1446 perfectiori
3675 1383 3839 1430 astate

2251 1465 2459 1535 positus
2508 1474 2562 1520 et
2606 1465 2870 1536 regimine
2922 1467 3156 1522 abbatite
3219 1467 3541 1532 decoratus,
3609 1465 3840 1520 Domino

2251 1564 2578 1625 cooperante
2618 1555 2827 1612 fecerit.
2885 1555 3088 1612 Verum
3124 1557 3355 1626 plurima
3392 1573 3512 1627 qnze
3561 1557 3614 1610 in
3667 1556 3839 1626 prima

2252 1644 2430 1701 fronte
2459 1646 2704 1702 dicturus
2752 1662 2869 1701 sum
2901 1647 3016 1717 ipse
3045 1662 3151 1702 non
3181 1645 3312 1712 vidi,
3346 1648 3442 1702 sed
3467 1647 3676 1702 duobus
3721 1661 3840 1700 mo-

2253 1735 2442 1790 nachis
2469 1733 2604 1804 ejus,
2634 1735 2797 1792 Petro
2821 1736 3071 1792 videlicet
3093 1737 3403 1792 monasterii
3436 1738 3604 1791 sancti
3634 1735 3837 1803 Maiol'r,

2251 1825 2395 1895 quod
2420 1826 2560 1895 apud
2585 1825 2805 1896 Papiam
2835 1837 2918 1881 est
2966 1827 3275 1896 praeposito,
3308 1827 3426 1881 viro
3457 1825 3664 1880 scilicet
3711 1825 3841 1880 reli-

2255 1917 2405 1982 gioso
2448 1927 2502 1972 et
2532 1917 2670 1989 Syro
2696 1918 2809 1990 (l6)
2839 1919 3118 1989 cujusdam
3153 1919 3465 1973 monasterii
3494 1919 3711 1981 abbate,
3745 1933 3846 1988 per

2254 2009 2655 2065 adnotationem
2684 2009 2872 2065 fratris
2904 2010 3147 2074 Bosonis,
3186 2010 3336 2064 mira:
3373 2008 3740 2079 simplicitatis
3786 2015 3843 2063 et

581 2115 710 2162 ante
742 2107 940 2162 ostium
963 2105 1205 2175 ejusdem
1245 2102 1512 2158 ecclesim.
1546 2101 1716 2156 Erant
1756 2106 1935 2153 autem
1963 2097 2156 2152 domus
2182 2090 2228 2150 B
2258 2099 2580 2156 innocentiae
2606 2101 2876 2166 monachi,
2927 2101 3068 2156 sicut
3096 2115 3411 2172 rogaveram
3435 2100 3560 2156 dum
3583 2101 3688 2156 hoc
3708 2115 3847 2170 cpns

577 2197 887 2265 adjacentes
914 2195 1090 2250 cidem
1143 2193 1402 2257 basilicm,
1453 2193 1507 2248 in
1544 2190 1740 2261 quibus
1787 2202 2010 2242 necesse
2038 2193 2160 2241 erat

580 2288 690 2341 illis
721 2287 968 2357 quaedam
1013 2283 1270 2338 victualia
1311 2295 1574 2352 quaerere.
1606 2280 1743 2335 Dum
1785 2293 1916 2333 vero
1956 2276 2161 2332 diutius

579 2379 632 2432 in
667 2377 750 2432 his
780 2375 1211 2447 implicarentur,
1236 2373 1424 2428 videns
1447 2387 1505 2428 se
1533 2386 1665 2442 puer
1691 2368 1864 2426 solum
1887 2366 2158 2432 relictum,

581 2470 932 2542 inspiratione
963 2467 1143 2523 divina
1173 2474 1462 2551 attractus,
1510 2463 1674 2535 erepit
1715 2470 1924 2518 tentare
1952 2461 1996 2516 si
2055 2472 2161 2528 quo

583 2564 838 2618 modoad
873 2563 1072 2616 ostium
1123 2568 1301 2632 posset
1331 2557 1617 2624 accedere,
1661 2565 1714 2613 et
1752 2555 2036 2613 ecclesiam
2067 2552 2159 2607 Dei

583 2655 876 2712 Genitricis
901 2656 1133 2710 intrare.
1184 2655 1370 2724 Itaque
1397 2652 1601 2708 virtute
1647 2666 1751 2722 qua
1783 2659 2014 2721 poterat,
2048 2662 2164 2703 Ina-

583 2747 744 2802 nibus
769 2759 820 2801 et
855 2749 1082 2818 pedibus
1105 2747 1387 2817 reptando,
1418 2746 1617 2803 ostium
1651 2745 1846 2816 attigit.
1877 2744 2164 2800 ecclesiam

583 2839 830 2902 intravit,
881 2839 947 2892 ad
1006 2839 1178 2894 altare
1221 2852 1396 2910 usque
1439 2837 1707 2908 pervenit,
1739 2835 1936 2907 pallam
1977 2833 2164 2890 altaris

589 2931 842 2984 manibus
869 2931 1138 3000 arripuit;
1197 2930 1392 2986 deinde
1441 2946 1653 2985 summo
1709 2930 1993 2986 conamine
2044 2928 2166 2983 bra-

586 3021 728 3075 chiis
757 3020 810 3074 in
844 3019 1008 3074 altum
1033 3021 1304 3090 protensis
1353 3035 1577 3091 surgere
1599 3020 1921 3086 conabatur,
1949 3020 2042 3074 sed
2067 3034 2164 3073 no-

587 3111 674 3166 dis
697 3111 787 3165 diu
807 3111 945 3166 male
963 3111 1140 3182 ligatis
1157 3111 1510 3166 retinebatur.
1528 3110 1666 3166 Vicit
1683 3111 1894 3165 tandem
1911 3109 2006 3182 [αι.
2024 3111 2166 3176 cod.,

587 3199 801 3272 tamen}
823 3200 1002 3254 divina
1050 3201 1241 3267 virtus,
1272 3200 1645 3270 redintegrans
1692 3201 1844 3270 pueri
1889 3199 2169 3271 languidos

590 3299 763 3351 artus,
792 3300 953 3360 atque
983 3291 1213 3346 mirabili
1238 3293 1396 3348 modo
1421 3291 1515 3346 Dei
1545 3287 1841 3346 Genitricis
1862 3292 2167 3346 interventu

589 3385 784 3454 surgit,
833 3393 887 3438 et
918 3390 1030 3438 stat
1075 3399 1238 3454 super
1292 3384 1458 3454 pedes
1513 3399 1699 3452 sanus,
1737 3391 1793 3439 et
1839 3383 1891 3438 in
1941 3382 2168 3438 circuitu

590 3453 784 3530 altaris
837 3474 940 3531 hac
994 3453 1219 3546 illacque
1269 3453 1546 3531 discurrit.
1577 3476 1812 3534 Clientes
1844 3490 1976 3532 vero
2022 3453 2240 3547 post-C-

594 3566 813 3621 modum
845 3566 918 3626 ad
962 3567 1202 3623 sarcinas
1233 3567 1540 3634 redeuntes,
1591 3576 1646 3623 et
1681 3582 1908 3638 puerum
1947 3581 2054 3622 non
2087 3564 2170 3621 in—

591 3659 894 3723 venientes,
928 3657 1114 3716 mirati
1141 3658 1296 3715 valde
1338 3668 1621 3729 cmperunt
1665 3660 1818 3714 illum
1841 3657 2042 3734 ubique
2085 3656 2168 3712 lo-

591 3766 781 3806 corum
808 3750 1129 3821 requirere;
1168 3761 1224 3807 et
1266 3766 1373 3806 non
1420 3751 1661 3818 invento,
1712 3751 1876 3806 nimis
1926 3749 2069 3805 inter
2112 3762 2170 3806 se

589 3843 920 3909 conturbat-i,
961 3841 1176 3899 tandem
1230 3858 1358 3898 casu
1411 3843 1697 3899 ecclesiam
1747 3843 2040 3907 introeunt,
2077 3857 2172 3895 va-

591 3940 807 4004 gantem
835 3941 888 3988 et
918 3933 1306 3989 discurrentem
1345 3950 1441 4005 per
1469 3933 1753 3990 ecclesiam
1807 3934 2168 4004 conspiciunt,

597 4025 796 4080 divinae
841 4026 1059 4082 virtutis
1105 4027 1404 4096 potentiam
1458 4035 1886 4098 recognoscunt,
1939 4041 2170 4098 puerum

593 4115 886 4170 laatabundi
933 4115 987 4170 in
1029 4115 1172 4171 ulnis
1213 4116 1507 4190 accipiunt,
1557 4132 1664 4186 quo
1708 4117 2003 4174 tendebant
2047 4131 2173 4186 per-

589 4206 819 4261 veniunt
848 4213 1010 4276 atque
1039 4207 1356 4277 parentibus
1385 4207 1710 4263 incolumem
1735 4216 1791 4263 et
1816 4223 2007 4264 sanum
2047 4222 2174 4262 eum

595 4309 789 4364 magna
850 4293 1036 4350 laetitia
1106 4295 1356 4350 reddunt.
1418 4294 1745 4352 Ostendebat
1811 4294 1924 4366 jam
1991 4294 2175 4350 Domi-

593 4400 699 4439 nus
749 4385 805 4439 in
852 4399 1042 4454 puero,
1089 4399 1250 4454 quam
1308 4394 1492 4456 gratus
1541 4395 1596 4440 et
1644 4394 1898 4456 acceptus
1936 4384 2040 4441 sibi
2076 4384 2172 4439 de-

600 4472 757 4527 beret
805 4488 927 4528 esse
975 4474 1027 4528 in
1063 4475 1259 4538 futuro,
1289 4490 1449 4545 quem
1483 4477 1710 4530 necdum
1762 4491 1902 4546 pene
1951 4475 2175 4545 loquen-

597 4578 730 4633 tem,
785 4567 871 4622 vel
923 4568 1104 4637 aliqua
1157 4569 1572 4634 discernentem,
1630 4569 2058 4625 misericorditer
2103 4567 2174 4622 li-

597 4657 814 4712 beravit
866 4671 895 4710 a
949 4666 1110 4711 tanta?
1161 4658 1550 4713 contractionis
1604 4661 1838 4715 vinculo.
1893 4660 2025 4715 Erat
2073 4675 2174 4714 au-

604 4761 716 4804 tem
786 4749 1112 4819 praesagium
1162 4747 1256 4802 Dei
1319 4747 1608 4804 Genitricis
1681 4751 1910 4806 ecclesia
1943 4791 1958 4817 ,
2016 4765 2174 4820 quam

598 4843 718 4915 ipse
767 4843 898 4897 dum
952 4841 1018 4894 ad
1071 4839 1296 4894 liberam
1343 4840 1626 4895 scientiam
1685 4852 1739 4896 et
1786 4852 1999 4898 aetatem
2056 4857 2178 4913 per-

597 4939 786 5001 venit,
852 4935 1106 4991 omnihns
1165 4934 1305 4988 votis
1360 4933 1591 4999 dilexit,
1639 4935 1802 4990 coluit
1864 4945 2024 5006 atque
2079 4953 2179 5007 pro

597 5029 806 5084 viribus
839 5029 891 5082 in
935 5027 1083 5083 omni
1111 5027 1220 5082 vita
1249 5041 1344 5082 sua
1370 5026 1706 5096 glorificavit.
1743 5025 1994 5084 Refertur
2014 5029 2177 5083 etiam

599 5121 742 5156 {Illnl‘
787 5120 893 5156 Iam
925 5121 1138 5156 nlInIlnc

1167 5127 1325 5156 Ini-1h:
1397 5121 1448 5156 in
1502 5120 1785 5156 nnnlocinm
1821 5121 1979 5156 cimili
2022 5123 2178 5156 ann

2204 4805 2259 4866 D

2261 2192 2578 2263 inciperem,
2610 2192 2972 2247 referentibus
3023 2191 3238 2264 agnovi.
3271 2191 3512 2246 Fuerunt
3536 2191 3682 2245 enim
3709 2207 3846 2260 pne-

2261 2284 2390 2340 dieti
2422 2283 2619 2340 fratres
2664 2284 2972 2356 probabiles
3020 2285 3144 2349 viri,
3177 2285 3347 2354 patris
3378 2283 3619 2340 Odilonis
3659 2283 3849 2337 admo-

2261 2374 2389 2430 dum
2418 2373 2854 2440 familiarissimi,
2889 2383 3228 2430 seeretorum
3258 2374 3423 2429 etiam
3456 2373 3598 2428 illius
3633 2374 3688 2428 in
3721 2374 3844 2443 plu-

2263 2467 2414 2522 ribus
2472 2467 2700 2534 conscii,
2758 2477 2814 2522 et
2860 2467 3072 2522 itineris
3122 2467 3207 2522 vel
3258 2466 3460 2522 laboris
3527 2480 3625 2536 per
3676 2466 3845 2520 multa

2263 2569 2507 2631 tempora
2537 2559 2691 2614 socii.
2722 2557 3058 2629 Quapropter
3076 2573 3138 2614 ea
3154 2572 3274 2628 qua:
3293 2557 3362 2613 ab
3390 2556 3491 2612 illis
3514 2557 3844 2619 referuntur,

2263 2660 2414 2706 tanto
2441 2649 2719 2706 credibilia
2749 2657 2898 2715 sunt,
2928 2658 3132 2719 quanto
3156 2649 3275 2704 illos
3305 2647 3611 2704 certissime
3631 2655 3846 2703 constat

2263 2761 2488 2802 narrare
2514 2744 2602 2800 illa
2635 2759 2754 2814 qua:
2785 2743 2956 2800 oculis
2985 2744 3266 2808 viderunt,
3292 2743 3513 2797 auribus
3537 2741 3848 2805 audierunt,

2265 2840 2518 2896 manibus
2546 2838 2710 2893 etiam
2733 2848 3128 2904 tractaverunt,
3156 2846 3320 2908 atque
3348 2847 3408 2891 ut
3428 2844 3578 2890 certo
3609 2843 3850 2904 tempore

2265 2929 2421 2985 nobis
2448 2940 2503 2983 et
2532 2927 2715 2983 multis
2745 2936 2871 2983 nota
2901 2927 3117 2993 fierent,
3149 2925 3400 2997 prudenti
3429 2925 3540 2995 (l7)
3566 2922 3856 2979 memoria:-

2265 3023 2801 3080 commendaverunt.
2831 3019 2956 3076 Ideo
3008 3035 3138 3076 vero
3164 3019 3301 3075 hanc
3346 3027 3584 3073 nostram
3636 3015 3850 3071 relatio-

2267 3129 2388 3170 nem
2433 3113 2789 3185 probabilium
2821 3112 3061 3167 virorum
3102 3109 3428 3166 testimoniis
3458 3107 3746 3177 eingimus,
3784 3121 3854 3160 ne

2267 3205 2336 3260 ab
2363 3204 2570 3260 aemulis
2609 3205 2782 3274 gratia
2819 3202 3136 3273 cujusquam
3183 3201 3332 3256 falsa:
3371 3198 3705 3255 adulationis
3735 3197 3852 3252 hac

2270 3298 2490 3353 finxisse
2523 3295 2849 3366 iudicemur.
2901 3293 3054 3348 Sicut
3109 3293 3252 3348 enim
3284 3290 3470 3347 Gallus
3520 3289 3572 3344 in
3630 3286 3852 3356 Sulpicii

2273 3385 2459 3443 Severi
2514 3395 2570 3441 et
2618 3385 2996 3442 Posthumiani
3035 3383 3247 3454 dialogo
3293 3381 3462 3438 refert
3491 3381 3558 3434 de
3597 3378 3852 3444 Martino,

2273 3495 2380 3535 non
2415 3481 2619 3555 indiget
2667 3487 2727 3533 ut
2775 3477 3074 3532 mendaciis
3140 3484 3417 3531 asseratur
3460 3471 3636 3536 Odilo,
3689 3485 3852 3541 quem

2272 3567 2524 3624 Christus
2563 3566 2700 3636 jam,
2737 3574 2797 3620 ut
2838 3565 2926 3635 pia
2965 3565 3069 3621 fide
3119 3563 3410 3630 credimus,
3449 3559 3771 3633 glorificavit
3800 3559 3858 3612 in

2273 3661 2445 3725 etelo,
2513 3668 2676 3730 atque
2734 3658 2966 3714 diversis
3025 3657 3286 3711 virtutum
3341 3655 3509 3726 signis
3565 3651 3862 3708 celebriter

2274 3750 2616 3808 commendat
2659 3751 2711 3804 in
2753 3749 2974 3805 mundo.
3004 3748 3160 3803 Absit
3207 3747 3350 3803 enim
3396 3761 3481 3802 me
3509 3744 3609 3800 nisi
3654 3743 3777 3798 visa
3801 3751 3859 3799 et

2273 3854 2513 3914 experta,
2547 3851 2600 3898 et
2629 3857 2660 3897 a
2685 3841 2930 3898 fidelibus
2960 3839 3205 3912 personis
3231 3840 3344 3896 sive
3379 3837 3582 3894 idoneis
3621 3834 3856 3890 testibus

2274 3935 2466 4001 relata,
2497 3934 2563 3987 de
2594 3941 2744 3988 tanto
2776 3933 2893 3988 viro
2923 3932 3126 4003 aliquid
3157 3930 3492 3988 mendaciter
3539 3929 3741 4000 ﬁngere
3772 3924 3860 3981 vel

2275 4041 2520 4084 narrare.

2587 4116 2719 4173 Car.
2747 4117 2810 4172 ll.
2840 4146 2911 4157 —
2943 4114 3017 4172 De
3048 4130 3183 4170 ια’εο
3212 4113 3530 4168 illuminato.

2346 4209 2546 4264 Exiens
2565 4207 2797 4278 quodam
2825 4217 3068 4276 tempore
3094 4203 3440 4259 beatissimus
3466 4208 3623 4272 pater
3647 4196 3807 4255 Odilo
3829 4212 3867 4251 a

2275 4298 2533 4354 Cluniaco
2557 4296 2912 4353 celeberrimo
2938 4295 3080 4361 loco,
3112 4294 3328 4349 devenit
3349 4293 3418 4348 ad
3457 4290 3752 4364 quemdam
3777 4289 3866 4344 sui

2269 4389 2412 4461 juris
2437 4388 2638 4453 locum,
2671 4403 2778 4444 non
2817 4387 2975 4458 longe
3003 4387 3072 4441 ab
3099 4385 3288 4440 eodem
3317 4383 3650 4440 monasterio
3672 4381 3860 4445 situm,

2278 4480 2496 4536 nomine
2525 4478 2908 4534 Besorniacum
2957 4475 3092 4549 [al.,
3123 4472 3550 4546 Bersoniacum].
3578 4471 3729 4528 More
3757 4471 3864 4527 sibi

2279 4579 2537 4628 consueto
2562 4569 2848 4626 ecclesiam
2878 4569 3052 4640 petiit,
3087 4577 3148 4622 ut
3167 4567 3385 4622 Christo
3406 4564 3637 4621 Domino
3656 4561 3868 4634 persol-

2279 4673 2430 4720 veret
2456 4671 2580 4717 vota
2608 4662 2916 4718 orationum
2944 4677 2959 4714 :
2989 4660 3114 4714 inde
3141 4675 3198 4714 se
3231 4659 3450 4713 domum
3483 4655 3711 4726 recepit,
3743 4670 3870 4724 quae

2283 4756 2384 4827 ipsi
2409 4754 2653 4811 ecclesiae
2684 4753 2937 4822 contigua
2961 4751 3191 4806 videtur.
3239 4750 3482 4806 Accenso
3509 4757 3692 4804 autem
3717 4747 3862 4817 igne,
3921 4731 3934 4740 ’

2283 4846 2410 4917 quia
2444 4845 2614 4914 frigus
2643 4853 2782 4907 erat,
2806 4842 2974 4912 coepit
2996 4841 3235 4896 sedendo
3259 4840 3466 4912 gelidos
3486 4848 3638 4894 artus
3664 4836 3868 4893 calefa-

2284 4949 2428 4992 cere.
2455 4933 2803 4990 Postmodum
2830 4947 2960 4986 vero
3005 4930 3284 4986 oculorum
3319 4929 3480 4986 orbes
3505 4929 3610 4984 hac
3636 4925 3871 4996 illacqne

2285 5027 2528 5092 volvens,
2572 5025 2836 5095 conspicit
2875 5023 3088 5078 eminus
3110 5037 3357 5094 puerum,
3381 5019 3537 5090 cujus
3564 5015 3725 5073 faciei
3752 5014 3866 5070 elli-

2288 5121 2426 5154 niom
2457 5120 2680 5154 mult-Iuno
2732 5131 2921 5152 mon-Ic
2962 5115 3179 5150 cuna-In:
3206 5113 3412 5150 Ληῖηιιῖο
3445 5113 3696 5148 (lanna-am
3732 5105 3867 5148 ρπβ-
