4116 5358
336 144 441 204 917

1703 142 1879 199 VlTA.
1911 171 1981 183 —
2014 141 2141 199 LIB.
2184 144 2247 199 ll.

3502 142 3609 200 9|!

335 266 444 327 est,
469 256 742 331 inquiunt,
773 255 938 313 villici
973 255 1165 325 vestri,
1195 256 1289 327 qui
1321 256 1450 312 licet
1491 254 1739 312 videatur
1764 254 1923 313 deco-
1953 253 2004 315 Α
2028 253 2177 312 dum.
2217 256 2460 329 Expletis
2498 256 2683 328 itaque
2732 255 2877 312 illius
2921 255 3025 312 diei
3070 231 3245 313 sacris
3288 255 3612 329 hymnorum

335 365 432 408 rus
490 356 734 421 aspectu,
785 355 936 405 caret
977 356 1155 404 tamen
1199 347 1480 404 oculorum
1532 347 1671 402 visu.
1726 346 1923 402 Tacuit

335 440 523 498 Deifer
562 441 745 507 heros,
772 448 829 497 et
860 439 1099 495 animum
1131 437 1199 492 ad
1250 453 1400 509 spem
1437 436 1763 504 reformans,
1786 436 1918 492 Alti-

339 534 579 591 tonantis
605 530 947 589 clementiam
989 530 1152 585 tacita
1200 542 1360 599 prece
1386 528 1625 584 invocat.
1658 527 1726 582 Et
1760 527 1928 583 advo-

338 641 473 683 cans
528 624 836 699 parvulum,
889 621 1162 677 damnatis
1211 620 1458 676 caecitate
1507 617 1680 674 oculis
1714 618 1927 685 signum

341 716 667 787 imprimens
694 712 988 769 Dominicte
1015 711 1216 777 crucis,
1245 726 1365 782 qua:
1400 717 1597 764 natura
1630 708 1808 762 minus
1837 708 1928 764 de-

339 806 518 871 derat,
542 805 803 860 virtutum
837 803 945 859 Deo
972 809 1321 871 cooperante,
1354 799 1498 856 illico
1522 799 1924 854 accommodat.

340 893 576 966 Moxque
637 895 912 950 videntem
964 892 1194 949 remittit
1252 892 1321 947 ad
1381 890 1602 963 propria
1651 901 1927 947 ovantem.

343 984 580 1041 Amabat
616 984 762 1042 enim
814 999 1039 1055 pueros,
1085 998 1192 1039 non
1243 981 1521 1039 lasciviam
1568 992 1808 1050 sectans,
1837 982 1933 1038 sed

343 1076 522 1132 aetatis
551 1075 919 1132 innocentiam
943 1075 1030 1145 pie
1071 1075 1125 1129 in
1156 1072 1263 1128 illis
1288 1073 1928 1144 amplexans..............

343 1166 531 1221 talium
557 1174 634 1222 est
669 1166 809 1221 enim
834 1181 1050 1237 regnum
1087 1163 1335 1219 actorum
1365 1162 1583 1234 (Matth.
1614 1162 1749 1233 xu).
1788 1162 1925 1230 Quis

344 1258 597 1328 loquetur
617 1258 886 1330 magnalia
917 1257 1035 1312 Dei.
1064 1254 1262 1312 fratres
1283 1256 1628 1311 charissimi?
1648 1256 1935 1311 Cernimus

346 1367 579 1422 namque
609 1350 821 1421 impleri
860 1350 1156 1407 veridicum
1180 1350 1383 1405 dictum
1411 1349 1609 1405 Christi
1636 1367 1650 1404 :
1691 1348 1796 1415 Qui
1824 1364 1936 1403 cre-

346 1444 421 1498 dit
447 1443 504 1496 in
532 1446 636 1507 'me,
676 1457 834 1511 opera
862 1458 980 1512 qua:
1007 1457 1099 1512 ego
1130 1440 1271 1509 facio
1295 1450 1343 1495 et
1391 1440 1503 1511 ipse
1540 1440 1698 1511 faciet
1741 1438 1932 1509 (Joan.

344 1529 551 1600 $56).
593 1528 719 1599 Egit
759 1529 979 1599 quidem
1009 1530 1184 1585 simile
1227 1545 1367 1600 opus
1409 1536 1602 1599 potens
1634 1526 1936 1585 Salvatoris

2028 348 2221 406 otIiciis
2242 390 2259 416 ,
2305 348 2555 405 consedit
2598 349 2779 405 senior
2805 364 2927 404 cum
2960 345 3218 405 fratribus
3241 348 3307 405 ad
3337 363 3610 415 mensam,

2029 451 2091 497 ut
2136 440 2367 512 sumptis
2410 441 2655 497 ciborum
2698 440 2975 510 dapibus,.
3010 440 3241 496 amissas
3295 449 3618 496 revocarent

2030 532 2196 588 vires.
2224 531 2396 587 Erant
2423 541 2605 587 autem
2633 533 3039 588 discumbentes
3066 531 3239 596 multi,
3266 541 3429 602 atque
3454 533 3614 589 obse-

2027 634 2256 696 quentes
2290 639 2398 680 non
2429 624 2612 693 pauci;
2646 624 2788 679 inter
2818 639 2953 694 quos
2979 624 3201 695 quidam
3254 622 3461 680 fraudis
3484 639 3614 695 pos-

2031 733 2212 775 sessor
2248 732 2308 775 se
2357 717 2494 772 velle
2540 717 2767 789 obsequi
2814 716 3104 783 simulans,
3141 717 3395 787 captabat
3441 715 3615 772 oculis

2032 810 2302 884 quomodo
2324 810 2526 881 aliquid
2549 810 2730 882 quiret
2760 808 2948 864 furari.
2980 808 3221 865 Cernens
3264 806 3430 880 igitur
3466 822 3617 878 map-

2032 918 2157 976 pam
2187 918 2474 975 operosam
2504 916 2667 975 super
2688 900 2792 957 viri
2816 899 2908 956 Dei
2933 915 3197 965 mensam,
3226 898 3439 969 illectus
3465 899 3618 970 cupi-

2034 998 2202 1053 ditate
2231 996 2480 1052 letltifera
2519 995 2815 1051 anhelabat
2861 1002 3106 1067 patrare,
3151 994 3295 1065 quod
3340 994 3622 1065 cupiverat

2034 1089 2219 1158 iniqua
2264 1097 2466 1144 mente.
2511 1088 2808 1158 Postquam
2850 1101 2980 1156 ergo
3029 1094 3277 1156 exempta
3324 1094 3409 1141 cst
3446 1084 3621 1142 fames

2033 1181 2206 1252 epulis
2237 1195 2541 1252 mensaeque
2568 1190 2697 1237 sunt
2730 1187 2976 1246 remotae,
2999 1179 3107 1235 illis
3138 1194 3233 1236 sua
3263 1180 3617 1244 curantibus,

2036 1274 2127 1329 ille
2154 1274 2423 1345 malignus
2456 1288 2582 1329 casu
2607 1281 2881 1343 repertam
2917 1286 3167 1343 mappam
3199 1271 3381 1327 subito
3408 1271 3618 1340 rapuit,

2035 1374 2091 1421 et
2114 1364 2365 1419 discessit
2390 1361 2667 1428 festinato,
2695 1361 2937 1433 gaudens
2965 1361 3030 1416 de
3062 1361 3278 1415 inventa
3313 1360 3492 1429 praeda
3513 1398 3528 1424 ,
3564 1366 3621 1412 et

2037 1456 2260 1525 ignarus
2287 1460 2489 1524 quanta
2517 1452 2622 1508 sibi
2661 1452 2714 1507 in
2763 1451 3010 1522 proximo
3050 1449 3227 1506 futura
3261 1456 3418 1505 erant
3449 1461 3621 1502 mem-

2038 1545 2260 1601 brorum
2297 1543 2647 1598 detrimenta.
2693 1541 2877 1596 Altera
2915 1554 3048 1595 vero
3089 1539 3178 1594 die
3223 1539 3358 1593 hora
3402 1549 3620 1605 compe-

345 1624 568 1677 dCXlel‘a
593 1661 609 1687 ν
662 1636 1010 1678 commorans
1054 1622 1110 1676 ίῐι
1154 1636 1321 1676 came
1366 1621 1645 1677 humana:
1686 1629 1741 1676 οι
1790 1633 1936 1675 nunc
1961 1613 2171 1689 Bitenti
2199 1632 2445 1705 apposita
2474 1645 2662 1687 mensa
2687 1671 2703 1697 ,
2742 1630 3037 1700 requiritur
3061 1628 3203 1700 quod
3249 1628 3453 1683 deerat.
3483 1624 3619 1682 Orto

346 1713 539 1768 eodem
592 1710 785 1783 insigni
821 1712 1085 1766 miraculo
1123 1726 1343 1768 servum
1389 1725 1546 1766 suum
1586 1708 1937 1780 magniﬁcare

348 1806 603 1877 dignatus
647 1814 732 1861 est
777 1805 833 1860 in
865 1805 1040 1861 nostri
1084 1804 1345 1876 temporis
1371 1818 1508 1869 aevo,
1535 1811 1597 1859 ut
1631 1802 1793 1859 facile
1815 1802 1939 1872 quis

346 1899 658 1970 perdiscere
685 1907 868 1969 queat,
899 1899 1091 1968 quanti
1139 1899 1493 1955 aestimandus
1530 1897 1603 1954 sit
1645 1897 1739 1968 qui
1771 1911 1938 1968 opere

347 1991 637 2057 consimili,
661 1991 891 2047 Domino
921 1990 1243 2047 saeculorum
1272 2004 1401 2060 rege
1428 1997 1785 2060 cooperante,
1816 2000 1934 2044 me-

349 2081 459 2137 ruit
481 2081 787 2137 sublimari.

543 2170 671 2226 Car.
701 2169 788 2226 ΙΙΙ.
807 2200 874 2213 ο-
904 2170 981 2225 De
1006 2188 1145 2243 aqua
1182 2171 1237 2225 in
1265 2169 1441 2225 vinum
1459 2183 1731 2224 conversa.

418 2262 659 2333 Degebat
698 2261 991 2332 aliquando
1041 2269 1266 2317 sanctus
1308 2259 1467 2317 Odilo
1494 2260 1548 2314 in
1576 2259 1809 2329 quodam
1840 2272 1938 2313 suo

350 2354 624 2419 ctenobio,
671 2353 814 2424 quod
849 2361 1195 2423 nuncupatur
1218 2351 1398 2408 Aurea
1426 2350 1607 2415 vallis,
1640 2350 1760 2405 loco
1788 2349 1938 2404 scili-

349 2455 436 2501 cet
464 2445 735 2517 religioso,
762 2453 819 2500 et
846 2444 1079 2500 fratrum
1102 2443 1210 2500 illic
1236 2441 1704 2499 commanentium
1734 2439 1939 2494 sancti-

351 2544 460 2590 tate
477 2536 706 2591 famoso.
737 2534 944 2591 Aderat
965 2535 1052 2590 ille
1082 2535 1290 2606 primus
1310 2534 1425 2590 dies
1444 2531 1798 2604 jejuniorum,
1820 2544 1941 2600 quae

350 2629 566 2685 Domini
602 2628 813 2685 Pascha
842 2631 1175 2700 praecedunt,
1215 2628 1269 2683 in
1319 2641 1426 2699 quo
1452 2635 1508 2683 et
1549 2626 1750 2683 cineris
1779 2640 1942 2695 super

350 2723 531 2791 capita
594 2723 869 2792 impositio
934 2721 1266 2791 suscipitur,
1320 2730 1378 2775 et
1449 2720 1631 2776 ardua:
1696 2718 1940 2790 inceptio

351 2811 694 2867 abstinentiae
721 2811 1025 2866 a-ﬁdelibus
1057 2810 1365 2865 inchoatur.
1400 2809 1498 2865 Dei
1544 2811 1727 2881 itaque
1763 2809 1941 2866 cultor

351 2908 671 2955 consuetum
718 2915 924 2955 morem
952 2899 1171 2971 explere
1198 2900 1447 2969 cupiens,
1489 2916 1613 2956 cum
1637 2900 1752 2971 jam
1803 2900 1939 2956 hora

353 2991 454 3046 diei
504 3006 648 3047 nona
694 2990 915 3060 fratres,
967 2994 1183 3050 modico
1231 2994 1355 3050 cibo
1405 2962 1687 3065 percepto,
1722 2994 1939 3052 lectioni
1968 2962 2013 3026 Ο

352 3092 632 3150 vacarent,
677 3083 818 3140 clam
867 3084 1052 3141 cinere
1089 3085 1312 3156 impleto
1339 3087 1542 3158 pugillo
1584 3088 1834 3144 consedit
1875 3088 1945 3144 ad

354 3190 623 3242 mensam,
657 3183 714 3230 et
739 3175 906 3246 cmpit
936 3177 1236 3232 secundum
1277 3177 1676 3250 Psalmigraphi
1716 3181 1941 3247 dictum,

357 3278 496 3333 pane
527 3264 688 3319 simul
727 3280 850 3320 cum
880 3266 1069 3323 cinere
1096 3266 1298 3324 fessum
1344 3283 1541 3338 corpus
1567 3269 1810 3327 reﬁcere.
1859 3269 1951 3326 ln-

354 3356 472 3409 nuit
498 3370 623 3410 vero
652 3356 865 3412 cuidam
900 3356 1076 3424 fratri,
1111 3368 1170 3414 ut
1195 3360 1298 3416 sibi
1343 3376 1500 3430 aqum
1533 3370 1721 3437 potum
1751 3361 1939 3418 defer-

355 3455 457 3511 ret,
503 3461 612 3515 quo
640 3447 938 3505 imbecilles
981 3458 1134 3507 artus
1168 3451 1324 3507 arido
1362 3453 1546 3508 edulio
1577 3463 1936 3510 sustentaret.

354 3537 550 3593 Attulit
582 3538 672 3594 ille
713 3540 858 3609 quod
881 3540 1139 3611 iusserat.
1174 3540 1247 3598 Ut
1280 3559 1411 3599 vero
1456 3544 1716 3615 applicuit
1749 3545 1934 3611 labiis,

355 3645 482 3685 ecce
507 3645 756 3698 saporem
785 3631 921 3688 odor
946 3646 1102 3702 aqua:
1140 3634 1372 3689 contulit
1396 3634 1532 3702 vini,
1561 3637 1805 3693 substitit
1834 3636 1943 3703 ille,

354 3732 410 3775 et
453 3722 609 3791 quasi
637 3722 884 3794 ignarus,
931 3724 1129 3782 iterum
1170 3724 1327 3782 fratri
1357 3735 1418 3783 ut
1455 3742 1650 3798 aquam
1684 3729 1944 3797 deferret,

356 3815 533 3870 innuit
561 3830 749 3871 manu.
781 3816 882 3883 Qui
915 3818 1144 3875 miratus
1171 3834 1230 3876 se
1267 3836 1461 3891 aquam
1489 3822 1750 3878 obtulisse
1779 3823 1946 3895 signi-

356 3906 554 3962 ficavit.
599 3906 840 3963 Tandem
885 3919 1152 3967 evacuato
1193 3926 1347 3978 vase,
1377 3913 1577 3968 iterum
1629 3914 1770 3971 idem
1802 3931 1945 3985 aqua

355 3996 576 4067 plenum
624 3998 814 4054 detulit
848 3999 1021 4055 Patri.
1050 4000 1247 4072 Attigit
1278 4002 1369 4058 ille
1422 4014 1800 4061 summotenus
1826 4020 1941 4074 ore,

355 4088 532 4144 denuo
573 4090 758 4145 vinum
813 4106 914 4162 pro
960 4106 1102 4163 aqua
1153 4094 1320 4165 coepit
1358 4095 1626 4152 redolere.
1683 4095 1779 4151 Vir
1814 4112 1946 4168 ergo

352 4180 546 4237 beatus
586 4181 682 4237 Dei
711 4184 967 4251 pietatem
1008 4199 1138 4257 erga
1169 4200 1229 4242 se
1275 4189 1699 4257 persentiscens,
1746 4189 1942 4245 humili

354 4272 644 4330 devotione
666 4277 809 4346 quod
837 4278 980 4335 Deus
1005 4278 1234 4334 miserat
1266 4295 1486 4337 sumere
1514 4297 1620 4337 non
1650 4282 1938 4339 recusavit.
1970 4317 2023 4381 υ

352 4365 705 4424 Ecce.........
736 4371 790 4424 in
814 4370 964 4427 Cana
988 4372 1231 4442 QGalileaa
1260 4375 1679 4432 convivantibus
1706 4379 1773 4433 de
1801 4393 1942 4450 aqua

351 4460 539 4515 vinum
585 4463 854 4519 exhibuit.
882 4463 1033 4521 Nunc
1074 4481 1206 4522 vero
1249 4465 1455 4524 famulo
1494 4483 1593 4524 suo
1641 4478 1851 4540 sponte
1884 4484 1944 4525 se

353 4562 592 4609 atterere
622 4556 846 4622 volenti,
878 4558 1169 4627 pallentem
1217 4560 1493 4632 lympham
1524 4562 1578 4618 in
1629 4563 1739 4616 vini
1787 4577 1944 4634 sapo-

350 4658 466 4698 rem
522 4647 813 4703 convortit.
866 4648 1023 4717 Quali
1072 4665 1203 4706 vero
1252 4653 1433 4709 cordis
1474 4652 1674 4722 jubilo,
1719 4653 1804 4710 vel
1835 4669 1942 4725 qua

350 4738 550 4792 mentis
577 4737 773 4795 ﬁducia
803 4742 1153 4799 aestimandus
1179 4754 1264 4799 est
1285 4752 1414 4800 tunc
1438 4744 1782 4815 tripudiasse,
1813 4761 1942 4801 cum

353 4824 425 4882 ita
448 4830 514 4885 de
535 4846 597 4886 se
621 4831 793 4885 Deum
818 4847 1014 4887 curare
1043 4836 1429 4904 cognovisset?
1454 4836 1776 4891 Potuittunc
1796 4835 1948 4891 Psal-

353 4918 525 4975 mistte
549 4923 733 4977 verbis
753 4924 1042 4981 concinere
1066 4945 1079 4981 :
1113 4925 1371 4983 Dominus
1424 4928 1685 4983 sollicitus
1708 4940 1782 4982 es!
1814 4928 1942 4993 mei,

353 5011 435 5064 vel
465 5016 608 5070 sicut
634 5013 765 5068 alibi
797 5013 1013 5081 dicitur,
1053 5017 1306 5073 Dominus
1335 5036 1516 5075 curam
1548 5019 1701 5073 habet
1730 5021 1849 5077 mei.

489 5104 623 5159 CAP.
648 5105 740 5160 IV.
770 5134 831 5187 -έ
874 5104 949 5159 De
977 5108 1119 5176 furto
1148 5109 1289 5178 apud
1318 5110 1547 5183 Papiam
1575 5110 1802 5163 invento.

425 5192 500 5250 Eo
530 5204 782 5267 tempore
808 5210 918 5264 quo
945 5196 1235 5253 Heinricus
1267 5216 1360 5255 rex
1391 5202 1458 5256 ad
1500 5213 1683 5253 arcem
1710 5199 1943 5257 Romani

356 5279 562 5353 imperii
593 5284 914 5349 festinabat,
949 5295 1008 5341 ut
1033 5288 1100 5343 de
1130 5302 1296 5356 regno
1318 5292 1385 5346 ad
1413 5288 1706 5358 imperium
1729 5305 1949 5358 promo-

2038 1728 2182 1783 inter
2219 1727 2451 1782 clientes
2489 1726 2556 1781 de
2598 1725 2795 1780 amissa
2835 1738 3028 1793 mappa
3081 1721 3421 1793 querelarum
3470 1736 3619 1775 mur-

2038 1831 2225 1882 mure,
2267 1816 2493 1886 dapsilis
2539 1814 2701 1870 Pater
2746 1816 2851 1870 hoc
2896 1814 3340 1885 parvipeudens:
3384 1812 3620 1876 Aﬂ'erte,

2038 1907 2235 1977 inquit,
2265 1906 2448 1971 aliam,
2480 1914 2534 1960 et
2561 1920 2632 1960 ne
2658 1904 2764 1961 tale
2786 1903 2930 1959 aliud
2952 1904 3180 1958 ulterius
3218 1903 3429 1958 accidat
3476 1900 3627 1957 solli-

2039 1996 2132 2052 citi
2157 2003 2335 2052 estote
2359 1996 2412 2049 in
2439 2001 2911 2064 posterum........
2942 1991 3286 2061 postmodum
3323 1990 3479 2046 beato
3510 1989 3627 2043 viro

2013 2087 2201 2145 osimul
2242 2102 2368 2141 cum
2400 2099 2559 2156 rege,
2595 2084 2867 2154 malignus
2901 2082 2989 2137 ille
3024 2098 3135 2138 rem
3181 2082 3319 2137 male
3351 2080 3622 2137 sublatam

2040 2179 2233 2236 detulit
2258 2179 2308 2232 in
2339 2177 2515 2231 forum
2539 2174 2811 2230 venalium
2840 2189 3021 2228 rerum
3049 2190 3064 2239 ;
3098 2172 3191 2228 sed
3229 2170 3453 2227 distrahi
3480 2167 3626 2222 nullo

2042 2269 2205 2325 modo
2252 2266 2460 2337 potuit,
2497 2265 2624 2335 quia
2667 2264 2773 2319 hoc
2813 2262 2901 2317 ille
2945 2262 3165 2331 iniquus
3204 2260 3485 2332 possidere
3517 2272 3625 2311 non

2041 2361 2258 2416 meruit.
2292 2358 2510 2424 Semel,
2547 2357 2633 2412 bis
2661 2363 2852 2429 terqpe
2886 2353 3087 2410 frustra
3122 2349 3623 2413 conatus,,tandem

2042 2450 2240 2505 rubore
2285 2448 2482 2503 frontis
2524 2446 2785 2502 confusus
2819 2458 3001 2499 casam
3042 2441 3238 2513 repetit
3278 2438 3462 2495 inanis
3502 2454 3516 2492 :
3568 2444 3625 2491 et

2041 2555 2171 2597 ecce
2197 2539 2377 2595 divina
2419 2538 2552 2594 ultio
2587 2536 2876 2593 scelestum
2914 2534 3127 2590 facinus
3156 2534 3209 2588 in
3258 2530 3509 2602 iniuriam
3543 2529 3626 2583 sui

2043 2631 2188 2688 servi
2235 2638 2608 2701 perpetratum
2637 2627 2914 2698 extemplo
2950 2626 3208 2682 vindicat.
3255 2622 3448 2678 Subito
3483 2620 3624 2674 enim

2042 2723 2295 2779 manibus
2329 2722 2663 2793 pedibusque
2691 2720 2980 2785 arefactis,
3014 2720 3179 2775 miser
3203 2726 3258 2774 et
3300 2714 3628 2771 miserabilis

2043 2817 2204 2874 simul
2232 2832 2355 2873 cum
2384 2816 2528 2872 furto
2574 2815 2749 2872 sancti
2777 2814 2951 2871 Maioli
2975 2812 3190 2887 [supple
3211 2812 3278 2867 ad
3302 2807 3626 2880 ecclesiam]

2044 2905 2309 2972 defertur,
2357 2906 2412 2961 in
2465 2915 2664 2961 terram
2702 2905 2943 2976 ponitur,
2992 2919 3184 2974 mappa
3233 2916 3364 2957 vero
3413 2913 3627 2955 sursutn

2047 2998 2392 3068 appenditnr.
2426 2996 2512 3052 Fit
2540 3010 2836 3053 concursus
2857 2994 3061 3066 populi,
3092 2993 3430 3062 constipatur
3455 2986 3630 3043 cccle-

2046 3091 2127 3147 sia
2188 3088 2530 3145 multitudine
2591 3086 3005 3151 innumerabili,
3076 3084 3328 3140 meritum
3387 3078 3631 3134 0dilonis

2046 3181 2204 3253 quale
2225 3181 2296 3237 sit
2321 3180 2656 3252 agnoscitur,
2692 3188 2748 3234 et
2776 3180 2968 3234 beatus
2996 3176 3223 3233 Maiolus
3245 3182 3304 3230 ut
3341 3188 3498 3244 opem
3523 3171 3621 3226 ιιιὶε

2046 3288 2172 3330 sero
2211 3273 2349 3330 ferat
2391 3273 2634 3328 omnium
2679 3270 2819 3327 votis
2857 3279 3136 3326 exoratur.
3165 3268 3413 3324 Tandem
3450 3263 3631 3321 divina

2047 3366 2221 3436 pietas
2251 3365 2456 3421 inolitis
2485 3363 2927 3420 miserationibus
2970 3361 3229 3415 miserum
3259 3346 3457 3429 erigit',
3505 3357 3625 3409 bra-

2047 3457 2170 3511 chia
2202 3471 2503 3524 manusque
2544 3454 2729 3510 nativo
2752 3455 2981 3509 humore
3009 3451 3299 3522 perfundit,
3331 3449 3488 3504 bases
3513 3451 3630 3520 ejus

2045 3555 2101 3601 et
2131 3547 2344 3616 plantas
2374 3547 2707 3610 consolidat,
2734 3546 2887 3614 isque
2914 3559 3038 3598 cum
3068 3542 3215 3597 omni
3237 3539 3435 3612 populo
3457 3540 3625 3597 Deum

2046 3640 2432 3709 magnificans,
2460 3638 2527 3693 ad
2556 3637 2773 3709 propria
2803 3642 3027 3691 remeat.

2301 3728 2430 3783 Car.
2457 3726 2523 3782 γ.
2545 3757 2617 3767 —-
2643 3725 2775 3780 Item
2804 3725 2869 3779 de
2894 3723 3000 3779 alio
3029 3721 3188 3777 simili
3212 3722 3376 3794 furto.

2118 3819 2356 3875 Alterius
2380 3819 2543 3873 etiam
2575 3816 2712 3872 furis
2736 3814 2902 3872 etl'era
2934 3829 3089 3871 mens
3117 3813 3294 3869 simile
3316 3812 3637 3885 direptionis

2045 3913 2301 3969 damnum
2330 3910 2641 3980 supradicto
2670 3908 2824 3964 Patri
2850 3907 3052 3963 inferre
3082 3906 3269 3963 molita
3313 3912 3416 3961 est.
3461 3904 3640 3960 Mora-

2044 4005 2208 4060 batur
2237 4017 2474 4073 namque
2494 4002 2616 4072 jam
2638 4002 2781 4057 fatus
2814 3999 2976 4056 Pater
3007 4000 3060 4054 in
3097 3998 3441 4054 denominata
3471 3996 3634 4066 Papia

2044 4095 2286 4161 civitate,
2316 4109 2457 4149 cum
2481 4106 2618 4149 ecce
2652 4092 2706 4146 in
2737 4106 2844 4146 una
2882 4089 3123 4145 noctium
3165 4087 3385 4159 quidam
3422 4086 3508 4142 fur
3552 4088 3638 4141 in-

2046 4202 2265 4259 gressus
2293 4184 2563 4241 stabulum
2594 4199 2880 4255 equorum,
2908 4182 3089 4253 abegit
3116 4196 3304 4246 unum,
3338 4194 3501 4250 quem
3527 4193 3641 4251 pm

2047 4278 2261 4336 caeteris
2296 4285 2654 4349 perspexerat
2709 4276 3011 4346 optimum,
3056 4282 3112 4331 et
3160 4271 3315 4342 cujus
3368 4281 3521 4343 tergo
3553 4271 3641 4326 vir

2048 4371 2243 4426 beatus
2274 4369 2462 4425 sedere
2487 4368 2677 4425 solitus
2706 4377 2847 4424 erat.
2887 4365 2995 4423 Sed
3024 4365 3151 4437 quia
3190 4366 3245 4421 in
3282 4365 3476 4421 eadem
3506 4362 3640 4418 urbe

2049 4476 2158 4517 non
2207 4460 2380 4517 solum
2419 4461 2583 4517 homo
2634 4461 2765 4526 Dei,
2797 4475 2986 4515 verum
3033 4458 3197 4515 etiam
3229 4471 3350 4529 qua:
3376 4456 3461 4514 sui
3499 4453 3641 4526 juris

2048 4563 2208 4611 erant
2238 4566 2366 4612 nota
2398 4555 2757 4621 videbantur,
2785 4553 2994 4611 veritus
3028 4552 3228 4609 ibidem
3258 4548 3485 4614 morari,
3515 4561 3643 4602 con-

2049 4648 2188 4720 fugit
2228 4650 2296 4704 ad
2342 4648 2626 4705 Laudense
2671 4646 2953 4719 oppidum,
2977 4654 3041 4703 ut
3072 4645 3183 4701 illic
3227 4644 3297 4699 de
3329 4638 3643 4697 venditione

2049 4741 2175 4809 equi
2205 4741 2445 4811 cupitum
2475 4738 2790 4811 acquireret
2817 4738 3075 4809 pretium.
3107 4736 3311 4792 Verum
3346 4731 3471 4801 quia
3497 4727 3643 4782 Deus

2054 4845 2273 4899 semper
2301 4844 2521 4885 suorum
2566 4845 2752 4886 curam
2797 4829 2969 4899 gerit,
3016 4822 3266 4899 omnium
3311 4815 3650 4878 cernentium

2055 4922 2217 4978 corda
2256 4923 2330 4976 ita
2368 4922 2620 4978 obstrnsa
2674 4929 2833 4986 sunt,
2882 4926 2945 4973 ut
2990 4916 3192 4972 nullius
3242 4915 3315 4969 ad
3362 4907 3657 4966 emendum

2053 5012 2405 5068 adhiberetur
2454 5009 2849 5066 convenientia.
2877 5006 3032 5072 Quod
3070 5018 3315 5060 cernens
3355 5000 3448 5056 ille
3490 4994 3667 5051 male-

2054 5104 2232 5168 volus,
2282 5112 2461 5157 tactus
2509 5099 2847 5170 paenitudine
2895 5097 3101 5161 cordis.
3148 5102 3207 5146 et
3262 5088 3555 5164 pervidens
3602 5100 3671 5143 se

2054 5195 2307 5263 nequiter
2331 5194 2532 5264 egisse,
2556 5188 2842 5245 confestim
2873 5187 3037 5243 rediit
3067 5184 3134 5238 ad
3160 5183 3350 5238 locum
3374 5192 3490 5236 suae
3517 5174 3673 5230 frau-

2053 5282 2139 5338 dis
2169 5282 2480 5345 conscium,
2522 5286 2579 5334 et
2626 5277 2984 5334 maerentibus
3033 5271 3264 5328 famulis
3310 5276 3678 5342 repraesentat
