4116 5358
489 202 594 259 9l9

1418 206 1476 262 S.
1507 207 1834 300 'ODILOMS
1871 207 2369 268 CLUNIACENSIS
2403 214 2694 300 ABBATiS
2738 217 2781 271 ν

3644 232 3746 286 9‘20

491 321 624 374 tium
684 319 895 387 mitigat
949 318 1271 374 voluntates.
1318 319 1436 376 Non
1494 299 1639 376 enim
1697 297 1819 377 erat
1875 321 2064 377 avidus
2091 326 2140 384 Α
2171 334 2318 378 tuum
2359 297 2564 395 depelle
2607 327 2674 384 ab
2721 331 2823 387 hac
2862 331 3024 389 domo
3068 297 3741 409 horrores'tenebrarum.

487 410 760 475 vindictae,
807 408 901 465 sed
952 410 1118 464 nimia
1164 410 1347 466 cordis
1383 411 1740 483 benignitate,
1781 414 1923 469 bona
1967 428 2067 484 pro

474 502 648 557 inalis
695 516 912 572 semper
964 504 1215 559 studebat
1267 518 1701 573 recompensare.
1761 505 2065 561 Secundum

486 592 632 647 beati
660 591 811 647 Pauli
848 592 1108 662 apostoli,
1156 594 1249 662 qui
1286 609 1383 648 vas
1410 594 1688 649 electionis
1718 594 1936 662 dicitur,
1976 594 2070 649 ad-

488 682 873 747 monitionem,
925 682 1058 737 nulli
1098 682 1297 738 malum
1332 698 1432 753 pro
1469 683 1612 739 malo
1658 684 1817 740 alicui
1854 685 2070 740 volebat

484 785 728 842 unquam
771 773 1018 838 reddere,
1061 773 1157 828 sed
1195 774 1454 837 omnibus
1482 775 1536 828 in
1580 790 1866 831 commune
1907 777 2069 832 benc-

485 860 698 949 facere.

486 975 615 1028 (Ἀρ.
662 975 751 1029 Vl.
784 1007 855 1015 —
885 976 962 1030 De
1011 979 1414 1031 transmentione
1459 979 1881 1046 profundissimw
1930 978 2065 1033 Tici-

752 1047 924 1099 nensis
953 1062 1126 1116 aqum,
1154 1057 1202 1099 et
1228 1048 1530 1101 accentione
1555 1048 1800 1103 lucernw.

556 1136 630 1188 Ea
660 1144 1012 1205 tempestate,
1040 1151 1147 1205 qua
1178 1150 1399 1207 regnum
1428 1137 1592 1191 Italia:
1613 1139 1828 1207 quidam
1871 1139 2067 1194 nobilis

483 1223 759 1280 Arduinus
789 1225 1114 1295 arripuerat,
1145 1234 1201 1281 et
1230 1226 1319 1280 ille
1349 1242 1575 1297 magnus
1603 1227 1887 1291 Henricus,
1920 1227 2067 1282 inter

485 1325 715 1370 caeteros
773 1316 1142 1382 clarissimus,
1196 1319 1346 1385 regni
1405 1319 1778 1372 monarchiam
1838 1320 2066 1373 consen-

483 1406 748 1462 tientibus
777 1406 944 1462 Italia:
993 1407 1349 1477 principibus,
1374 1408 1486 1477 jam
1519 1410 1573 1464 in
1606 1412 1792 1464 eodem
1820 1410 1934 1465 solo
1957 1409 2064 1465 Ita-

476 1497 584 1553 lico
626 1498 834 1566 positus
874 1496 1191 1565 allectabat;
1223 1500 1565 1569 supradictus
1599 1500 1761 1557 Pater
1793 1503 2062 1558 transiens

472 1602 574 1658 per
605 1589 836 1655 Italiam,
868 1591 1084 1646 devenit
1109 1593 1176 1647 ad
1205 1593 1498 1662 quamdam
1531 1608 1743 1663 aquam,
1774 1609 1894 1663 quae
1924 1609 2061 1651 mm-

472 1679 563 1734 nia
596 1678 776 1749 Papiae
817 1683 1215 1750 praeterﬂuens,
1258 1687 1325 1738 ah
1351 1684 1574 1740 australi
1604 1695 1786 1755 parte,
1814 1696 2058 1744 mutuato

472 1783 504 1822 a
546 1783 606 1823 se
637 1773 856 1826 nomine
886 1771 980 1826 dat
1022 1775 1206 1828 vocari
1253 1774 1520 1829 Ticinum.
1563 1777 1712 1832 Hanc
1748 1792 1877 1847 ergo
1907 1776 2058 1834 festi-

468 1870 668 1915 nanter
695 1863 928 1917 transire
954 1863 1234 1933 cupiebat;
1268 1865 1361 1918 sed
1410 1865 1683 1935 navigium
1715 1868 1919 1934 deerat,
1947 1880 2056 1938 quo

469 1958 636 2004 tantae
662 1951 963 2007 altitudinis
1005 1953 1203 2007 ﬂumen
1252 1955 1589 2009 transvadari
1631 1966 1833 2025 posset.
1878 1956 2058 2012 Conﬂ-

469 2040 605 2095 dens
632 2041 815 2110 itaque
835 2041 902 2095 de
932 2042 1063 2109 Deo,
1089 2044 1174 2097 cui
1204 2052 1312 2098 tota
1341 2053 1519 2099 mente
1545 2046 1872 2113 adhaerebat,
1898 2055 2057 2102 vocat

469 2148 636 2187 unum
666 2149 730 2187 ex
763 2134 999 2201 famulis,
1025 2136 1110 2191 cui
1142 2152 1336 2192 nomen
1363 2137 1650 2204 Wolveno,
1673 2148 1729 2193 et
1755 2139 1808 2193 in
1838 2141 2074 2196 nomine'

468 2221 683 2276 Domini
719 2224 873 2292 jubet
916 2240 1039 2280 eum
1082 2240 1180 2294 per
1205 2226 1311 2280 alta
1340 2226 1576 2283 ﬂuminis
1609 2228 1751 2283 haud
1782 2229 1944 2285 dubie
1974 2232 2057 2285 in-

470 2316 685 2371 cedere.
740 2316 931 2370 Mirum
981 2316 1160 2370 dictu!
1194 2317 1287 2371 sed
1329 2326 1506 2373 tamen
1548 2320 1729 2375 omnia
1778 2320 2056 2390 possibilia

469 2417 596 2462 sunt
625 2408 893 2472 credenti,
927 2407 1167 2462 ohedivit
1194 2407 1335 2471 illico
1356 2409 1610 2475 famulus,
1634 2420 1689 2466 et
1709 2412 2057 2481 subsequitur

467 2505 593 2566 post
623 2511 746 2551 eum
780 2499 1050 2563 dominus,
1076 2508 1130 2555 et
1155 2499 1226 2553 ita
1253 2515 1373 2553 cum
1401 2500 1546 2554 omni
1573 2503 1829 2557 comitatu
1855 2503 2056 2573 absque

466 2588 712 2644 subsidio
757 2588 984 2659 cymbae,
1017 2590 1133 2644 sine
1180 2588 1359 2659 aliqua
1409 2590 1648 2657 laesione,
1695 2590 1912 2646 Christo
1958 2593 2057 2646 du-

467 2686 641 2743 ctore,
663 2687 885 2732 ventum
923 2686 1009 2733 est
1035 2678 1102 2734 ad
1132 2680 1307 2749 ripam
1351 2679 1686 2736 ulteriorem.
1720 2682 1945 2751 Impleta
1973 2690 2057 2738 est

463 2778 599 2822 tunc
635 2768 916 2837 prephetia
944 2768 1118 2824 sancti
1148 2768 1436 2825 llabacuch
1480 2771 1744 2827 dicentis:
1792 2771 1944 2827 Viam
1974 2772 2055 2841 fe-

466 2860 585 2912 cisti
625 2860 679 2912 in
732 2864 869 2912 mari
901 2861 1046 2928 equis
1074 2861 1199 2927 tuis,
1230 2862 1285 2914 in
1317 2861 1427 2915 luto
1474 2879 1733 2932 aquarum
1764 2863 2054 2918 multarum

467 2949 699 3021 (Habac.
734 2965 832 3016 Ill,
866 2950 978 3020 15).
1011 2949 1151 3016 Quid
1200 2965 1330 3005 vero
1380 2951 1704 3016 mirabilius,
1756 2954 1840 3007 vel
1895 2954 2056 3009 laude

467 3042 685 3110 dignius
712 3042 962 3097 videtur?
988 3040 1268 3107 Quondam
1294 3042 1524 3112 populus
1563 3044 1887 3102 Israeliticns
1914 3046 2055 3102 inter

470 3136 766 3190 divisiones
815 3136 980 3190 maris
1014 3150 1114 3204 per
1161 3135 1364 3189 siccum
1416 3137 1697 3204 transivit;
1744 3152 1886 3193 nunc
1927 3154 2053 3194 vero

467 3226 662 3280 beatus
690 3235 843 3294 pater
868 3223 1023 3280 Odilo
1049 3239 1211 3294 super
1253 3224 1398 3292 ipsas
1443 3227 1612 3281 undas
1642 3228 1875 3297 a‘quoris
1909 3230 2049 3283 viam

469 3316 722 3395 suleavit.
773 3315 880 3371 Sed
929 3316 1055 3387 quia
1092 3326 1399 3387 utrumque
1444 3316 1540 3373 Dei
1592 3334 1785 3373 munus
1832 3328 1945 3383 est,
1986 3320 2053 3374 de

463 3416 697 3477 utroque
738 3422 769 3461 a
813 3408 967 3463 nobis
1007 3409 1148 3464 Deus
1190 3409 1617 3477 magniﬁcentius
1661 3418 1765 3464 est.
1795 3409 1908 3465 Hoc
1935 3424 2055 3465 cer-

470 3508 669 3555 nentes
694 3502 783 3572 qui
820 3500 891 3557 ibi
923 3501 1170 3567 aderant,
1198 3511 1527 3571 putaverunt
1551 3513 1869 3557 consuetum
1899 3516 2053 3571 aquas

470 3594 782 3657 transitum,
815 3602 870 3649 ct
895 3595 1138 3649 ascensis
1171 3595 1326 3664 equis
1354 3595 1407 3649 id
1451 3602 1661 3650 tentare
1686 3594 1864 3648 conati
1891 3600 2048 3659 sunt;

469 3687 568 3743 sed
618 3688 933 3758 priusquam
986 3690 1162 3756 prima
1212 3686 1440 3755 vestigia
1492 3685 1807 3755 sonipedum
1873 3684 2048 3754 ripam

466 3788 783 3849 tangerent,
846 3794 982 3848 pene
1049 3779 1550 3848 subtnergerentur,
1601 3776 1705 3831 nisi
1761 3775 2047 3831 confestim

460 3871 719 3926 retroacti
754 3871 979 3940 gradum
1014 3870 1360 3939 pressissent.
1403 3868 1529 3922 \‘iso
1579 3875 1731 3921 tanto
1763 3866 2047 3933 miraculo,

464 3981 607 4021 unus
634 3982 699 4021 ex
731 3964 1207 4019 circumstantibus
1253 3962 1492 4017 accurrit
1536 3961 1602 4014 ad
1650 3974 1824 4031 genua
1873 3957 2049 4013 sancti

467 4057 781 4120 viri,orans
808 4063 867 4108 ut
898 4054 1132 4124 hospitio
1178 4068 1287 4109 suae
1329 4054 1522 4108 domus
1564 4052 1643 4106 uti
1689 4050 2044 4121 dignaretur:

464 4148 550 4204 cui
586 4148 671 4202 vir
700 4147 890 4201 beatus
919 4146 1150 4200 libenter
1196 4159 1474 4201 assensqu
1507 4144 1677 4205 dedit,
1724 4141 2050 4213 vergebatur

462 4238 608 4294 enim
631 4237 744 4306 jam
771 4238 887 4292 dies
912 4237 979 4291 ad
1009 4250 1286 4292 occasum.
1313 4235 1549 4291 Veniens
1571 4235 1754 4302 itaque
1779 4247 1904 4288 cum
1934 4231 2048 4288 suis

2169 414 2279 470 Nec
2314 432 2484 483 mora,
2516 419 2606 475 lux
2632 421 2699 476 ab
2730 424 2930 480 aethere
2964 425 3080 480 fusa
3124 427 3272 483 illum
3304 430 3486 489 lzetitia
3513 446 3569 491 et
3594 454 3748 495 secu-

2169 507 2351 571 ritate,
2381 518 2436 562 et
2463 511 2679 565 domum
2729 512 2948 570 luminis
2983 516 3220 587 perfudit
3249 520 3519 581 claritate.
3566 527 3633 581 Et
3680 547 3747 586 ne

2168 597 2255 650 cui
2285 598 2386 652 ista
2413 599 2750 656 incredibilia
2779 603 3086 671 videantur,
3109 622 3142 661 ο
3171 608 3272 663 viri
3303 609 3489 667 fideles
3514 623 3570 668 et
3594 614 3749 669 Chri-

2169 686 2328 740 stiani
2374 687 2596 755 fratres,
2644 690 2918 748 Creatoris
2945 701 3028 748 est
3065 695 3307 751 miranda
3341 701 3603 768 potentia,
3653 705 3743 772 qui

2170 777 2391 833 devotos
2419 779 2535 849 ejns
2566 781 2775 836 animos
2798 795 3048 849 cernens,
3076 785 3256 840 taliter
3276 786 3423 842 illum
3446 789 3747 861 glorificare

2166 868 2367 933 voluit,
2404 877 2463 923 ut
2505 869 2595 924 lux
2626 872 2940 927 meritorum
2990 874 3158 944 ipsius
3204 891 3301 947 per
3338 878 3487 934 orbis
3529 881 3741 937 climata

2170 955 2580 1012 diffunderetur.

2488 1047 2612 1103 CAP.
2640 1049 2748 1105 Vll.
2771 1080 2843 1090 —
2864 1051 2939 1105 De
2963 1052 3125 1105 simiii
3154 1056 3427 1110 miraculo.

2238 1137 2567 1195 Memorialis
2614 1140 2731 1195 dies
2780 1142 2973 1197 divina:
3018 1143 3343 1201 visitationis
3387 1156 3442 1201 et
3499 1148 3745 1206 humana:

2168 1226 2380 1295 salutis,
2415 1228 2682 1285 festivitas
2710 1230 2960 1287 videlicet
2988 1233 3280 1290 Dominicis
3311 1235 3614 1294 Nativitatis
3650 1256 3742 1311 ap.

2166 1317 2583 1386 pr0pinquabat,
2616 1329 2671 1373 et
2698 1328 2916 1375 sanctus
2947 1319 3040 1376 Dei
3068 1320 3225 1378 Odilo
3250 1325 3453 1393 primos
3487 1327 3603 1381 dies
3631 1329 3738 1382 Ad-

2165 1416 2360 1461 ventus
2393 1409 2657 1464 Dominici
2687 1410 2828 1479 apud
2853 1410 3254 1483 Paterniacum,
3292 1415 3609 1473 delectabile
3639 1420 3737 1474 sibi

2164 1499 2492 1565 coenobium,
2522 1489 2913 1555 celebraverat.
2957 1501 3086 1557 Inde
3121 1518 3364 1572 gressum
3397 1521 3641 1571 movens,
3684 1518 3738 1563 et

2161 1603 2257 1657 per
2311 1598 2568 1644 montana
2624 1590 2882 1659 paulatim
2939 1592 3042 1646 iter
3091 1593 3331 1660 faciens,
3383 1597 3624 1664 pervenit
3674 1604 3739 1654 ad

2087 1671 2447 1746 BQuemdam
2516 1680 2726 1745 vicum,
2786 1680 3003 1735 nomine
3070 1680 3401 1737 Leodonium
3468 1683 3739 1755 [Lana-Ie-

2161 1771 2430 1844 Saum‘er],
2481 1773 2572 1828 ubi
2611 1773 2899 1828 coniicitur
2937 1772 3047 1840 sal,
3093 1775 3447 1829 humanorum
3493 1776 3737 1834 ciborum

2157 1865 2579 1919 condimentum.
2608 1865 2915 1920 Festinabat
2944 1866 3097 1920 enim
3126 1866 3215 1935 pio
3260 1867 3526 1923 desiderio
3569 1868 3739 1924 beata:

2156 1954 2392 2024 Virginis
2434 1962 2649 2024 partum
2696 1954 2835 2024 apud
2874 1955 3222 2022 Cluniacum,
3267 1957 3483 2012 virtutis
3521 1966 3577 2012 et
3616 1959 3741 2013 reli-

2156 2043 2331 2114 gionis
2386 2044 2786 2107 habitaculum,
2839 2044 3139 2099 celebrare.
3193 2045 3498 2100 Advenerat
3553 2057 3735 2102 autem

2157 2135 2399 2189 domnus
2425 2133 2618 2189 Petrus
2644 2134 2712 2188 ab
2737 2133 2913 2199 Italia,
2941 2142 2998 2189 et
3044 2134 3098 2187 in
3126 2132 3243 2202 ejus
3265 2134 3585 2205 obsequium
3618 2152 3738 2207 gra-

2155 2225 2422 2290 diebatur,
2456 2226 2509 2280 in
2537 2223 2692 2296 cujus
2720 2225 2914 2279 solatio
2957 2223 3113 2279 valde
3151 2225 3271 2294 pius
3307 2218 3469 2281 Pater
3506 2227 3737 2297 gratula-

2155 2315 2335 2370 batur.
2379 2314 2644 2384 Hospitati
2687 2313 2850 2384 igitur
2891 2313 2944 2367 in
2976 2314 3235 2383 praedicto
3283 2314 3437 2381 vico,
3480 2317 3737 2385 praecepit

2156 2406 2339 2462 senior
2361 2405 2496 2470 suis,
2522 2412 2582 2459 ut
2605 2411 2788 2460 essent
2810 2403 3047 2459 diluculo
3070 2404 3269 2473 parati,
3292 2412 3347 2459 et
3370 2404 3546 2474 primo
3577 2420 3736 2461 mane

2154 2495 2649 2568 proficiscerentur,
2690 2502 2746 2549 ut
2777 2493 2972 2548 diurna
3000 2494 3166 2549 itione
3204 2491 3349 2565 [ms.,
3373 2492 3737 2565 diurnatione]

2153 2596 2400 2659 peracta,
2440 2595 2664 2656 possent
2701 2587 2970 2654 attingere
3008 2586 3074 2639 ad
3128 2585 3519 2640 monasterium
3565 2587 3735 2640 sancti

2157 2678 2368 2750 (18-19)
2398 2677 2656 2735 Marcelli.
2679 2677 3003 2732 lmminebat
3026 2683 3256 2747 namque
3277 2676 3366 2732 ille
3388 2677 3505 2732 dies
3530 2685 3737 2747 quartae

2157 2769 2337 2836 feriae,
2383 2770 2438 2824 in
2469 2783 2574 2840 qua
2621 2778 2677 2823 et
2716 2768 2955 2824 solemne
2983 2767 3281 2839 jejunium,
3312 2776 3368 2823 et
3397 2767 3593 2823 electio
3644 2768 3733 2821 Dei

2159 2860 2350 2913 matris
2395 2860 2450 2913 in
2480 2857 2723 2914 Ecclesia
2756 2866 3097 2927 prmconatur
3145 2857 3281 2929 (20).
3325 2858 3439 2912 Illic
3467 2872 3597 2928 ergo
3644 2873 3736 2912 cu-

2156 2952 2339 3022 piebat
2369 2951 2618 3005 festivum
2649 2950 2886 3004 caelestis
2912 2948 3119 3005 oraculi
3160 2949 3391 3020 legatum
3420 2950 3590 3004 beatae
3623 2948 3735 3003 Vir-

2156 3041 2264 3112 gini
2319 3040 2585 3099 directum
2642 3040 2831 3094 audire
2874 3038 3078 3109 pariter
3115 3047 3173 3094 et
3220 3039 3517 3094 celebrare.
3566 3037 3735 3091 Facto

2155 3133 2340 3203 itaque
2404 3146 2563 3187 mane
2624 3131 2919 3200 carpebant
2992 3131 3127 3196 iter,
3185 3145 3309 3186 cum
3367 3129 3480 3198 jam
3539 3128 3733 3183 omium

2154 3228 2388 3282 nubibus
2435 3233 2751 3296 prmtectum
2812 3223 3138 3279 diﬂunderet
3189 3223 3352 3279 terris
3396 3223 3735 3278 immensita-

2154 3327 2265 3373 tem
2306 3317 2561 3373 imbrium
2606 3316 3013 3386 impelleretque
3060 3314 3533 3370 incommoditates
3569 3328 3732 3366 aura-

2156 3424 2275 3463 rum
2320 3408 2463 3480 (2!);
2505 3408 2602 3464 sed
2647 3405 2840 3463 fortem
2875 3406 2979 3460 viri
3008 3405 3101 3460 Dei
3141 3394 3380 3460 animum
3416 3418 3445 3457 a
3476 3412 3621 3459 statu
3651 3404 3731 3458 sui

2154 3499 2406 3556 desiderii
2434 3499 2549 3553 haec
2574 3512 2769 3567 aspera
2797 3510 3055 3552 revocare
3079 3496 3453 3566 nequiverunt.
3478 3494 3733 3561 Quinimo

2152 3589 2496 3646 confortabat
2539 3589 2715 3645 socios
2742 3601 2811 3643 ne
2842 3588 3053 3643 animos
3088 3587 3421 3658 frangerent,
3462 3586 3556 3641 sed
3586 3586 3732 3639 viam

2151 3689 2466 3736 constanter
2490 3680 2793 3749 explerent.
2814 3680 2917 3747 Qui
2940 3679 3087 3735 enim
3116 3693 3220 3734 non
3250 3678 3556 3747 patiebatur
3584 3676 3730 3731 vinci

2150 3789 2181 3828 a
2216 3773 2509 3843 voluptate,
2552 3772 2812 3827 invictum
2857 3786 2918 3828 se
2962 3771 3254 3841 praestabat
3289 3785 3321 3823 a
3351 3768 3554 3834 labore,
3602 3767 3731 3837 quia

2150 3863 2405 3919 manebat
2431 3862 2568 3917 liber
2594 3862 2663 3916 ab
2691 3861 2837 3916 omni
2883 3860 3052 3916 animi
3086 3859 3511 3930 perturbatione.
3553 3857 3732 3911 Labo-

2149 3954 2297 4009 rioso
2327 3953 2495 4024 igitur
2533 3951 2731 4006 itinere
2777 3966 2900 4007 eum
2947 3950 3183 4021 plurimo
3228 3948 3405 4020 spatio
3446 3946 3553 4002 diei
3600 3962 3733 4003 con-

2148 4045 2314 4115 fecto,
2342 4052 2612 4101 venerunt
2640 4044 2709 4099 ad
2735 4043 3005 4113 quoddam
3032 4043 3264 4108 ﬂumen,
3305 4039 3448 4111 quod
3475 4040 3553 4093 ita
3584 4040 3732 4095 intu-

2154 4144 2394 4202 muerat,
2441 4143 2503 4190 ut
2536 4134 2680 4190 ultra
2724 4133 2924 4189 littoris
2957 4133 3253 4188 terminum
3289 4139 3604 4203 protensum
3653 4130 3736 4184 in-

2155 4225 2540 4282 transmeabile
2592 4223 2887 4280 videretur.
2920 4223 3160 4279 Comites
3208 4236 3338 4277 vero
3379 4219 3732 4276 circumcirca

464 4330 534 4385 ad
560 4330 799 4395 domum,
824 4339 879 4384 et
905 4330 1170 4383 cbaritate
1196 4328 1341 4383 illius
1367 4326 1606 4382 hominis
1634 4324 1894 4392 refectus,
1924 4325 2048 4380 dor.
2076 4359 2130 4419 Β
2154 4317 2539 4383 discurrentes,
2567 4322 2622 4370 et
2648 4314 2881 4419 plurima
2928 4309 3519 4419 cnonantles,.meabilet.n
3552 4317 3735 4362 trans-

471 4422 666 4475 mitum
703 4421 962 4490 perrexit.
1006 4422 1063 4475 in
1107 4420 1283 4475 noctis
1325 4434 1456 4475 vero
1498 4419 1698 4485 medio,
1740 4417 1853 4486 jam
1886 4416 2049 4471 beato

466 4510 588 4567 viro
633 4518 908 4580 soporato,
948 4519 1171 4580 repente
1220 4517 1413 4565 ventus
1461 4510 1710 4579 aspirans
1738 4522 1836 4579 per
1882 4506 2054 4563 rimas

465 4604 661 4658 domus
689 4616 810 4672 quae
851 4600 1128 4671 patebant,
1175 4616 1274 4657 suo
1303 4599 1431 4654 ﬂatu
1468 4601 1742 4654 lucernam
1769 4598 2048 4653 exstinxit.

466 4694 895 4766 Expergefactus
924 4693 1288 4749 cubicularius
1315 4692 1407 4751 qui
1435 4700 1560 4748 ante
1585 4705 1705 4747 eum
1748 4690 2048 4757 cubitabat,

465 4786 688 4841 nomine
718 4784 1008 4850 Deodatns,
1032 4791 1203 4854 atque
1236 4782 1550 4848 exterritus,
1597 4781 1768 4836 doluit
1800 4781 2052 4836 tenebras

462 4877 773 4947 irrepsisse,
814 4877 904 4933 ubi
933 4890 993 4932 se
1040 4875 1215 4932 lucem
1245 4874 1567 4929 meminerat
1608 4870 1910 4942 reliquisse.
1943 4870 2052 4926 Ex-

461 4950 638 5025 'si!ivit
682 4986 711 5025 a
763 4970 980 5035 lectulo,
1025 4978 1082 5025 ct
1130 4968 1383 5025 nesciens
1427 4981 1537 5037 quo
1582 4966 1760 5019 lumen
1813 4971 2048 5033 peteret,

716 5061 743 5076 Α
772 5061 783 5076 ι
823 5062 834 5073 α
963 5062 973 5076 ι
1046 5062 1057 5072 ·
1166 5074 1169 5075 ν
1252 5059 1310 5076 ,I.
1335 5058 1443 5076 n-,-
1468 5073 1495 5075 γ.
1548 5071 1693 5076 -......,.
1756 5054 1934 5076 AIS--..-
1963 5070 1977 5076 -
2008 5051 2052 5076 n

2154 4411 2289 4466 itum
2315 4410 2535 4465 minime
2554 4408 2915 4479 reperiebant.
2938 4404 3088 4461 Tunc
3108 4403 3309 4459 Christi
3326 4400 3563 4456 famulus
3581 4415 3734 4470 spem

2153 4503 2210 4558 in
2239 4501 2410 4557 Deum
2460 4515 2688 4571 ponens,
2725 4508 2882 4555 vocat
2925 4512 3091 4552 unum
3138 4510 3207 4551 ex
3245 4492 3485 4558 famulis,
3513 4491 3735 4545 nomine

2152 4591 2473 4647 Arbaldum.
2522 4588 2771 4656 Videtur,
2811 4586 3010 4657 inquit,
3041 4585 3175 4641 mihi
3206 4598 3303 4655 per
3344 4582 3488 4639 hanc
3519 4587 3737 4650 partem

2152 4681 2388 4739 ﬂuminis
2409 4682 2588 4741 inesse
2614 4694 2832 4736 cursum
2862 4676 3098 4732 meandi.
3130 4676 3273 4745 Ergo
3301 4674 3356 4729 in
3386 4672 3482 4728 Dei
3512 4668 3737 4724 nomine

2151 4787 2376 4831 securus
2422 4770 2725 4841 ingredere,
2773 4779 2829 4822 et
2872 4765 3203 4835 experiendo
3247 4762 3396 4817 disce
3447 4766 3629 4815 utrum
3678 4764 3735 4810 et

2150 4880 2251 4922 nos
2277 4878 2542 4934 queamus
2578 4860 2831 4917 transire.
2857 4858 2950 4913 ille
2978 4856 3115 4911 nihil
3160 4861 3422 4917 moratus,
3475 4851 3587 4921 agit
3633 4849 3733 4903 im-

2151 4966 2364 5027 perata,
2396 4951 2593 5008 transit
2622 4950 2853 5016 ﬂumen,
2884 4957 2941 5004 et
2974 4946 3224 5002 allabitur
3271 4944 3339 4999 ad
3379 4943 3553 5011 ripam
3596 4939 3730 4994 ulte-

2152 5051 2351 5076 -ζΑ-ΑΜ
2403 5056 2456 5076 Αο
2482 5047 2674 5076 Ανυιῖηιιη
2702 5060 2833 5076 uano
2859 5042 3049 5076 nInmnl
3080 5056 3140 5076 ca
3166 5053 3353 5076 nmnnc
3372 5036 3524 5076 αιηηί
3550 5048 3727 5076 ΜΕΩΩ-
