4116 5358
323 254 423 310 9H

1663 243 1846 307 \‘l'l‘A.
1878 281 1942 291 —
1984 248 2112 305 LIB.
2142 246 2212 304 ll.

3464 242 3568 301 922

322 363 555 436 :equoris
580 363 815 420 evadens
851 362 1168 433 periculum.
1217 363 1467 420 Praecede
1510 378 1657 434 ergo,
1694 364 1891 433 inquit,
1924 366 1963 425 Α
1998 374 2169 423 mens,
2199 357 2368 411 movit
2389 370 2632 428 gressum
2662 356 2728 411 ab
2756 354 3004 420 ecclesia,
3027 364 3082 411 et
3125 355 3193 411 ad
3244 355 3579 414 famulorum

327 469 424 507 nos
467 453 520 506 in
566 451 784 506 nomine
835 451 1064 506 Domini.
1108 452 1189 508 Ad
1239 452 1437 507 lineam
1486 453 1667 523 itaque
1712 456 1895 509 cuncti

327 541 724 612 ingrtdientes,
775 542 1108 596 transierunt
1149 543 1413 613 gurgitem
1451 550 1693 608 vastum,
1739 542 1899 613 aquis

325 646 499 701 usque
538 633 605 685 ad
636 640 821 700 partes
848 630 1111 686 femorum
1143 633 1379 702 irrigati;
1418 634 1533 688 viro
1567 642 1744 687 autem
1775 633 1897 699 Del,

327 723 470 775 sicut
509 721 691 775 testati
730 730 854 774 sunt
890 721 992 790 qui
1031 722 1344 786 adfuerunt,
1390 738 1565 792 neque
1609 737 1782 792 usque
1828 721 1899 776 ad

330 810 621 880 corrigiam
647 809 997 864 calceamenti
1041 825 1180 879 aqua
1212 811 1388 881 potuit
1432 809 1677 866 diﬂ‘undi.
1707 811 1783 865 Ex
1817 811 1902 863 in-

331 900 544 954 fusione
572 900 752 967 itaque
781 914 1064 967 aquarum,
1095 900 1370 970 nimioque
1399 901 1581 971 algore
1615 900 1900 957 constricti

329 1002 522 1041 ontnes
553 988 718 1053 socii,
761 990 973 1044 tandem
1023 988 1288 1058 profunda
1334 998 1494 1045 nocte
1527 998 1791 1062 venerunt
1832 990 1903 1044 ad

332 1076 507 1130 locum
551 1078 641 1132 diu
672 1077 997 1148 ﬂagitatum,
1025 1080 1210 1135 eximii
1242 1082 1497 1151 martyris
1532 1080 1771 1136 Marcelli
1804 1081 1905 1135 ho—

334 1181 464 1222 nore
510 1168 767 1223 dicatum.
800 1169 964 1225 Facta
994 1171 1241 1225 oratione
1268 1172 1539 1238 petierunt
1576 1172 1816 1236 domum,
1844 1179 1903 1225 et

334 1256 583 1313 sedentes
611 1258 757 1313 circa
791 1259 966 1326 ignem
1012 1259 1310 1328 copiosum,
1349 1259 1441 1312 alii
1478 1273 1539 1313 se
1581 1258 1901 1322 calefacere,

335 1359 459 1413 pars
482 1356 763 1415 cmperunt
797 1356 974 1402 vestes
1016 1356 1243 1401 mutare.
1281 1348 1522 1415 Quorum
1571 1363 1788 1418 gravem
1825 1347 1907 1401 la-t

336 1433 524 1487 hut-em
562 1449 789 1489 cernens
823 1435 1166 1490 dulcissimus
1196 1435 1361 1490 l‘ater
1380 1435 1602 1491 incaluit
1627 1438 1824 1504 contis,
1849 1442 1905 1492 et

337 1522 499 1576 dictis
527 1523 720 1578 amicis
745 1521 941 1578 aillicta
965 1533 1181 1593 pectora
1214 1525 1432 1581 mulcet.

405 1612 451 1668 Ο
478 1614 750 1682 quondam
779 1613 947 1669 fortes
975 1629 1069 1683 per
1096 1614 1260 1668 multa
1288 1616 1521 1684 pericula
1552 1614 1750 1672 fratres
1776 1619 1788 1670 !

405 1702 484 1757 Nc
513 1714 695 1758 vestra
717 1706 914 1759 vestris
938 1704 1199 1776 frangatis
1231 1715 1447 1776 pectora
1479 1707 1659 1772 rebus,

406 1793 510 1849 Per
542 1795 719 1850 varios
750 1810 908 1850 casus
938 1814 1032 1866 per
1067 1808 1144 1855 tot
1168 1798 1479 1853 discrimina
1510 1814 1689 1854 rerum

407 1883 701 1939 Tendimus
724 1885 792 1939 ad
826 1900 1048 1955 regnum
1078 1887 1223 1952 coeli,
1258 1887 1520 1957 sedesque
1551 1890 1757 1945 beatas.

408 1972 633 2037 Durate,
662 1982 718 2027 et
744 1974 857 2028 haec
877 1976 1006 2029 olim
1032 1976 1586 2045 meminissejuvabit.

337 2062 551 2116 Credite
580 2078 710 2116 mea:
749 2065 1017 2132 parvitati,
1067 2068 1223 2121 beata
1263 2067 1358 2122 Dei
1402 2078 1594 2135 mater,
1638 2071 1709 2126 ob
1749 2069 1905 2138 cujus

337 2153 651 2222 obsequium
680 2156 1026 2221 convenistis,
1060 2157 1220 2225 hujus
1252 2160 1415 2214 vestri
1461 2160 1663 2215 laboris
1689 2161 1795 2216 erit
1815 2163 1903 2230 pia

339 2244 752 2298 remuneratrix.
776 2242 904 2299 Post
957 2247 1071 2302 haec
1095 2247 1220 2302 cibo
1268 2257 1504 2318 sumpto,
1546 2250 1718 2306 fessos
1753 2262 1905 2306 artus

338 2333 511 2388 somni
533 2335 716 2403 quiete
745 2335 1133 2391 refocillarunt.
1152 2337 1209 2392 ln
1227 2340 1526 2395 crastinum
1554 2350 1733 2396 autem
1759 2356 1908 2396 com-

338 2420 496 2492 pletis
531 2423 722 2480 oﬂiciis
740 2427 1144 2493 ecclesiasticis,
1188 2431 1572 2499 omnipotentis
1611 2431 1707 2487 Dei
1742 2433 1904 2497 dono,

339 2513 461 2568 cibo
498 2521 554 2569 et
601 2513 784 2570 latitia
825 2517 988 2572 corda
1027 2516 1255 2573 fratrum
1304 2520 1546 2590 implevit
1593 2536 1660 2577 ac
1716 2522 1907 2577 deinde

338 2600 654 2659 Cluniacqu
675 2614 942 2675 perventt.

339 2710 468 2766 Car.
498 2712 627 2767 Vill.
669 2744 741 2757 —
767 2715 846 2771 De
891 2718 1073 2786 paucis
1107 2718 1371 2781 pisciculi:
1412 2720 1651 2790 plurimis
1680 2723 1904 2792 refectis.

406 2795 768 2869 Lutetiaa(22)
797 2798 1124 2855 Parisiorum
1163 2802 1467 2868 proximum
1509 2815 1594 2859 est
1639 2813 1906 2860 monaste.

339 2884 496 2949 rium,
523 2887 694 2941 sancti
719 2886 959 2957 Dionysii
988 2889 1243 2958 martyris
1285 2890 1504 2961 gloriosi
1541 2893 1784 2961 corporis
1812 2894 1908 2947 ho-

339 2989 469 3031 nore
517 2976 859 3044 praeclarum,
910 2979 1002 3046 qui
1043 2979 1193 3034 locus
1225 2995 1256 3033 a
1308 2981 1640 3037 Francorum
1692 2985 1908 3052 regibus

2002 449 2172 504 tendit
2201 448 2527 503 habitacula.
2552 446 2796 501 Piscandi
2821 460 3021 515 gnaros
3054 455 3231 510 vocat,
3258 447 3424 501 multa
3444 464 3568 503 cum

1996 539 2079 594 eis
2110 537 2484 607 conquierint,
2523 549 2684 604 super
2724 535 2997 605 capiendis
3025 536 3261 604 piscibus
3285 537 3450 591 multa
3482 538 3569 592 in-

2000 629 2202 691 culcat,
2220 641 2361 680 nunc
2387 626 2532 695 pium
2548 624 2831 680 Odiloncm
2859 626 3090 690 venisse,
3120 641 3263 680 nunc
3291 625 3431 680 diem
3462 628 3570 683 D0—

2001 718 2213 774 minicae
2236 716 2646 770 resurrectionis
2669 716 2878 779 adesse,
2918 731 3063 771 nunc
3091 716 3282 770 fratres
3316 716 3573 771 melodia-

2002 823 2119 861 rum
2154 815 2317 860 cantu
2348 804 2599 874 fatigatos
2625 804 2761 859 fore.
2792 804 3025 873 imperat
3063 806 3276 859 demum
3299 805 3351 859 in
3374 805 3574 861 Christi

2002 899 2219 963 virtute,
2242 906 2301 951 ut
2326 895 2628 966 Sequanam
2656 894 2875 950 ﬂuvium
2919 897 3125 951 retibus
3155 905 3426 965 expetant.
3475 897 3570 961 lte,

2004 988 2198 1056 inquit,
2227 996 2281 1042 et
2324 987 2574 1041 meritum
2618 985 2860 1040 Odilonis
2904 985 3241 1055 interpellate
3270 1000 3574 1055 nomenque

2002 1076 2507 1132 Christiinvocate:
2554 1075 2718 1130 credo
2740 1075 2883 1129 enim
2915 1075 3039 1142 quia
3090 1089 3194 1127 non
3227 1073 3576 1128 frustrabitur
3668 1116 3689 1129 α

2002 1184 2129 1238 spes
2153 1177 2349 1225 vestra.
2396 1168 2451 1221 ld
2481 1167 2599 1221 sine
2647 1181 2798 1239 mora
2834 1165 3091 1220 fidissima
3132 1165 3388 1220 clientum
3419 1165 3573 1219 turba

2004 1262 2137 1314 dant
2156 1260 2317 1313 fluvio
2348 1268 2498 1324 rete;
2538 1258 2732 1313 fluvius
2754 1272 2819 1312 ex
2852 1257 3146 1325 improviso
3176 1257 3346 1311 reddit
3369 1256 3575 1325 piscem

2008 1348 2379 1418 magnitudine
2405 1363 2705 1411 enormem,
2734 1347 2999 1402 vocabulo
3031 1347 3349 1408 sturionem,
3382 1345 3435 1399 in
3466 1359 3576 1413 quo

2005 1439 2242 1493 fluminis
2259 1439 2470 1508 gurgite
2496 1438 2661 1507 piscis
2673 1437 2759 1490 vix
2787 1451 3020 1505 unQuam
3050 1434 3325 1490 ferebatur
3343 1448 3372 1486 a
3399 1433 3577 1501 pisca-

2006 1529 2213 1589 toribus
2244 1540 2434 1599 eapttts
2464 1543 2606 1584 esse.
2636 1528 2885 1583 Redeunt
2926 1540 3057 1596 ergo
3082 1525 3261 1581 onusti
3293 1525 3386 1593 qui
3432 1524 3577 1579 abie-

2007 1628 2136 1675 rant
2164 1620 2337 1674 vacui.
2387 1618 2749 1674 Praesentatur
2792 1632 2964 1672 novus
3008 1615 3194 1686 piscis,
3261 1627 3419 1683 quem
3468 1626 3576 1667 non

1931 1716 1976 1775 Β
2008 1712 2297 1781 praedictus
2324 1710 2519 1764 ﬂuvius
2547 1710 2677 1767 dare
2702 1707 2927 1772 solebat,
2971 1706 3066 1765 sed
3106 1705 3304 1761 Christi
3334 1701 3580 1772 largiflna

2005 1817 2202 1857 silanus
2227 1816 2325 1856 suo
2355 1816 2513 1856 servo
2542 1800 2836 1856 direxerat.
2867 1797 3019 1865 Quod
3056 1796 3302 1852 videlicet
3334 1792 3581 1861 inopina-

2008 1899 2122 1944 tum
2170 1889 2488 1949 miraculum
2519 1890 2570 1944 in
2605 1897 2754 1944 tanta
2801 1885 3157 1943 admiratione
3199 1892 3283 1939 est
3322 1898 3351 1936 a
3393 1888 3581 1936 sancto

2004 1959 2170 2033 i’atre
2199 1978 2459 2042 habitum,
2485 1979 2725 2032 utetiam
2755 1977 2990 2031 infantes
3011 1974 3227 2037 scholte,
3244 1972 3438 2042 quibus
3462 1978 3583 2026 erat

2006 2067 2216 2124 invisus
2245 2079 2299 2123 et
2330 2069 2637 2138 incognitus
2668 2075 2832 2121 tanta:
2876 2063 3219 2121 enormitatis
3270 2060 3457 2131 piscis,
3514 2058 3582 2112 ad

2009 2161 2299 2216 videndum
2346 2161 2529 2215 venire
2573 2160 2907 2229 praeciperet.
2951 2169 3004 2213 et
3026 2158 3093 2212 ad
3135 2154 3580 2226 gloriﬁcationem

2007 2250 2108 2305 Dei
2142 2246 2526 2319 omnipotentis
2559 2266 2723 2320 super
2752 2252 2853 2305 hoc
2888 2249 3152 2304 beneflcio
3187 2247 3430 2303 seniores
3459 2258 3581 2298 cum

1999 2342 2295 2411 Juvenibus
2344 2351 2401 2395 et
2446 2342 2631 2410 pueris
2683 2342 2853 2411 magis
2906 2356 2969 2396 ac
3021 2339 3193 2409 magis
3240 2336 3578 2391 accenderet.

2005 2432 2204 2501 Agitur
2237 2432 2352 2486 dies
2388 2431 2644 2486 solemnis
2690 2446 2790 2501 pro
2832 2429 2999 2501 gloria
3031 2426 3318 2482 Dominica:
3343 2438 3583 2479 resurre‘

2006 2521 2223 2576 ctionis.
2255 2519 2530 2576 Laetamur
2559 2521 2753 2576 heroes
2782 2518 3016 2576 novitate
3054 2515 3131 2573 rei
3162 2522 3396 2584 peracta:
3421 2510 3583 2567 meri-

2009 2610 2082 2671 tis
2106 2611 2238 2664 tanti
2270 2612 2391 2666 viri.

2000 2756 2003 2759 ›
2078 2718 2177 2773 Est
2202 2735 2368 2789 prope
2413 2728 2658 2774 sanctum
2694 2719 3009 2789 Dionysium
3055 2713 3494 2772 monasteriolum
3528 2712 3582 2767 in

2006 2811 2221 2864 honore
2262 2811 2436 2864 sancti
2471 2810 2684 2864 Martini
2708 2810 2837 2881 :(25)
2880 2815 3276 2872 consecratum,
3315 2813 3371 2861 et
3401 2804 3583 2875 vulga-

2008 2901 2147 2956 niter
2173 2900 2239 2955 ad
2276 2900 2549 2956 Publicam
2575 2900 2811 2956 Stratam
2845 2902 3045 2957 dictum
3076 2920 3089 2955 :
3124 2901 3174 2954 in
3198 2914 3305 2969 quo
3337 2898 3584 2953 videlicet

2011 2989 2133 3044 loco
2166 2988 2381 3054 fratres,
2414 2991 2502 3059 qui
2529 2991 2580 3043 in
2611 2990 2865 3059 praedicto
2905 2990 3075 3043 sancti
3130 2988 3370 3058 Dionysii
3399 3002 3583 3040 mona-

341 3066 562 3136 llugone
589 3077 644 3121 et
671 3066 951 3133 Rotherto,
1008 3070 1122 3125 viro
1151 3071 1244 3126 Dei
1291 3071 1501 3127 Odiloni
1553 3074 1727 3129 fuerat
1757 3091 1905 3130 eom-
1935 3064 1982 3115 (ἶ
2015 3082 2182 3133 ster'o
2207 3094 2367 3134 causa
2393 3080 2725 3134 infirmitatis
2755 3080 2836 3134 vel
2870 3078 3201 3148 fatigationis
3229 3088 3446 3131 manere
3474 3090 3581 3128 non

339 3156 555 3221 missus,
597 3165 656 3210 ut
701 3159 1003 3214 monachali
1047 3162 1238 3216 ordine
1265 3171 1321 3216 et
1356 3164 1600 3219 doctrina
1646 3166 1909 3236 regularis

340 3249 464 3302 vita:
503 3248 888 3316 proveheretur
933 3251 987 3304 in
1015 3251 1226 3306 melius.
1274 3253 1332 3307 lu
1361 3268 1472 3323 quo
1514 3256 1761 3310 coenobio
1806 3256 1902 3310 ali-

338 3340 554 3408 quando
577 3340 670 3393 Dei
718 3340 952 3397 famulus
999 3356 1371 3408 commanens,
1418 3345 1541 3399 vita:
1573 3344 1823 3414 pabulum
1854 3355 1908 3401 et

338 3434 528 3490 salutis
556 3435 804 3489 haustum
836 3435 1064 3492 facundo
1092 3452 1188 3493 ore
1226 3439 1340 3493 suis
1387 3439 1724 3495 auditoribus
1752 3441 1910 3495 mini-

338 3524 563 3579 strabat.
595 3523 1069 3594 Quadragesimale
1121 3535 1332 3596 tempus
1381 3528 1677 3595 efﬂuxerat,
1713 3538 1769 3584 et
1794 3530 1909 3585 dies

339 3616 583 3686 mysticae
607 3630 776 3670 omnes
802 3632 900 3671 nec
929 3633 1035 3673 non
1064 3627 1119 3672 et
1144 3618 1434 3675 salutiferae
1463 3621 1731 3689 passionis
1751 3619 1909 3675 Chri-

339 3707 408 3761 sti
438 3706 735 3772 desierant,
760 3724 885 3762 cum
922 3708 1014 3764 lux
1058 3708 1276 3774 laetitiis,
1320 3711 1624 3782 trimnphus
1660 3710 1910 3766 videlicet

338 3795 632 3850 Dominicae
679 3797 1114 3864 resurrectionis,
1161 3801 1362 3855 mundo
1415 3800 1723 3856 irradiaret.
1772 3800 1910 3856 Esus

337 3901 466 3941 vero
485 3888 714 3956 piscium
758 3889 814 3944 in
854 3897 1001 3944 tanta
1030 3890 1135 3944 diei
1178 3891 1523 3948 solemnitate
1550 3893 1689 3964 patri
1718 3892 1907 3948 fratri-

335 3977 543 4044 busque
583 3976 786 4032 deerat.
823 3977 1055 4034 Gerebat
1101 3987 1229 4036 tunc
1266 3980 1497 4036 ollicium
1544 3982 1910 4051 praepositum

338 4063 522 4118 senior
543 4064 655 4130 lvo,
678 4066 978 4123 amicabiiis
1004 4070 1186 4135 homo,
1209 4071 1300 4140 qui
1329 4072 1466 4125 bene
1510 4071 1763 4126 meritum
1798 4071 1901 4126 Pa-

340 4154 438 4209 tris
484 4153 775 4211 observare
824 4166 881 4213 et
933 4158 1113 4215 colere
1162 4160 1449 4226 studebat;
1497 4160 1699 4230 quique
1757 4160 1911 4216 valde

337 4251 588 4297 moestum
625 4246 864 4313 gestiens
904 4249 1143 4302 animum
1185 4248 1331 4317 quod
1358 4248 1617 4305 sterilitas
1644 4264 1907 4327 aquarum

337 4333 438 4388 sibi
487 4349 594 4390 non
641 4336 908 4403 praeberet
947 4337 1275 4393 afﬂuentiam
1336 4338 1605 4407 piscium:
1647 4338 1907 4394 actitabat

336 4427 480 4479 enim
516 4437 571 4480 ut
613 4429 965 4499 undecunque
1019 4432 1328 4500 acquireret
1350 4430 1612 4499 ejusmodi
1642 4432 1907 4501 edulium,

338 4516 429 4570 sed
473 4530 807 4587 quaecunque
850 4520 1193 4590 agitabantur
1230 4521 1452 4574 ntinime
1495 4522 1562 4574 ad
1601 4522 1908 4591 profectum

336 4605 706 4675 proficiebant.
753 4609 940 4663 Divina
979 4612 1123 4665 enim
1170 4612 1502 4695 providentia
1531 4612 1585 4666 id
1623 4614 1908 4683 agebatur,

234 4698 239 4701 ‘
337 4696 476 4750 utin
536 4712 673 4753 nova
703 4696 997 4757 festivitate
1039 4716 1210 4756 novus
1257 4703 1453 4772 hospes
1489 4703 1717 4773 gurgitis
1764 4719 1909 4759 noro

334 4786 496 4842 etiam
519 4790 749 4856 homini,
778 4794 1070 4849 secundum
1105 4794 1420 4863 Apostolum
1467 4795 1661 4866 spiritu
1710 4799 1911 4853 mentis

334 4889 444 4929 suae
472 4877 537 4932 de
555 4875 650 4933 die
678 4880 734 4934 in
760 4880 898 4935 diem
920 4893 1195 4951 renovato,
1219 4886 1314 4942 Dei
1338 4897 1560 4942 munere
1573 4885 1906 4943 mitteretur.

336 4962 446 5020 Sub
474 4966 588 5038 ipso
620 4970 804 5040 itaque
834 4987 1039 5043 magna:
1063 4973 1168 5028 diei
1200 4978 1540 5046 crepusculo,
1585 4979 1860 5047 completo
1879 4993 1910 5033 a

334 5052 587 5113 fratribus
616 5058 905 5115 cclebriter
929 5062 1226 5116 matutinali
1275 5065 1470 5134 officio,
1499 5065 1796 5135 praedictus
1817 5065 1910 5123 Ivo

334 5144 490 5200 ﬁdem
535 5149 822 5217 possidens
872 5151 925 5206 in
973 5147 1200 5219 Deo,’de
1230 5159 1436 5214 meritis
1490 5152 1676 5212 Patnis
1704 5172 1909 5228 praesu-

401 5281 510 5358 (22)
535 5284 660 5340 lltcc
694 5299 866 5358 usque
893 5289 959 5342 ad
1000 5289 1115 5342 haec
1142 5288 1301 5346 verba
1331 5294 1467 5349 tanti
1500 5291 1606 5348 viri
1656 5294 1911 5347 habemus

2014 3180 2261 3240 possunt,
2288 3171 2578 3240 aliquando
2608 3172 2883 3227 secedunt.
2908 3171 3149 3247 Quadam
3180 3170 3362 3239 itaque
3387 3168 3474 3221 die
3499 3169 3583 3220 vir

2008 3270 2232 3315 sanctus
2256 3260 2512 3331 fatigatus
2535 3262 2839 3323 adveniens,
2870 3259 3253 3314 monasterium
3281 3256 3580 3318 declinans,

2012 3364 2176 3407 causa
2210 3355 2603 3422 repansationis
2627 3353 2754 3408 illuc
2778 3353 3014 3407 divertit.
3045 3351 3196 3418 Quod
3226 3357 3583 3418 agnoscentes

2004 3439 2157 3495 illius
2182 3443 2491 3497 monasterii
2537 3443 2755 3513 majoris
2782 3449 3181 3512 procuratores,
3235 3440 3454 3492 mittunt
3478 3435 3581 3491 sibi

2006 3541 2239 3601 “Itaque
2261 3533 2586 3600 necessaria,
2615 3535 2708 3588 sed
2736 3535 2804 3588 de
2841 3532 3099 3603 piscibus,
3144 3540 3406 3598 nusquam
3435 3528 3581 3581 enim

2009 3623 2238 3693 reperiri
2266 3623 2406 3690 apud
2426 3637 2522 3678 eos
2546 3622 2812 3687 valebant,
2848 3621 3005 3676 valde
3043 3634 3206 3689 parva
3230 3613 3579 3671 munuscula.

2007 3711 2224 3767 Interea
2256 3713 2382 3766 dum
2402 3711 2500 3766 avir
2521 3711 2730 3767 Domini
2763 3713 3026 3782 privatam
3058 3707 3298 3778 requiem
3346 3720 3405 3760 se
3428 3711 3581 3773 putat

2005 3786 2230 3866 habere,
2259 3816 2385 3856 ecce
2408 3801 2604 3867 subito,
2636 3802 2776 3857 sicut
2807 3803 2872 3856 ad
2897 3816 3018 3856 eum
3042 3812 3254 3867 semper
3278 3793 3579 3864 frequentia

2010 3895 2405 3949 monachorum
2444 3908 2768 3964 quocunque
2818 3894 3058 3948 locorum
3105 3889 3373 3951 veniebat,
3419 3885 3581 3940 credo

2006 3983 2121 4040 duo
2143 3984 2363 4041 abbates
2389 4001 2512 4041 cum
2540 3986 2782 4055 pluribus
2813 3983 3099 4039 monachis
3121 3979 3405 4036 accedunt.
3436 3975 3582 4042 Quos

2006 4086 2139 4131 cum
2181 4077 2377 4145 gaudio
2411 4077 2664 4146 suscepit,
2697 4085 2752 4130 et
2797 4076 2850 4130 in
2898 4075 3114 4144 longum
3172 4084 3293 4125 cum
3343 4067 3421 4122 eis
3462 4078 3580 4118 ser-

2008 4182 2230 4227 monem
2251 4168 2539 4237 protraxit,
2570 4178 2732 4236 atque
2757 4167 2826 4220 ad
2852 4165 3097 4219 ultimum
3126 4169 3185 4217 ut
3210 4172 3393 4215 secum
3416 4169 3582 4226 pran-

2006 4252 2226 4322 t‘iereut,
2270 4257 2533 4313 invitavit.
2580 4257 2854 4312 Accedens
2897 4268 3025 4307 vero
3051 4251 3118 4305 ad
3157 4263 3359 4318 coquos
3402 4253 3458 4300 et
3498 4244 3581 4298 in-

2017 4343 2244 4402 fertores
2270 4347 2541 4413 ciborum,
2574 4346 2797 4417 inquirit
2820 4344 2949 4414 quid
2989 4342 3258 4398 haberent
3286 4336 3428 4393 unde
3454 4348 3582 4389 suos

2016 4450 2152 4504 quos
2182 4437 2504 4511 invitaverat
2530 4436 2764 4505 hospites
2788 4433 3012 4491 reﬁcere
3037 4439 3241 4502 posset.
3270 4427 3342 4480 At
3380 4423 3454 4478 illi
3479 4436 3583 4477 ca:-

2018 4537 2131 4583 tera
2156 4529 2375 4598 quidem
2420 4536 2692 4597 utcunque
2730 4540 2791 4580 se
2832 4524 3048 4587 habere,
3077 4522 3143 4576 de
3171 4516 3411 4588 piscibus
3450 4524 3582 4566 vero

2013 4633 2152 4688 pene
2181 4620 2314 4674 nihil
2339 4633 2477 4684 esse,
2497 4619 2640 4689 quod
2662 4626 2826 4672 tanta:
2852 4611 3174 4671 multitudini
3206 4610 3415 4665 valeret
3437 4600 3587 4657 suill-

2014 4724 2157 4763 cere.
2185 4708 2371 4775 Pueri,
2424 4709 2601 4779 inquit
2629 4708 2712 4762 vir
2756 4713 2996 4768 sanctus,
3037 4702 3113 4756 illi
3159 4708 3405 4755 vestram
3427 4702 3588 4785 super

2016 4800 2118 4855 hoc
2144 4800 2560 4858 sollicitudinem
2582 4796 2924 4859 eommittite,
2949 4792 3043 4863 qui
3072 4792 3137 4845 de
3165 4789 3411 4855 quinque
3439 4789 3594 4843 νυιιι-

2010 4891 2118 4947 bus
2146 4900 2201 4947 et
2228 4893 2439 4948 duobus
2456 4890 2692 4960 piscibus
2727 4888 2964 4957 quinque
2997 4880 3160 4937 mima
3192 4874 3600 4965 l'omin‘imfi-

2017 4981 2120 5037 luit
2147 4984 2365 5046 satiare,
2398 4947 2473 5036 et.
2493 4982 2570 5035 ita
2606 4947 2769 5034 nobis.
2789 4971 3195 5041 hospitibusque
3241 4947 3614 5048 nostriiiﬁe"

2019 5072 2296 5128 nissimam
2383 5070 2731 5125 refectionem
2803 5066 3117 5131 praeparate.
3194 5052 3410 5146 limem

2016 5162 2306 5230 abscessu;
2342 5161 2419 5216 illi
2468 5174 2595 5214 vero
2628 5155 2771 5228 quod
2804 5153 3008 5221 jussutn
3057 5147 3273 5211 fuerat,
3314 5132 3629 5202 diligentius

2014 5292 2088 5346 ibi
2119 5294 2374 5349 habitant
2411 5286 2680 5353 monachi,
2711 5282 2955 5358 quamvis
2991 5275 3242 5358 γθξιάῖιιιε
