4116 5358
525 179 634 242 993

1455 184 1512 240 S.
1550 180 1869 241 ODILONIS
1904 176 2407 238 CLUNIACENSIS
2443 170 2737 231 ABBA'I’IS
2769 172 2812 229 V

3690 169 3803 230 ω

529 304 589 351 ιιι
612 302 840 366 possunt
865 304 1245 367 procurarunt.
1274 293 1417 362 Quid
1437 295 1656 351 morer?
1684 293 1918 350 Ventum
1946 291 2117 350 estad
2146 293 2195 353 Α
2222 303 2344 346 esse
2395 288 2596 359 largus,
2656 286 2709 342 iu
2762 281 2955 341 alienis
3000 298 3130 341 vero
3179 297 3393 354 parcus.
3437 284 3671 340 Allatum
3718 291 3810 343 est

528 402 795 452 mensam,
839 402 1030 441 omnes
1079 388 1331 442 ordinata
1398 386 1527 442 sede
1581 386 1923 442 recumbunt.
1975 384 2111 438 Mira

525 477 772 531 dicturus
797 492 938 539 sum,
964 477 1105 532 sicut
1138 477 1192 532 in
1224 477 1450 533 veritate
1474 485 1742 533 testantur
1756 477 1847 547 qui
1874 490 2113 547 praesen-

525 575 609 620 tes
638 563 876 620 fuerunt.
910 565 1045 620 Dum
1075 581 1106 621 a
1129 566 1318 637 coquis
1338 566 1518 637 pisces
1544 566 1943 631 ministrantur,
1965 573 2021 619 et
2046 564 2115 619 ab

524 654 881 712 infertoribus
909 658 976 712 ad
1021 673 1266 713 mensam
1297 657 1558 715 fratribus
1601 658 1930 722 inferuntur,
1962 658 2034 712 ita
2059 657 2115 712 in

526 745 779 801 manibus
812 747 1238 816 comedentium,
1279 750 1396 805 sive
1421 750 1843 805 ministrantium
1871 749 1961 804 illa
1992 765 2117 820 par-

522 835 669 889 vitas
699 835 929 905 piscium
957 836 1040 892 vel
1064 838 1292 893 aliorum
1309 839 1555 895 ciborum
1582 840 1747 909 cmpit
1771 854 2113 906 excrescere,

525 935 587 983 ut
611 927 955 984 abundanter
990 938 1047 985 et
1088 932 1595 1001 superabundanter
1642 947 1833 988 omnes
1864 933 1987 987 inde
2015 933 2116 987 ba-

416 1068 427 1073 -
525 1021 738 1086 berent,
788 1028 843 1076 et
881 1022 1048 1077 multa
1082 1024 1441 1079 scrvitoribus
1471 1034 1841 1080 remanerent.
1874 1023 2116 1079 Tandem

526 1112 681 1168 finito
727 1115 1014 1171 convivio:
1047 1114 1229 1182 Pueri,
1286 1116 1464 1187 inquit
1511 1118 1595 1172 vir
1655 1127 1896 1183 sanctus,
1955 1131 2118 1187 parva

526 1206 875 1277 promisistis,
920 1214 976 1261 et.
1022 1207 1188 1262 multa
1229 1208 1484 1272 dedistis;
1529 1207 1727 1264 famem
1755 1208 2034 1273 timuistis,
2064 1215 2120 1261 et

527 1299 1042 1367 superabundanter
1094 1299 1382 1356 refecistis.
1438 1301 1673 1357 Tantum
1718 1302 1899 1357 videte
1948 1311 2007 1355 ut
2053 1301 2120 1355 de

527 1389 863 1458 plenitudine
887 1399 1085 1445 nostra:
1115 1390 1428 1447 refectionis
1454 1394 1610 1448 vobis
1632 1392 1833 1463 aliquid
1864 1392 2116 1448 servetis.

528 1477 696 1532 Atilli
738 1477 904 1533 nimia
953 1479 1132 1535 cordis
1184 1480 1369 1535 lzetitia
1399 1480 1713 1548 exhilarati,
1750 1481 2115 1552 respondent:

528 1566 737 1633 Adhuc,
783 1568 1019 1634 domine,
1064 1568 1221 1623 nobis
1264 1570 1431 1625 multa
1465 1579 1776 1641 supersunt,
1818 1586 1939 1641 quae
1964 1570 2124 1625 nobis

2214 379 2489 435 modicum
2530 393 2629 434 vas
2663 392 2816 433 mero
2840 376 3080 447 plenum,
3127 390 3241 445 prae
3264 391 3324 430 se
3351 376 3514 446 ponit
3544 382 3611 431 ev
3636 377 3801 448 ctrpit

2215 485 2369 525 more
2416 469 2689 540 pincernae
2736 467 2865 523 illud
2902 466 3135 538 expendi
3179 466 3293 523 sibi
3323 476 3380 522 et
3419 467 3603 523 abbati
3644 467 3813 536 juxta-

2217 560 2577 624 recumbenti,
2630 568 2685 613 et
2730 558 2969 628 qnandiu
3021 557 3308 627 prandium
3354 573 3537 613 moras
3594 559 3810 627 habuit,-

2218 660 2449 721 uterque
2479 659 2642 721 prout
2672 650 2832 706 libuit
2861 650 3062 706 hausit.
3111 650 3217 705 Alii
3264 666 3396 707 vero
3434 652 3654 717 fratres,
3708 648 3800 722 qui

2216 749 2376 794 erant
2416 740 2722 811 vegetiores
2752 739 2978 806 viribus,
3027 739 3254 797 alterius
3296 740 3526 811 liquoris
3572 742 3799 798 uteban-

2219 841 2307 886 tur
2367 840 2519 900 potu,
2566 831 2655 887 cui
2707 838 2887 887 tamen
2958 847 3066 887 non
3122 830 3301 886 inerat
3349 832 3544 888 similis
3592 833 3803 902 saporis

2218 928 2427 993 gustus.
2468 920 2585 976 Jam
2623 920 2797 991 epula:
2827 914 3161 987 defecerant,
3204 929 3316 976 eta
3342 936 3530 976 mensa
3579 938 3803 993 surgen-

2219 1014 2348 1067 dum
2377 1022 2519 1079 erat,
2542 1027 2664 1067 cum
2695 1012 2825 1068 illud
2862 1028 2982 1080 vas,
3019 1013 3167 1069 velut
3214 1013 3619 1080 inexhaustum,
3650 1015 3802 1071 vide-

2219 1102 2385 1157 batur
2440 1101 2617 1159 adbuc
2676 1103 2915 1158 retinere
2962 1103 3099 1159 meri
3153 1103 3430 1173 pusillum.
3463 1104 3615 1160 Tunc
3664 1120 3803 1161 rem

2219 1194 2439 1264 pietatis
2487 1203 2700 1251 amator
2754 1195 2953 1251 blande
3017 1196 3309 1253 subridens
3347 1214 3375 1251 τ
3407 1196 3545 1263 Non,
3604 1198 3819 1270 inquit,-

2221 1286 2420 1342 fratres
2461 1287 2589 1353 mei,
2646 1287 2912 1357 integram
2959 1288 3282 1343 charitatem
3331 1301 3458 1359 erga
3503 1301 3601 1343 vos
3646 1288 3803 1343 modo

2221 1378 2408 1433 habui.
2444 1378 2682 1448 Accepto
2727 1377 3014 1434 confestim
3045 1393 3216 1448 parvo
3260 1379 3569 1434 bolovitreo
3608 1378 3804 1433 infudit

2222 1486 2455 1535 merum,
2484 1479 2539 1525 et
2560 1470 2786 1541 singulis
2806 1484 2906 1541 pro
2926 1470 3310 1526 benedictione
3336 1471 3570 1541 largitur
3593 1480 3803 1542 potum.

2222 1560 2436 1615 Accidit
2463 1570 2592 1614 tunc
2626 1573 2716 1614 res
2742 1559 3033 1629 stupenda.
3066 1559 3208 1615 Cum
3227 1561 3371 1615 enim
3390 1569 3575 1616 essent
3602 1560 3805 1615 fratres

528 1671 580 1713 et
624 1660 746 1715 aliis
792 1659 838 1714 si
881 1661 1317 1729 supervenerint,
1368 1663 1615 1719 sufficere
1663 1672 1906 1733 possunt.
1962 1662 2030 1716 Et
2076 1662 2119 1716 si

2229 1649 2341 1704 fere
2389 1648 2707 1717 duodecim,
2762 1649 2977 1705 haustis
3021 1650 3318 1705 secundum
3371 1666 3657 1705 numerum
3705 1667 3804 1721 po—

530 1749 785 1819 deiuceps
812 1758 995 1806 vestra
1025 1751 1292 1806 sanctitas
1314 1750 1493 1821 aliqua
1518 1751 1748 1807 suadere
1771 1751 2027 1817 voluerit,
2052 1752 2119 1807 ad

529 1838 857 1893 credendum
891 1839 946 1895 in
975 1838 1457 1897 cordibusnostris
1504 1840 1652 1895 nulla
1682 1839 1970 1896 difficultas
1994 1841 2119 1895 erit.

529 1928 673 1983 Ecce
702 1930 846 1984 enim
869 1939 1056 1985 contra
1083 1946 1234 2002 spem
1280 1942 1480 1986 nostrae
1504 1932 1966 2002 pusillanimitatis
1994 1947 2123 1987 con-

531 2016 672 2088 tigit,
710 2017 852 2086 quod
883 2028 1061 2073 vestra
1093 2021 1160 2074 de
1194 2021 1307 2075 Deo
1337 2036 1672 2091 praesumens
1716 2019 1910 2076 fiducia
1936 2036 2126 2091 repro-

535 2107 680 2163 misit
714 2106 810 2179 [αι.
853 2109 997 2176 cod.,
1037 2125 1144 2164 non
1172 2109 1409 2182 difﬁdit].
1444 2111 1529 2166 Ad
1582 2111 1699 2166 hrec
1741 2110 1827 2165 vir
1860 2118 2118 2165 sanctus:

529 2194 647 2251 Non
681 2198 818 2264 lunc,
851 2198 1039 2268 inquit,
1086 2214 1206 2255 mea
1237 2200 1392 2267 fides,
1435 2200 1530 2257 sed
1575 2210 1756 2257 vestra
1786 2200 2119 2269 obedientia,

530 2295 584 2339 et
610 2287 859 2344 meritum
888 2289 1158 2360 hospitum
1191 2298 1504 2345 nostrorum
1543 2290 1865 2360 promeruit,
1897 2291 2122 2361 utquod

531 2379 859 2448 sumpsimus
903 2394 1002 2450 pro
1048 2381 1336 2447 cbaritate,
1385 2381 1566 2435 divina
1596 2388 1857 2450 operante
1905 2380 2125 2435 benedi-

532 2471 734 2538 ctione,
772 2473 977 2529 valeret
1006 2475 1163 2529 nobis
1211 2475 1465 2530 omnibus
1514 2474 1782 2530 sufficere.
1831 2473 2121 2529 Verumta—

532 2575 655 2615 men
682 2561 836 2616 nobis
858 2570 912 2616 et
942 2561 1099 2617 vobis
1120 2563 1173 2617 in
1205 2563 1295 2619 illo
1318 2579 1443 2633 spes
1486 2571 1571 2619 est
1606 2577 1822 2632 semper
1850 2562 2123 2632 ponenda,

534 2652 674 2723 apud
711 2666 869 2720 quem
921 2654 1104 2708 omnia
1139 2663 1265 2710 sunt
1307 2654 1585 2724 possibilia
1637 2670 1759 2724 quae
1817 2654 2125 2709 hominibus

533 2750 659 2795 sunt
683 2741 1056 2811 impossibilia.

534 2850 665 2904 CAP.
695 2850 783 2905 IX.
809 2881 881 2891 —
906 2852 985 2906 De
1008 2854 1377 2908 exuberatione
1405 2855 1509 2908 vini
1538 2856 1591 2908 in
1632 2870 1797 2925 parvo
1829 2852 2040 2908 vasculo
2071 2855 2126 2909 in

1097 2934 1270 2978 monte
1289 2925 1563 2979 Aventino.

2221 1742 2376 1808 culis,
2416 1742 2600 1797 vinum
2642 1742 2790 1798 illico
2832 1742 2980 1798 ultra
3007 1742 3176 1798 fluere
3203 1743 3421 1799 desivit.
3471 1743 3826 1799 laetantibus-

2221 1849 2350 1888 vero
2382 1833 2527 1888 inter
2570 1847 2629 1889 se
2660 1833 2944 1902 fratribus,
2987 1842 3043 1888 et
3090 1835 3231 1903 quod
3278 1843 3536 1890 evenerat
3578 1844 3825 1903 stupenr

2225 1923 2396 1990 tibus,
2453 1924 2914 1994 prudentissimus
2980 1925 3164 1980 senior
3216 1924 3391 1979 infit:
3438 1923 3647 1995 Hospes
3707 1926 3807 1980 iste

2223 2023 2411 2070 noster
2449 2016 2709 2071 uberibus
2756 2015 2974 2070 eximiae
2996 2014 3306 2070 dilectionis
3353 2015 3636 2070 abundare
3683 2014 3811 2069 fecit

2225 2107 2278 2161 in
2323 2106 2522 2179 exiguo
2550 2120 2679 2161 vase
2703 2106 2889 2161 vinum
2921 2107 3175 2177 praestitere
3213 2107 3520 2162 cbaritatis.
3568 2107 3646 2161 Ita
3674 2122 3808 2177 opus

2223 2213 2323 2268 per
2358 2212 2421 2252 se
2449 2197 2713 2252 divinitus
2733 2196 2974 2263 factum,
3012 2198 3238 2252 alterius
3277 2196 3540 2267 religione
3588 2206 3811 2251 attesta-

2223 2290 2386 2345 batur
2412 2290 2721 2344 actitatum.
2753 2288 3070 2345 Excellebat
3097 2290 3240 2343 enim
3279 2290 3331 2343 in
3364 2288 3455 2343 illo
3477 2305 3611 2359 pura
3637 2289 3808 2343 humi.

2223 2379 2373 2445 liras,
2422 2395 2520 2449 per
2556 2396 2746 2450 quam,
2789 2381 2931 2435 sicut
2970 2381 3262 2451 Apostolus
3297 2381 3449 2447 dicit,
3481 2395 3668 2436 omnes
3706 2381 3809 2436 sibi

2225 2470 2536 2539 superiores
2564 2486 2733 2540 seque
2763 2471 3082 2525 inferiorem
3108 2471 3499 2526 arbitrabatur.

2260 2561 2387 2617 CAP.
2423 2560 2490 2615 X.
2514 2592 2586 2601 —
2614 2561 2687 2615 De
2715 2562 2944 2632 quodam
2970 2561 3180 2614 homine
3210 2579 3241 2613 α
3273 2562 3504 2630 febribus
3536 2559 3777 2614 liberato.

2294 2651 2498 2724 Inclyta
2536 2661 2657 2723 post
2687 2654 2800 2707 hinc
2831 2651 2975 2707 Urbe
3004 2651 3208 2715 relicta,
3244 2652 3500 2707 incedens
3520 2667 3616 2721 per
3647 2667 3808 2722 agge-

2228 2761 2343 2801 rem
2377 2745 2652 2816 publicum
2702 2744 2854 2800 venit
2898 2744 2965 2799 ad
3010 2744 3351 2798 Taurinensc
3392 2742 3604 2813 (Turin)
3662 2743 3816 2812 oppi-

2228 2834 2379 2899 dum,
2413 2834 2502 2889 ubi
2527 2835 2744 2903 quidam
2772 2834 2989 2904 patiens
3016 2834 3245 2888 ardores
3286 2832 3517 2888 febrium
3544 2849 3642 2902 per
3662 2832 3812 2886 ablu-

2231 2929 2432 2982 tionem
2494 2940 2751 2980 manuum
2817 2923 2934 2993 ejus
2979 2933 3102 2979 orat
3148 2925 3251 2979 sibi
3309 2924 3427 2978 dari
3485 2923 3806 2978 remedium.

608 3010 748 3067 Ilnic
769 3011 934 3067 etiam
963 3028 1070 3069 non
1095 3014 1361 3071 dissimile
1387 3014 1713 3070 miraculum
1740 3014 1851 3072 alio
1878 3022 2124 3087 tempore
2149 3033 2195 3096 ρ
2226 3018 2451 3074 Occulte
2482 3017 2645 3088 igitur
2672 3031 2702 3070 a
2730 3017 2997 3071 ministris
3019 3016 3301 3071 obtentum
3336 3014 3529 3084 recipit
3564 3014 3813 3068 inﬁrmus

535 3102 766 3172 contigit
821 3104 1087 3160 evenisse.
1146 3105 1204 3159 In
1234 3104 1498 3161 Romulea
1550 3104 1703 3171 urbe,
1744 3121 1865 3177 qua:
1892 3107 1975 3162 sui
2010 3123 2123 3163 ma-

538 3193 822 3264 gnitudine
849 3204 904 3250 et
956 3194 1320 3264 formositate,
1357 3213 1459 3254 nec
1499 3213 1606 3259 non
1640 3208 1697 3255 et
1728 3200 2023 3270 apostolica
2044 3202 2128 3257 di-

539 3283 745 3353 guitate
773 3297 955 3339 arcem
978 3285 1141 3341 totius
1167 3290 1366 3343 retinet
1387 3288 1562 3355 orbis,
1585 3291 1919 3347 reverendus
1944 3293 2128 3348 senior

540 3370 696 3459 Odilo
723 3388 830 3429 uno
865 3374 919 3429 in
973 3384 1213 3446 tempore
1261 3379 1594 3435 morabatur.
1641 3379 1890 3438 Habebat
1943 3393 2127 3439 autem

540 3459 835 3533 ImSpitium
863 3466 916 3522 in
949 3470 1286 3525 monasterio
1332 3485 1503 3526 sacra:
1551 3487 1833 3543 puerpera:
1867 3474 2125 3546 Virginis,

539 3555 683 3622 quod
723 3565 808 3610 est
854 3557 1018 3611 situm
1074 3558 1128 3612 in
1165 3558 1437 3616 Aventino
1466 3569 1649 3618 monte
1693 3562 1830 3634 (24),
1878 3564 1972 3634 qui
2016 3580 2128 3635 prae

540 3646 758 3701 caeteris
784 3646 929 3703 illius
957 3648 1109 3704 urbis
1146 3651 1421 3707 montibus
1462 3652 1606 3708 ardes
1643 3653 1873 3709 decoras
1895 3653 2125 3722 habens,

539 3746 597 3791 et
615 3751 727 3792 sua:
755 3738 1042 3807 positionis
1087 3741 1302 3797 culmen
1347 3742 1401 3796 in
1429 3741 1598 3798 altum
1650 3744 1862 3811 tollens,
1908 3748 2129 3802 testivos

481 3880 484 3884 .
540 3828 783 3886 fervores
804 3847 1059 3889 aurarum
1084 3834 1269 3907 algore
1321 3837 1633 3895 tolerabiles
1672 3840 1865 3905 reddit,
1893 3850 1949 3897 et
1969 3841 2125 3897 babi-

542 3920 646 3978 Iem
674 3923 727 3978 in
751 3939 811 3981 se
833 3927 1223 3983 habitationem
1255 3929 1405 3986 facit.
1439 3931 1646 3989 Ovibus
1671 3943 1852 3989 autem
1877 3936 2129 4006 spiritua-

540 4013 682 4070 Iibus
705 4015 848 4072 intra
876 4027 1029 4089 septa
1066 4020 1308 4089 ejusdem
1337 4024 1572 4080 cmnobii
1607 4026 1997 4083 accubantibus
2027 4027 2127 4082 mi-

539 4107 808 4163 nistrabat
825 4111 949 4165 vita:
981 4127 1184 4180 pascua
1218 4114 1387 4171 abbas
1412 4116 1653 4187 quidam,
1687 4117 1856 4174 Armo
1885 4128 2125 4187 nomine,

541 4197 702 4254 beato
740 4201 857 4255 viro
887 4203 1107 4272 speciali
1140 4221 1384 4262 annexus
1402 4222 1608 4264 amore.
1663 4208 1781 4265 Una
1827 4211 1991 4282 igitur
2012 4212 2127 4267 die-

543 4302 663 4341 rum
688 4290 909 4346 veniens
948 4294 1180 4351 domnus
1204 4296 1363 4352 Odilo
1409 4300 1475 4354 ad
1528 4315 1793 4367 mensam,
1826 4303 2130 4373 interrogat

2228 3108 2349 3164 sine
2372 3123 2526 3163 mora
2565 3105 2878 3162 sanctitatis
2905 3105 3253 3171 beneficium,
3285 3105 3598 3160 collaudans
3623 3103 3810 3157 aeterni

2227 3201 2409 3257 Patris
2435 3202 2659 3255 unicum
2707 3198 2998 3255 Dominum
3041 3196 3227 3254 Jesum
3273 3196 3576 3253 Christum.
3609 3195 3716 3251 Sed
3746 3209 3814 3249 ne

2227 3291 2295 3346 ad
2319 3304 2482 3345 aures
2502 3288 2682 3344 Patris
2708 3287 3107 3359 perveniretur,
3137 3287 3248 3343 alto
3272 3286 3490 3342 silentio
3530 3287 3600 3341 ab
3639 3283 3821 3338 cinni-

2226 3384 2329 3439 bus
2348 3381 2678 3437 occultatur.

2229 3496 2359 3553 Car.
2398 3495 2491 3552 XI.
2515 3527 2586 3536 —
2610 3496 2686 3550 De
2718 3495 2924 3550 utribus
2953 3495 3007 3548 in
3035 3512 3161 3548 usus
3197 3511 3486 3564 pauperum
3522 3496 3831 3557 evocantis,

2608 3578 2656 3621 et
2685 3567 2875 3621 iterum
2909 3566 3159 3619 diuinitus
3185 3566 3429 3635 impletis.

2299 3659 2427 3714 Inde
2455 3659 2524 3715 ad
2547 3657 2713 3729 Alpes
2755 3657 2981 3714 Jovinas
3029 3657 3274 3723 tendens,
3316 3656 3537 3727 jamque
3577 3654 3813 3708 arduum

2230 3753 2336 3807 iter
2362 3750 2755 3817 conscendens,
2785 3750 2971 3807 obviat
2997 3765 3293 3821 egenorum
3339 3747 3519 3812 turba,
3551 3762 3675 3817 qua:
3701 3755 3813 3800 tota

2229 3841 2392 3895 simul
2440 3842 2741 3911 strepebat,
2789 3852 2851 3896 ut
2893 3841 3163 3912 praeberet
3201 3840 3396 3910 stipem
3427 3838 3812 3894 necessariam.

2230 3933 2380 3988 Illico
2409 3933 2952 3989 munificentissimus
2982 3933 3144 3990 Pater
3164 3933 3329 4005 jussit
3368 3930 3642 3987 exinaniri
3666 3938 3835 3983 utres

2228 4028 2378 4092 vino,
2408 4036 2461 4081 et
2491 4027 2764 4098 egentium
2796 4027 2911 4082 dari
2939 4027 3234 4091 desiderio;
3264 4034 3321 4080 et
3347 4025 3532 4079 statim
3567 4023 3673 4077 hoc
3694 4021 3815 4075 sine

2229 4118 2490 4173 dilatione
2537 4118 2843 4188 perficitur.
2885 4116 3002 4173 Non
3050 4115 3219 4172 multo
3263 4123 3387 4185 post
3430 4114 3621 4168 aderat
3662 4125 3813 4166 com-

2228 4219 2418 4281 petens
2460 4209 2614 4274 hora,
2660 4224 2764 4278 qua
2811 4207 2919 4263 cibi
2973 4208 3373 4277 perceptionem
3417 4203 3670 4275 exigebat
3703 4202 3813 4255 fra-

2231 4300 2352 4370 gilis
2382 4308 2600 4355 natura.
2633 4299 2985 4354 Discumbunt
3011 4299 3194 4368 itaque
3214 4295 3415 4359 cuncti,
3441 4304 3497 4350 et
3515 4308 3645 4350 ecce
3666 4305 3817 4346 utres

543 4393 612 4431 an
637 4378 743 4432 tale
766 4381 951 4437 vinum
1003 4386 1057 4439 in
1105 4400 1355 4458 promptu
1397 4389 1642 4456 haberet,
1676 4392 1819 4461 quod
1874 4407 1985 4447 suae
2029 4393 2129 4446 im-
2160 4398 2207 4457 ι)
2236 4393 2361 4445 vino
2407 4392 2584 4458 vacui,
2634 4393 2980 4463 reperiuntur
3022 4391 3225 4446 salubri
3263 4390 3473 4459 liquore
3511 4387 3675 4457 pleni.
3707 4383 3823 4440 Ob-

542 4465 819 4524 becillitati
860 4477 1263 4530 accommodum
1307 4478 1466 4533 foret.
1518 4480 1776 4536 Intimaut
1835 4482 1890 4537 hi
1930 4482 2127 4553 quibus

541 4572 673 4612 cura
685 4567 804 4613 erat
829 4564 1141 4633 commissa,
1165 4568 1387 4623 minime
1404 4570 1710 4641 hujusmodi
1738 4574 1960 4640 habere,
1982 4574 2129 4644 quod

542 4646 646 4703 sibi
670 4649 800 4707 utile
820 4651 1024 4709 valeret
1048 4670 1185 4713 esse.
1212 4659 1520 4717 Conversus
1547 4674 1727 4720 autem
1748 4666 1912 4721 homo
1943 4666 2035 4719 Dei
2058 4666 2126 4721 ad

539 4741 825 4809 praefatum
883 4743 1154 4814 abbatem,
1201 4750 1294 4821 qui
1348 4768 1447 4808 suo
1496 4754 1651 4811 lateri
1714 4758 2125 4821 assidebatzo,

543 4832 736 4901 inquit,
782 4835 923 4891 bone
974 4839 1079 4905 vir,
1114 4841 1159 4896 si
1193 4842 1360 4899 habes
1403 4847 1547 4915 quod
1584 4849 1759 4917 possit
1804 4863 1925 4904 esse
1959 4848 2128 4903 utilli-

544 4940 715 4992 mum,
771 4927 965 4985 confer
997 4931 1120 4987 inde
1175 4935 1305 4990 mihi
1361 4938 1746 4994 charitativum
1798 4940 2121 4995 subsidium.

542 5016 633 5072 Ille
661 5019 817 5075 hilari
843 5022 992 5079 vultu
1014 5025 1335 5099 placidoque
1368 5033 1549 5087 animo
1589 5030 1745 5100 jubet
1771 5032 1915 5087 illico
1942 5031 2123 5087 afferri

542 5118 805 5176 quantum
835 5125 981 5171 esset
1007 5131 1116 5173 sua:
1143 5118 1431 5176 voluntati.
1462 5123 1615 5177 Tunc
1652 5122 1851 5177 Pater:
1890 5122 2002 5177 Hoc
2028 5138 2125 5177 no-

543 5210 715 5258 strum
743 5207 1017 5263 vasculum
1051 5210 1176 5267 licet
1196 5214 1444 5268 videatur
1468 5215 1748 5284 exiguum,
1777 5215 1935 5268 modo
1979 5215 2129 5269 defe-

548 5301 696 5347 ratur
749 5297 987 5358 plenum.
1067 5301 1333 5358 Studebat
1406 5307 1550 5358 enim
1609 5305 1663 5358 in
1746 5305 1858 5358 suis
1913 5319 2131 5358 semper

2233 4493 2551 4554 stupescunt
2614 4498 2828 4551 omnes,
2875 4494 2930 4539 et
2976 4499 3076 4553 pro
3140 4492 3291 4537 tanto
3342 4495 3568 4536 munere
3620 4478 3816 4533 divina:

2234 4576 2504 4645 majestati
2537 4577 2851 4647 persolvunt
2871 4577 3140 4631 solemnes
3161 4573 3456 4646 gratiarum
3478 4571 3744 4626 actiones.

2266 4669 2396 4723 CAP.
2442 4667 2553 4722 XII.
2578 4668 2746 4722 —De
2783 4685 2904 4722 vase
2942 4668 3104 4722 vitreo
3140 4666 3411 4735 confracta
3442 4673 3490 4718 et
3528 4662 3776 4717 solidata.

2301 4761 2435 4815 Cum
2471 4759 2525 4814 in
2556 4759 2833 4815 Pannonia
2865 4760 3025 4814 simul
3072 4774 3194 4813 cum
3226 4758 3424 4813 domno
3462 4753 3660 4809 abbate
3703 4753 3811 4806 IIu-

2232 4866 2372 4920 gone
2406 4850 2519 4922 (9.5)
2546 4867 2742 4917 essem,
2793 4852 3027 4921 quadam
3057 4852 3143 4905 die
3179 4865 3300 4904 cum
3351 4845 3650 4902 venerabili
3698 4845 3815 4898 viro

2230 4941 2504 4997 Richardo
2544 4942 2823 5013 episcopo,
2871 4942 3043 5012 patris
3084 4940 3330 4995 Odilonis
3370 4939 3577 4992 nutrito
3602 4946 3657 4991 et
3701 4950 3815 4989 mo-

2229 5033 2429 5096 nacho,
2461 5033 2600 5103 coepi
2637 5033 2705 5088 de
2737 5033 3034 5087 virtutibus
3075 5030 3318 5098 ejusdem
3360 5027 3540 5082 Patris
3580 5025 3815 5081 collocu-

2233 5125 2436 5179 tionem
2468 5125 2693 5190 habere,
2719 5132 2774 5179 et
2801 5139 2903 5195 ego
2928 5123 3100 5187 illum,
3134 5123 3177 5175 si
3210 5135 3316 5190 qua
3338 5126 3543 5183 nosset,
3584 5125 3644 5169 ut
3681 5114 3815 5169 mihi

2232 5214 2520 5284 panderet,
2552 5213 2817 5270 sollicitus
2840 5229 2994 5269 eram
3033 5214 3329 5282 inquirere.
3368 5209 3496 5264 Fuit
3525 5208 3671 5262 enim
3711 5204 3813 5258 sibi

2234 5306 2351 5358 inse
2400 5308 2688 5358 eoisconus
2728 5306 2887 5358 valde
2919 5304 3396 5358 familiarissimus.
3433 5307 3491 5353 cl
3514 5312 3612 5358 Der
3647 5294 3815 5350 Illum
