4116 5358
346 245 452 302 925

1686 252 1867 307 VITA.
1906 283 1975 294 --
2008 252 2135 310 LIB.
2177 256 2238 312 ll.

3499 265 3608 322 οξσ

345 369 590 429 tempora
639 373 862 415 suorum
908 369 1243 417 secretorum
1294 363 1546 419 conscius
1600 363 1921 434 itinerisque
1950 369 2001 428 Α
2028 369 2248 424 clesiam
2296 382 2651 438 concurrunt,
2682 373 2905 444 psalmis
2933 384 2988 430 et
3037 377 3374 434 orationibus
3404 379 3615 436 incum-

345 454 428 508 vel
469 453 675 508 laboris
713 454 916 509 socius.
960 453 1093 509 Erat
1131 469 1264 510 vero
1293 455 1436 510 inter
1479 454 1587 508 alia
1618 455 1821 510 mentio
1860 455 1928 510 de

344 558 472 598 vase
515 545 748 613 quodam
793 543 1095 610 confracto,
1140 554 1195 600 et
1228 545 1567 607 orationibus
1614 545 1814 613 Patris,
1859 553 1922 600 ut

343 633 542 699 fertur,
591 633 1140 690 consolidato:unde
1185 649 1286 706 ego
1328 635 1504 690 adhuc
1547 636 1816 701 incertus,
1860 633 1930 688 ab

344 724 436 778 illo
491 724 570 778 rei
628 724 912 779 veritatem
953 724 1289 794 inquirebam
1335 725 1619 780 sollicitus.
1671 724 1742 780 At
1793 723 1924 778 ille:

343 817 579 882 Recolis,
611 817 807 886 inquit,
839 817 1028 884 frater,
1057 818 1202 872 illam
1249 821 1649 874 contentionem
1693 816 1927 872 Alherici

343 909 580 978 episcopi
627 908 853 962 Cumani
887 909 1020 980 (26),
1069 925 1233 978 quant
1288 911 1476 965 habuit
1515 925 1636 966 cum
1680 908 1926 973 Otiilone,

344 998 576 1053 senioris
604 997 848 1054 Odilonis
877 1008 1092 1068 nepote,
1122 997 1188 1053 de
1215 998 1432 1054 abbatia
1459 999 1793 1054 Bremetensi
1817 1001 1838 1054 ?
1864 997 1930 1053 Et

342 1087 714 1158 egozftecolo
765 1095 912 1142 certe
962 1097 1017 1142 et
1059 1087 1197 1142 bene
1251 1088 1591 1143 reminiscor.
1644 1089 1779 1143 Dum
1816 1090 1928 1158 illa,

343 1177 542 1246 inquit,
565 1178 840 1232 contentio
867 1187 1033 1244 esset,
1061 1179 1291 1248 quadam
1320 1179 1406 1234 die
1431 1194 1530 1249 ego
1557 1188 1613 1234 et
1640 1181 1932 1249 prmdictus

342 1267 630 1338 episcopus
683 1269 736 1323 in
787 1269 874 1322 via
916 1268 1077 1323 simul
1109 1277 1414 1340 pergentes,
1447 1280 1502 1326 et
1531 1272 1598 1325 de
1633 1273 1818 1327 multis
1861 1273 1931 1328 ad

344 1359 580 1413 invicem
626 1359 1019 1430 colloquentes,
1065 1362 1207 1416 inter
1256 1372 1451 1418 caetera
1497 1365 1634 1434 cmpi
1671 1381 1794 1419 eum
1844 1381 1933 1420 ar-

342 1463 529 1518 guere,
565 1464 664 1504 cur
691 1451 1058 1519 supradictam
1103 1452 1378 1508 abbatiam
1417 1451 1614 1520 injuste
1649 1454 1749 1509 sibi
1792 1470 1932 1525 prae-

343 1541 664 1612 sumpsisset
691 1543 999 1612 acquirere,
1044 1558 1166 1598 cum
1209 1544 1376 1599 sciret
1421 1545 1568 1599 illam
1599 1546 1834 1615 primum
1862 1548 1930 1603 ab

343 1633 674 1702 imperatore
711 1631 962 1688 Conrado
1013 1634 1266 1688 traditam
1311 1649 1431 1690 esse
1468 1635 1710 1704 praedicti
1749 1635 1930 1692 Patris

343 1721 587 1778 0dilonis
611 1723 941 1778 ordinationi
970 1741 984 1778 :
1015 1734 1072 1780 et
1102 1725 1246 1778 inter
1268 1725 1374 1778 alia
1402 1725 1449 1780 ei
1487 1728 1626 1796 coepi
1656 1741 1930 1797 opponere
1960 1717 2006 1776 Β

343 1815 691 1869 sanctitatem
739 1815 864 1880 viri,
905 1824 961 1870 et
1001 1816 1126 1886 quia
1183 1815 1414 1870 multum
1455 1817 1814 1872 audiebantur
1863 1819 1930 1872 ab

349 1907 444 1961 illo
498 1908 791 1962 laudabilia
837 1908 976 1974 ﬁeri,
1005 1909 1144 1963 inter
1173 1925 1292 1979 qua:
1333 1913 1494 1963 etiam
1542 1910 1682 1964 fama
1718 1919 1836 1964 erat
1865 1909 1932 1965 de

343 2000 804 2071 redintegratione
860 2002 1140 2071 cujusdam
1197 2003 1342 2057 vasis
1409 2004 1567 2058 vitrei
1642 2003 1928 2059 confracti.

345 2091 482 2156 Hoc,
546 2093 786 2162 inqttam,
856 2108 961 2156 me,
1021 2095 1302 2163 respondit
1365 2094 1667 2159 Albericus,
1735 2095 1928 2149 melius

343 2197 506 2251 quam
547 2191 599 2237 te
633 2182 774 2238 scire
819 2182 1025 2248 fateor;
1069 2192 1123 2239 et
1169 2185 1295 2253 quia
1333 2193 1386 2238 te
1418 2199 1487 2239 ex
1516 2186 1620 2240 hoc
1667 2185 1932 2240 incertum

2027 461 2184 528 bunt,
2220 471 2273 516 et
2299 477 2368 517 ne
2413 465 2570 519 nobis
2619 465 2746 520 inde
2787 465 3164 522 innocentibus
3197 469 3450 523 damnum
3485 486 3615 526 eve-

2029 554 2550 626 niat,unusquisque
2576 573 2674 627 pro
2697 558 2854 614 nobis
2885 557 3154 614 sollicitus
3186 569 3398 616 exorat.
3427 561 3607 616 Finita

2028 661 2159 701 vero
2189 649 2457 714 oratione,
2485 649 2570 702 vir
2594 659 2815 704 sanctus
2842 665 2941 705 vas
2971 651 3071 705 sibi
3102 651 3441 708 confractum
3473 669 3612 722 prae-

2029 737 2236 791 sentari
2258 737 2434 806 jubet,
2463 738 2638 793 oculis
2677 739 2916 809 inspicit,
2946 740 3195 795 manibus
3237 750 3494 797 attrectat
3525 750 3616 796 :et

2027 840 2155 880 ecce
2197 825 2334 880 nihil
2392 835 2632 895 rupturae
2675 827 2761 882 vel
2800 828 3196 884 confractionis
3242 830 3608 901 recognoscit.

2029 915 2342 987 Indignatus
2365 932 2496 972 vero
2523 918 2674 972 circa
2726 919 3023 974 monachos
3057 920 3259 987 :Qnid,
3294 922 3490 990 inquit,
3524 937 3616 976 vo-

2028 1008 2132 1072 bis,
2189 1006 2413 1076 fratres,
2468 1008 2788 1063 videbatur?
2827 1011 3010 1076 credo,
3068 1019 3214 1066 certe
3245 1012 3394 1066 visus
3427 1019 3614 1066 vester

2029 1100 2216 1153 nescio
2243 1115 2348 1168 qua
2375 1099 2604 1171 caligine
2649 1101 3019 1156 dctinebatnr.
3063 1102 3377 1172 Fingebatis
3404 1101 3613 1156 fallaci-

2031 1199 2115 1245 ter
2145 1190 2439 1245 fracturam
2469 1191 2700 1257 vasculi,
2741 1207 2865 1247 eum
2910 1208 3038 1248 ecce
3074 1195 3196 1249 inde
3227 1194 3370 1248 nulla
3397 1193 3612 1263 conspi-

2030 1281 2247 1335 ciantur
2288 1281 2440 1352 signa
2485 1281 2735 1350 periculi.
2782 1281 3006 1338 Fratres
3031 1299 3163 1338 vero
3202 1286 3317 1339 haec
3340 1285 3610 1348 videntes,

2031 1371 2246 1424 attoniti
2289 1380 2509 1440 stupore
2531 1372 2800 1437 miraculi,
2828 1374 2966 1428 nihil
2989 1374 3114 1429 inde
3140 1375 3409 1430 audebant
3437 1375 3605 1445 loqui.

2030 1461 2158 1516 Post
2177 1461 2290 1516 haec
2317 1469 2556 1530 tempore
2580 1464 2895 1529 constituto,
2925 1481 3025 1535 ego
3045 1482 3168 1520 cum
3195 1467 3342 1521 socio
3356 1482 3454 1537 pro
3485 1483 3611 1522 vase

2031 1552 2323 1619 repetendo
2350 1551 2614 1618 venimus,
2645 1562 2699 1609 et
2730 1568 2760 1608 a
2780 1553 2960 1622 bajulo
3011 1555 3154 1611 illius
3206 1557 3614 1627 requisivimus.

2033 1639 2133 1707 Qui
2169 1641 2442 1698 advocans
2473 1658 2560 1698 me
2602 1643 2656 1698 in
2701 1652 2910 1712 partem
2938 1661 3034 1701 vas
3065 1647 3317 1712 reddidit,
3347 1656 3400 1702 et
3429 1656 3487 1701 ut
3509 1647 3611 1701 im-

2033 1733 2270 1801 peratori
2297 1748 2396 1803 pro
2420 1749 2618 1805 magno
2647 1750 2873 1790 munere
2908 1737 3189 1792 redderem
3222 1737 3411 1792 suasit.
3440 1736 3612 1802 Quem

2033 1831 2418 1891 percunctatus
2444 1839 2544 1878 cur
2597 1825 2721 1878 talia
2749 1825 2974 1891 diceret,
3011 1842 3109 1896 per
3141 1827 3384 1882 ordinem
3418 1835 3614 1882 cuncta

2032 1929 2153 1984 qua:
2205 1915 2520 1970 acciderant
2566 1917 2833 1972 narravit.
2891 1918 3004 1988 Ego
3036 1933 3165 1973 vero
3190 1919 3619 1988 gratulabundus

2035 2021 2156 2058 cum
2217 2008 2368 2062 socio
2422 2007 2581 2072 redii,
2630 2008 2943 2078 imperatori
2980 2024 3100 2078 quae
3149 2026 3472 2080 agnoveram
3514 2009 3617 2063 sub

2035 2095 2250 2149 silentio
2305 2097 2484 2161 retuli,
2511 2107 2566 2152 et
2581 2088 2754 2166 super
2799 2099 2902 2153 hoc
2934 2099 3198 2154 miraculo
3243 2115 3437 2170 magno
3466 2098 3614 2152 illum

2038 2185 2241 2254 replevi
2275 2187 2653 2242 admirationis
2681 2189 2876 2257 gaudio
2902 2198 2957 2242 et
2985 2190 3216 2244 insolita:
3239 2189 3618 2244 delectationis

345 2276 522 2341 video,
549 2289 618 2330 ne
649 2276 904 2346 deinceps
925 2277 1000 2331 sis
1034 2276 1248 2341 dubius,
1294 2275 1418 2331 audi
1447 2276 1733 2330 veritatem
1771 2291 1932 2346 aper-
2027 2276 2219 2345 jubilo.
2279 2277 2453 2348 Supra
2486 2279 2878 2336 modumenim
2925 2296 3048 2333 eum
3077 2280 3335 2350 diligebat
3363 2280 3617 2347 illiusque

348 2366 477 2422 tius.
509 2366 576 2420 Et
603 2379 740 2436 ego:
771 2364 1051 2430 Libenter,
1083 2366 1325 2435 inquam,
1357 2365 1594 2431 audiant,
1621 2373 1676 2419 et
1701 2363 1936 2433 diligeno

347 2458 458 2513 tius
513 2458 695 2513 animo
749 2458 1058 2513 recondam.
1107 2458 1179 2513 At
1218 2458 1352 2513 ille:
1385 2457 1629 2523 Quodam
1671 2466 1930 2524 tempore,

348 2549 440 2605 ille
472 2560 596 2604 tuus
627 2550 827 2614 senior,
861 2565 1022 2619 quem
1054 2550 1213 2614 dicis,
1260 2559 1317 2604 et
1372 2547 1540 2603 abbas
1589 2547 1700 2619 (27)
1753 2547 1819 2600 ad
1846 2562 1935 2601 cu-

347 2643 483 2695 riam
515 2640 733 2696 l-lenrici
764 2641 1105 2708 imperatoris
1145 2641 1253 2694 mei
1299 2639 1532 2694 senioris
1575 2649 1828 2703 venerat;
1879 2643 1937 2692 et

350 2733 476 2787 dum
515 2733 585 2787 ibi
618 2740 882 2796 maneret,
929 2731 1127 2786 accidit
1157 2731 1391 2800 quadam
1437 2731 1524 2784 die
1563 2738 1621 2782 ttt
1654 2729 1706 2783 in
1750 2742 1933 2782 mensa

351 2824 695 2894 imperatoris
729 2839 824 2878 vas
848 2824 1298 2892 pretiosissimum
1328 2823 1560 2877 vitreum
1585 2819 1934 2875 Alexandrini

351 2916 565 2985 generis
594 2915 706 2985 (28)
747 2930 866 2969 cum
904 2914 1193 2984 pigmentis
1228 2913 1370 2968 tritis
1419 2921 1545 2967 ante
1599 2928 1724 2968 eum
1771 2925 1937 2981 pone»

353 3015 523 3060 retur.
583 3004 676 3059 llle
717 3019 848 3059 vero
878 3005 1150 3061 advocans
1181 3019 1267 3060 me
1307 3014 1360 3060 et
1412 3002 1735 3058 Landulfum
1784 3002 1932 3076 [ms.,

352 3094 721 3167 Laudulfum],
755 3104 941 3165 postea
975 3095 1366 3150 Taurinensem
1411 3095 1746 3164 episcopum,
1792 3109 1931 3162 pne-

355 3189 496 3260 eepit
535 3196 596 3243 ut
629 3188 807 3257 ipsum
851 3203 945 3243 vas
993 3202 1116 3242 cum
1158 3187 1379 3257 pulvere
1421 3187 1819 3257 pigmentorum
1865 3185 1933 3239 ad

354 3294 595 3334 mensam
627 3279 857 3333 senioris
884 3277 1126 3334 0dilonis
1169 3278 1522 3340 deferremus,
1565 3285 1620 3331 et
1665 3277 1714 3331 ei
1762 3276 1935 3347 gratia

356 3383 630 3438 corporea:
660 3367 851 3423 salutis
887 3369 1160 3426 daremus.
1195 3368 1305 3424 Nos
1330 3384 1480 3434 vero,
1517 3369 1661 3422 sicut
1704 3367 1934 3436 impera-

357 3470 441 3513 tor
461 3458 725 3527 jusserat,
755 3473 849 3513 vas
873 3458 1185 3523 detulimus,
1236 3474 1418 3514 coram
1445 3458 1638 3512 abbate
1669 3471 1735 3510 ex
1783 3464 1937 3524 parte

357 3549 583 3606 Caesaris
607 3550 908 3619 posuimus,
941 3557 994 3603 et
1020 3549 1162 3604 sicut
1201 3550 1444 3611 decebat,
1479 3547 1756 3603 humiliter
1784 3546 1938 3601 incli-

358 3643 624 3696 navimus.
661 3642 731 3694 At
765 3642 857 3696 ille
903 3641 1184 3696 humiliter
1210 3642 1498 3710 recipiens,
1531 3655 1656 3694 vase
1701 3647 1934 3703 retento,

355 3733 616 3802 praecepit
659 3746 758 3786 nos
805 3731 1007 3797 redire,
1038 3740 1093 3786 et
1118 3739 1360 3800 tempore
1390 3732 1686 3785 constituto
1737 3731 1935 3784 iterum

356 3840 456 3894 pro
485 3823 704 3878 vasculo
730 3825 1021 3892 repetendo
1067 3824 1264 3878 redire.
1312 3822 1478 3878 Nobis
1507 3838 1635 3878 vero
1665 3821 1935 3878 redeunti-

357 3915 481 3976 bus,
510 3899 666 3968 'sicut
691 3913 942 3968 humanae
969 3914 1299 3968 curiositatis
1328 3922 1411 3968 est
1440 3928 1607 3968 novas
1650 3920 1705 3966 et
1748 3912 1940 3967 incon-

358 4012 550 4058 suetas‘
568 4017 656 4057 res
686 4003 918 4058 libenter
962 4003 1102 4059 velle
1137 4003 1424 4073 inspicere,
1468 4009 1752 4073 cmperurt
1799 4004 1939 4058 inter

360 4112 417 4149 se
450 4097 700 4150 monachi
730 4111 823 4150 vas
852 4097 1100 4152 manibus
1139 4105 1451 4162 attrectare,
1491 4097 1630 4152 alter
1671 4095 1826 4151 alteri
1870 4097 1938 4152 de

361 4201 524 4239 manu
575 4186 640 4240 ad
679 4186 898 4240 manum
955 4187 1170 4242 tradere
1214 4201 1229 4240 :
1281 4203 1403 4242 cum
1435 4201 1563 4241 ecce
1593 4187 1661 4242 de
1689 4187 1939 4242 manibus

360 4291 456 4334 vas
483 4278 704 4346 labitur,
739 4286 816 4344 et,
859 4289 917 4332 ut
941 4290 1062 4333 erat
1113 4278 1327 4349 fragile,
1355 4280 1589 4334 labendo
1636 4278 1938 4349 confringi—

361 4379 469 4424 tur.
502 4369 654 4438 Quod
683 4385 984 4440 agnoscens
1030 4370 1116 4424 vir
1155 4370 1267 4425 Deo
1309 4371 1578 4436 amabilis,
1609 4385 1714 4425 non
1744 4370 1940 4425 leviter

363 4462 716 4517 contristatus
770 4461 1157 4524 aitzFratres,
1206 4477 1314 4517 non
1360 4462 1496 4517 bene
1541 4461 1770 4526 fecistis,
1811 4463 1935 4531 quia

363 4568 461 4622 pro
497 4554 587 4608 tali
615 4562 795 4609 vestra
853 4554 1202 4626 negligentia,
1239 4555 1534 4624 juvenibus
1561 4553 1799 4618 clericis,
1839 4554 1942 4610 sub

364 4660 592 4712 quorum
633 4645 877 4700 custodia
919 4659 1015 4699 vas
1066 4660 1096 4698 a
1126 4644 1280 4700 vobis
1314 4643 1653 4699 confractum
1704 4643 1938 4713 positum

364 4748 499 4803 erat,
547 4739 782 4808 gratiam
829 4738 1174 4807 imperatoris
1224 4737 1458 4793 fortasse
1491 4734 1938 4801 abstulistis;sed

366 4846 434 4885 ne
463 4830 572 4886 illis
598 4831 856 4885 damnum
888 4831 1102 4885 eveniat
1127 4830 1218 4900 qui
1243 4831 1511 4885 immunes
1550 4837 1677 4884 sunt
1703 4845 1735 4882 a
1758 4827 1939 4897 culpa,

363 4923 688 4976 accedamus
735 4923 804 4977 ad
833 4922 1146 4986 ecclesiam,
1175 4931 1229 4976 et
1256 4921 1471 4976 Domini
1516 4935 1680 4990 super
1705 4920 1809 4976 hoc
1842 4922 1944 4974 im-

362 5012 642 5082 ploremus
671 5012 1120 5069 misericordiam.
1149 5011 1233 5067 Ad
1260 5011 1413 5080 cujus
1440 5011 1725 5080 imperium
1751 5009 1818 5066 ad
1847 5028 1938 5070 ec-

2035 2366 2275 2420 consiliis
2327 2367 2605 2422 humiliter
2648 2367 2980 2422 adhaerebat.
3028 2368 3104 2420 De
3151 2382 3259 2435 quo
3297 2367 3460 2420 etiam
3489 2365 3615 2418 talia

2035 2473 2358 2528 agnoscens,
2411 2459 2583 2529 magis
2622 2473 2687 2514 ac
2735 2459 2908 2527 magis
2949 2459 3095 2512 omni
3146 2457 3496 2512 veneratione
3542 2455 3619 2509 di-

2035 2565 2200 2620 gnum
2236 2551 2491 2605 habebat.
2523 2549 2650 2606 Haec
2679 2551 2754 2606 ita
2784 2551 2916 2606 mihi
2940 2551 3224 2604 Alliericits
3251 2549 3493 2604 ecclesiae
3517 2547 3620 2602 Cu-

2037 2657 2213 2696 manae
2257 2642 2542 2710 episcopus
2592 2642 2645 2696 in
2696 2641 2925 2697 veritate
2957 2641 3219 2705 narravit,
3247 2655 3366 2708 qua:
3395 2639 3558 2693 etiam
3587 2653 3619 2691 a

2037 2730 2283 2800 pluribus
2311 2730 2432 2785 aliis
2466 2730 2715 2800 personis
2745 2745 2872 2785 vera
2893 2745 3013 2784 esse
3048 2745 3147 2800 pro
3183 2739 3335 2785 certo
3366 2727 3577 2797 agnovi.

2037 2819 2164 2876 Car.
2197 2819 2334 2875 Xlll.
2361 2851 2433 2861 -—
2475 2820 2549 2875 De
2576 2821 2808 2891 quadam
2834 2822 3032 2886 visione
3061 2820 3340 2890 cujusdam
3366 2818 3617 2873 eremitaa.

2109 2910 2315 2967 Retulit
2343 2911 2476 2966 mihi
2521 2912 2688 2966 etiam
2723 2911 2956 2966 domnus
2994 2909 3302 2966 R-ichardus
3332 2910 3621 2978 episcopus

2039 3003 2330 3072 quamdam
2355 3002 2816 3073 visionem,quam
2841 3010 2894 3056 et
2915 3016 3014 3072 ego
3028 3002 3298 3071 quondam
3317 3000 3618 3066 audieram,

2040 3096 2133 3152 sed
2190 3105 2320 3152 tunc
2350 3096 2532 3151 animo
2582 3095 2807 3150 minime
2842 3095 3166 3150 retinebam.
3211 3092 3455 3161 Quodam
3486 3101 3623 3146 tem-

2038 3203 2192 3260 pore,
2246 3189 2444 3258 inquit,
2494 3188 2578 3242 vir
2625 3188 2846 3257 quidam
2878 3186 3163 3256 religiosus
3200 3185 3268 3239 de
3295 3199 3430 3255 pago
3457 3183 3622 3238 Rote:

1989 3267 2000 3276 ’
2037 3281 2193 3336 nensi
2223 3293 2239 3350 ι
2275 3279 2495 3350 Rodez)
2539 3279 2802 3335 oriundus
2852 3277 2922 3332 ab
2972 3275 3325 3347 Jerosolymis
3379 3281 3620 3329 reverte—

2038 3373 2220 3427 batur.
2255 3371 2552 3427 Transiens
2579 3379 2761 3426 autem
2790 3384 2963 3433 mare,
2995 3369 3138 3436 quod
3161 3383 3191 3421 a
3221 3366 3405 3421 Sicilia
3430 3378 3622 3419 versus

2041 3462 2483 3519 Thessalonicam
2535 3461 2896 3532 protenditur,
2944 3459 3168 3529 pertulit
3207 3472 3330 3514 cum
3380 3454 3625 3526 pluribus

2039 3551 2160 3606 aliis
2183 3552 2563 3622 gravissimum
2592 3560 2808 3605 ventum
2834 3551 2886 3604 in
2919 3549 3100 3603 medio
3125 3548 3352 3618 positus.
3384 3545 3484 3612 Qui
3523 3560 3620 3598 na-

2038 3643 2148 3697 vim
2183 3643 2485 3713 impellens,
2512 3643 2716 3712 appulit
2765 3644 2832 3698 ad
2888 3641 3179 3711 quamdam
3228 3637 3458 3693 insulam
3507 3636 3624 3689 sive

2042 3751 2250 3805 rupem,
2279 3734 2367 3788 ubi
2396 3735 2616 3802 quidam
2664 3747 2852 3788 servus
2901 3732 2994 3786 Dei
3033 3729 3279 3784 reclusus
3324 3727 3619 3781 manebat:

2040 3825 2130 3878 ubi
2194 3823 2505 3892 aliquandiu
2572 3821 3014 3890 tranquillitatem
3076 3817 3246 3872 maris
3300 3824 3621 3886 exspectans

2040 3915 2327 3985 praedictus
2371 3914 2456 3968 vir
2517 3920 2904 3976 commoratus,
2951 3910 3118 3980 coepit
3148 3923 3270 3964 eum
3321 3907 3413 3962 illo
3463 3920 3624 3960 servo

2039 4007 2134 4062 Dei
2195 4007 2261 4060 de
2306 4005 2492 4059 multis
2555 4001 2971 4058 collocutionem
3047 4000 3268 4054 habere.
3328 3995 3622 4064 lnquisitus

2040 4114 2171 4152 vero
2197 4113 2228 4151 a
2262 4097 2382 4151 viro
2412 4096 2510 4150 Dei
2548 4094 2690 4149 unde
2718 4109 2888 4165 genus
2927 4094 3170 4154 duceret,
3207 4089 3535 4158 Aquitanum
3568 4101 3630 4139 sc

2040 4204 2162 4245 esse
2190 4187 2488 4256 respondit.
2525 4185 2677 4239 Tunc
2709 4184 2847 4238 idem
2875 4184 3037 4238 homo
3063 4181 3156 4235 Dei
3187 4179 3495 4234 sciscitatus
3543 4183 3627 4229 est

2042 4282 2086 4337 si
2125 4279 2396 4350 quoddam
2443 4275 2828 4330 monasterium
2882 4273 3024 4343 quod
3070 4271 3443 4326 nominaretur
3495 4266 3620 4322 Clu-

1967 4405 2017 4463 D
2046 4371 2294 4433 niacum,
2325 4376 2382 4423 et
2409 4365 2690 4421 Otlilonem
2717 4363 2955 4431 ejusdem
2999 4363 3100 4417 loci
3139 4361 3390 4415 abbatem
3424 4364 3626 4412 nosset.

2041 4463 2110 4517 At
2146 4462 2234 4518 ille
2268 4459 2550 4530 respondit
2581 4477 2594 4512 :
2626 4458 2782 4521 Novi,
2815 4465 2868 4511 et
2894 4457 3032 4511 bene
3059 4455 3205 4518 novi,
3248 4462 3304 4508 et
3337 4453 3438 4506 hoc
3463 4464 3630 4520 quare

2042 4551 2413 4624 percuncteris
2453 4549 2595 4604 scire
2631 4549 2811 4617 cupio.
2847 4547 3033 4601 Dicam
3061 4546 3178 4610 tibi,
3230 4544 3426 4614 inquit,
3474 4551 3528 4596 et
3571 4550 3634 4593 nt

2048 4630 2230 4698 animo
2255 4640 2520 4696 recondas
2553 4654 2673 4708 quae
2701 4637 2939 4692 audieris
2961 4640 3246 4691 admoneo.
3281 4633 3468 4688 Vicina
3515 4630 3630 4683 loca

2051 4745 2178 4791 sunt
2221 4733 2415 4797 nobis,
2461 4746 2530 4786 ex
2569 4729 2880 4800 semetipsis
2922 4727 3212 4782 manifesto
3253 4725 3346 4779 Dei
3395 4720 3634 4789 judicio,

2051 4827 2370 4900 gravissima
2388 4821 2692 4876 eructantia
2714 4820 2853 4889 ignis
2873 4818 3142 4879 incendia,
3158 4816 3210 4867 in
3231 4813 3426 4881 quibus
3444 4808 3637 4861 animae

2051 4926 2397 4989 peccatorum
2419 4915 2487 4968 ad
2511 4920 2726 4981 tempus
2752 4917 3014 4964 statutum
3054 4906 3269 4959 diversa
3313 4901 3468 4989 luunt
3509 4910 3638 4963 sup-

2056 4986 2237 5081 plicia.
2270 5008 2411 5064 Sunt
2452 5017 2582 5058 vero
2609 5002 2677 5056 ad
2699 5014 2889 5056 eorum
2937 5008 3150 5064 semper
3181 4986 3492 5046 renovanda
3536 4995 3645 5038 tor-

2663 5133 2732 5156 11..
2774 5139 2919 5156 ΙΑινιριΛ
2946 5125 2988 5156 υ
3034 5122 3207 5156 Ιοηιῖιη
3241 5133 3411 5156 βαίη-ω
3458 5115 3550 5156 111ὶῖ
3576 5128 3638 5156 οἵ
