4116 5358
391 336 496 392 929

1716 335 1892 391 VITA.
1933 367 2003 376 —
2027 335 2154 391 LIB.
2178 335 2242 390 Il.

3526 328 3635 391 950

392 455 448 499 et
472 457 647 513 usque
676 442 744 498 ad
766 441 1083 513 capitulum,
1108 443 1202 499 ubi
1240 444 1470 500 domnus
1490 442 1647 499 Odilo
1675 459 1797 500 cum
1819 461 1975 503 sacro
2004 454 2051 511 Α
2080 446 2243 502 ditur.
2292 445 2437 502 lntcr
2480 445 2614 502 alios
2641 461 2770 503 vero
2804 446 2894 517 qui
2937 445 3240 517 hujusmndi
3297 444 3646 501 ﬂuctuatione

392 542 582 590 senatu
610 533 900 599 residebat,
931 534 1264 603 pervenisse,
1293 541 1351 590 et
1394 535 1461 590 ad
1505 535 1747 604 ejusdem
1790 536 1967 592 Patris

392 639 567 694 genua
609 633 772 693 caput
800 623 1076 679 humiliter
1097 624 1330 681 ﬂexisse.
1374 623 1619 696 Cumque
1662 626 1831 682 frater
1879 627 1969 682 ille

393 714 696 782 requireret
737 728 986 782 quaenam
1022 713 1109 769 illa
1140 714 1340 786 fulgida
1382 726 1526 771 esset
1548 731 1800 786 persona,
1832 718 1969 772 didi-

390 804 469 858 cit
491 804 745 859 domuum
768 804 1119 860 Benedictum
1158 821 1351 876 papam
1405 807 1725 872 Romanum,
1783 810 1969 877 primae

393 896 538 952 sedis
561 896 894 965 episcopum,
928 895 1253 952 referentem
1274 898 1573 967 gratiarum
1596 899 1837 953 actiones
1870 913 1968 967 pro

390 998 491 1040 sua
540 984 891 1049 liberatione,
920 985 1063 1055 quod
1108 986 1291 1040 domui
1341 986 1584 1042 Odilonis
1633 996 1689 1042 et
1740 987 1967 1041 fratrum

394 1073 699 1128 interventu
731 1074 969 1128 immane
992 1074 1167 1129 chaos
1185 1076 1469 1141 evasisset,
1499 1084 1555 1130 et
1582 1076 1650 1131 ad
1678 1090 1965 1145 supernam

392 1161 785 1218 beatitudinem
811 1162 1096 1217 evolasset.
1115 1162 1210 1218 His
1243 1165 1391 1229 visis,
1415 1166 1793 1236 expergiscens
1805 1165 1970 1219 frater

396 1266 428 1305 a
450 1266 663 1315 somno,
684 1261 741 1307 et
766 1253 940 1307 tenaci
968 1254 1228 1309 memoria
1259 1255 1375 1310 visa
1406 1262 1462 1309 et
1492 1256 1676 1310 audita
1706 1256 1964 1319 retinens,

394 1343 481 1397 die
510 1343 788 1398 relucente
812 1351 1007 1398 cuncta
1033 1359 1132 1413 per
1156 1346 1402 1400 ordinem
1432 1355 1643 1400 narrat.
1690 1344 1969 1416 Tripudiat

396 1443 523 1487 tunc
551 1447 706 1487 sacer
731 1440 974 1499 senatus,
1002 1442 1056 1489 ct
1093 1448 1215 1489 cum
1239 1436 1329 1505 pio
1356 1436 1519 1492 Patre
1542 1444 1756 1491 (eterna:
1804 1434 1969 1503 maje-

393 1524 518 1579 stati
566 1532 860 1594 personant
911 1534 1035 1579 vota
1087 1524 1460 1593 jubilationis;
1519 1526 1697 1596 palam
1755 1532 1969 1580 constat

391 1615 648 1670 omnibus
687 1624 949 1683 quantum
996 1616 1321 1671 venerabilis
1368 1615 1524 1672 0dilo
1572 1617 1640 1672 de
1679 1616 1968 1671 individua:

392 1700 676 1758 Trinitatis
731 1705 906 1774 gratia
964 1705 1154 1773 possit,
1199 1717 1295 1773 per
1338 1720 1498 1773 quem
1543 1714 1733 1760 uterus
1776 1704 1967 1760 mortis

393 1802 606 1864 raptata
634 1794 814 1864 praeda
846 1795 1021 1864 potuit
1054 1794 1333 1859 evacuari.

390 1909 522 1965 Car.
548 1909 665 1964 XV.
686 1940 759 1950 —
777 1910 857 1964 De
885 1902 1113 1981 quodam
1138 1924 1300 1977 puero
1324 1908 1390 1963 ab
1417 1908 1720 1978 inﬁrmitate
1741 1909 1966 1971 culturis

1065 1989 1275 2033 sanato.

462 2068 705 2137 Quodam
750 2078 989 2140 tempore
1045 2070 1169 2125 dum
1231 2070 1371 2124 idem
1423 2070 1509 2125 vir
1558 2080 1779 2126 sanctus
1824 2070 1967 2140 apud

393 2161 769 2217 Paterniacutn
805 2170 1132 2226 moraretur,
1166 2171 1285 2217 erat
1312 2162 1385 2216 ibi
1446 2163 1662 2231 quidam
1712 2163 1969 2232 puerulus

394 2252 712 2319 monachus,
755 2253 971 2315 nomine
1021 2251 1306 2322 Bodulfus,
1334 2268 1496 2326 quem
1543 2253 1631 2310 illa
1678 2254 1812 2313 satis
1843 2255 1971 2311 hor-

394 2346 566 2400 renda
606 2345 913 2410 inﬁrmitas,
936 2362 1057 2416 quae
1086 2346 1141 2401 in
1178 2347 1284 2402 illis
1313 2346 1623 2415 regionibus
1648 2347 1834 2401 multis
1873 2362 1967 2400 ac.

393 2436 573 2491 cidere
600 2435 738 2491 solet
768 2437 821 2490 in
856 2446 1093 2507 gutture,
1118 2437 1192 2491 ita
1238 2437 1637 2505 deturpaverat,
1678 2437 1753 2490 ita
1804 2436 1968 2491 deho-

393 2534 726 2591 nestavcrat,
754 2527 826 2580 ita
857 2527 1021 2581 etiam
1047 2542 1233 2581 vocem
1254 2542 1393 2597 pene
1421 2526 1889 2592 intercluserat,ut
1915 2526 1966 2580 in

394 2614 485 2669 illa
515 2624 670 2684 parte
698 2615 961 2684 corporis,
996 2631 1101 2669 non
1141 2614 1253 2683 jam
1301 2616 1511 2685 species
1550 2630 1670 2670 esse
1713 2616 1963 2687 gutturis,

393 2709 488 2762 sed
525 2708 769 2777 quaedam
803 2706 1078 2767 videretur
1099 2707 1463 2762 intumescere
1487 2708 1674 2776 pestis.
1718 2704 1969 2761 Miserius

396 2798 585 2870 itaque
606 2800 690 2859 vir
716 2800 811 2855 Dei
852 2807 1018 2854 tanta:
1047 2798 1378 2865 calamitati,
1398 2814 1625 2869 puerum
1655 2799 1722 2854 ad
1752 2806 1967 2854 se‘evo-

394 2897 503 2953 cat,
539 2890 787 2944 manibus
814 2888 992 2944 locum
1020 2890 1250 2945 tumoris
1288 2898 1565 2953 attrectat,
1596 2890 1808 2960 signum
1840 2903 1967 2942 cru-

390 2980 474 3037 cis
500 2980 949 3051 superimprimit,
998 2980 1257 3036 salutaria
1286 2982 1547 3051 quaedam
1597 2982 1758 3038 verba
1808 2981 1969 3036 simul

393 3075 544 3141 dicit,
566 3084 622 3131 et
657 3075 734 3130 sic
761 3075 912 3130 abire
951 3076 1236 3145 permittit.
1272 3072 1473 3132 Mirum
1510 3076 1566 3130 in
1607 3078 1826 3131 modum
1880 3076 1969 3132 ille

2068 535 2386 603 agebantur,
2416 536 2684 604 praecipue
2713 538 2898 591 senior
2927 536 3119 590 Petrus
3171 535 3330 588 anxie
3375 536 3648 589 discurre-

2066 624 2181 687 bat,
2233 622 2318 677 cui
2365 624 2673 678 sollicitudo
2721 625 3171 693 disponendarum
3222 638 3405 677 rerum
3467 619 3647 675 Patris

2067 714 2357 769 commissa
2384 721 2501 769 erat
2529 714 2675 783 (δί),
2704 714 2793 769 liic
2819 715 3140 769 exclamavit
3171 715 3417 778 cuidam,
3464 722 3524 767 ut
3550 728 3642 767 ca-

2065 803 2444 874 ptatoingcnio
2466 804 2714 873 proprius
2738 806 3036 870 accederet,
3054 807 3098 860 si
3131 806 3510 875 quoquomodo
3530 806 3645 859 ani-

2066 894 2176 949 mal
2225 908 2418 964 capere
2466 904 2670 963 posset.
2726 895 2827 961 Qui
2882 896 3017 949 nihil
3065 904 3329 959 moratus,
3386 905 3640 963 protensa

2068 1000 2232 1039 manu
2265 986 2562 1054 capistrum
2591 986 2879 1053 arripiens,
2911 985 3038 1039 forti
3088 986 3277 1040 adnisa
3311 986 3493 1040 erlucit
3522 1001 3645 1040 mu-

2071 1075 2179 1129 lum
2210 1076 2279 1130 ab
2303 1076 2478 1145 aquis.
2510 1077 2856 1129 Concurrunt
2910 1075 3115 1137 cuncti,
3158 1075 3452 1144 perniciter
3492 1074 3646 1143 equis

2069 1166 2344 1232 desiliunt,
2378 1175 2431 1220 et
2462 1174 2758 1221 exonerato
2787 1167 3059 1220 saumario
3085 1172 3499 1235 perscrutantur
3523 1179 3648 1219 eru-

2069 1264 2179 1310 tam
2216 1258 2283 1311 ab
2312 1257 2467 1325 aquis
2492 1256 2670 1310 Patris
2698 1253 3102 1324 supellectilem,
3131 1254 3386 1309 lectulum
3434 1254 3646 1308 scilicet

2071 1346 2236 1416 ipsius
2259 1355 2420 1415 atque
2448 1346 2632 1399 libros.
2665 1345 2797 1412 Quae
2829 1346 3008 1399 omnia
3034 1345 3146 1399 Deo
3178 1353 3312 1399 teste
3342 1352 3392 1399 et
3441 1344 3528 1398 his
3553 1344 3649 1413 qui

2069 1435 2452 1499 interfuerunt,
2487 1436 2560 1490 ita
2593 1436 2792 1489 intacta
2824 1436 2892 1489 ab
2922 1436 3076 1504 aquis
3123 1442 3337 1503 reperta
3384 1442 3532 1499 sunt,
3587 1442 3650 1488 ut

2068 1526 2276 1581 nullum
2307 1528 2594 1596 vestigium
2632 1526 2919 1582 infusionis
2949 1527 3002 1581 in
3052 1540 3133 1580 eis
3185 1533 3491 1596 appareret.
3544 1525 3648 1579 Mi-

2070 1625 2265 1671 rantur
2291 1618 2473 1671 cuncti
2503 1632 2612 1688 prae
2643 1620 2839 1689 gaudio
2868 1617 3148 1687 Deumque
3172 1616 3541 1684 magnicant,
3593 1623 3648 1671 et

2072 1704 2207 1758 tanti
2234 1704 2334 1758 viri
2364 1706 2559 1759 merita
2584 1705 2831 1760 laudibus
2854 1704 3135 1760 extollunt.
3164 1703 3404 1759 Onerato
3432 1719 3646 1759 rursum

1998 1793 2044 1852 B
2072 1794 2240 1856 mulo,
2269 1803 2494 1848 ovantes
2538 1794 2941 1863 subsequuntur
2988 1794 3280 1858 seniorem,
3320 1803 3377 1848 et
3424 1794 3653 1848 domnus

2068 1883 2260 1940 Petrus
2288 1886 2590 1956 anticipans
2631 1897 2876 1952 caeteros,
2911 1887 3058 1941 Patri
3085 1886 3228 1955 quod
3260 1886 3534 1941 acciderat
3562 1900 3651 1940 re-

2067 1972 2213 2031 fert.‘
2241 1976 2344 2041 Qui
2392 1976 2586 2030 leviter
2635 1977 2963 2047 indignans:
3015 1976 3178 2044 Quid,
3228 1976 3424 2046 inquit,
3478 1975 3652 2031 dicis?

2066 2081 2196 2121 num
2227 2064 2429 2135 aliquid
2459 2066 2614 2135 aquis
2643 2067 2955 2121 immersum
2987 2073 3163 2135 potest
3190 2067 3363 2121 videri
3393 2082 3500 2120 non
3527 2080 3648 2120 mae

2067 2157 2288 2221 didum?
2314 2154 2576 2215 Confecto
2622 2156 2804 2225 itaque
2852 2158 3066 2221 itinere,
3098 2156 3186 2210 die
3218 2156 3344 2224 jam
3396 2156 3647 2218 decurso,

2075 2254 2400 2318 rccepentnt
2430 2261 2489 2303 se
2519 2247 2572 2302 in
2601 2246 2876 2317 cujusdam
2912 2246 3109 2301 villula:
3152 2246 3469 2316 hospitium.
3502 2246 3654 2299 Tunc

2062 2339 2225 2408 jussit
2253 2340 2354 2393 sibi
2382 2338 2562 2393 afferri
2594 2342 2781 2404 libros,
2809 2351 2863 2392 ct
2890 2348 3088 2394 cetera
3116 2350 3237 2404 qua:
3266 2337 3334 2388 de
3360 2350 3499 2405 aqua
3531 2336 3650 2388 fue-

2068 2444 2192 2486 rant
2216 2433 2513 2497 abstracta,
2540 2434 2779 2487 mantilia
2802 2433 3010 2487 scilicet
3038 2448 3101 2487 ac
3122 2428 3463 2499 manutergiu
3488 2443 3513 2499 ε
3534 2441 3653 2494 quae

2067 2523 2206 2578 sicut
2234 2537 2452 2593 semper
2480 2524 2548 2578 ad
2577 2524 2888 2589 utilitatem,
2917 2523 2991 2578 ita
3020 2531 3077 2577 et
3108 2532 3238 2577 tunc
3286 2521 3403 2575 sine
3455 2520 3653 2573 damn-0

2082 2617 2239 2686 aquis
2269 2624 2483 2687 reperta
2512 2624 2637 2670 sunt
2666 2616 2902 2671 madida.
2935 2610 3087 2671 Tunc
3121 2614 3206 2668 vir
3237 2612 3655 2681 henignisSimus

2068 2706 2235 2761 Deum
2254 2706 2583 2772 collaudans,
2613 2706 2872 2761 fratribus
2893 2706 2973 2762 sic
2997 2705 3160 2775 C(Bpil
3183 2703 3362 2772 loqui:
3392 2701 3438 2756 Ο
3460 2701 3655 2754 fratres

2068 2796 2273 2863 dilecti,
2290 2798 2513 2853 cernitis
2535 2798 2680 2852 circa
2712 2812 2808 2852 nos
2830 2798 3023 2852 miram
3048 2796 3145 2851 Dei
3168 2795 3339 2849 nostri
3356 2793 3609 2864 pietatem
3631 2790 3655 2843 ?

2068 2887 2228 2943 Certe
2256 2901 2375 2958 quae
2406 2898 2741 2957 recuperare
2765 2901 3207 2956 non'possemus,
3235 2884 3279 2939 si
3308 2882 3464 2952 aquis
3491 2880 3657 2934 intin~

2068 2987 2342 3050 gerentur,
2378 2996 2444 3036 ea
2486 2981 2833 3036 conservavit
2875 2977 3073 3045 illaesa;
3114 2991 3234 3048 qua:
3270 2989 3399 3029 vero
3446 2972 3655 3042 absque

2074 3070 2256 3124 damni
2297 3069 2611 3125 discrimine
2637 3077 2890 3140 poterant
2923 3068 3142 3138 intingi,
3172 3068 3285 3136 ipsa
3328 3079 3520 3135 passus
3565 3069 3650 3117 est

394 3175 592 3232 tumor,
620 3167 761 3222 sicut
789 3168 841 3221 in
864 3142 984 3223 aliis
1010 3175 1292 3237 postquam
1314 3167 1481 3224 semel
1508 3167 1748 3223 aﬂccerit
1773 3168 1824 3222 in
1851 3169 1970 3224 dies
1998 3142 2041 3202 (ἶ
2072 3162 2288 3217 madida
2324 3163 2461 3217 fieri.
2496 3161 2573 3215 lta
2605 3160 2739 3215 nihil
2785 3160 2912 3225 sibi,
2937 3159 3032 3214 sed
3080 3165 3251 3213 totum
3299 3156 3410 3210 Deo
3446 3153 3546 3222 qui
3596 3152 3652 3205 in

393 3258 530 3315 solet
549 3272 817 3324 crescere,
842 3258 914 3312 ita
944 3272 1099 3313 versa
1129 3259 1249 3313 vice
1292 3259 1346 3314 in
1379 3259 1482 3314 isto
1507 3273 1574 3313 ex
1622 3267 1753 3313 tunc
1803 3259 1971 3329 coepit

392 3363 739 3414 evanescere,
764 3357 818 3404 et
876 3350 928 3405 in
988 3351 1272 3419 pristinam
1330 3348 1562 3407 formam
1625 3352 1971 3419 deturpatum

393 3450 579 3511 guttur
604 3442 802 3506 redire,
828 3451 882 3497 et
914 3457 1087 3511 usque
1114 3444 1167 3496 in
1218 3452 1537 3512 praesentem
1591 3442 1734 3496 diem
1784 3450 1969 3511 optata

394 3532 594 3588 fruitur
617 3534 869 3588 sanitate.

392 3641 524 3698 Car.
549 3642 692 3699 XVI.
721 3672 792 3683 -—
812 3642 1055 3718 De‘librt's
1084 3654 1133 3698 et
1157 3644 1275 3718 aliis
1302 3645 1704 3718 supellectilibus
1730 3664 1866 3718 aqua
1888 3649 1969 3701 in-

884 3713 1031 3781 fectis
1043 3725 1090 3769 et
1105 3716 1315 3769 minime
1328 3713 1487 3770 (maia.

462 3798 521 3854 In
568 3798 702 3855 locis
727 3798 1046 3856 Jurensibus
1093 3800 1374 3857 Nantoatis
1428 3812 1513 3858 est
1554 3803 1963 3870 monasterium,

395 3899 585 3947 sancto
621 3891 766 3946 Patri
801 3891 869 3945 ad
902 3892 1332 3961 componendum
1364 3893 1628 3963 regularis
1676 3895 1800 3949 vitae
1851 3904 1967 3950 sta-

395 3989 509 4035 tum
540 3996 568 4034 a
599 3980 903 4036 Gisleberto
928 3982 1124 4038 comite
1158 3982 1431 4038 traditum.
1470 3984 1546 4039 De
1594 3985 1697 4040 hoc
1733 3986 1965 4054 quadam

396 4072 482 4127 die
505 4086 770 4142 egressus,
798 4072 901 4128 iter
919 4089 1083 4144 agens
1105 4075 1181 4135 ad,
1200 4075 1388 4129 urbem
1409 4073 1803 4143 Genevensem,
1834 4078 1966 4133 hora

390 4162 501 4233 jam
528 4164 631 4219 diei
666 4165 820 4219 tertia
848 4165 1213 4230 incumbente,
1241 4167 1487 4223 transivit
1511 4167 1729 4223 ﬂuvium
1754 4184 1850 4239 per
1875 4186 1969 4226 ea-

396 4255 515 4309 dem
548 4265 801 4311 montana
828 4257 1244 4321 discurrentem.
1294 4258 1469 4315 Mulus
1517 4269 1699 4317 autem
1745 4277 1967 4317 suarum

396 4360 583 4400 rerum
621 4347 869 4418 portitor,
899 4349 990 4417 qui
1040 4348 1290 4404 lectulum
1339 4350 1573 4406 hominis
1622 4351 1719 4406 Dei
1759 4352 1981 4408 ferebat:

396 4434 555 4488 simul
584 4450 706 4491 cum
737 4436 888 4492 libris
934 4436 1138 4507 absque
1161 4438 1384 4493 ductore
1414 4439 1712 4505 transiens,
1744 4441 1966 4497 devians

397 4540 426 4578 a
454 4525 664 4594 publico
690 4527 848 4593 vado,
880 4544 977 4598 per
1005 4527 1267 4598 profunda
1296 4528 1535 4585 ﬂuminis
1558 4528 1676 4598 jam
1724 4543 1965 4603 cmperat

397 4615 585 4684 mergi.
616 4616 1015 4673 Concurrerunt
1041 4634 1248 4684 omnes,
1276 4618 1467 4675 levatis
1500 4620 1555 4676 in
1597 4621 1765 4676 altum
1814 4625 1964 4679 voci-

395 4702 515 4767 bus,
545 4714 805 4761 conantes
833 4721 988 4775 opem
1020 4708 1162 4764 ferre
1208 4710 1474 4779 pereunti.
1519 4711 1736 4765 Animal
1786 4721 1985 4770 autem:

395 4792 573 4847 valido
602 4805 795 4850 conatu
827 4796 895 4851 ab
913 4813 1051 4868 aqua
1081 4814 1373 4866 emersum,
1401 4802 1467 4856 ad
1498 4801 1668 4870 ripam
1700 4806 1963 4872 pervenit,

396 4883 571 4952 capite
599 4895 874 4953 protenso.
908 4887 1145 4945 Currens
1178 4906 1303 4946 vero
1326 4908 1471 4949 unus
1508 4907 1594 4947 ex-
1623 4892 1842 4951 famulis
1870 4913 1983 4952 ex-r

402 4972 571 5026 tendit
598 4989 837 5038 manum,
871 4984 929 5031 ut
956 4980 1249 5050 capistrum
1281 4984 1567 5052 arriperet,
1611 4985 1967 5056 sed-nequit!-

398 5075 577 5129 quam.
607 5063 814 5120 Mutum
843 5083 1074 5139 namque
1100 5072 1300 5126 animal
1325 5075 1459 5129 nihil
1489 5075 1822 5146 intelligens,
1872 5079 1966 5133 ile-

399 5165 513 5178 -.ιο-ι
548 5162 719 5178 ..ΑΙ-Α-
735 5163 869 5178 λι--,.

2069 3253 2160 3307 illo
2189 3263 2241 3308 et
2269 3269 2365 3323 per
2400 3253 2548 3308 illum
2574 3253 2922 3322 operabatur,
2952 3249 3094 3304 ﬁdeli
3144 3248 3310 3303 corde
3354 3244 3649 3299 tribuebat.

2070 3344 2353 3399 Excellens
2374 3344 2518 3399 enim
2544 3352 2664 3399 erat
2685 3344 2921 3407 animus,
2943 3352 2997 3397 et
3023 3343 3254 3397 humana
3279 3347 3651 3400 contemnens,

2069 3450 2169 3491 nec
2203 3436 2545 3491 desiderabat
2571 3435 2797 3506 gloriam
2827 3433 2983 3505 quasi
3013 3433 3317 3488 mercedem
3342 3444 3524 3485 rerum
3556 3440 3655 3496 ge~

2072 3535 2302 3580 starum.

2069 3652 2200 3712 CAP.
2240 3656 2399 3711 XVII.
2431 3688 2501 3697 --
2528 3656 2602 3709 De
2637 3657 2863 3725 quodam
2900 3654 3119 3725 puerulo
3162 3652 3414 3707 monacho
3443 3668 3474 3704 a
3523 3666 3647 3720 gra-

2446 3724 2655 3779 vissima
2688 3725 2989 3793 inﬁrmitate
3016 3724 3256 3776 liberato.

2144 3837 2280 3906 Quia
2329 3852 2461 3892 vero
2511 3837 2577 3892 de
2628 3833 2988 3910 Nantoacensi
3036 3831 3364 3888 monasterio
3408 3829 3655 3899 supenius

2082 3930 2404 4005 memoriam
2437 3928 2682 3992 fecimus,
2714 3927 2999 3983 dicendum
3030 3936 3113 3981 est
3141 3924 3297 3979 nobis
3339 3924 3500 3977 etiam
3527 3922 3654 3990 qui.l

2069 4019 2144 4075 ibi
2170 4021 2461 4090 aliquando
2506 4021 2795 4090 contigerit
2840 4018 3078 4073 evenire.
3127 4016 3368 4083 Quodam
3415 4023 3659 4083 tempone

2070 4127 2193 4168 cum
2226 4112 2298 4166 ibi
2320 4121 2539 4167 sanctus
2564 4111 2727 4166 Pater
2757 4111 2996 4177 advenit,
3030 4124 3259 4179 puerum
3301 4106 3519 4182 nomine
3547 4103 3654 4159 Ce-

2070 4196 2287 4257 r'ardum
2318 4203 2542 4273 reperit,
2573 4218 2734 4273 quem
2761 4202 2849 4256 illa
2877 4199 3196 4277 detestanda
3241 4196 3533 4253 infirmitas
3559 4211 3651 4249 ca-

2069 4295 2222 4350 ducae
2247 4295 2515 4366 passionis
2545 4295 2620 4349 ita
2655 4295 2721 4348 de
2746 4294 2832 4349 die
2859 4293 2911 4347 in
2944 4293 3089 4347 diem
3118 4290 3372 4355 vexabat,
3407 4297 3465 4343 ut
3503 4289 3555 4342 in
3589 4302 3657 4343 eo

2069 4400 2173 4441 nec
2202 4401 2330 4452 vox,
2360 4401 2464 4440 nec
2489 4385 2770 4450 memoria,
2802 4399 2903 4439 nec
2932 4384 3112 4453 aliqua
3150 4382 3516 4437 membrorum
3543 4377 3660 4432 olli-

1995 4486 2051 4545 D‘
2069 4478 2151 4532 cia
2180 4485 2547 4544 remanerent,
2575 4485 2630 4532 et
2652 4492 2789 4547 pene
2817 4492 2846 4531 a
2868 4486 3082 4530 mortuo
3100 4472 3213 4541 jam
3245 4471 3377 4526 nihil
3400 4471 3647 4524 distaret.

2070 4567 2187 4623 Tali
2220 4569 2530 4625 calamitate
2557 4570 2641 4623 vir
2674 4569 2767 4623 Dei
2799 4576 3174 4638 compunctus,
3201 4562 3455 4617 fratribus
3479 4568 3534 4613 ut
3558 4574 3657 4628 pro

2069 4673 2132 4716 eo
2157 4660 2445 4717 Dominum
2473 4668 2830 4731 precarentur
2859 4657 3100 4729 rogavit;
3148 4654 3267 4723 ipse
3298 4652 3363 4706 ad
3409 4658 3659 4704 sanctum

2069 4749 2242 4806 altare
2269 4752 2493 4811 missam
2527 4750 2898 4805 celebraturus
2920 4746 3149 4810 accedit,
3180 4751 3239 4796 ut
3270 4742 3552 4795 interesset
3576 4736 3658 4788 iu-

2070 4841 2259 4898 firmus
2303 4842 2577 4914 praecepit,
2629 4840 2826 4894 divinis
2875 4837 3153 4909 mysteriis
3209 4832 3416 4893 refecit,
3459 4841 3655 4895 aquam

2068 4934 2481 4998 sanctiﬁcatum,
2508 4940 2568 4986 ut
2615 4932 2716 4986 sibi
2769 4930 2936 4984 moris
2983 4934 3125 4989 erat,
3173 4940 3240 4977 ex
3278 4920 3443 4975 calice
3488 4915 3663 4969 sancti

2069 5023 2251 5080 Maioli
2276 5025 2460 5080 bibere
2483 5022 2759 5090 compulit.
2784 5018 2893 5072 Nec
2919 5031 3091 5077 mora,
3117 5011 3432 5065 inﬁrmitate
3456 5004 3685 5095 fugata,

2076 5114 2227 5169 salus
2258 5122 2445 5178 Optata
2473 5110 2735 5173 succedit,
2764 5120 2819 5161 et
2850 5120 3023 5173 usque
3072 5105 3125 5156 in
3154 5102 3296 5154 diem
3344 5102 3685 5177 prtesentcut
