4116 5358
453 198 550 253 951

1415 173 1472 228 S.
1507 169 1830 231 ODILONIS
1867 166 2360 228 CLUNIACENSIS
2393 170 2684 230 ABBATIS
2719 171 2758 228 ν

3607 171 3708 226 932

451 295 616 349 funda
674 293 832 348 vallis
876 291 1017 345 inter
1066 287 1396 358 asperrimos
1441 289 1692 358 scopulos
1746 285 2022 342 dilabitur.
2053 284 2102 344 A
2131 299 2229 340 nec
2253 286 2470 356 aliquod
2495 289 2620 344 inde
2653 288 2951 344 remedium
2983 285 3210 342 inveniri
3239 294 3442 356 posset.
3474 285 3706 358 Fugerat

449 384 636 437 Ruunt
661 381 966 452 praecipites
995 377 1312 448 Allobroges
1339 377 1541 433 frustra
1573 379 1830 442 nitentes,
1862 384 1919 430 et
1942 375 2028 430 ul-

451 482 532 528 tra
582 473 727 526 vires
774 470 978 539 aliquid
1023 479 1301 524 conantes.
1356 468 1598 522 Tandem
1660 475 1782 538 post
1829 466 2032 521 multos

447 564 618 618 animi
654 571 904 627 conatus,
945 571 1161 631 reperto
1187 575 1329 629 equo
1358 575 1514 624 sano,
1546 568 1600 613 et
1643 559 1915 630 aliquanta
1965 558 2032 613 de

445 654 756 717 sarcinulis,
779 661 1115 721 cognoscunt
1138 650 1534 706 deesselibrum
1551 650 2030 704 Sacramentorum

449 743 635 797 aureis
670 742 866 796 litteris
893 743 1176 811 scriptum,
1215 757 1337 795 cuin
1387 740 1574 794 vitreis
1620 738 1853 794 vasculis
1901 754 2033 792 ana-

451 831 652 902 glypho
682 847 844 900 opere
879 831 1152 885 formatis.
1183 830 1312 896 Quae
1340 845 1426 884 res
1457 846 1564 884 non
1595 845 1784 900 parum
1808 829 1910 884 viri
1934 828 2030 883 Dei

449 924 817 979 mazstificavit
855 924 1117 988 animum,
1149 939 1336 976 verum
1365 939 1489 977 cum
1522 922 1606 976 his
1653 937 1772 992 qua:
1815 935 2032 989 repere-

450 1024 576 1068 rant
628 1024 807 1084 coepto
835 1015 1030 1068 itinere
1075 1013 1482 1083 gradiebantur.
1535 1013 2031 1080 Advesperascente

453 1115 634 1160 autem
663 1106 773 1169 die,
805 1105 1141 1158 devenerunt
1166 1103 1232 1158 ad
1273 1104 1560 1173 quamdam
1613 1102 1802 1154 cellam
1844 1112 2030 1155 sancto

449 1197 709 1267 Eugendo
759 1198 940 1252 abbati
992 1195 1116 1264 jure
1164 1196 1452 1256 subditam,
1513 1193 1599 1248 ubi
1650 1193 1950 1248 honorifice
1997 1207 2028 1246 a

450 1289 713 1343 fratribus
744 1289 852 1344 illie
881 1289 1224 1342 manentibus
1270 1287 1528 1356 suscepti,
1562 1295 1683 1356 post
1729 1285 2026 1340 exhibitam

453 1382 846 1436 humanitatem
901 1382 1245 1451 quieverunt.
1299 1379 1569 1434 Deﬂuebat
1623 1387 1800 1432 autem
1857 1378 2032 1432 imber

451 1473 701 1541 copiosus
741 1473 954 1526 nivibus
979 1472 1314 1526 commistus.
1345 1470 1440 1523 Vir
1468 1477 1647 1523 autem
1681 1467 1893 1522 Domini
1941 1467 2026 1521 in-

451 1565 606 1618 titnat
633 1563 891 1618 fratribus
917 1578 1036 1631 qua:
1061 1562 1166 1616 sibi
1213 1561 1544 1625 acciderant,
1603 1575 1817 1614 summa
1865 1573 2032 1628 expo-

2133 391 2356 432 somnus
2389 379 2458 433 ab
2488 379 2680 446 oculis,
2721 377 3100 435 fastidiebatur
3138 376 3508 446 cujuscunque
3550 393 3708 448 gene-

2132 470 2208 525 ris
2252 470 2406 526 cibus
2451 471 2737 542 nullusque
2781 471 3062 540 sospitatis
3111 468 3488 523 inveniebatur
3537 467 3704 523 locus.

2130 561 2472 632 Cognoscens
2500 563 2682 632 itaque
2702 564 2785 617 vir
2811 571 3030 618 sanctus
3050 573 3272 616 causam
3295 558 3431 613 tanti
3460 558 3710 628 periculi,

2130 663 2187 708 et
2211 653 2504 709 condolens
2527 655 2647 708 viro
2679 654 2784 709 sibi
2819 653 2952 708 satis
2978 651 3257 718 familiari,
3280 666 3527 706 seorsum
3558 651 3706 706 illum

2133 744 2438 813 accipiens,
2494 759 2657 814 super
2719 743 2895 799 locum
2946 743 3148 798 doloris
3195 743 3410 812 signum
3453 744 3712 813 imprimit

2131 845 2330 890 sanctae
2353 837 2532 892 crucis
2557 852 2684 892 cum
2715 835 3073 892 insulllatione
3111 835 3224 890 oris
3253 843 3310 890 et
3339 836 3546 890 virtute
3588 850 3711 890 ora-

2132 925 2315 990 tionis,
2348 927 2616 995 spondens
2647 941 2728 992 se,
2759 927 2885 981 dum
2913 926 3122 981 veniret
3151 927 3218 981 ad
3256 925 3576 995 hospitium,
3615 941 3710 993 pro

2132 1015 2224 1069 illo
2275 1016 2604 1070 sacriﬁcium
2651 1014 2846 1072 oﬂ‘crre
2896 1015 3191 1071 salutiferae
3242 1015 3548 1071 oblationis.
3605 1015 3711 1068 Nec

2081 1157 2096 1178 κ
2132 1123 2316 1162 mora:
2351 1118 2538 1164 sancto
2566 1110 2876 1174 recedente,
2905 1123 3127 1163 somnus
3149 1109 3238 1162 diu
3268 1117 3497 1178 negatus
3525 1107 3711 1176 pradi-

2133 1206 2275 1252 ctum
2305 1199 2578 1254 hominem
2611 1200 2849 1254 dormire
2875 1199 3053 1267 coegit
3084 1198 3454 1268 evigilansque
3480 1197 3713 1265 particu-

2134 1287 2240 1343 lam
2269 1290 2491 1345 corticis
2521 1288 2589 1343 ab
2617 1289 2776 1345 oculo
2829 1304 2949 1343 eum
2983 1288 3214 1358 quadam
3257 1287 3508 1356 lanugine
3537 1286 3710 1340 dedu-

2133 1390 2280 1438 ctam
2329 1381 2559 1446 invenit,
2594 1389 2650 1434 et
2691 1379 2953 1449 przeteriti
3008 1377 3207 1432 doloris
3254 1376 3556 1431 molestiam
3604 1393 3709 1431 non

2131 1473 2320 1531 sensit.
2345 1471 2465 1528 Mox
2489 1473 2652 1527 etiam
2677 1473 2855 1527 cibum
2886 1470 3110 1525 omnino
3139 1468 3440 1524 fastiditum
3464 1469 3710 1537 requirit,

2131 1583 2255 1622 cum
2302 1565 2572 1621 desiderio
2603 1567 2787 1628 sumit,
2839 1576 3055 1632 sumque
3105 1560 3441 1616 liberationis
3491 1575 3711 1614 causam

451 1669 610 1708 seens
637 1670 819 1724 prece,
851 1668 920 1706 ne
953 1653 1343 1722 pigritarentur
1377 1651 1444 1705 ad
1475 1650 1664 1704 eadem
1712 1649 1827 1704 loca
1879 1664 2030 1704 scm—
2057 1650 2104 1710 B
2133 1671 2242 1726 pra:
2268 1657 2464 1726 gaudio
2490 1670 2587 1723 per
2619 1653 3012 1709 internuntium
3038 1651 3159 1707 viro
3213 1651 3308 1706 Dei
3359 1650 3500 1720 apud
3552 1649 3713 1705 Silvi-

451 1743 610 1796 tanda
642 1742 922 1805 accedere,
975 1741 1019 1794 si
1063 1740 1206 1795 forte
1252 1750 1502 1794 auratum
1545 1739 1742 1792 librum
1788 1737 2030 1806 reperire

448 1833 712 1888 valerent.
746 1832 824 1886 llli
859 1847 987 1886 vero
1016 1840 1196 1887 mente
1221 1831 1624 1902 promptissima
1673 1830 1944 1900 spondent
1975 1844 2038 1886 se

448 1925 670 1994 exsequi
700 1926 817 1995 ejus
845 1925 1118 1978 mandata.
1151 1925 1286 1992 Quis
1311 1925 1454 1979 enim
1489 1925 1626 1979 tanti
1649 1925 1750 1978 viri
1778 1924 2037 1993 precibus

449 2030 554 2067 non
583 2015 977 2084 acquiesceret,
1009 2014 1095 2068 cui
1113 2014 1277 2067 etiam
1316 2015 1459 2068 Deus
1483 2023 1668 2068 noster
1697 2014 2037 2084 plerumque,

450 2115 512 2160 ιιι
533 2106 604 2160 ita
635 2107 832 2172 dicam,
856 2105 1081 2174 obsequi
1103 2105 1410 2159 videbatur.
1435 2104 1647 2158 Aurora
1674 2104 1857 2172 itaque
1879 2118 2043 2173 appa-

452 2213 604 2262 rens,
639 2199 834 2252 missos
869 2196 1074 2267 dirigit,
1113 2197 1230 2252 dies
1257 2197 1600 2266 subsequens
1629 2195 1696 2249 ad
1727 2195 1846 2251 loca
1875 2194 2043 2250 dedu-

452 2288 528 2342 cit
555 2288 690 2358 (33),
718 2288 916 2342 librum
961 2287 1232 2358 perditum
1258 2301 1382 2340 cum
1411 2285 1559 2340 vasis
1590 2285 1908 2354 requirunt;
1942 2283 2038 2339 sed

455 2379 572 2448 ipso
606 2395 704 2433 suo
735 2379 922 2434 labore
952 2378 1158 2435 diutius
1187 2375 1395 2445 fatigati
1425 2375 1542 2430 sine
1567 2373 1746 2430 fructu
1793 2375 1860 2428 ad
1907 2389 2039 2444 pro-

453 2469 569 2539 pria
601 2469 846 2523 redeunt.
877 2468 1048 2521 Erant
1072 2475 1286 2521 montes
1311 2474 1367 2519 et
1395 2463 1846 2533 circumjacentes
1873 2465 2038 2520 colles

462 2567 612 2612 tanta
643 2559 909 2613 densitate
926 2558 1129 2611 nivium
1152 2555 1416 2624 cooperti,
1444 2563 1505 2610 ut
1533 2569 1657 2623 spes
1683 2554 1827 2608 nulla
1849 2570 2038 2624 super-

453 2665 570 2705 esse
614 2651 888 2704 videretur
937 2649 1168 2703 ulterius
1197 2647 1485 2717 praedictas
1531 2661 1619 2701 res
1658 2647 2034 2717 recuperandi.

446 2741 755 2808 interjectis
783 2741 963 2808 itaque
992 2739 1106 2793 fere
1154 2738 1362 2793 duobus
1409 2737 1710 2803 mensibus,
1757 2752 1880 2791 cum
1923 2735 2037 2804 jam

455 2829 650 2882 hiemis
680 2830 944 2897 asperitas
977 2828 1360 2898 praedictorum
1395 2828 1660 2882 montium
1717 2835 1771 2880 ct
1818 2826 2033 2881 collium

453 2919 824 2973 evanescendo
853 2918 1044 2973 faciem
1075 2919 1390 2984 denudaret,
1419 2928 1474 2974 et
1503 2919 1568 2973 de
1603 2917 1828 2988 perditis
1873 2918 2032 2971 rebus

457 3027 594 3080 pene
619 3009 730 3077 jam
761 3010 905 3064 nulla
959 3011 1219 3064 memoria
1264 3019 1428 3074 esset,
1459 3009 1680 3079 quidam
1733 3008 2032 3079 presbyter,
2064 2995 2107 3054 C

458 3103 678 3156 nomine
707 3102 1167 3166 Ermendrannus,
1199 3101 1377 3156 locum
1408 3101 1461 3156 in
1492 3117 1598 3170 quo
1645 3100 1918 3171 prmdictaa
1947 3115 2036 3155 res

454 3196 730 3264 perierant
760 3209 888 3248 casu
919 3195 1074 3255 adiit,
1121 3194 1402 3249 oculorum
1448 3193 1608 3249 orbes
1649 3195 1755 3248 huc
1802 3193 2037 3262 illucque

457 3272 700 3352 deﬂexit,
729 3293 784 3339 et
817 3300 945 3340 ecce
970 3296 1160 3340 contra
1187 3301 1336 3356 spem
1374 3285 1572 3340 librum
1603 3285 1824 3355 reperit,
1874 3299 2036 3352 quem

456 3376 656 3430 Christi
687 3377 956 3446 protectio
987 3392 1018 3430 a
1049 3377 1245 3431 nimbis
1281 3386 1336 3432 et
1364 3377 1722 3432 diuturnitate
1760 3377 1900 3430 nivis
1946 3376 2033 3429 in-

459 3473 661 3519 tactum
693 3467 902 3520 meritis
934 3467 1106 3536 patris
1135 3466 1380 3522 Odilonis
1411 3467 1668 3522 servavit.
1701 3465 1840 3520 Vasa
1888 3464 2034 3519 enim

458 3571 588 3610 sana
621 3555 850 3618 invenit,
879 3571 999 3624 quae
1026 3555 1120 3609 Dei
1149 3557 1320 3611 nostri
1347 3557 1522 3628 pietas
1552 3572 1621 3611 ne
1654 3555 2037 3628 frangerentur

457 3645 709 3716 protexit.
741 3645 955 3700 Tolleus
985 3645 1167 3714 itaque
1195 3661 1259 3700 ea
1305 3661 1425 3716 qua;
1467 3647 1763 3712 invenerat,
1815 3646 2033 3702 Gauze-

460 3746 631 3787 ranno
657 3734 837 3788 abbati
863 3738 1035 3790 sancti
1066 3735 1307 3806 Eugeudi
1333 3737 1689 3806 consignavit,
1717 3745 1771 3792 et
1798 3745 2038 3808 postmo-

458 3823 586 3878 dum
610 3826 854 3895 jussione
876 3827 1116 3896 ejusdem
1161 3827 1450 3896 praedictus
1493 3829 1775 3898 presbyter
1825 3827 2034 3883 Odiloni

459 3917 619 3986 patri,
655 3919 780 3972 dum
811 3919 876 3972 ad
905 3919 1022 3974 illas
1069 3918 1378 3974 Jurensium
1427 3928 1609 3988 partes
1647 3920 1848 3974 rediret
1885 3919 2040 3973 lamus

458 4016 512 4061 et
539 4007 716 4063 alacer
746 4010 1016 4063 reddidit:
1050 4010 1140 4079 qui
1170 4018 1373 4078 quanto
1403 4009 1649 4080 gestierit
1705 4010 1920 4079 gaudio,
1969 4025 2038 4064 ex

468 4097 745 4153 immensis
784 4101 893 4154 Deo
934 4100 1150 4154 laudum
1182 4099 1318 4155 fusis
1346 4099 1633 4169 przeconiis
1661 4100 1754 4169 qui
1800 4100 1914 4155 vult
1953 4099 2039 4154 di-

471 4203 727 4256 gnoscere
758 4192 975 4260 poterit.

531 4299 657 4354 Car.
696 4301 834 4356 XIX.
860 4334 927 4344 —-
949 4303 1026 4357 De
1065 4304 1525 4427 quptzamlpotente
1554 4322 1585 4358 a
1615 4303 1792 4358 dolore
1829 4303 1967 4357 oculi

1158 4391 1171 4426 ι
1209 4392 1296 4427 era
1324 4393 1373 4427 ο.

1158 4391 1373 4428 werato.

534 4479 836 4548 Aliquando
883 4481 1010 4533 dum
1068 4483 1320 4538 transiret
1366 4497 1461 4551 per
1511 4497 1707 4551 pagum
1759 4482 2040 4538 Geneven-

462 4588 574 4628 sem
606 4582 659 4626 et
685 4581 929 4652 castrum.
953 4572 1230 4638 Albiense,
1251 4573 1469 4642 quidam
1524 4574 1726 4639 senior,
1774 4573 2040 4629 Siebodus

464 4665 702 4730 nomine,
756 4665 1006 4721 dominus
1063 4666 1304 4736 ejusdem
1341 4665 1529 4731 castri,
1560 4665 1736 4734 ampla
1782 4682 2035 4736 persona,

466 4771 575 4810 non
612 4772 776 4824 parva
808 4767 1067 4826 potestas,
1101 4757 1167 4811 ad
1197 4773 1318 4812 eum
1349 4757 1594 4812 accessit.
1629 4755 1766 4812 Huic
1807 4759 2038 4827 quadam

467 4848 554 4904 die
583 4849 682 4903 sub
713 4851 904 4904 arbore
933 4848 1134 4917 jacenli
1167 4850 1389 4905 fortuito
1415 4864 1544 4905 casu
1572 4849 1834 4920 particula
1873 4850 2044 4904 corti-

466 4938 546 4992 cis
576 4939 848 4995 ceciderat
881 4943 930 4996 in
959 4941 1154 4996 oculo:
1189 4956 1308 5011 qua:
1340 4940 1413 4994 ita
1444 4941 1776 5005 turbaverat,
1813 4940 1883 4994 ita
1919 4956 2037 4994 cor-

467 5044 686 5106 ruperat
708 5035 945 5104 ejusdem
992 5038 1218 5092 membri
1269 5037 1524 5104 ofﬁcium,
1575 5047 1632 5090 ut
1676 5051 1774 5090 nec
1823 5036 2037 5105 expelli,

505 5142 519 5156 ⁶
541 5149 656 5216 (33)
697 5147 786 5204 Sic
817 5149 983 5204 codex
1017 5149 1074 5204 S.
1102 5149 1360 5203 German.
1390 5149 1460 5202 At
1489 5149 1798 5205 Thuaneus.
1848 5146 1959 5200 fere
1985 5155 2044 5202 ut

471 5217 661 5288 Petrus
694 5219 931 5272 Damiani
962 5220 1016 5273 in
1049 5220 1216 5272 altera
1247 5218 1366 5272 Vita
1415 5235 1534 5288 cap.
1589 5220 1676 5277 l3,
1705 5218 1800 5270 sie-
1834 5217 2036 5270 habet:

474 5287 554 5358 4d
593 5287 707 5340 loca
742 5289 984 5352 deducit;
1034 5300 1282 5342 auratum
1328 5289 1516 5341 librum
1565 5288 1847 5355 reperiunt,
1889 5303 2038 5354 quem

2140 1748 2349 1819 giacum
2382 1747 2546 1817 (sia),
2572 1759 2680 1816 quo
2700 1744 2812 1814 jam
2841 1750 3184 1815 pervenerat,
3232 1740 3543 1807 inootescit,
3594 1755 3714 1811 gra-

2139 1839 2241 1891 tias
2268 1837 2377 1907 agit
2404 1845 2458 1891 et
2486 1835 2740 1906 deinceps
2771 1849 2893 1889 eum
2923 1835 2977 1888 in
3016 1847 3206 1904 magna
3234 1831 3580 1887 veneratione
3619 1832 3713 1884 ha-

2138 1928 2275 1982 buit.

2211 2022 2339 2076 CAP.
2369 2019 2486 2075 XX.
2527 2049 2598 2062 ——
2627 2018 2703 2073 De
2733 2018 2918 2074 clerico
2947 2035 2979 2072 α
3006 2017 3183 2072 morbo
3215 2015 3413 2070 brachii
3439 2024 3644 2069 curato.

2209 2112 2448 2179 Quodam
2471 2111 2634 2166 etiam
2667 2120 2908 2180 tempore
2931 2110 3056 2165 dum
3080 2102 3302 2163 a'Roma
3329 2114 3714 2164 reverteretur.

2141 2213 2195 2259 et
2222 2203 2398 2258 Lucas
2433 2203 2548 2274 (34)
2585 2213 2766 2258 castro
2817 2203 3225 2272 hospitaretur,
3279 2199 3494 2254 cuidam
3541 2198 3712 2252 sancti

2142 2295 2360 2349 Martini
2391 2293 2724 2348 Turonensis
2747 2293 3034 2357 canonico,
3063 2289 3450 2346 Archimbaldo
3477 2287 3712 2350 nomine,

2141 2384 2342 2440 lethale
2375 2385 2571 2438 vulnus
2599 2383 2652 2437 in
2680 2382 2906 2438 brachio
2935 2389 3274 2444 excreverat,
3307 2379 3449 2448 quod
3480 2378 3582 2434 sibi
3607 2390 3713 2430 non

2134 2476 2247 2547 jam
2279 2477 2617 2546 languorem,
2637 2475 2730 2530 sed
2755 2473 2925 2544 ipsam
2945 2481 3172 2526 mortem
3203 2484 3340 2540 pene
3368 2469 3716 2523 interminare

2141 2567 2435 2620 videretur.
2482 2564 2707 2620 Accedit
2744 2563 2923 2632 itaque
2947 2561 3011 2614 ad
3043 2569 3311 2637 sanctum,
3342 2567 3395 2612 et
3422 2565 3585 2611 tanta:
3619 2571 3713 2610 ne-

2141 2659 2414 2714 cessitatis
2461 2656 2698 2711 ostendit
2738 2653 3055 2724 periculum.
3099 2650 3167 2704 At
3200 2651 3288 2704 ille
3324 2649 3478 2719 quasi
3515 2647 3632 2701 hzec
3659 2659 3716 2698 se

2140 2750 2326 2803 videte
2375 2747 2756 2806 dissimulans,
2789 2744 3018 2797 latenter
3068 2741 3285 2811 propria
3338 2753 3501 2793 manu
3550 2735 3715 2805 tangit

2140 2840 2454 2904 brachium,
2507 2846 2711 2893 sanctae
2751 2835 2930 2890 crucis
2971 2818 3224 2902 implorat
3273 2829 3608 2900 prtesidium,
3661 2835 3716 2880 et

2145 2947 2307 3001 super
2328 2931 2519 2984 vulnus
2539 2927 2779 2997 ejusdem
2807 2926 2987 2980 crucis
3016 2923 3290 2994 impressit
3329 2920 3664 2991 signaculum
3699 2937 3712 2971 :

2139 3024 2326 3094 sicque
2359 3039 2387 3076 a
2419 3038 2477 3076 se
2506 3021 2747 3085 dimittit,
2778 3028 2831 3074 et
2858 3027 2916 3072 ut
2939 3025 3095 3072 caute
3131 3014 3424 3084 praevideat
3451 3010 3714 3082 praecipit.

2137 3115 2330 3169 Mirum
2388 3113 2441 3166 in
2489 3111 2703 3166 modum
2742 3109 2866 3163 dum
2918 3107 3120 3161 recedit
3160 3114 3215 3157 et
3257 3103 3432 3158 locum
3477 3100 3717 3154 vulneris

2137 3205 2324 3260 videre
2351 3203 2435 3256 vel
2467 3211 2688 3273 tangere
2717 3199 2904 3264 voluit,
2937 3198 3080 3252 nulla
3107 3197 3256 3266 signa
3284 3193 3540 3264 praeteriti
3569 3191 3716 3246 dolo.

2139 3299 2214 3354 ris
2243 3313 2341 3352 nec
2371 3296 2597 3359 invenit,
2631 3308 2732 3348 nec
2779 3290 2970 3347 sensit.
3015 3289 3293 3344 Attonitus
3322 3302 3452 3342 vero
3494 3295 3716 3354 stupore

2139 3388 2383 3444 miraculi
2409 3387 2476 3441 ad
2519 3386 2793 3440 hominem
2835 3383 2926 3437 Dei
2955 3381 3276 3448 regreditur,
3307 3393 3426 3446 qua:
3456 3376 3558 3430 sibi
3582 3389 3715 3428 con-

2139 3480 2371 3550 tigerant
2397 3476 2574 3546 palam
2604 3475 2783 3529 facere
2809 3471 2996 3526 voluit.
3029 3469 3134 3524 Sed
3165 3467 3256 3522 Dei
3287 3481 3475 3520 servus
3496 3464 3585 3519 ubi
3614 3465 3717 3516 hoc

2137 3571 2420 3644 praevidit,
2453 3569 2763 3638 indignatus
2801 3564 2997 3627 valde,
3050 3561 3197 3615 illum
3265 3573 3364 3612 nec
3421 3557 3715 3626 quidquam

2139 3677 2358 3734 passum
2407 3659 2603 3722 fuisse,
2637 3671 2736 3710 nec
2761 3654 2889 3724 quid
2932 3652 3137 3707 diceret
3179 3649 3354 3709 scire,
3389 3644 3712 3715 objurgavit.

2138 3760 2214 3815 lta
2253 3759 2397 3813 enim
2443 3757 2669 3812 timebat
2700 3747 2945 3807 rum6res
2978 3749 3252 3804 hominum
3279 3788 3292 3812 ,
3339 3755 3594 3814 tanquam
3644 3745 3719 3796 le-

2140 3849 2282 3903 thalc
2313 3861 2597 3907 venenum,
2621 3852 2677 3898 'et
2699 3842 2851 3912 quasi
2879 3839 3192 3911 pestiferum
3221 3838 3418 3892 malum
3447 3837 3524 3891 sic
3548 3835 3718 3906 fugie-

2139 3940 2232 3994 bat
2253 3954 2405 3992 vana:
2434 3937 2608 3991 laudis
2633 3934 2952 4005 appetitum.

2214 4028 2347 4082 Cum
2383 4027 2495 4097 (35)
2545 4026 2780 4095 quodam
2836 4033 3079 4093 tempore
3135 4021 3276 4092 apud
3331 4019 3714 4074 monasterium

2140 4137 2322 4187 suum,
2362 4120 2506 4190 quod
2537 4119 2694 4174 Volta
2729 4117 3058 4180 nominatur,
3090 4122 3414 4176 moraretur,
3442 4120 3495 4166 et
3533 4125 3718 4164 murus

2141 4211 2382 4266 ecclesiae
2413 4208 2585 4264 adhuc
2627 4205 2974 4277 imperfectus
3007 4211 3503 4266 consummaretur,
3541 4200 3718 4254 conti-

2063 4339 2119 4400 Β
2143 4303 2220 4374 git
2245 4310 2303 4355 ut
2327 4300 2558 4370 quadam
2603 4298 2693 4353 die
2727 4297 2853 4352 dum
2902 4296 3136 4351 ministri
3165 4295 3346 4364 operis
3371 4294 3522 4363 operi
3569 4307 3714 4346 com-

2143 4393 2340 4464 plendo
2368 4391 2705 4454 insisterent,
2745 4388 3168 4444 deambulatoria
3199 4387 3289 4440 ubi
3334 4386 3586 4450 stabant,
3637 4398 3722 4436 re-

2142 4483 2301 4538 tortis
2330 4496 2451 4536 cum
2482 4480 2678 4550 quibus
2719 4478 2880 4549 ligata
2920 4485 3078 4531 erant
3121 4491 3186 4532 ex
3231 4474 3396 4529 nimia
3451 4480 3720 4526 vetustate

2142 4571 2336 4642 ruptis,
2382 4569 2632 4624 deorsum
2679 4575 2933 4633 ruerent,
2967 4581 3088 4622 cum
3138 4564 3335 4634 quibus
3385 4560 3717 4615 caementarii

2143 4679 2206 4719 ex
2240 4661 2523 4716 altitudine
2547 4660 2687 4714 muri
2715 4660 2782 4714 ad
2808 4669 3009 4714 terram
3041 4656 3383 4719 ceciderunt,
3407 4661 3463 4707 et
3487 4651 3720 4707 collisio-

2143 4756 2229 4810 nis
2259 4752 2646 4807 membrorum.
2671 4788 2686 4804 .
2716 4790 2730 4804 .
2759 4788 2772 4804 .
2797 4787 2815 4805 .

2144 4871 2271 4928 CAP.
2302 4867 2443 4923 XXI.
2473 4897 2543 4908 —
2573 4865 2648 4921 De
2692 4864 2923 4946 quodam
2959 4871 3126 4946 mente
3179 4871 3330 4932 capto
3378 4859 3481 4914 sire
3524 4858 3717 4912 damo-

2736 4942 2887 4988 niaco
2926 4942 3132 4989 sanato.

2214 5031 2335 5086 Alio
2373 5037 2612 5098 tempore
2639 5041 2762 5081 cum
2805 5039 2872 5079 ex
2911 5024 3154 5096 partibus
3185 5018 3547 5090 Ultrajuranis
3577 5014 3721 5069 Nan-

2189 5143 2244 5197 ui
2270 5152 2464 5213 quanto
2493 5141 2691 5210 gestivit
2715 5138 2931 5208 gaudio,
2963 5153 3026 5191 ea:
3054 5135 3322 5189 immensis
3367 5131 3474 5186 Deo
3499 5131 3716 5185 laudum

2149 5162 2693 5284 iusis_pr_teconiis_qui
2721 5209 2858 5284 valet
2881 5209 3181 5284 dignoscere
3200 5203 3440 5284 poterit."
3506 5271 3518 5282 ι
3703 5277 3713 5284 ι

2177 5203 2293 5268 usis.
2309 5203 2693 5280 prcconiisqut'
2715 5203 2858 5280 valet
2881 5209 3181 5280 dignoscere
3200 5203 3403 5280 poterit.

2166 5354 2177 5358 _
2220 5271 2332 5358 (δᾴ)
2366 5271 2812 5358 ῌίο-έιθεὶἐηαιιιιχ
2839 5271 2997 5358 Luca:
3042 5271 3231 5330 civitas
3279 5271 3613 5327 nobilissima
3664 5277 3719 5320 et
