4116 5358
368 223 478 281 933

1720 230 1903 286 VlTA.
1944 263 2010 271 —
2047 231 2175 287 LIB.
2218 231 2279 286 Il.

3529 231 3634 287 93-1

372 335 557 402 toatis,
589 336 654 392 de
680 351 787 407 quo
817 353 978 410 supra
1005 339 1267 407 diximus,
1295 356 1416 397 cum
1440 354 1504 396 eo
1530 339 1953 404 advenissemus,
1988 347 2031 405 Λ
2061 357 2166 411 que
2192 341 2536 398 memoranda
2573 341 2952 397 miraculorum
2980 341 3130 414 signa
3148 384 3163 410 ,
3190 342 3458 412 quoddam
3480 343 3642 403 valde

367 428 661 496 quemdam
696 428 950 498 juvenem
1009 433 1276 500 militem,
1333 433 1550 488 nomine
1599 433 1954 499 Mainerium,

370 527 554 573 mente
585 529 825 590 captum,
864 537 893 576 a
925 525 1159 594 propriis
1188 526 1418 581 servulis
1446 527 1515 581 ibi
1547 525 1835 581 adductum
1872 528 1955 581 in-

367 609 638 664 venimus.
668 611 767 678 Qui
794 612 994 682 rejecta
1026 615 1218 668 militia
1247 656 1260 679 ,
1309 616 1562 686 omnique
1587 631 1717 671 cura
1747 617 1955 684 privata

366 698 451 752 vel
473 701 687 768 publica
727 704 1048 773 postposita,
1076 706 1179 759 huc
1206 705 1438 774 illucque
1463 705 1626 760 miser
1653 707 1828 760 nudus
1850 705 1954 758 nisi

369 798 650 846 teneretur
673 795 983 860 oberrabat,
1012 797 1316 865 incognitas
1345 812 1506 852 voces
1539 797 1810 860 emittens,
1838 797 1955 850 sine

366 879 488 933 cibo
508 896 889 950 perseverans,
919 894 993 951 et,
1021 894 1079 939 ut
1105 886 1299 941 talibus
1325 888 1656 942 consuetudo
1684 895 1790 951 est,
1821 902 1950 941 nus-

362 985 529 1040 quam
571 983 740 1028 tutam
780 975 986 1039 sedem,
1025 977 1226 1031 nullam
1271 979 1503 1033 habebat
1547 979 1812 1048 requiem.
1857 976 1953 1032 Mi-

362 1071 543 1116 sertus
572 1065 756 1134 itaque
788 1066 950 1121 homo
993 1065 1084 1121 Dei
1129 1075 1294 1120 tautae
1323 1067 1642 1132 calamitati,
1674 1078 1730 1121 et
1751 1067 1952 1122 condo-

365 1152 487 1208 lens
514 1157 839 1226 gratissimm
877 1158 1179 1227 iuventuti,
1222 1175 1345 1214 eum
1376 1159 1635 1215 fratribus
1666 1159 1717 1213 in
1748 1170 1949 1214 terram

363 1255 488 1300 ante
518 1247 689 1304 altare
724 1251 896 1304 sancti
930 1251 1076 1305 Petri
1113 1252 1502 1320 prosternitur,
1549 1251 1774 1322 psalmis
1820 1251 1951 1306 insi-

361 1335 484 1399 stit,
522 1339 821 1406 patrocinia
873 1350 1187 1396 sanctorum
1240 1357 1362 1396 cum
1418 1342 1622 1397 litaniis
1669 1343 1944 1412 requirit:

361 1427 556 1483 deinde
580 1446 808 1499 surgens
839 1433 906 1486 ad
937 1441 1189 1488 vexatum
1216 1433 1446 1499 accedit,
1475 1449 1613 1503 aqua
1646 1432 1950 1487 sanctifica-

360 1516 524 1572 tionis
565 1522 824 1590 aspergit,
863 1523 1049 1578 bibere
1083 1524 1249 1594 cogit,
1295 1534 1351 1578 et
1398 1525 1476 1579 sic
1534 1524 1789 1578 recedere
1823 1538 1948 1592 per-

356 1611 544 1665 mittit.
582 1612 712 1668 Post
733 1616 848 1670 haec
877 1628 1067 1671 sancto
1090 1619 1394 1684 recedente,
1425 1619 1538 1688 ipse
1565 1615 1676 1684 jam
1715 1631 1820 1670 non
1865 1616 1948 1668 in-

2052 427 2349 497 jucundum
2375 438 2538 500 atque
2571 430 2858 485 mirificum
2902 431 3120 486 virtutis
3152 448 3307 501 opus,
3336 432 3423 487 hic
3470 435 3636 490 etiam

2057 534 2178 574 eum
2211 521 2562 591 glorificando
2587 563 2600 585 ,
2630 523 2844 591 operari
2885 531 2966 576 est
3000 523 3271 592 dignatus.
3315 525 3390 579 De
3425 541 3532 594 quo
3567 540 3637 578 ne

2057 610 2366 680 quisquam,
2397 611 2523 680 quia
2567 611 2694 665 illud
2741 613 2943 682 scripto
2973 613 3187 668 tradere
3227 613 3637 668 succedentium

2057 700 2333 755 memoriae
2360 701 2728 770 suscepimus,
2756 702 3003 756 dubitare
3046 712 3238 771 queat,
3279 703 3539 757 habemus
3582 713 3639 756 et

2055 789 2382 860 proferimus
2425 806 2672 846 veraeem
2711 793 3064 863 fideletnque,
3117 809 3237 863 quz'e
3283 795 3385 848 hoc
3415 804 3637 856 narrat,

2055 896 2340 950 personam
2369 883 2435 936 ad
2470 883 2573 936 hoc
2602 883 2999 953 astipulandum
3027 884 3107 938 sic
3139 885 3384 939 idoneam
3411 894 3469 937 ut
3507 900 3637 938 con-

2055 980 2159 1026 stet
2187 972 2305 1026 luce
2334 973 2553 1038 clarius,
2591 973 2716 1042 quia
2747 973 2791 1026 is
2821 974 2911 1042 qui
2939 975 3039 1029 hoc
3071 974 3235 1028 refert
3264 988 3318 1028 et
3339 974 3499 1040 hujus
3523 973 3637 1028 De.

2055 1061 2236 1116 dilecti
2267 1062 2447 1117 Patris
2488 1073 2572 1118 est
2604 1066 2922 1130 monachus,
2959 1075 3013 1118 et
3045 1067 3260 1120 nomine
3290 1068 3508 1136 proprio
3536 1081 3634 1119 vo-

2051 1153 2252 1207 citatur
2279 1154 2571 1218 Adraldus,
2605 1163 2764 1224 atque
2796 1156 2908 1224 ipse
2937 1141 3084 1211 solus
3113 1172 3234 1210 cum
3262 1157 3367 1211 alio
3397 1157 3633 1226 quodam

2054 1244 2440 1300 Iaicohomiue
2471 1246 2630 1315 hujus
2679 1255 2804 1300 tunc
2857 1247 2930 1299 rei
2983 1255 3148 1315 gesta:
3206 1247 3306 1300 fuit
3358 1248 3630 1302 conscius.

2051 1333 2295 1402 Quodam
2322 1337 2586 1406 siquidem
2639 1346 2879 1405 tempore
2912 1338 3078 1391 isdem
3115 1339 3197 1392 vir
3239 1340 3444 1393 Domini
3478 1340 3634 1394 Odilo

2049 1425 2266 1480 rediens
2289 1442 2320 1480 a
2350 1427 2598 1494 Francia,
2627 1438 2680 1482 et
2709 1429 3020 1482 Cluuiacum
3055 1430 3218 1483 totius
3250 1431 3523 1500 religionis
3555 1431 3634 1482 lo-

2049 1528 2170 1567 cum
2221 1513 2544 1570 festinanter
2589 1526 2880 1586 expetens,
2920 1519 3093 1573 eidem
3139 1519 3251 1589 jam
3296 1521 3440 1574 dicto
3476 1520 3632 1574 fratri

2050 1606 2189 1674 apud
2246 1610 2532 1676 quamdam
2587 1609 2898 1675 ecclesiam,
2944 1626 3063 1678 qua:
3107 1618 3334 1664 vocatur
3376 1610 3633 1664 Tolonnis

359 1704 568 1766 firmus,
597 1705 691 1757 sed
724 1722 919 1772 sanus;
959 1725 1066 1763 non
1113 1709 1341 1778 ligatus,
1367 1710 1459 1764 sed
1491 1709 1660 1772 liber;
1701 1724 1805 1763 non
1847 1722 1932 1761 co-

2051 1694 2338 1767 (Toulon).
2380 1699 2466 1754 cui
2515 1699 2838 1755 obedientia:
2901 1717 3062 1757 causa
3110 1715 3341 1772 praeerat
3370 1747 3382 1768 ,
3442 1714 3631 1772 estque

358 1804 532 1859 actus,
555 1799 648 1851 sed
674 1799 1035 1866 voluntarius,
1055 1801 1369 1857 Cluuiacum
1395 1817 1562 1870 usque
1581 1800 1942 1870 prosequitur,

357 1887 571 1963 gratias
593 1889 698 1943 Deo
727 1899 782 1943 et
811 1891 884 1944 illi
912 1906 1011 1961 pro
1043 1903 1360 1963 recuperata
1405 1894 1641 1947 sanitate
1685 1892 1939 1954 reddidit,

355 1985 482 2030 voto
522 1959 809 2034 charitatis
856 1959 1081 2037 munera
1133 1959 1359 2053 piscium
1391 1983 1617 2046 detulit,
1649 1983 1833 2052 sicque
1875 1984 1941 2036 ad

352 2068 569 2135 propria
595 2071 770 2124 rediit.
799 2071 1056 2143 Sequenti
1088 2074 1252 2128 etiam
1283 2089 1426 2128 anno
1468 2089 1588 2128 eum
1620 2075 1816 2128 ibidem
1857 2088 1943 2127 re-

354 2158 595 2225 quisivit,
628 2162 721 2216 sed
745 2177 850 2217 non
885 2164 1126 2229 invento,
1161 2165 1516 2220 Silviuiacum
1553 2165 1639 2219 die
1667 2181 1770 2234 qua
1817 2180 1941 2218 san-

355 2254 478 2299 ctus
521 2249 655 2304 obiit
688 2261 742 2306 et
774 2253 890 2322 ipse
933 2256 1175 2321 advenit;
1226 2256 1395 2310 tristis
1438 2263 1492 2310 et
1540 2271 1776 2310 moerens
1823 2253 1938 2323 ejus

353 2340 627 2406 exsequiis
658 2341 925 2407 interfuit,
948 2356 1002 2400 et
1023 2347 1148 2416 quia
1179 2349 1298 2403 vivo
1329 2365 1433 2402 non
1459 2349 1656 2417 potuit,
1685 2348 1936 2402 defuncto

349 2439 448 2493 pro
476 2442 577 2483 sua
607 2430 923 2490 liberatione
947 2436 1141 2490 iterum
1169 2449 1329 2506 atque
1353 2439 1547 2492 iterum
1580 2439 1783 2507 gratias
1804 2439 1931 2508 eg't.

533 2539 666 2596 CAP.
702 2542 864 2597 XXII.
897 2575 969 2585 -—
999 2546 1076 2600 De
1113 2549 1343 2617 quodam
1373 2559 1512 2603 muto
1548 2559 1754 2604 sanato.

418 2629 600 2687 A‘bbas
628 2635 844 2702 quidam
877 2637 1158 2706 religiosus
1189 2640 1254 2693 de
1302 2641 1477 2694 Brolio
1522 2640 1783 2710 (Ebreuil)
1819 2658 1934 2699 mo-

347 2723 607 2787 nastcrio,
641 2727 859 2781 nomine
886 2727 1204 2792 Girbcrtus.
1233 2732 1522 2798 quemdam
1563 2743 1810 2803 nepotem
1841 2735 1933 2788 ha-

344 2809 460 2866 bttit
489 2813 714 2868 militem
739 2826 1040 2882 strenuum,
1074 2821 1292 2875 nomine
1321 2821 1682 2876 Gauzfredum
1710 2863 1725 2888 ,
1753 2825 1843 2893 qui
1865 2839 1931 2880 ex

344 2903 512 2958 multo
547 2912 790 2975 tempore
827 2908 1058 2962 oﬂicinm
1101 2910 1297 2981 lingua:
1347 2913 1632 2980 amiserat,
1678 2913 1930 2969 audiendi

343 3001 523 3049 tamen
572 2997 866 3051 efficaciam
925 3009 979 3052 et
1041 3001 1322 3068 prudentis
1363 3003 1508 3056 senis
1566 3004 1925 3069 memoriam,

343 3085 796 3153 quemadmodum
841 3089 907 3142 de
927 3088 1033 3144 Zoe
1059 3106 1226 3145 uxore
1252 3091 1541 3148 Nicostrati
1580 3093 1794 3164 legitur,
1819 3111 1925 3150 non

341 3178 688 3233 mediocriter
711 3181 999 3236 retinebat.
1035 3182 1133 3238 ilic
1171 3201 1268 3254 per
1301 3187 1560 3241 visionem
1609 3189 1930 3244 admonetur

341 3277 399 3320 ut
427 3284 492 3322 ex
525 3284 661 3338 aqua
689 3286 792 3340 qua
823 3283 1042 3327 sanctus
1085 3291 1276 3330 manus
1323 3277 1574 3332 abluebat
1604 3279 1924 3348 requireret,

340 3364 393 3409 et
419 3372 539 3411 eam
573 3357 809 3413 bibendo
843 3362 1095 3431 deinceps
1121 3364 1372 3419 effectum
1409 3367 1658 3436 loquendi
1700 3383 1926 3438 recupe-

340 3455 506 3500 raret.
541 3447 640 3513 Qui
688 3466 810 3503 mox
866 3451 1159 3508 familiares
1189 3456 1470 3512 ministros
1515 3460 1790 3513 advocat:
1840 3471 1926 3515 ut-

341 3554 552 3607 cunque
585 3541 746 3609 sapit,
777 3552 1048 3612 utcunque
1077 3547 1236 3611 valet,
1268 3565 1388 3618 qua:
1421 3549 1633 3604 volebat
1675 3552 1926 3608 manibus

338 3629 535 3694 innuit,
567 3647 673 3685 non
703 3633 819 3687 sine
850 3651 1042 3705 magno
1072 3647 1249 3692 tamen
1297 3640 1480 3695 labore
1513 3642 1830 3708 inuotescit;
1871 3652 1926 3698 et

339 3722 725 3784 Silviniacum,
775 3741 881 3794 quo
927 3739 1147 3784 sanctus
1195 3739 1321 3785 tunc
1371 3734 1655 3798 manebat,
1707 3735 1776 3788 ad
1823 3735 1925 3789 hoc

335 3813 686 3868 obtinendum
715 3831 811 3884 pro
841 3832 904 3871 eo
927 3819 1216 3887 prasdictus
1245 3821 1526 3876 Girbcrtus
1547 3823 1752 3893 dirigit,
1800 3840 1924 3880 sua-

339 3905 524 3974 sisque
554 3908 877 3976 quibusdam
926 3911 1021 3964 viri
1061 3911 1154 3966 Dei
1185 3913 1475 3974 ministris,
1513 3914 1669 3970 ﬁdele
1716 3915 1921 3973 furtum

334 4005 700 4064 perpetratur,
740 4014 879 4066 aqua
911 3999 1144 4054 latenter
1169 4004 1418 4057 manibus
1444 4004 1645 4060 ablutis
1680 4005 1918 4077 subripi-

335 4095 438 4144 tur,
474 4086 572 4138 sub
601 4088 889 4142 occasione
912 4091 1073 4143 etiam
1104 4091 1274 4146 calice
1300 4094 1470 4148 sancti
1501 4093 1680 4150 Mnioli
1708 4097 1775 4151 ab
1803 4097 1920 4166 ipso

332 4175 450 4229 viro
474 4176 565 4229 Dei
599 4178 805 4246 signata
839 4179 1007 4233 altera
1043 4198 1180 4250 aqua
1216 4185 1617 4252 superadditur,
1650 4195 1703 4239 et
1733 4187 1812 4240 sic
1841 4187 1920 4240 in-

333 4265 491 4319 ﬁrmo
524 4269 933 4322 transmittitur.
978 4270 1149 4338 Quam
1182 4274 1456 4342 accipiens
1497 4275 1718 4330 mutatis
1767 4277 1918 4346 prius

330 4361 570 4415 vestibus
618 4362 670 4416 in
722 4363 1007 4418 ecclesiam
1050 4366 1380 4436 ingreditur,
1430 4370 1663 4424 orationi
1710 4370 1916 4425 incum-

330 4453 406 4506 bit
442 4472 454 4506 :
490 4455 683 4509 deinde
707 4473 830 4510 cum
863 4473 1068 4514 summa
1110 4463 1457 4517 veneratione
1489 4478 1686 4532 aquam
1729 4465 1913 4530 sumit,

328 4553 382 4597 et
411 4547 675 4601 sumendo
699 4549 940 4616 pristinae
968 4553 1115 4607 vocis
1140 4553 1374 4608 cilicium
1407 4568 1529 4608 mox
1555 4554 1618 4606 ad
1646 4555 1914 4623 integrum

329 4644 644 4704 recuperat;
680 4636 940 4706 loquitur,
971 4651 1133 4710 atque
1167 4658 1272 4695 non
1299 4643 1410 4712 jam
1443 4644 1692 4699 manibus
1717 4645 1911 4713 innuit,

327 4725 418 4778 sed
449 4741 514 4779 ex
565 4728 755 4782 ordine
787 4743 906 4797 qua:
955 4733 1168 4785 viderat
1215 4734 1396 4788 verbis
1444 4745 1667 4791 enarrat
1712 4747 1766 4792 et
1804 4740 1912 4794 Deo

327 4821 534 4885 gratias
565 4820 725 4887 pleno
753 4836 872 4885 ore,
909 4822 1066 4892 plena
1096 4839 1226 4880 voce
1259 4826 1412 4882 laetus
1448 4828 1764 4897 proclamat.

323 4908 668 4988 CAP._XX.I_".
699 4942 771 4954 —
807 4913 896 4988 ADe
943 4918 1171 4985 quodam
1213 4919 1430 4988 parvulo
1474 4919 1687 4975 vasculo
1729 4940 1760 4976 a
1796 4925 1912 4979 vina

393 4983 684 5047 exinanito,
701 4996 748 5038 et
769 4983 964 5039 virtute
978 4990 1148 5041 sancti
1161 4983 1492 5056 postmodum
1509 4992 1662 5060 pleno
1685 5008 1908 5062 reperto.

393 5072 752 5143 Omnipotens
778 5077 918 5131 Deus
941 5089 1319 5134 remunerator
1338 5093 1391 5136 et
1414 5082 1747 5152 glorificator
1780 5085 1909 5142 fide-

319 5161 453 5217 lium
485 5179 702 5220 suorum
728 5209 742 5232 ,
797 5180 855 5220 se
886 5168 937 5221 in
975 5169 1077 5223 hac
1109 5169 1322 5224 mortali
1349 5186 1764 5242 aerumnosaque
1797 5176 1906 5234 vita

318 5269 419 5324 pro
448 5254 588 5311 scire
623 5267 676 5313 et
718 5271 882 5328 posse
915 5257 1333 5327 glorificantium
1363 5276 1459 5330 per
1488 5262 1592 5316 sibi
1619 5263 1790 5319 fidelis
1829 5269 1908 5322 di-

2044 1785 2185 1854 juris
2216 1790 2528 1844 monasterii
2555 1791 2698 1860 quod
2725 1801 2948 1847 vocatur
2974 1793 3150 1848 Aurea
3176 1794 3351 1859 vallis,
3384 1812 3628 1850 commo-

2049 1882 2212 1946 ranti,
2242 1882 2567 1950 improvisus
2597 1892 2652 1937 et
2691 1884 3000 1954 insperatus
3030 1889 3360 1957 supervenit.
3395 1888 3629 1956 Quidam

2048 1980 2226 2026 tamen
2252 1987 2318 2025 ex
2345 1972 2604 2028 fratribus
2633 1976 2851 2030 beatum
2887 1978 3061 2032 virum
3091 1980 3496 2048 comitantibus,
3526 1998 3628 2038 no-

2044 2061 2189 2115 mine
2222 2062 2571 2131 Warnerius,
2605 2067 2781 2136 ipsum
2819 2068 3035 2125 Patrem
3083 2074 3417 2144 comitesque
3463 2090 3628 2144 parvo

2042 2167 2381 2220 praecurrens
2416 2158 2592 2225 spatio
2621 2161 2934 2225 antecessit,
2980 2173 3035 2216 et
3089 2165 3382 2220 adveniens
3416 2177 3625 2236 patrem

2041 2231 2320 2299 Odi'lonem
2357 2247 2547 2302 adesse
2580 2251 2868 2305 nuntiavit.
2913 2253 3013 2318 Qui
3040 2253 3153 2321 jam
3192 2254 3336 2309 fatus
3360 2256 3626 2312 Adraldus

2041 2335 2271 2390 miratus
2302 2347 2353 2392 et
2384 2339 2824 2409 obstupefactus,
2857 2345 3035 2412 primo
3063 2361 3170 2400 non
3216 2347 3474 2412 credidit,
3504 2359 3626 2418 post

2041 2427 2215 2482 tristis
2238 2437 2293 2482 et
2330 2444 2584 2496 murreus,
2618 2441 2672 2486 et
2709 2435 2832 2502 quia
2879 2438 3206 2506 susceptioui
3252 2438 3368 2507 ejus
3415 2457 3521 2495 non
3566 2458 3624 2497 se
3647 2431 3658 2442 ”

2037 2529 2454 2586 prtrparaverat,
2490 2523 2747 2576 miserum
2780 2539 2837 2579 se
2865 2525 3106 2581 clamans
3129 2531 3363 2598 expavit.
3398 2531 3625 2586 Verum-

2038 2615 2217 2661 tamen
2248 2607 2582 2663 coufortatus
2628 2611 2679 2664 in
2738 2611 2966 2667 Domino
3026 2619 3317 2686 resumpsit
3351 2619 3517 2686 vires,
3569 2631 3626 2675 et

2035 2699 2217 2754 missis
2247 2701 2672 2773 circumquaque
2706 2707 2888 2774 pueris
2925 2709 3117 2764 domus
3159 2711 3225 2765 ad
3269 2715 3618 2781 qurerendum

2034 2791 2374 2856 necessaria,
2411 2792 2672 2858 instabat,
2706 2806 2867 2866 prout
2913 2800 3162 2870 angustia
3212 2805 3468 2872 temporis
3502 2820 3624 2873 per-

2033 2879 2320 2947 mittebat,
2374 2898 2685 2956 przeparare
2741 2904 2970 2959 qumque
3031 2903 3188 2947 erant
3246 2897 3381 2950 tanti
3437 2898 3620 2954 Patris

2035 2971 2362 3040 susceptioui
2417 2991 2678 3048 congrua.
2733 2979 2880 3034 Inter
2955 2983 3068 3038 ιιωο
3117 2984 3344 3040 dilectus
3404 2989 3512 3043 Deo
3562 2998 3619 3044 et

1955 3059 2000 3122 C
2034 3061 2343 3120 hominibus
2377 3076 2533 3136 pater
2578 3068 2734 3125 Odilo
2769 3072 3061 3128 adveniens
3087 3115 3101 3139 ,
3151 3075 3218 3129 ab
3263 3079 3448 3132 eodem
3503 3081 3618 3150 ipso

2031 3151 2199 3208 fratre
2246 3157 2544 3226 gaudenter
2591 3162 2880 3216 admodum
2921 3175 2975 3218 et
3033 3163 3267 3232 jocuude
3298 3171 3612 3240 suscipitur,

2028 3245 2335 3302 amabiliter
2363 3259 2416 3304 et
2447 3250 2742 3310 affectuose
2781 3257 3127 3312 exosculatur
3156 3269 3209 3314 et
3234 3262 3615 3332 amplectitur;

2028 3338 2122 3392 sed
2157 3347 2334 3396 tamen
2360 3343 2580 3400 humilis
2603 3356 2656 3402 et
2682 3350 2947 3405 submissa
2982 3354 3198 3421 querela
3231 3364 3282 3409 et
3304 3357 3612 3426 obiurgatio

2029 3427 2096 3483 de
2124 3444 2222 3484 suo
2267 3433 2502 3488 adventu
2551 3437 2628 3490 sic
2681 3439 2956 3508 insperato
3007 3445 3230 3499 minime
3258 3447 3609 3514 perdonatur.

2029 3515 2136 3572 Sed
2169 3519 2235 3572 ad
2264 3522 2380 3577 lure
2403 3523 2574 3578 isdem
2601 3527 2947 3584 dulcissimus
2994 3531 3157 3588 Pater
3181 3535 3323 3590 dulci
3352 3545 3406 3590 et
3435 3539 3608 3602 suavi,

2025 3619 2084 3665 ut
2112 3611 2214 3667 sibi
2250 3617 2416 3670 moris
2445 3629 2592 3684 erat,
2641 3621 2877 3694 alloquio
2905 3627 3070 3696 caspit
3094 3637 3150 3682 et
3173 3644 3233 3684 se
3261 3647 3525 3690 excusare
3553 3647 3613 3689 et

2025 3702 2127 3772 ipsi
2160 3705 2477 3764 satisfacere
2503 3749 2516 3773 ,
2557 3713 2848 3768 occasione
2897 3719 3155 3786 temporis
3188 3729 3242 3774 et
3285 3721 3387 3778 loci
3419 3723 3608 3779 dicens

2025 3793 2129 3848 hoc
2157 3797 2474 3866 contigisse,
2505 3815 2670 3870 seque
2693 3802 2819 3858 illuc
2862 3801 3199 3876 nequaquam
3232 3819 3605 3881 sumptuosum

2025 3896 2344 3954 apparatum
2389 3904 2652 3958 quaerere.
2707 3893 2771 3946 Et
2817 3895 2941 3963 quia
2999 3897 3114 3966 ipso
3159 3914 3302 3956 anno
3349 3903 3608 3957 sterilitas

2021 3975 2305 4033 vinearum
2338 3981 2502 4036 nimis
2531 3983 2754 4037 charum
2786 3987 3096 4042 reddiderat
3127 3990 3331 4052 vinum,
3384 3993 3609 4065 ejusque

2021 4063 2124 4118 nisi
2154 4065 2598 4138 locupletioribus
2638 4074 2984 4131 subtraxerat
3027 4094 3212 4146 usum,
3265 4063 3532 4151 providus-
3555 4095 3612 4140 et

2021 4159 2338 4217 moderatus
2367 4163 2529 4220 Pater
2559 4183 2626 4222 ne
2657 4167 2881 4225 fratrem
2908 4183 3188 4242 gravaret,
3213 4191 3394 4232 emere
3439 4195 3497 4235 se
3530 4182 3610 4235 vi-

2019 4265 2151 4306 num
2193 4253 2364 4321 dixit,
2417 4258 2510 4312 sed
2551 4261 2799 4329 protinus
2841 4263 3016 4318 eidem
3068 4267 3182 4336 ipse
3223 4271 3293 4326 ob
3352 4272 3454 4327 hoc
3500 4289 3608 4329 non

2021 4344 2213 4400 leviter
2235 4348 2545 4419 indignatus
2573 4355 2923 4410 contradixit.
2948 4357 3084 4424 Qua,
3116 4360 3383 4430 inquiens,
3406 4364 3608 4431 fronte,

1947 4415 1994 4473 D
2021 4433 2123 4489 hoc
2153 4451 2270 4501 vos,
2294 4439 2527 4503 domine,
2565 4443 2617 4496 iu
2649 4444 2811 4500 domo
2841 4456 3018 4502 vestra
3047 4451 3222 4520 patiar
3243 4455 3437 4523 agere?
3469 4456 3614 4510 Ven-

2026 4536 2139 4582 tum
2183 4530 2366 4601 itaque
2407 4535 2472 4587 ad
2498 4537 2785 4604 prandium
2839 4549 2893 4595 et
2918 4541 3054 4597 cibis
3081 4543 3255 4598 eidem
3287 4545 3431 4600 Patri
3467 4551 3610 4602 suis-

2018 4633 2124 4688 que
2138 4622 2391 4677 omnibus
2406 4623 2709 4695 largissime
2723 4627 3182 4702 sufficienterque,
3198 4644 3357 4702 prout
3369 4635 3606 4690 discreto
3693 4686 3708 4696 .

2016 4712 2192 4767 ordini
2218 4729 2405 4768 eorum
2457 4723 2858 4789 congruebant,
2901 4725 3181 4794 appositis,
3214 4727 3396 4779 vinum
3437 4725 3602 4782 etiam

2016 4805 2083 4860 de
2110 4822 2277 4875 parvo
2321 4811 2694 4882 singularique
2723 4824 2780 4869 et
2817 4816 2974 4885 pleno
3003 4826 3185 4886 emptu
3218 4818 3433 4872 vasculo
3478 4834 3608 4887 pro-

2019 4897 2215 4954 fertur.
2271 4900 2341 4956 At
2368 4902 2794 4960 discretissimus
2840 4906 3003 4961 Pater
3047 4908 3328 4962 monachis
3371 4909 3606 4979 scyphos

2020 4993 2535 5062 geminari,caateris
2560 5011 2690 5050 vero
2721 4997 2886 5051 semel
2917 4998 3162 5065 prmcipit
3189 4999 3326 5053 dari.
3353 4990 3472 5054 Sed.
3491 5012 3606 5058 sta-

2021 5091 2135 5139 tuta
2159 5100 2416 5140 mensura
2441 5086 2744 5152 exceditur,
2777 5095 2834 5140 et
2862 5086 3067 5155 absque
3102 5087 3210 5142 ulla
3240 5090 3602 5148 aestimatione

2019 5175 2171 5230 ehari
2214 5177 2372 5246 pretii
2418 5185 2577 5246 potus
2614 5176 2760 5249 large
2795 5177 3050 5233 onmibus
3096 5181 3392 5248 praebetur.
3449 5178 3642 5240 Post-'

2019 5281 2179 5335 quam
2225 5276 2404 5320 autem
2460 5274 2691 5336 sumptae
2741 5268 2912 5338 epulae
2976 5285 3287 5341 mensreque
3336 5283 3464 5328 sunt
3525 5291 3608 5332 re-
