4116 5358
524 231 633 292 935

1481 227 1541 286 S.
1577 215 2431 285 ODlLONlS‘CLUNIACENSlS
2460 216 2755 274 ABBATIS
2786 218 2830 277 ν

3685 218 3793 286 953

518 346 634 404 lum
662 344 1042 416 prosequitur;
1071 342 1167 398 sed
1194 342 1264 399 ab
1291 340 1384 397 illo
1421 316 1600 397 redire
1631 340 1844 412 jussus,
1892 353 2014 392 mox
2047 344 2106 390 nt
2134 342 2181 399 Α
2209 330 2475 395 cernenti,
2515 344 2635 400 quae
2662 330 2798 386 nihil
2823 330 2969 388 aliud
2991 330 3144 402 prius
3177 330 3327 388 illum
3357 332 3540 391 dicere
3568 336 3795 397 submo-

521 433 744 491 domum
771 448 924 487 suam
955 430 1282 486 subintravit
1311 438 1504 486 vocato
1540 429 1932 502 dispensatore,
1944 428 2108 498 jussit

519 506 644 581 eum
672 523 833 579 citius
859 532 1119 593 quantum
1152 522 1203 576 in
1233 521 1453 577 vasculo
1481 520 1830 575 remansisset
1856 521 1965 575 vini
1994 520 2110 574 dili-

518 623 712 687 genter
765 612 1111 667 considerare
1161 611 1373 681 sibique
1429 611 1764 666 renuntiare.
1818 610 1867 666 ls
1929 612 2109 680 itaque

519 700 757 756 famulus
778 700 1014 768 etjnssis
1035 701 1437 772 obtemperans,
1468 702 1734 757 curiosius
1758 718 1853 756 vas
1878 703 2111 757 :estimat

520 790 857 861 oll‘enditque
880 778 1271 862 contra‘spe'm,
1288 801 1343 846 et
1368 793 1534 862 (quod
1562 802 1647 846 est
1670 792 1815 847 dictu
1839 793 2108 867 mirabile)

519 883 764 952 plenum,
782 885 922 954 quod
947 884 1204 938 credebat
1224 899 1290 938 ex
1320 883 1553 937 maxima
1577 893 1732 951 parte
1754 884 2107 939 exinanitum.

520 972 730 1029 invadit
774 973 1005 1029 formido
1037 975 1309 1029 hominem
1333 1015 1347 1039 ,
1383 983 1437 1029 et
1466 974 1713 1043 stupidus
1754 974 1821 1029 de
1868 974 1973 1029 hoc
2014 975 2114 1029 ali-

521 1063 761 1133 quandiu
787 1079 971 1119 secum
997 1065 1354 1136 cogitationes
1376 1074 1581 1127 versat,
1610 1066 1701 1120 sed
1728 1074 1905 1119 tamen
1936 1081 2109 1121 rever-

525 1168 619 1209 sus
668 1154 947 1210 inventum
997 1156 1222 1211 indicat.
1265 1156 1373 1211 Res
1425 1156 1581 1211 fratri
1628 1158 1742 1211 visa
1794 1167 1878 1212 est
1918 1158 2111 1213 auditu

526 1243 905 1310 incredibilis,
959 1256 1014 1300 et
1066 1246 1207 1301 hanc
1264 1245 1509 1302 referens
1562 1248 1847 1302 insanienti
1899 1248 2110 1303 similis.

524 1330 777 1390 Parvitas
805 1335 1039 1404 denique
1073 1337 1240 1399 vasis,
1270 1344 1325 1392 et
1368 1338 1730 1394 numerositas
1758 1338 2115 1394 multitudinis

526 1421 658 1478 illud
691 1425 1064 1480 exbaurientis
1110 1427 1374 1481 suadebat
1420 1427 1574 1481 valde
1608 1443 1796 1496 parum
1833 1442 2116 1496 superesse

527 1512 582 1566 in
616 1514 707 1568 illo
742 1515 944 1570 residui
987 1515 1235 1585 liquoris.
1279 1517 1539 1571 Attamen
1585 1516 1721 1582 itur,
1753 1526 1810 1572 et
1834 1517 2113 1572 oculorum

2211 420 2414 475 nebant
2440 436 2640 490 quam:
2684 421 2945 476 Mirabilis
2985 422 3128 478 Deus
3168 425 3226 478 in
3256 428 3454 481 sanctis
3492 429 3625 483 suis.
3658 431 3798 492 Vero

2211 512 2355 565 enim
2387 512 2683 577 mirabilis,
2732 526 2858 567 vere
2899 514 3262 584 omnipotens,
3310 531 3440 573 vere
3483 520 3797 579 misericors

2213 603 2355 659 Deus
2383 605 2435 658 in
2460 605 2666 659 sanctis
2690 603 2824 671 suis,
2852 605 2943 674 qui
2971 605 3022 658 in
3053 604 3264 660 illorum
3290 607 3486 662 munda
3506 618 3563 663 et
3581 610 3792 667 sincera

2213 709 2395 752 mente
2447 696 2891 767 augustissimum
2942 696 3045 751 sibi
3090 697 3350 767 palatium
3392 706 3676 766 statuens,
3722 702 3793 756 ibi

2214 789 2435 849 residet,
2467 787 2536 842 ibi
2566 795 2772 857 regnat,
2801 785 3033 855 indeque
3055 787 3290 857 disponit
3312 789 3478 843 multa
3501 798 3558 845 et
3579 805 3792 861 magna,

2215 890 2270 935 et
2301 881 2379 934 ait
2405 879 2632 934 mirifica
2663 894 2887 950 prorsus
2914 889 2970 933 et
2996 894 3102 933 non
3131 879 3408 935 imitanda.

2285 973 2449 1027 Multa
2482 972 2678 1028 similia
2724 973 2769 1027 si
2816 980 3153 1041 notarentur_
3174 972 3520 1045 diligentius,
3566 974 3638 1029 de
3681 973 3803 1044 ejus

2215 1074 2434 1137 possent
2480 1066 2713 1121 describi
2755 1065 3068 1120 virtutibus.
3106 1064 3331 1121 Multum
3376 1067 3522 1120 enim
3566 1081 3664 1136 per
3706 1066 3802 1121 Dei

2215 1156 2446 1227 gratiam
2480 1156 2533 1210 in
2568 1155 2763 1210 talibus
2795 1156 2847 1209 in
2879 1155 3342 1227 occultoposuit,
3374 1171 3495 1226 qua:
3525 1170 3801 1225 nunquam

2216 1247 2283 1301 ad
2311 1246 2582 1317 publicum
2612 1247 2800 1301 venire
2826 1245 3027 1310 voluit,
3058 1246 3384 1307 etmaxime
3410 1248 3463 1302 in
3494 1247 3806 1302 febricitan-

2217 1335 2361 1390 tibns
2386 1374 2402 1399 ,
2456 1334 2652 1407 quibus
2710 1350 2925 1405 semper
2983 1337 3339 1391 succurrebat
3385 1336 3576 1392 calicis
3627 1335 3805 1391 sancti

2216 1427 2395 1483 Maioli
2422 1427 2717 1497 signaculo,
2750 1428 2938 1501 dicens
2968 1427 3095 1483 talia
3114 1443 3239 1503 .non
3270 1427 3406 1494 suis,
3439 1427 3534 1483 sed
3560 1426 3805 1496 ejusdem

2218 1517 2460 1588 praedicti
2509 1517 2685 1573 Patris
2735 1518 2853 1574 fieri
2900 1518 3139 1584 meritis,
3178 1533 3301 1573 cum
3345 1532 3537 1574 revera
3581 1517 3803 1573 dubium

526 1601 757 1660 fideliori
789 1607 1095 1662 ministerio
1124 1622 1213 1662 res
1240 1606 1549 1671 discutitur,
1577 1604 1733 1660 et'ita
1772 1621 1895 1661 esse
1927 1606 2119 1676 depre-
2219 1624 2325 1664 non
2360 1617 2535 1674 esset,
2580 1594 2904 1679 discipulum
2933 1609 2991 1664 in
3020 1608 3218 1665 talibus
3246 1615 3657 1679 cooperatorem
3687 1619 3809 1661 esse

525 1689 801 1749 benditur.
845 1693 995 1751 Tune
1016 1695 1324 1766 geminatur
1351 1702 1541 1765 stupor
1572 1695 1732 1750 misto
1769 1696 1963 1751 timore
1992 1696 2119 1751 talia
2152 1690 2196 1749 Β
2226 1697 2470 1768 magistri
2494 1686 2808 1755 virtutibus.

1409 1872 1875 2027 INCIPIT
1944 1935 2308 2041 LIBER
2377 1936 2936 2026 TERTIUS.

596 2145 784 2218 Itaque
809 2147 877 2202 de
905 2148 991 2204 liis
1020 2163 1139 2218 qua:
1179 2149 1306 2205 dum
1347 2149 1558 2204 viveret
1599 2149 1802 2216 gessit,
1832 2162 2005 2216 pauca
2050 2148 2117 2203 de

533 2237 723 2293 multis
764 2238 1020 2301 diximus,
1067 2241 1209 2294 sicut
1235 2254 1333 2294 nos
1364 2238 1461 2309 ipsi
1500 2238 1745 2307 quaidam
1773 2237 2006 2292 vidimus
2026 2277 2040 2301 ,
2067 2243 2121 2292 et

529 2327 599 2382 ab
631 2328 841 2385 idoneis
872 2330 1099 2386 testibus
1126 2330 1229 2384 alia
1259 2329 1423 2384 etiam
1456 2342 1582 2383 vera
1628 2327 1795 2382 fuisse
1838 2342 1937 2397 pro
1971 2334 2120 2382 certo

529 2419 848 2488 agnovimus
873 2437 887 2473 :
919 2435 1063 2474 nunc
1088 2418 1154 2475 de
1179 2418 1266 2473 his
1290 2433 1410 2487 qua:
1438 2425 1558 2487 post
1591 2424 1818 2471 mortem
1845 2430 1941 2483 per
1967 2414 2119 2468 illum

528 2509 792 2565 Dominus
823 2520 1083 2580 operatur
1103 2551 1117 2575 ,
1162 2510 1303 2565 sicut
1329 2509 1604 2564 veracium
1643 2508 1860 2562 testium
1888 2506 2123 2562 affirma—

530 2597 678 2653 tione
702 2601 1086 2672 comperimus,
1115 2615 1235 2670 qua:
1258 2613 1571 2669 possumus,
1595 2597 1824 2652 Domino
1847 2604 2123 2653 annuente

532 2688 846 2760 loquamur.

529 2822 659 2879 Cn.
689 2823 728 2878 Ι.
754 2854 826 2863 -
849 2822 927 2877 De.
951 2823 1180 2894 quadam
1216 2821 1391 2892 puella
1430 2824 1642 2887 insana,
1672 2821 1838 2874 surda
1878 2826 1924 2874 et
1954 2827 2121 2873 muta.

604 2934 663 2988 ln
702 2934 869 2989 fundo
898 2933 1269 3005 Longovernis
1300 2935 1597 2998 nominato,
1636 2931 1931 2987 Silviniaco
1958 2943 2129 3000 prope

537 3032 774 3095 quatuor
798 3025 1065 3080 milliariis
1088 3026 1365 3096 contigue,
1388 3033 1507 3080 erat
1531 3023 1777 3096 quaedam
1802 3020 2129 3077 miserabilis

538 3126 718 3172 mater
761 3133 883 3187 quze
930 3117 1096 3171 filiam
1146 3116 1382 3171 habebat
1428 3117 1602 3171 tribus
1647 3112 1990 3183 passionibus
2037 3112 2134 3168 ob-

537 3210 783 3273 noxiam,
814 3209 1059 3264 insanam
1090 3207 1369 3272 videlicet,
1402 3207 1621 3261 surdam
1650 3214 1706 3260 et
1730 3214 1958 3260 mutam.
2004 3203 2131 3259 Haec

542 3300 706 3356 tertio
734 3302 1060 3355 admonetur
1089 3301 1141 3354 in
1171 3300 1379 3354 somnis
1407 3315 1437 3353 a
1465 3298 1698 3367 quadam
1733 3297 1868 3353 satis
1896 3296 2132 3352 formosa

540 3403 598 3451 et
638 3395 879 3467 jucunda
922 3409 1185 3465 persona,
1215 3406 1274 3448 ut
1300 3393 1651 3448 Silviniacum
1693 3400 1917 3462 pergat,
1966 3389 2133 3445 filiam

541 3505 725 3546 secum
755 3489 1005 3553 deducat,
1048 3486 1354 3556 sepulcrum
1405 3485 1551 3540 senis
1599 3484 1693 3555 (se
1727 3493 1909 3537 autem
1954 3481 2132 3552 ipsum

541 3598 669 3642 esse
695 3583 939 3652 dicebat)
978 3581 1190 3635 noviter
1214 3578 1407 3651 sepulti
1439 3578 1714 3647 requirat,
1750 3584 1806 3631 et
1834 3576 1977 3630 inter
2002 3588 2136 3628 eun-

542 3676 672 3732 dum
703 3675 906 3732 videbit
936 3673 1065 3744 quid
1091 3673 1193 3728 sibi
1219 3673 1516 3743 contingat.
1544 3671 1651 3725 Ter
1681 3670 1863 3740 itaque
1889 3683 1987 3738 per
2023 3676 2135 3722 tres

544 3776 944 3838 consequentes
972 3776 1190 3831 noctes,
1222 3767 1362 3821 sicut
1403 3766 1669 3829 diximus,
1709 3763 2015 3827 admonita,
2046 3763 2139 3816 dat

547 3856 709 3911 fidem
739 3857 923 3912 verbis
952 3865 1007 3912 et
1040 3856 1130 3912 illo
1174 3871 1296 3911 cum
1346 3855 1456 3909 ﬁlia
1496 3868 1724 3924 pergere
1771 3852 1954 3922 ccepit.
1993 3850 2140 3905 Inter

546 3932 793 4023 eundum.
814 3963 967 4013 vero,
998 3955 1287 4017 antequam
1324 3945 1388 4001 ad
1428 3946 1600 4001 locum
1633 3945 1960 4000 destinatum
1988 3941 2140 3996 veni—

551 4045 698 4102 rent,
725 4047 1031 4107 portentum
1059 4037 1285 4092 visionis
1302 4035 1561 4105 compleri
1586 4034 1769 4104 coepit.
1793 4031 1929 4087 Nam
1950 4046 2142 4101 quam-

555 4126 680 4180 dam
712 4133 1105 4195 praatereuntes
1147 4125 1337 4180 silvam
1369 4124 1627 4194 priedicto
1654 4122 1805 4185 loco,
1849 4121 2142 4176 Silviniaco‘

553 4215 834 4280 videlicet,
880 4217 1011 4269 satis
1056 4216 1412 4286 contiguam,
1471 4214 1576 4269 filia
1630 4230 1697 4268 ex
1750 4212 1933 4267 multis
1983 4210 2142 4265 annis

552 4307 717 4361 surda
763 4314 820 4360 et
865 4316 1050 4359 muta:
1101 4305 1304 4370 Mater,
1351 4304 1560 4375 inquit,
1592 4312 1791 4367 mater,
1828 4303 1954 4356 hinc
1983 4300 2144 4355 audio

557 4408 781 4464 magnos
813 4393 1021 4449 sonitus
1049 4393 1559 4448 tintinnabulorum.
1609 4390 1830 4446 Dicebat
1859 4399 2037 4444 autem
2078 4389 2144 4442 de

2222 2148 2439 2204 fuerant
2468 2148 2581 2203 dari
2622 2147 2725 2204 sibi
2771 2150 2960 2219 petiit,
2992 2158 3048 2206 et
3089 2158 3312 2224 accepta
3341 2153 3396 2209 in
3422 2153 3649 2211 auribus
3677 2156 3813 2215 socii

2225 2236 2442 2299 infudit,
2471 2235 2656 2292 bibere
2683 2240 2876 2310 coegit,
2905 2249 2960 2294 et
2985 2240 3065 2296 sic
3094 2243 3163 2297 ad
3189 2242 3483 2314 hospitium
3505 2244 3648 2316 (erat
3667 2247 3812 2303 enim

2226 2327 2536 2395 vesperum)
2578 2335 2808 2395 uterque
2836 2328 3062 2383 secedit.
3101 2329 3157 2384 ln
3194 2332 3498 2387 crastinum
3524 2349 3688 2399 vero,
3720 2334 3814 2405 qui

2228 2414 2436 2482 pridem
2464 2416 2660 2470 surdus
2685 2424 2741 2471 et
2767 2426 2948 2474 mutus
2977 2418 3190 2485 fuerat,
3231 2423 3456 2479 audiens
3490 2434 3546 2479 et
3588 2424 3815 2496 loquens

2230 2517 2351 2556 eum
2376 2502 2649 2558 oblatione
2683 2505 2738 2559 in
2774 2520 2935 2561 manu
2967 2508 3033 2562 ad
3060 2510 3365 2580 sepulcrum
3390 2513 3572 2579 rediit,
3596 2529 3698 2585 pro
3718 2529 3814 2569 sua

2227 2591 2549 2647 liberatione
2571 2596 2772 2665 gratias
2794 2595 2949 2666 plena
2978 2612 3110 2654 voce
3138 2600 3391 2669 reddidit,
3419 2612 3476 2659 et
3503 2604 3585 2660 sic
3606 2605 3675 2661 ad
3691 2618 3816 2673 pro-

2229 2684 2349 2754 pria
2380 2686 2678 2754 repedavit.
2714 2732 2720 2737 .

2564 2794 2694 2851 CAP.
2719 2795 2802 2851 Ill.
2834 2828 2905 2837 —
2932 2797 3066 2853 Item
3098 2799 3162 2854 de
3190 2801 3296 2856 alio
3321 2812 3485 2856 muto.

2306 2884 2421 2943 Sub
2456 2889 2646 2943 eodem
2677 2897 2921 2959 tempore
2947 2906 3014 2946 ex
3041 2907 3180 2962 pago
3212 2892 3566 2959 Bituricensi,
3597 2894 3817 2964 quidam

2236 2985 2420 3032 mutus
2447 2978 2682 3045 advenit,
2714 2979 2836 3049 qui,
2880 2989 2941 3036 ut
2980 2984 3323 3051 postmodum
3362 2985 3651 3053 referebat,
3675 3002 3708 3041 a
3736 3001 3820 3042 se-

2158 3084 2206 3147 c
2234 3075 2382 3137 ptem
2426 3068 2583 3123 annis
2629 3084 2698 3124 ex
2744 3077 2858 3124 toto
2895 3072 3153 3127 amiserat
3187 3073 3481 3131 efﬁcaciam
3519 3078 3690 3133 vocis.
3723 3076 3820 3131 Hic

2235 3158 2402 3213 etiam
2432 3159 2499 3214 ad
2533 3161 2840 3231 sepulcrum
2871 3166 2936 3218 de
2964 3164 3331 3220 misericordia
3365 3166 3459 3221 Dei
3490 3182 3831 3236 praesumens.

2235 3247 2465 3314 accedit,
2497 3263 2565 3303 ex
2609 3250 2792 3305 multis
2838 3252 3030 3318 annis,
3062 3263 3122 3308 ut
3156 3255 3521 3324 praediximus,
3553 3257 3821 3325 perditam

2240 3338 2510 3409 loquelam
2568 3344 2804 3412 recepit,
2862 3344 2990 3412 quid
3046 3346 3147 3400 sibi
3200 3348 3518 3416 contigisset
3569 3348 3823 3403 omnibus

2237 3435 2512 3490 enarravit
2542 3444 2597 3490 et
2626 3435 2780 3490 laetus
2807 3437 3048 3492 recessit.
3091 3437 3172 3492 Ad
3210 3439 3667 3508 comprobandum
3697 3454 3823 3494 vero

2238 3529 2419 3576 utrum
2451 3538 2575 3577 vera
2622 3534 2807 3579 essent
2857 3542 2927 3580 an
2975 3542 3083 3581 non
3120 3544 3239 3597 quae
3266 3528 3508 3592 dixerat,
3556 3544 3679 3584 cum
3736 3529 3825 3585 illo

2240 3614 2460 3685 quidam
2490 3617 2689 3670 curiosi
2723 3618 2993 3672 curiosum
3031 3620 3319 3688 quemdam
3348 3620 3588 3684 mittunt,
3620 3620 3715 3688 qui
3746 3620 3827 3675 di-

2241 3706 2475 3776 ligenter
2502 3707 2616 3762 bare
2646 3725 2675 3761 a
2711 3708 2906 3765 vicinis
2934 3719 2987 3763 et
3012 3711 3294 3766 veraeibus
3325 3713 3551 3767 testibus
3590 3713 3827 3782 inquire-

2241 3804 2344 3851 ret.
2378 3795 2477 3863 Qui
2509 3797 2624 3853 haec
2657 3797 2729 3852 ita
2760 3814 2880 3855 esse
2924 3799 3225 3868 inveniens,
3254 3815 3312 3856 se
3339 3802 3494 3857 nobis
3520 3802 3716 3859 obtulit
3742 3818 3828 3858 as-

2241 3897 2502 3944 sertorem
2531 3904 2779 3944 veracem
2806 3899 2861 3945 et
2891 3891 3142 3947 idoneum
3176 3902 3391 3947 testem.

2240 3999 2369 4055 Car.
2419 3999 2508 4055 Ν.
2558 4031 2629 4040 —
2667 4000 2746 4055 De
2784 4003 3011 4073 quodam
3058 4002 3347 4075 paralytico
3389 4004 3547 4061 simul
3588 4015 3635 4059 et
3682 4015 3831 4061 muto

2936 4083 3141 4127 curato.

2314 4184 2370 4237 In
2402 4198 2541 4254 pago
2568 4182 2927 4252 Nevernensi,
2954 4194 3011 4241 et
3040 4187 3095 4241 in
3133 4196 3314 4243 castro
3354 4188 3626 4245 Dizetensi
3669 4203 3836 4259 para-

2244 4275 2373 4347 lysis
2404 4275 2633 4346 languor
2657 4276 2945 4346 quemdam
2967 4277 3247 4339 bominem,
3264 4295 3332 4334 ex
3354 4294 3458 4334 una
3481 4288 3635 4349 parte
3662 4288 3833 4334 totum

2246 4366 2629 4431 damnaverat,
2660 4374 2715 4421 et
2742 4368 3008 4423 sermonis
3036 4367 3303 4438 loquelam
3334 4370 3548 4439 penitus
3589 4370 3834 4426 abstule-

556 4457 837 4552 calﬁpanis
862 4483 1174 4538 monaslerii
1201 4498 1338 4553 quas
1369 4482 1638 4537 audiebat
1665 4481 1799 4535 “inc
1830 4494 1958 4535 vero
1980 4493 2143 4534 cerno
2177 4480 2225 4540 ο
2249 4466 2353 4512 rat.
2384 4457 2695 4513 Vieinorum
2727 4457 2907 4527 itaque
2936 4458 3345 4528 amicorumque
3373 4468 3504 4514 nutu
3534 4469 3590 4515 et
3626 4460 3833 4516 auxilio

552 4572 719 4632 simul
753 4580 809 4627 et
854 4575 1012 4628 audio
1058 4574 1223 4628 boves
1272 4581 1329 4627 et
1371 4574 1580 4627 sonitus
1614 4572 1752 4628 collo
1794 4572 2146 4643 pendentium

468 4710 487 4724 .
553 4664 960 4739 cymbalorum.
990 4663 1185 4731 Mater,
1209 4664 1296 4719 his
1317 4664 1539 4730 auditis,
1561 4664 1710 4733 signa
1737 4664 1961 4719 visionis
1997 4678 2151 4717 reco-

553 4757 805 4829 gnoscit,
853 4757 921 4811 ad
955 4754 1262 4824 sepulcrum
1312 4769 1484 4826 usque
1536 4754 1788 4819 deducit,
1837 4767 1938 4823 pro
1989 4766 2150 4821 posse

562 4848 888 4904 oblationem
936 4847 1156 4914 obtulit,
1203 4847 1409 4917 gratias
1452 4847 1585 4917 egit,
1635 4847 1826 4902 deinde
1872 4860 1995 4900 cum
2040 4844 2148 4900 tilia

560 4957 692 4997 sana
723 4942 789 4997 ad
815 4941 1036 5011 propria
1067 4941 1247 4996 rediit.

696 5052 824 5109 CAP.
857 5053 920 5108 ll.
948 5084 1017 5094 τ-
1037 5057 1114 5107 De
1136 5054 1342 5107 homine
1368 5053 1529 5108 surdo
1551 5062 1597 5107 et
1620 5064 1763 5107 muto
1785 5052 2023 5105 liberato.

638 5145 891 5201 Succedit
924 5155 980 5202 et
1014 5147 1141 5202 huic
1189 5147 1331 5202 aliud
1379 5162 1487 5202 non
1520 5146 1781 5203 dissimile
1810 5144 2149 5200 miraculum.

544 5210 707 5293 Nam
746 5238 813 5291 de
847 5235 953 5291 illis
980 5237 1147 5293 vastis
1173 5231 1398 5308 Alpibus
1427 5237 1706 5292 interioris
1729 5234 2035 5304 Aquitania:
2060 5247 2153 5288 ve-

572 5333 767 5358 ὴμοιιηι
816 5326 881 5358 λιι
913 5326 1213 5358 ann-alarum
1248 5326 1347 5358 1νῖιοῖ
1384 5325 1476 5358 nu:
1505 5327 1612 5358 Ann
1640 5325 1860 5358 :nunnnc
1929 5335 2154 5358 nnnrnm

2251 4548 2318 4603 ad
2369 4549 2686 4603 memoriam
2735 4549 2910 4603 sancti
2948 4548 3125 4604 Patris
3155 4549 3415 4613 accessit,
3465 4550 3833 4606 membrorum

2252 4639 2537 4693 sanitatem
2566 4652 2634 4692 ex
2664 4638 2877 4710 integro
2905 4640 3129 4710 recepit,
3159 4638 3397 4710 linguam
3418 4640 3486 4696 ad
3507 4639 3836 4710 loquendum

2254 4735 2566 4792 dissolutam
2616 4738 2948 4807 promeruit,
2997 4738 3107 4792 Deo
3154 4738 3355 4808 gratias
3397 4738 3535 4807 egit,
3573 4748 3631 4793 et
3660 4738 3740 4792 sic
3769 4736 3839 4791 ad

2240 4826 2471 4896 ,prOpria
2503 4827 2799 4897 repedavit.
2829 4826 2959 4881 Erat
2986 4842 3117 4883 vero
3140 4828 3383 4905 pluribus
3401 4837 3582 4892 notus,
3608 4830 3700 4898 qui
3722 4829 3839 4885 haec

2255 4914 2328 4967 ita
2358 4930 2417 4970 se
2446 4916 2646 4970 habere
2674 4915 2787 4970 suis
2814 4915 3087 4971 afﬁrmant
3113 4917 3524 4973 assertionibus.

2580 5029 2707 5084 CAP.
2741 5030 2805 5084 ν.
2830 5060 2899 5069 -—
2925 5030 3000 5085 De
3025 5032 3317 5103 presbytero
3348 5042 3509 5086 muto.

2328 5143 2397 5196 Et
2427 5157 2563 5212 pago
2604 5142 2767 5196 etiam
2812 5142 3135 5198 Bituricensi
3182 5155 3237 5199 et
3279 5145 3347 5199 de
3391 5151 3569 5198 castro
3611 5142 3839 5199 Briodo-

2259 5237 2403 5291 rensi
2454 5234 2739 5308 presbyter
2783 5237 3000 5307 quidam
3049 5247 3230 5294 mutus
3280 5241 3347 5295 ad
3388 5238 3691 5309 sepulcrum
3732 5237 3841 5295 viri

2264 5327 2352 5358 n..:
2403 5329 2606 5358 ηΛηηιιῖι
2687 5328 2837 5358 mntiri:

2885 5327 2984 5358 δεινιῖ
3032 5329 3172 5358 ἰι-ΛΑ
3217 5328 3518 5358 ηη-Ᾰῖδηιηιι
3566 5326 3842 5358 Ιιηινιῖιῖιηιι
