4116 5358
326 303 436 378 931

326 498 505 588 ruisse
546 523 762 580 Domini
803 502 1003 578 virtute
1042 530 1098 577 et
1143 522 1315 591 patris
1361 520 1605 577 Odilonis
1649 498 1908 576 interces-

326 616 483 681 sione
510 614 679 670 libera
709 627 839 670 voce
868 613 1125 668 narravit.
1159 610 1270 667 Hoc
1301 611 1374 666 ita
1402 626 1589 666 verum
1620 626 1737 667 esse
1760 625 1904 666 mer-

325 714 481 761 cator
509 704 727 773 quidam
754 703 924 767 dives,
959 704 1177 759 nomine
1211 701 1488 766 Salomon.
1526 710 1581 756 et
1606 702 1789 773 plures
1814 702 1905 756 alii

325 797 570 855 fatentur
589 810 685 852 sua
712 796 1032 851 assertione.

629 888 759 943 Car.
788 886 873 942 Vl.
896 916 967 926 —
996 885 1071 939 De
1105 901 1239 940 τίετο
1272 884 1586 939 illuminare.

395 978 627 1047 Quidam
658 992 823 1034 senex
856 990 922 1031 ex
958 985 1072 1031 toto
1117 976 1360 1045 privatus
1407 976 1641 1041 lumine,
1693 992 1814 1031 cum
1848 992 1907 1032 se

324 1072 517 1129 deduci
545 1070 747 1126 faceret
776 1086 807 1124 a
834 1084 1001 1140 puero
1028 1069 1094 1123 ad
1130 1067 1308 1123 Patris
1332 1068 1660 1124 sanctissimi
1690 1083 1905 1133 urnam,

326 1172 616 1233 antequam
660 1162 946 1231 attingeret
986 1160 1147 1215 limen
1175 1160 1352 1215 ostioli
1384 1160 1527 1215 illius
1558 1169 1763 1231 cryptae
1802 1175 1907 1229 qua

326 1264 547 1309 sanctus
583 1252 905 1323 requiescit,
938 1250 1120 1306 lumen
1165 1252 1422 1306 amissum
1464 1252 1687 1321 recepit,
1717 1252 1910 1305 ducto-

324 1358 548 1413 remque
597 1358 753 1397 suum
792 1340 905 1410 jam
953 1339 1288 1395 iliuminatus
1330 1348 1386 1396 et
1428 1340 1581 1395 velox
1604 1340 1905 1410 praecessit,

325 1445 488 1504 atque
518 1434 571 1488 in
604 1443 802 1489 terram
838 1440 963 1487 ante
1000 1440 1243 1487 sanctum
1274 1432 1579 1502 sepulcrum
1607 1441 1908 1501 prostratus

324 1542 426 1598 pro
469 1539 729 1581 concesso
776 1524 877 1580 sibi
923 1524 1125 1579 lumine
1168 1523 1376 1595 gratias
1418 1522 1549 1592 egit,
1585 1531 1642 1578 et
1668 1523 1908 1594 gaudens

326 1618 571 1672 recessit.
617 1616 746 1671 Erat
770 1630 900 1672 vero
926 1598 1378 1697 tun'c‘Sabbatum
1411 1624 1535 1669 ante
1565 1614 1750 1670 Ramis
1796 1613 1909 1684 pal-

324 1721 536 1761 marum
560 1704 779 1762 festum.

608 1798 738 1853 Car.
774 1797 883 1853 Vll.
905 1829 975 1838 —
996 1796 1130 1852 Item
1160 1797 1224 1850 de
1245 1813 1382 1851 caeca
1409 1806 1617 1851 sanata.

397 1884 477 1946 Ex
502 1888 725 1945 castello
753 1888 904 1944 Lucii
939 1890 1138 1944 montis
1163 1889 1407 1958 quaedam
1437 1886 1639 1942 femina
1668 1903 1811 1942 caeca
1841 1888 1908 1942 ad

324 1983 514 2039 limina
560 1982 734 2038 sancti
770 1981 957 2037 Patris
989 1989 1071 2037 est
1120 1980 1371 2036 adducta.
1416 1979 1546 2047 Quae
1589 1980 1791 2035 diutius
1836 1978 1906 2033 ibi

324 2077 620 2148 persistens
644 2082 699 2129 et
725 2074 778 2129 in
807 2074 1051 2129 oratione
1072 2087 1447 2143 perseverans,
1478 2074 1604 2127 dum
1632 2072 1763 2127 vidit
1789 2086 1908 2141 quae

325 2163 542 2240 petebat
590 2165 642 2219 in
684 2165 901 2235 longum
932 2164 1035 2218 sibi
1061 2162 1287 2227 diﬂ‘erri,
1326 2161 1440 2229 jam
1479 2162 1786 2231 desperata,
1839 2161 1906 2215 ad

323 2259 544 2330 propria
575 2258 797 2327 cupiens
825 2256 1037 2328 regredt
1057 2297 1071 2320 ,
1098 2255 1162 2310 ad
1194 2253 1498 2324 sepulcrum
1533 2254 1728 2308 iterum
1755 2269 1909 2307 acce-

326 2352 405 2406 dit
431 2359 488 2406 et
514 2350 788 2406 licentiam
821 2349 1081 2403 redeundi
1111 2364 1140 2401 a
1174 2357 1361 2402 sancto
1390 2346 1552 2416 coepit
1582 2360 1703 2400 cum
1735 2345 1909 2414 lacry-

324 2445 430 2499 mis
458 2444 761 2513 deprecari.
792 2442 937 2498 Inter
965 2443 1079 2497 htec
1107 2442 1291 2505 verba,
1331 2440 1702 2510 profundaque
1731 2440 1909 2494 mmsti

325 2536 509 2591 cordis
535 2534 787 2605 suspiria,
818 2534 959 2590 oculi
991 2532 1131 2588 male
1156 2533 1327 2588 clausi
1360 2532 1698 2602 aperiuntur,
1726 2531 1906 2586 lumen

326 2641 395 2681 ex
441 2625 719 2694 insperato
763 2638 889 2680 mox
922 2623 1185 2686 redditur,
1224 2631 1279 2676 et
1310 2623 1384 2676 ita
1413 2622 1628 2677 domum
1660 2621 1908 2691 proprio-

324 2731 467 2782 rum,
496 2730 604 2770 non
633 2715 863 2770 aliorum
891 2714 1168 2769 oculorum
1201 2713 1399 2769 intuitu
1429 2712 1738 2767 revertitur.

274 2802 283 2806 ’
476 2807 607 2862 CAP.
643 2806 771 2861 Vlll.
792 2836 864 2846 —
886 2805 1018 2860 Item
1042 2806 1105 2859 de
1135 2804 1240 2859 alio
1268 2820 1406 2859 ca'co
1435 2804 1752 2859 illuminato.

392 2898 546 2954 Alius
588 2898 753 2954 etiam
796 2898 1014 2967 quidam
1052 2905 1345 2951 veteranus
1388 2896 1717 2951 Turonensis
1760 2896 1909 2951 urbis

324 2988 600 3059 indigena,
633 2987 911 3043 oculorum
940 2988 1183 3057 privatus
1218 2986 1443 3073 lumine,
1475 2987 1783 3043 admonitus
1813 3001 1910 3057 per

326 3081 534 3145 visum,
568 3079 730 3135 ductu
773 3079 1048 3149 cujusdam
1085 3094 1196 3133 suae
1235 3078 1354 3132 tilia:
1383 3078 1687 3149 sepulcrum
1734 3079 1906 3133 sancti

1669 315 1854 376 VITA.
1882 346 1953 357 -ο
1985 315 2114 371 LIB.
2154 315 2239 371 ill.

328 436 471 505 ruit;
505 432 777 489 silentium
806 431 859 486 in
888 430 1052 505 verba
1080 428 1336 495 resolvit,
1378 438 1433 487 et
1458 445 1516 486 se
1543 432 1659 486 haec
1695 445 1902 502 prome-
1928 432 1978 490 Α

3473 311 3580 370 9'58

2286 426 2413 481 Car.
2447 424 2515 479 Χ.
2539 455 2610 465 -
2637 424 2713 479 De
2731 422 2956 495 quodam
2979 422 3292 493 paralytico.

2074 519 2132 574 ln
2158 520 2330 590 burgo
2356 518 2842 573 Antissiodorensis
2862 517 3098 571 civitatis
3111 518 3328 586 quidam
3347 518 3581 576 ruricola

2005 609 2224 664 nomine
2251 607 2549 663 llainaldus
2585 608 2854 662 manebat.
2881 606 2980 660 llic
3007 622 3035 660 a
3074 608 3293 663 renibus
3328 610 3580 666 deorsum

2004 713 2220 754 omnem
2268 698 2375 753 vim
2442 697 2810 753 membrorum
2867 697 3147 752 amiserat.
3194 699 3404 754 Auditis
3454 716 3584 771 ergo

2004 791 2292 845 virtutibus
2327 789 2603 859 signorum
2633 804 2753 858 qua:
2779 788 2981 842 fiebant
3009 789 3074 841 ad
3109 790 3416 859 sepulcrum
3448 794 3583 848 tanti

2006 881 2202 945 Patris,
2231 884 2282 936 in
2312 882 2556 950 plaustro
2586 895 2643 935 se
2667 881 2791 949 poni
2830 879 2977 943 fecit,
2996 891 3052 934 et
3078 881 3145 935 ad
3172 879 3356 936 limina
3395 893 3584 943 sancta

2008 988 2039 1026 a
2062 970 2317 1026 fratribus
2343 978 2397 1025 et
2419 984 2587 1025 uxore
2610 970 2730 1024 duci
2759 969 3032 1037 przrcepit.
3069 969 3175 1036 Qui
3195 971 3415 1025 veniens
3437 981 3490 1027 et
3512 974 3582 1028 ad

2007 1061 2311 1130 sepulcrum
2355 1061 2527 1114 sancti
2566 1058 2744 1113 Patris
2786 1059 3083 1124 accedens,
3113 1075 3181 1115 ex
3209 1077 3347 1132 aqua
3385 1065 3584 1133 smpius

2007 1150 2148 1205 dicta
2178 1151 2293 1204 dari
2324 1149 2424 1204 sibi
2451 1150 2626 1220 petiit,
2659 1148 2911 1220 languida
2944 1152 3186 1207 membra
3228 1152 3393 1218 lavit,
3423 1163 3477 1209 et
3523 1165 3585 1211 ut

2008 1240 2109 1295 sibi
2135 1240 2339 1293 sanitas
2370 1241 2690 1294 redderetur
2714 1242 2937 1295 devotus
2983 1242 3253 1298 exoravit.
3300 1243 3429 1299 Post
3467 1246 3584 1301 lia-c

2007 1331 2266 1400 paulatim
2297 1330 2450 1386 dolor
2478 1345 2509 1384 a
2554 1331 2814 1386 membris
2867 1331 3153 1397 abscessit,
3203 1334 3350 1389 salus
3397 1346 3584 1406 Optata

2008 1422 2169 1484 redit,
2197 1431 2251 1475 et
2286 1422 2458 1491 magis
2486 1422 2765 1492 magisque
2786 1421 2853 1476 de
2878 1421 2965 1475 Dei
2989 1437 3323 1492 praesumens
3347 1426 3588 1481 bonitate

2007 1523 2062 1569 et
2100 1514 2232 1568 tanti
2263 1512 2442 1568 Patris
2486 1513 2762 1569 conlidens
2812 1514 3201 1570 intercessione
3249 1518 3316 1569 ad
3370 1520 3587 1588 propria

2008 1620 2068 1661 se
2097 1606 2359 1676 reportari
2390 1604 2536 1659 fecit.
2583 1603 2700 1659 Non
2730 1605 2912 1661 multis
2942 1605 3237 1675 intetjectis
3265 1608 3452 1663 diebus
3478 1624 3589 1664 non

2004 1696 2116 1765 jam
2149 1694 2419 1758 vehiculo,
2445 1695 2538 1750 sed
2570 1694 2743 1751 firmis
2765 1696 3020 1753 incedens
3039 1699 3283 1770 vestigiis
3306 1700 3372 1755 ad
3403 1700 3589 1756 limina

1936 1788 1981 1847 Β
2012 1795 2196 1843 sancta
2228 1788 2552 1859 regreditur,
2586 1804 2685 1859 pro
2708 1789 2915 1845 reddita
2942 1791 3174 1848 sanitate
3215 1795 3418 1863 gratias
3456 1796 3589 1865 egit.
3644 1834 3649 1843 .

2012 1887 2133 1932 vota
2172 1876 2385 1943 obtulit,
2420 1893 2532 1933 suae
2560 1879 2857 1935 curationis
2887 1880 3082 1936 indicia
3124 1883 3377 1939 omnibus
3409 1885 3589 1939 mani-

2010 1968 2250 2035 fcstavit,
2278 1978 2331 2023 et
2361 1970 2440 2024 sic
2463 1970 2528 2023 ad
2561 1973 2776 2040 propria
2809 1974 3054 2027 recessit.

2258 2060 2387 2115 Car.
2431 2060 2522 2115 XI.
2562 2093 2633 2102 —
2672 2062 2748 2118 De
2776 2065 3064 2135 hydropico
3089 2067 3330 2122 liberato.

2081 2148 2139 2205 In
2173 2152 2430 2206 comitatu
2486 2153 2826 2219 Flandrensi,
2878 2166 2933 2210 et
2982 2157 3034 2210 in
3085 2158 3253 2228 burgo
3295 2162 3591 2217 venerandi

2010 2242 2183 2311 patris
2207 2241 2435 2308 Otmari,
2467 2243 2686 2312 quidam
2709 2243 2925 2312 juvenis
2949 2247 3181 2304 clericus
3226 2252 3442 2305 nomine
3486 2252 3591 2307 Ge-

2012 2328 2197 2385 raldus
2222 2332 2492 2397 manebat,
2522 2333 2612 2402 qui
2646 2314 2941 2404 hydropico
2981 2337 3171 2392 morbo
3216 2338 3288 2393 ita
3320 2338 3593 2407 aﬂligeba-

2013 2428 2102 2474 tur
2165 2429 2225 2476 ut
2271 2437 2448 2492 neque
2495 2424 2698 2489 cibum,
2765 2441 2941 2495 neque
2992 2436 3176 2496 potum
3232 2429 3350 2484 sine
3396 2446 3593 2501 magno

2011 2509 2198 2566 dolore
2241 2525 2459 2567 sumere
2503 2514 2707 2569 valeret
2747 2517 2867 2571 :ita
2916 2527 3105 2573 venter
3150 2519 3479 2577 intumuerat
3535 2534 3596 2577 ttt

2011 2602 2152 2658 cutis
2178 2616 2339 2673 supra
2366 2606 2583 2658 modum
2616 2615 2843 2662 extensa
2894 2622 3032 2678 pene
3068 2612 3242 2679 rumpi
3275 2612 3591 2679 videretur;

2011 2701 2157 2748 stare
2181 2692 2266 2749 vel
2292 2694 2480 2749 sedere
2507 2695 2625 2753 sine
2649 2698 2888 2754 maximo
2910 2699 3154 2768 periculo
3197 2718 3303 2756 non
3350 2704 3594 2772 valebat,

2010 2781 2263 2842 incedere
2306 2785 2469 2841 etiam
2522 2787 2610 2842 vix
2658 2798 2892 2858 poterat.
2945 2791 3009 2846 Et
3063 2793 3191 2862 quid
3225 2794 3436 2851 dicam?
3476 2812 3598 2852 om-

2009 2874 2159 2961 nium
2183 2876 2548 2933 membrorum
2575 2877 2764 2935 oﬂiciis
2794 2881 2865 2935 ita
2908 2882 3130 2938 carebat
3168 2893 3226 2937 ut
3263 2886 3454 2942 melius
3487 2888 3592 2942 sibi

2012 2976 2241 3026 mortem
2264 2986 2425 3040 quam
2450 2972 2619 3043 ipsam
2646 2975 3009 3030 miserrimam
3038 2978 3204 3032 vitam
3233 2987 3467 3049 optaret.
3495 2980 3595 3036 llic

2012 3076 2142 3132 ergo
2169 3071 2300 3117 nutu
2352 3064 2535 3118 divino
2601 3063 2951 3122 Silviniacunt
2990 3082 3111 3123 cum
3164 3085 3362 3141 magno
3411 3070 3597 3127 labore

324 3169 504 3229 Patris
531 3170 736 3225 studuit
780 3169 1031 3224 invisere.
1082 3168 1186 3236 Qui
1217 3168 1443 3223 veniens
1469 3185 1536 3224 ex
1581 3184 1752 3238 aqua,
1800 3183 1906 3238 qua
1935 3151 1979 3214 C
2013 3155 2252 3221 advenit,
2292 3157 2357 3210 ad
2414 3156 2721 3226 sepulcrum
2771 3159 2943 3214 sancti
2989 3159 3168 3216 Patris
3217 3176 3277 3216 se
3325 3162 3593 3219 introduci

325 3259 497 3314 sancti
526 3258 743 3314 fuerant
782 3258 1023 3313 membra
1052 3258 1258 3321 abluta,
1307 3259 1555 3328 quaesivit
1579 3266 1630 3313 et
1660 3258 1902 3328 accepit,

324 3349 497 3406 oculis
536 3349 840 3405 tenebrosis
886 3348 1090 3403 infundi
1142 3348 1305 3408 fecit,
1344 3357 1402 3402 ut
1447 3348 1548 3402 sibi
1592 3348 1908 3403 redderetur

325 3443 506 3498 lumen
528 3443 721 3497 oravit.
762 3441 828 3495 Et
866 3441 990 3511 quia
1021 3441 1133 3511 jam
1176 3455 1278 3494 nox
1320 3440 1557 3494 instabat
1598 3438 1721 3494 inde
1764 3453 1911 3493 rece-

328 3534 480 3599 dens,
510 3532 801 3603 hospitium
823 3539 877 3586 et
897 3531 1136 3586 subsidia
1161 3531 1333 3607 victus
1354 3529 1495 3600 (erat
1512 3529 1657 3583 enim
1683 3530 1906 3600 pauper)

328 3623 626 3694 requisivit,
659 3631 713 3678 et
741 3637 1002 3700 nusquam
1035 3622 1257 3676 invenit.
1306 3619 1435 3677 Sine
1474 3621 1596 3675 cibo
1632 3623 1812 3691 itaque
1854 3628 1910 3673 et

328 3713 566 3783 hospitio
616 3721 783 3768 totam
831 3722 1042 3769 noctem
1093 3714 1449 3782 pernoctavit.
1504 3714 1561 3767 ln
1612 3712 1907 3767 crastinum

329 3814 460 3858 vero
486 3803 552 3857 ad
581 3803 885 3873 sepulcrum
928 3802 1161 3858 festinus
1189 3803 1374 3868 rediit,
1416 3804 1706 3872 statimque
1733 3802 1907 3857 visum

328 3895 564 3966 recepit,
611 3905 667 3950 et
720 3895 874 3950 laetus
922 3895 1032 3949 Deo
1081 3896 1282 3965 gratias
1327 3896 1536 3967 magnis
1582 3895 1911 3950 clamoribus

329 3985 628 4043 inclamare
655 3989 838 4058 coepit.
882 3988 1012 4043 Erat
1038 3993 1217 4043 autem
1259 3988 1486 4045 ecclesia
1531 3988 1686 4058 plena
1730 3989 1906 4068 homi-

330 4079 511 4145 nibus,
534 4080 867 4152 presbyteris
902 4089 958 4137 et
982 4081 1197 4137 clericis
1230 4081 1451 4137 missam
1483 4081 1907 4137 celebrantibus.

331 4170 414 4225 Ad
440 4170 541 4227 tale
568 4172 933 4241 Spectaculum
964 4189 1153 4229 omnes
1178 4184 1565 4238 cucurrerunt,
1603 4175 1680 4229 rei
1706 4174 1906 4230 verita—

332 4270 443 4317 tem
486 4270 848 4333 agnoverunt,
878 4265 1057 4319 cuncti
1108 4265 1161 4318 in
1204 4280 1489 4320 commune
1536 4265 1705 4320 Deum
1742 4266 1912 4322 bene-

333 4349 614 4416 dixerunt,
662 4359 824 4421 atque
853 4367 950 4422 pro
983 4362 1089 4408 tam
1117 4353 1355 4408 evidenti
1393 4355 1784 4424 manifestoque
1815 4357 1913 4412 mi-

335 4441 521 4497 raculo
546 4440 709 4497 simul
733 4458 854 4498 cum
883 4459 1119 4514 paupere
1140 4446 1345 4515 gratias
1369 4455 1621 4516 egerunt.

403 4527 531 4584 CAP.
552 4528 728 4584 lX.—
754 4530 833 4586 De
857 4532 1083 4603 quodam
1106 4506 1291 4587 irisano
1316 4535 1385 4587 ad
1403 4506 1627 4590 utentem
1650 4548 1910 4593 revocato.
1942 4506 1994 4565 Β

400 4617 461 4673 ln
510 4618 685 4689 burgo
732 4620 1132 4691 Silviniacensi,
1169 4638 1277 4693 quo
1328 4633 1551 4680 sanctus
1599 4627 1908 4695 requiescit,

332 4716 451 4763 erat
478 4709 701 4780 quidam
731 4720 1026 4779 mercator,
1057 4714 1274 4769 nomine
1301 4713 1621 4781 Rainaldus,
1664 4716 1753 4788 qui
1788 4733 1913 4788 pro-

330 4805 450 4869 pter
472 4797 791 4854 diuturnum
821 4808 877 4856 et
904 4803 1285 4873 gravissimum
1336 4804 1651 4876 languorem
1696 4810 1911 4877 penitus

331 4892 650 4949 memoriam
699 4901 754 4948 et
807 4909 1027 4951 sensum
1084 4897 1364 4952 amiserat.
1414 4898 1569 4954 Hune
1621 4898 1817 4956 fratres
1856 4911 1913 4956 et

329 4994 583 5052 parentes
604 4985 674 5040 ad
701 4984 1013 5054 sepulcrum
1049 4988 1186 5042 tanti
1218 4988 1398 5046 Patris
1422 4990 1721 5062 coeperunt
1742 4992 1910 5048 dedu-

329 5087 485 5141 cere;
526 5077 620 5133 sed
648 5084 711 5131 ut
748 5076 906 5148 signo
954 5087 1157 5134 sancta:
1206 5083 1384 5137 crucis
1429 5098 1488 5138 se
1532 5085 1797 5149 muniret,
1828 5086 1911 5140 vel

327 5177 515 5238 pectus
539 5168 821 5232 tunderet,
853 5185 958 5225 non
1005 5177 1300 5239 potuerunt
1329 5175 1574 5228 suadere.
1627 5172 1913 5232 Venientes

324 5259 507 5332 itaque
530 5262 598 5317 ad
641 5260 816 5315 sancti
847 5259 1025 5315 Patris
1058 5262 1376 5316 memoriam
1400 5304 1413 5326 ,
1442 5263 1707 5333 quoddam
1758 5266 1906 5322 obla-

2013 3248 2194 3317 petiit,
2231 3249 2298 3302 ad
2326 3250 2628 3305 orationem
2658 3252 2710 3305 in
2738 3260 2881 3306 terra
2911 3253 3216 3323 procubuit,
3250 3269 3309 3310 se
3348 3256 3414 3311 de
3440 3257 3599 3325 longe

2010 3341 2224 3396 venisse
2245 3339 2409 3396 ﬂebili
2434 3357 2565 3397 voce
2597 3356 2946 3415 conquestus,
2981 3354 3041 3401 ut
3090 3356 3309 3403 sanctus
3350 3350 3452 3405 sibi
3499 3351 3595 3407 mis

2009 3445 2133 3485 sero
2157 3447 2312 3501 opem
2343 3431 2511 3488 ferret
2554 3449 2675 3488 cum
2718 3436 2970 3507 lacrymis
3015 3440 3242 3509 rogaxit.
3277 3439 3388 3497 Nec
3421 3456 3594 3504 mora,

2010 3520 2183 3575 rivum
2228 3524 2467 3577 concreti
2516 3526 2796 3594 sanguinis
2825 3527 3042 3595 ibidem,
3080 3529 3207 3585 dum
3260 3541 3465 3596 oraret,
3524 3533 3592 3585 ab

2010 3614 2359 3671 interioribus
2404 3632 2501 3687 per
2530 3632 2608 3681 os,
2640 3619 2947 3676 videntibus
2978 3623 3207 3688 cunctis,
3249 3606 3506 3691 evonidit,
3537 3636 3593 3681 et

2012 3703 2135 3758 inde
2162 3720 2409 3775 surgens,
2443 3707 2660 3761 nutibus
2694 3717 2750 3761 et
2774 3709 2951 3763 verbis
2970 3724 3028 3764 se
3057 3727 3247 3767 sanum
3282 3713 3397 3770 fore
3417 3716 3594 3770 excla-

2012 3796 2199 3850 mavit.
2258 3798 2593 3855 Ostendebat
2653 3810 2829 3855 autem
2879 3804 3200 3860 vestimento
3244 3824 3456 3863 sursum
3488 3811 3598 3865 col-

2012 3886 2151 3941 lecto
2176 3902 2337 3958 rugas
2367 3890 2506 3944 cutis
2533 3890 2683 3961 prius
2707 3903 2960 3957 cxtcnsm,
2996 3910 3135 3950 nunc
3162 3912 3291 3952 vero
3316 3898 3594 3954 inﬂatione

2012 3979 2301 4034 recedente
2355 3995 2552 4035 vacuas
2600 3984 2946 4039 remansisse.
2994 3983 3090 4040 llis
3131 3987 3208 4041 ita
3241 3991 3498 4060 peractis,
3529 3994 3598 4045 att

2012 4072 2230 4141 propria
2261 4072 2501 4142 gaudens
2532 4075 2827 4144 repedavit.

2228 4161 2356 4216 CAP.
2385 4161 2591 4216 Xll.—
2632 4164 2766 4219 Item
2812 4167 2877 4220 de
2923 4167 3028 4222 alio
3069 4170 3373 4239 hydropico.

2087 4250 2418 4323 Jampridem
2441 4255 2604 4311 etiam
2628 4257 2845 4326 quidam
2890 4273 3053 4315 senex
3102 4260 3363 4332 vulgaris,
3400 4263 3598 4319 ibidem

2017 4359 2048 4398 a
2080 4344 2243 4399 simili
2280 4345 2540 4401 liberatus
2568 4346 2743 4402 fuerat
2774 4351 2983 4405 morbo.

2158 4439 2287 4494 CAP.
2327 4438 2459 4493 Xlll.
2490 4471 2557 4479 —
2584 4441 2660 4495 De
2689 4442 2917 4512 quodam
2944 4453 3213 4498 contracta
3248 4456 3453 4501 sancta.

2105 4528 2161 4582 In
2224 4536 2472 4585 extremo
2543 4532 2778 4597 confinio
2826 4532 3315 4600 ~Augustodunensi
3388 4537 3601 4591 Moliuis

2017 4618 2298 4691 (Moulins)
2325 4629 2407 4676 est
2429 4631 2666 4676 castrum
2693 4637 2854 4694 super
2883 4625 3057 4680 Aleris
3097 4624 3346 4699 (l‘Allier)
3376 4625 3596 4681 ﬂuvium

2014 4712 2202 4766 situm.
2234 4711 2313 4768 lbi
2363 4714 2609 4782 qumdam
2654 4712 2941 4781 juvencula
2993 4715 3215 4786 jacebat
3260 4716 3362 4770 sub
3404 4715 3603 4770 solario

2016 4803 2402 4875 Ermengardis
2432 4806 2781 4861 nobilissima:
2808 4816 3091 4862 matronte.
3143 4806 3269 4862 Haec
3309 4824 3371 4861 ex
3420 4805 3605 4860 multis

2014 4897 2173 4952 annis
2200 4899 2566 4953 membrorum
2598 4914 2751 4953 usum
2780 4899 2853 4953 ita
2885 4897 3201 4968 perdiderat
3231 4908 3289 4951 ut
3330 4912 3428 4951 nec
3459 4897 3605 4950 ince-

2016 4987 2166 5053 dere,
2200 4988 2300 5043 nisi
2331 4998 2665 5058 portaretur,
2692 4990 2902 5058 uspiam
2933 4970 3163 5042 valeret.
3199 4988 3327 5042 Haec
3355 4986 3519 5057 igitur
3551 4986 3607 5039 in

2020 5084 2227 5137 somnis
2263 5080 2464 5136 monita
2491 5093 2552 5135 ut
2588 5081 2655 5134 ad
2686 5080 3002 5133 memoriam
3041 5079 3222 5132 sancti
3268 5078 3443 5132 Patris
3488 5090 3613 5142 per-

2019 5182 2192 5240 geret,
2218 5187 2248 5225 a
2274 5171 2477 5225 vicario
2499 5170 2739 5236 ejusdem
2774 5176 3035 5221 matrona:
3061 5166 3253 5222 nimiis
3290 5156 3619 5221 clamoribus

2019 5270 2075 5317 et
2125 5260 2452 5330 importunis
2508 5257 2764 5328 precibus
2827 5255 3059 5310 extorsit
3127 5262 3192 5306 ut
3245 5270 3304 5310 se
3369 5252 3620 5308 vehiculo
