4116 5358
554 276 661 335 9'59

1550 274 1609 330 S.
1640 272 1956 331 ODILOMS
1990 269 2489 329 CLUNIACENSIS
2527 270 2817 327 ABBA'I‘IS
2848 270 2889 325 ν

3702 273 3806 333 940

541 386 861 442 redduntur.
921 381 1052 436 Post
1103 381 1478 461 hicat-egredi
1536 380 1662 437 illuc
1713 383 1856 438 unde
1904 392 2129 438 venerat
2155 380 2420 452 Ajubilo,
2454 381 2520 436 ad
2551 381 2747 437 caelum
2804 396 2974 452 usque
3018 378 3201 452 populi
3242 393 3404 437 voces
3455 380 3657 437 dabant

540 477 725 547 coepit,
767 474 864 530 sed
914 472 1100 528 nescio
1152 487 1260 542 quo
1309 472 1520 530 occulto
1567 471 1802 542 judicio,
1837 482 2128 544 antequam

541 570 756 625 veniret
780 565 846 621 ad
874 575 1120 621 extrema
1152 564 1306 629 villae,
1342 566 1537 620 iterum
1563 566 1897 621 debilitatur.
1932 566 2129 621 Iterum

540 662 770 720 aliorum
804 659 1055 714 manibus
1098 657 1166 712 ad
1219 657 1529 727 sepulcrum
1554 668 1910 728 ,-r.eportatur,
1965 667 2130 728 atque

539 751 737 817 iterum
773 750 867 804 Dei
899 750 1288 819 omnipotentis
1320 750 1670 805 miseratione
1697 758 1751 805 et
1791 751 1959 821 patris
1994 750 2126 806 Odi-

540 841 681 897 lonis
710 841 1101 913 intercessione
1146 840 1391 912 pristina:
1433 842 1656 896 sanitati
1700 843 1981 909 redditur;
2031 843 2127 898 sed

539 944 884 1001 nequaquam
934 928 1162 984 ulterius
1217 940 1375 985 extra
1424 930 1608 987 villam
1663 931 1970 1003 egreditur,
2029 945 2129 986 nec

538 1020 833 1074 terminum
862 1033 976 1074 sua:
1020 1018 1409 1076 debilitationis
1455 1021 1633 1077 denuo
1681 1022 1916 1077 transire
1965 1036 2128 1077 cona-

538 1119 645 1165 tur.
676 1154 680 1159 .
754 1156 759 1163 .

609 1201 739 1258 CAP.
782 1201 920 1259 XIV.
946 1233 1019 1243 —
1048 1202 1185 1259 Item
1211 1205 1276 1260 de
1312 1207 1419 1261 alia
1454 1205 1617 1261 simili
1656 1207 1812 1261 modo
1840 1218 2053 1263 sanata.

606 1292 835 1361 Quidam
866 1292 1137 1351 'mereator
1166 1299 1387 1353 nomine
1414 1299 1708 1355 Rainaldus
1746 1301 1950 1355 ibidem
1981 1300 2126 1372 apud

539 1383 891 1440 Silviiiiacum
945 1386 1195 1457 degebat.
1246 1386 1346 1443 llic
1397 1389 1629 1445 habebat
1672 1390 1836 1446 ﬁliam
1891 1392 2124 1448 debilem

540 1475 829 1543 cruribus,
855 1474 1144 1531 invalidam
1186 1487 1242 1532 et
1278 1477 1342 1532 ad
1375 1479 1804 1550 supplementum
1832 1481 2036 1537 doloris
2059 1497 2126 1536 ex

536 1569 803 1639 superiori
831 1579 986 1639 parte
1021 1570 1285 1639 corporis.
1334 1570 1486 1626 Hanc
1534 1574 1716 1642 itaque
1763 1573 1828 1627 ad
1857 1574 2124 1628 tumulum

537 1661 710 1717 sancti
742 1660 921 1717 Patris
965 1660 1257 1717 deferunt:
1284 1670 1340 1717 at
1396 1662 1486 1716 ubi
1528 1663 1703 1718 delata
1752 1674 1859 1729 est,
1889 1680 2010 1719 mox
2065 1680 2126 1720 se

3761 403 3807 441 ω

2229 399 2420 452 ιιιυιιο,
2454 399 2520 436 aa
2551 399 2747 437 canum
2804 399 2974 452 usque
3018 399 3201 452 popun
3242 399 3404 437 voces
3455 399 3657 437 uanam
3761 403 3807 441 .e

2229 470 2429 542 gaudio
2453 481 2615 526 tanta:
2643 472 2903 527 novitatis
2922 471 3209 541 stupefacti
3236 471 3519 527 miraculo.
3557 399 3809 552 armis

2231 564 2285 617 in
2311 565 2517 619 sanctis
2542 565 2655 619 suis
2688 578 2903 632 semper
2929 563 3190 618 mirabilis
3227 564 3296 618 ab
3324 564 3578 619 omnibus
3615 564 3811 650 prﬁdi-

2228 664 2404 722 catur,
2431 666 2489 711 et
2525 654 2785 727 quantum
2813 671 3004 711 servus
3044 655 3145 710 sibi
3187 654 3534 711 ﬁdelissimus
3583 656 3652 712 de
3698 648 3814 724 eius

2228 749 2404 818 gratia
2456 742 2658 818 possit,
2704 747 2869 803 certis
2921 747 3136 803 indiciis
3190 747 3597 819 manifestisque
3642 748 3810 819 signis

2229 839 2541 896 declaratur
2559 851 2613 896 et
2636 850 2954 896 cunctorum
2980 854 3083 895 ore.
3109 839 3438 896 celebratur.

2227 930 2356 986 CAP.
2399 931 2538 986 XVI.
2563 961 2632 972 —
2652 930 2729 985 De
2752 931 2981 1001 quodam
3017 931 3220 1000 captivo
3249 948 3283 986 a
3310 932 3529 986 vinculis
3569 930 3808 986 liberato.

2298 1021 2527 1088 Quidam
2559 1021 2888 1077 miserabilis
2931 1035 2963 1075 a
3007 1021 3242 1091 quodam
3279 1036 3539 1092 perverso
3591 1021 3811 1077 homine

2228 1124 2421 1184 captus
2442 1115 2796 1185 compedibus
2819 1122 3081 1179 arctatur,
3108 1123 3163 1169 et
3189 1125 3246 1169 ut
3273 1114 3591 1183 diligentius
3623 1122 3806 1169 casto.

2228 1206 2437 1261 diretur
2481 1221 2608 1260 area
2653 1206 2972 1272 recluditur,
3002 1221 3257 1261 saxorum
3306 1219 3533 1261 acervus
3579 1205 3813 1275 desuper

2233 1296 2571 1366 congeritur,
2625 1295 2872 1351 seracula
2920 1296 3226 1360 ﬁrrnantur,
3253 1303 3308 1349 et
3363 1296 3436 1349 ita
3497 1295 3665 1349 miser
3719 1309 3816 1365 per

2228 1387 2448 1459 longum
2479 1398 2692 1458 tempus
2719 1394 2950 1442 tenetur.
2978 1387 3174 1443 Verum
3208 1387 3299 1441 ille
3332 1387 3576 1456 captivus
3606 1387 3659 1440 in
3703 1386 3815 1442 Deo

2228 1496 2379 1552 spem
2415 1481 2676 1546 retinens,
2701 1483 2769 1536 de
2817 1480 2924 1534 illis
2959 1479 3157 1535 abditis
3207 1479 3554 1534 tenebrarum
3607 1478 3811 1543 Deum,

2227 1573 2312 1627 cui
2336 1573 2566 1628 obscura
2589 1581 2716 1626 sunt
2744 1570 3049 1636 manifesta,
3070 1556 3293 1641 supplex
3318 1580 3507 1626 exorat
3527 1578 3581 1624 et
3603 1579 3811 1638 patrem

2229 1661 2512 1719 Odilonem
2543 1664 2956 1718 intercessorem
2986 1664 3214 1717 advocat
3264 1672 3322 1716 ut
3359 1677 3418 1717 se
3460 1662 3587 1717 inde
3631 1660 3816 1731 ejiciat

536 1752 752 1823 erigere
772 1760 828 1806 et
854 1751 1113 1823 paulatim
1143 1751 1395 1808 incedere
1420 1754 1605 1823 coepit,
1636 1763 1691 1808 et
1716 1756 1897 1808 tandiu
1928 1755 2124 1809 ibidem
2163 1745 2205 1803 Β
2232 1765 2286 1811 et
2318 1756 2545 1811 liberum
2578 1757 2657 1811 ire
2688 1757 2971 1811 concedat.
3004 1756 3148 1809 Inter
3186 1756 3301 1810 haec
3343 1754 3504 1808 verba
3531 1768 3645 1807 sua:
3676 1754 3818 1823 peti-

534 1843 684 1898 stetit
710 1842 884 1898 donec
913 1856 979 1897 ex
1008 1842 1221 1914 integro
1243 1841 1497 1898 effectum
1528 1844 1706 1899 standi
1733 1844 1816 1897 vel
1842 1844 2128 1900 incedendi

534 1936 860 2006 promeruit.

537 2046 667 2102 Car.
718 2046 837 2102 XV.
868 2077 941 2088 —
989 2045 1065 2102 De
1113 2046 1715 2171 quadamlpaupercula
1769 2047 1930 2101 simili
1976 2046 2129 2101 modo

770 2140 773 2143 ·
832 2152 833 2155 η
1226 2136 1354 2171 cura
1381 2137 1435 2171 α.

770 2140 773 2143 ’
832 2152 833 2155 ‘
1226 2136 1435 2172 ειιταια.

609 2209 793 2264 Altera
820 2210 1017 2267 mulier
1044 2210 1369 2281 paupercula
1395 2211 1464 2266 ibi
1492 2219 1620 2266 tunc
1649 2209 1858 2274 aderat,
1881 2208 2133 2264 similiter

534 2314 603 2354 ex
628 2300 798 2355 multo
817 2310 1063 2372 tempore
1096 2310 1206 2357 toto
1248 2316 1479 2371 corpore
1517 2299 1730 2365 debilis,
1757 2314 1877 2369 qua:
1917 2308 1971 2354 et
2016 2299 2129 2367 ipsa

536 2391 725 2446 eadem
750 2391 839 2447 die
867 2392 920 2448 in
961 2400 1257 2462 conspectu
1288 2392 1655 2447 multitudinis
1701 2392 1945 2461 vigorem
1992 2391 2131 2445 obti-

535 2482 655 2536 nuit
682 2482 909 2552 integrte
930 2484 1199 2539 sanitatis.
1232 2483 1558 2539 Sanctorum
1584 2482 1729 2538 enim
1759 2481 2130 2551 apostolorum

533 2572 684 2630 Petri
706 2584 763 2631 et
780 2573 934 2630 Pauli
960 2576 1227 2631 festivitas
1254 2583 1383 2629 tunc
1409 2574 1706 2630 advenerat
1744 2585 1798 2630 et
1836 2573 2129 2629 multorum

534 2662 860 2733 populorum
884 2663 1087 2719 ibidem
1131 2663 1289 2719 turba
1324 2662 1683 2717 conﬂuxerat.
1731 2662 1833 2729 Qui
1883 2662 2130 2718 videntes

536 2766 647 2806 uno
673 2755 974 2822 eodemque
1004 2762 1245 2823 tempore
1276 2753 1387 2807 hare
1414 2753 1513 2807 tria
1539 2768 1701 2823 supra
1731 2753 1933 2823 scripta
1968 2753 2131 2807 mira-

545 2843 671 2897 cula
697 2844 840 2907 ﬁeri,
866 2844 1056 2915 repleti
1088 2855 1452 2914 suntstupore
1482 2845 1807 2900 vehementi.
1834 2844 1921 2898 Fit
1951 2846 2133 2914 itaque

544 2936 738 3005 ingens
769 2936 957 2991 laetitia
977 2977 991 3003 ,
1020 2937 1194 2992 currit
1230 2953 1327 3006 per
1356 2951 1519 2991 aures
1543 2946 1865 2992 cunctorum
1898 2937 2131 2991 miracu-

537 3023 715 3080 lorum
762 3027 996 3083 volitans
1040 3027 1205 3081 fama.
1258 3028 1578 3083 Hominibus
1622 3029 1915 3098 promiscui
1964 3044 2127 3085 sexus

2233 1845 2418 1913 tionis,
2445 1847 2609 1901 sentit
2634 1855 2686 1902 et
2709 1845 2859 1901 audit
2886 1845 3178 1915 quamdam
3219 1858 3503 1913 personam
3532 1842 3599 1896 ad
3629 1840 3814 1896 arc'axn

2231 1936 2510 2000 accedere,
2536 1944 2589 1989 et
2617 1950 2675 1991 se
2706 1934 2832 1990 inde
2861 1944 2920 1988 ut
2942 1942 3103 1990 exeat
3128 1933 3442 1987 inclamare.
3467 1929 3587 1985 Mox
3614 1929 3818 1983 virtute

2232 2018 2413 2085 divina
2443 2044 2701 2084 saxorum
2748 2043 2976 2083 acervus
3024 2026 3131 2081 huc
3179 2025 3411 2096 illucque
3459 2023 3814 2094 dispergitur,

2232 2121 2478 2176 scracnla
2513 2121 2787 2186 resiliunt,
2831 2121 3119 2190 compedes
3162 2117 3564 2172 solvuntur:et
3606 2116 3682 2169 ita
3734 2114 3816 2169 in-

2230 2222 2548 2267 carceratus
2584 2211 2719 2266 liber
2758 2221 2813 2266 et
2841 2212 3119 2266 absolutus
3147 2210 3214 2265 de
3246 2208 3482 2264 tenebris
3529 2208 3597 2261 ad
3637 2207 3814 2262 lucem

2231 2304 2497 2375 procedit,
2534 2289 2881 2375 gaudensque
2930 2305 2998 2357 ad
3054 2302 3358 2373 sepulcrum
3403 2311 3578 2356 sancti
3633 2299 3815 2354 Patris

2232 2395 2559 2465 quantocius
2582 2399 2750 2460 venit,
2774 2405 2829 2450 et
2857 2410 2976 2464 qua:
3001 2394 3105 2450 sibi
3134 2393 3475 2465 contigerant
3513 2392 3681 2449 certis
3724 2391 3810 2445 in-

2232 2488 2387 2543 diciis
2411 2487 2665 2542 omnibus
2685 2486 2980 2541 enarravit.

2302 2577 2431 2632 Car.
2464 2577 2623 2632 XVII.
2651 2607 2723 2617 ——
2749 2576 2826 2630 De
2848 2576 3075 2647 quodam
3124 2586 3294 2631 mente
3336 2585 3488 2645 capte
3529 2585 3742 2630 sanato.

2303 2668 2458 2724 Alius
2488 2669 2706 2739 quidam
2732 2669 2907 2724 sancti
2937 2668 3114 2722 Maioli
3154 2668 3652 2738 monachorumque
3688 2684 3813 2739 pro—

2230 2758 2382 2828 prius
2413 2758 2667 2824 ruricola,
2698 2758 2915 2813 nomine
2938 2758 3249 2824 ll0tbertus,
3270 2759 3476 2815 habens
3504 2774 3729 2815 uxorem
3758 2769 3813 2813 et

2232 2849 2387 2912 ﬁlios,
2420 2851 2472 2903 in
2500 2851 2793 2904 amentiam
2822 2858 2964 2905 totus
2996 2866 3185 2905 versus
3231 2851 3428 2905 fuerat.
3482 2850 3640 2907 IIunc
3682 2852 3811 2906 toris

2228 2940 2439 2995 viribus
2471 2950 2859 3011 repugnantem
2890 2940 2985 2995 ﬁlii
3029 2950 3083 2996 et
3129 2951 3381 3010 parentes
3429 2941 3691 2996 violenter
3744 2941 3811 2997 ad

2235 3032 2547 3086 memoriam
2577 3032 2750 3086 sancti
2781 3031 2958 3086 Patris
2995 3032 3288 3096 adducunt,
3327 3014 3654 3086 oblationem
3704 3045 3806 3101 pro

539 3116 769 3173 ecclesia
793 3119 1123 3190 completur,
1147 3120 1376 3175 diversis
1396 3129 1449 3174 et
1479 3120 1757 3175 immensis
1799 3120 2126 3176 clamoribus
2154 3110 2199 3174 C
2230 3135 2294 3176 eo
2324 3120 2581 3186 oﬁ‘crunt,
2613 3132 2667 3176 et
2694 3138 2816 3178 mox
2844 3132 3023 3179 mente
3051 3131 3105 3178 et
3142 3136 3367 3193 corpore
3407 3122 3671 3177 salvatum
3712 3122 3811 3177 do-

542 3213 876 3268 concutitur.
930 3212 1238 3269 Psallebant
1288 3211 1539 3267 monachi
1607 3227 1732 3267 cum
1791 3212 2006 3268 clericis
2073 3213 2129 3268 in

2229 3228 2377 3267 mum
2408 3212 2693 3268 reducunt.

547 3394 3745 3426 Mum

1101 3584 1620 3701 SANCTI
1696 3589 2377 3746 QDILONIS
2462 3589 3237 3707 EPISTOL/E.
3336 3645 3347 3656 ς

1030 3944 1365 4003 EPISTOLA
1399 3942 1638 3999 PRIMA.

743 4057 813 4098 AD
844 4057 1161 4099 ΡυιΒειιτωι
1193 4056 1575 4097 CARNO'I‘ENSEM
1607 4055 1917 4096 EPISCOPUM.

831 4127 1589 4205 [BibliothecaCluniaccnais,
1611 4148 1664 4202 p.
1694 4130 1845 4203 349.]

617 4223 850 4279 Domino
876 4233 931 4277 et
957 4221 1251 4277 venerabili
1296 4232 1593 4291 sanctoque
1621 4222 1945 4276 charissima
1971 4220 2127 4276 fratri

544 4326 599 4370 et
624 4315 1069 4386 compresbytero
1096 4312 1387 4370 Furnsn'ro
1419 4314 1587 4370 frater
1616 4312 1791 4370 ODILO
1818 4314 2047 4370 salutem
2074 4314 2126 4368 in

543 4408 794 4465 Domino.

617 4499 977 4555 Dllectissirne
1016 4497 1140 4563 vir,
1184 4498 1313 4567 quid
1360 4498 1460 4552 sibi
1510 4498 1625 4553 vult
1654 4497 1880 4568 quaestio
1924 4497 2129 4568 prolata

545 4589 703 4645 nobis
730 4605 760 4644 a
786 4589 1018 4659 quodam
1049 4599 1233 4642 vestro
1262 4587 1405 4642 lideli
1432 4589 1648 4653 clerico,
1675 4590 1898 4659 placuit,
1929 4600 1987 4644 ut
2018 4590 2132 4660 ipse

544 4680 769 4746 fatetur,
792 4677 1106 4750 paternitati
1134 4687 1346 4742 vestrae,
1374 4694 1479 4745 me,
1507 4678 1633 4734 licet
1663 4680 1964 4751 indignum,
1990 4680 2134 4750 judi-

545 4787 664 4827 ccm
696 4772 814 4828 ﬁeri
841 4771 968 4826 vitae
1010 4778 1227 4835 vestrae,
1259 4769 1566 4825 mandando
1597 4771 1727 4825 mihi
1761 4780 1820 4825 ut
1856 4770 2131 4828 litteratim

547 4862 911 4919 describerem
966 4861 1120 4916 vobis
1185 4860 1312 4930 quid
1362 4861 1491 4915 mihi
1542 4860 1756 4914 videtur
1811 4861 1877 4916 de
1931 4871 2128 4927 vestra,

547 4961 807 5023 quantum
836 4952 940 5007 dici
971 4951 1051 5007 fas
1082 4961 1182 5016 est,
1213 4950 1672 5021 irreprehensibili
1697 4952 2129 5007 conversatione.

549 5043 656 5100 Sed
681 5044 820 5100 oculi
869 5043 1101 5114 caligine
1131 5042 1392 5099 caecitatis
1418 5041 1621 5097 obtecti
1666 5055 1773 5095 non
1805 5040 1985 5095 valent
2012 5056 2134 5110 per-

549 5133 734 5203 spicue
800 5132 997 5188 intueri
1055 5133 1397 5203 splendorem
1450 5132 1781 5187 ﬁrmamenti
1845 5139 1901 5185 et
1945 5130 2135 5202 globos

549 5221 825 5277 stellarum
858 5221 1001 5277 coeli.
1033 5222 1385 5293 Splendorem
1415 5221 1747 5275 ﬁrmamenti
1774 5235 1907 5276 voco
1927 5231 1981 5275 et
2006 5222 2137 5277 stel-

551 5307 689 5358 Iam:
735 5309 945 5358 stellam
996 5312 1161 5358 etiam
1207 5310 1529 5358 matutinam
1560 5318 1612 5358 te
1642 5308 1865 5358 vocabo.
1900 5310 2134 5358 Danielis

2228 3958 2331 3999 nec
2362 3945 2579 4014 quidem
2632 3946 2791 4015 digne
2833 3946 3071 4019 cogitare
3118 3946 3315 4012 valeo,
3364 3956 3551 4004 nostro
3600 3948 3814 4007 debetis

2230 4036 2489 4090 aestimari
2512 4036 2751 4105 judicio?
2780 4038 2889 4093 Nos
2914 4040 3078 4103 enim,
3109 4040 3197 4108 qui
3229 4038 3539 4110 ignorantia:
3568 4040 3813 4097 tenebris

2230 4129 2426 4197 pressi,
2459 4129 2815 4198 nosmetipsos
2836 4145 2941 4185 non
2968 4145 3253 4200 possumus
3279 4130 3614 4201 dignoscere,
3631 4129 3815 4200 justo-

2234 4234 2351 4274 rum
2383 4221 2549 4275 vitam
2574 4232 2762 4277 nostro
2791 4223 3018 4277 arbitrio
3046 4221 3349 4278 nullomodo
3373 4222 3629 4279 debemus
3665 4225 3815 4278 testi-

2237 4325 2407 4367 mare.
2465 4310 2569 4366 Vos
2614 4312 2793 4367 omnis
2840 4312 3002 4367 homo
3027 4314 3161 4367 adeo
3186 4312 3341 4367 laude
3369 4314 3585 4383 dignum
3615 4315 3814 4370 merito

2156 4424 2209 4484 Ῑ)
2232 4398 2459 4467 jndieat,
2493 4412 2553 4455 nt
2578 4402 2698 4472 plus
2735 4401 2801 4457 de
2827 4401 2979 4456 vobis
3009 4402 3192 4456 mirari
3223 4402 3386 4457 libeat
3414 4417 3572 4471 quam
3603 4401 3812 4471 aliquid

2233 4489 2414 4546 dicere
2442 4489 2620 4545 liceat.
2651 4491 2982 4547 Obruerctur
3013 4491 3316 4547 intellectus
3346 4500 3544 4547 nostrae
3571 4493 3814 4562 parvita-

2235 4584 2304 4639 tis
2326 4582 2566 4654 pondere
2596 4593 2787 4638 vestra:
2812 4583 3149 4651 quwstionis,
3176 4582 3276 4637 nisi
3309 4592 3453 4638 esset
3481 4583 3533 4636 in
3556 4592 3814 4654 promptu

2234 4674 2540 4730 recordatio
2588 4674 2755 4729 divini
2801 4674 3088 4729 sermonis.
3135 4673 3206 4728 Ut
3253 4674 3395 4728 enim
3438 4673 3591 4730 daret
3623 4687 3816 4727 exem-

2232 4764 2375 4834 plum
2410 4764 2654 4820 ﬁdelibus
2683 4773 2871 4819 auctor
2910 4767 3036 4819 vita:
3063 4774 3119 4819 et
3143 4765 3350 4830 salutis,
3380 4775 3439 4820 ut
3472 4766 3587 4834 ipse
3617 4764 3812 4820 melius

2234 4853 2402 4915 scitis,
2426 4864 2612 4923 utpote
2641 4856 2722 4908 vir
2749 4855 2927 4909 omnia
2956 4854 3319 4924 evangelicus,
3352 4855 3575 4910 veniens
3602 4855 3656 4909 in
3682 4869 3811 4925 par-

2235 4953 2314 4999 tes
2340 4943 2601 5000 Cae‘sareae
2640 4945 2872 5015 Philippi
2903 4946 3272 5017 interrogabat
3306 4942 3601 5016 discipulos
3634 4959 3765 5001 suos
3801 4966 3817 5002 :

2235 5035 2400 5102 Quem
2428 5038 2608 5091 dicunt
2638 5038 2872 5093 homines
2899 5054 3010 5092 esse
3051 5037 3222 5104 [ilium
3260 5035 3529 5089 hominis?
3572 5036 3640 5091 Et
3689 5046 3821 5106 post

2234 5143 2400 5198 pauca
2438 5146 2452 5183 :
2493 5126 2597 5183 Vos
2628 5138 2800 5183 autem
2838 5145 2992 5199 quem
3038 5145 3119 5182 me
3163 5145 3273 5183 esse
3318 5127 3533 5182 dicitis!
3578 5126 3696 5182 Non
3737 5128 3821 5182 id-

2233 5222 2382 5276 circo
2430 5222 2772 5293 interrogat,
2806 5236 2969 5290 quem
3002 5236 3161 5277 nemo
3196 5220 3343 5276 novit
3369 5228 3423 5273 et
3464 5218 3629 5288 quem
3681 5217 3820 5273 nihil

2233 5311 2386 5358 latnt-
2419 5312 2584 5358 veluti
2629 5312 2719 5358 mli
2768 5314 2971 5358 nesciat
2998 5352 3010 5358 -
3061 5314 3155 5358 sed
3187 5321 3244 5358 ut
3286 5310 3523 5358 nrmlalis
3555 5309 3820 5358 Ecclesia!
