4116 5358
242 234 251 243 ⁸
313 235 416 293 9η

1720 238 2102 302 EPISTOLE.

3456 239 3564 294 942

311 345 511 401 habeat
536 343 737 416 gratias
762 354 817 402 et
844 343 1076 410 referat,
1121 355 1180 402 ut
1219 347 1285 409 de
1312 348 1603 406 virtutibus
1631 349 1686 407 ln
1712 352 1887 407 virtu-
1916 360 1965 417 Α
1992 350 2325 423 benignitate
2364 358 2418 406 et
2445 349 2733 421 probitate,
2764 359 3078 417 morumque
3120 350 3489 415 paternorum'
3511 347 3563 400 in

311 444 450 498 tem,
471 436 586 506 ipso
608 445 902 503 annuente,
926 437 1066 494 felici
1094 453 1255 495 cursu
1285 441 1581 510 perveniat,
1610 458 1888 514 usquequo

309 527 599 583 Dominum
638 528 860 582 deorum
891 529 945 583 in
984 530 1112 586 Sion
1144 532 1325 587 videre
1349 542 1545 603 queat;
1578 535 1623 589 si
1657 550 1786 591 vero
1809 536 1885 591 si-

307 616 543 672 nistrum
577 617 781 688 aliquid
804 620 873 676 de
903 634 964 675 se
996 623 1252 687 audierit,
1281 626 1563 693 paeniteat,
1589 635 1645 682 et
1683 627 1749 681 de
1778 642 1887 683 ca:-

308 714 431 763 tero
455 708 684 765 sollicite
713 711 1004 765 emendare
1030 720 1262 782 satagat.
1302 713 1409 787 Sed
1439 723 1492 769 et
1516 716 1561 770 si
1589 731 1685 771 vos
1713 724 1890 772 movet

306 797 562 867 exemplo
586 799 868 855 doctorum
898 800 965 855 de
988 801 1142 857 vobis
1177 803 1540 874 interrogandi
1568 807 1886 871 auctoritas,

306 886 649 957 praedicanda
677 903 709 944 a
738 890 893 944 nobis
940 900 1023 946 est
1073 901 1268 948 vestrae
1317 894 1596 962 sapientiae
1644 894 1885 960 claritas,

307 983 511 1031 vestrae
546 975 669 1032 nilei
711 978 938 1049 puritas,
968 989 1274 1051 vestrasque
1302 982 1579 1038 industriae
1603 985 1842 1054 probitas
1869 1003 1884 1040 :

306 1066 507 1135 quippe
549 1066 677 1136 quia
722 1076 874 1124 caret
917 1069 1138 1124 omnino
1183 1069 1400 1126 silentio
1428 1073 1648 1139 veritas,
1694 1074 1788 1129 sed
1820 1073 1890 1129 ab

308 1156 534 1212 homine
562 1158 728 1213 idiota
772 1167 827 1214 et
876 1160 992 1215 sine
1038 1160 1237 1216 litteris
1263 1177 1369 1217 non
1397 1171 1571 1231 potest
1604 1165 1884 1233 praedicari

308 1247 421 1304 Deo
452 1249 701 1305 amabilis
743 1259 801 1305 et
838 1251 891 1306 in
941 1253 1142 1306 mundo
1185 1253 1419 1308 odibilis.
1471 1253 1594 1309 Haec
1624 1259 1691 1309 de
1734 1257 1889 1312 vobis

309 1354 453 1395 nunc
476 1347 532 1394 et
560 1339 712 1404 alias,
743 1348 799 1395 et
843 1340 898 1395 in
927 1341 1200 1397 communi
1244 1342 1536 1407 locutione,
1570 1360 1675 1399 non
1709 1345 1888 1415 aliqua

316 1429 509 1487 fraude
554 1431 876 1488 adulationis
921 1434 1198 1502 deceptus,
1228 1449 1335 1489 non
1376 1434 1600 1506 alicujus
1631 1437 1885 1501 muneris,

310 1520 505 1583 laudis,
542 1522 627 1577 vel
654 1523 898 1592 pecunia:
920 1523 1148 1595 cupidus
1177 1525 1365 1591 retuli;
1413 1528 1530 1591 sed,
1567 1528 1708 1597 quod
1737 1543 1890 1585 vera-

309 1614 447 1669 citer
468 1616 632 1671 credo
658 1617 878 1685 etquod
896 1625 958 1671 ut
981 1618 1242 1686 tiatquam
1270 1619 1503 1675 maxime
1531 1630 1679 1689 opto,
1709 1620 1888 1677 dicere

1989 442 2200 498 cunctis
2226 441 2723 511 reprtesentatione,
2752 440 2982 495 domnus
3006 438 3309 508 episcopus,
3342 437 3439 509 ipsi
3471 452 3567 506 per

1988 535 2168 590 omnia
2198 533 2542 589 fidelissimus
2572 543 2629 589 et
2658 533 3056 593 devotissimus,
3089 539 3237 585 tanta
3262 541 3317 585 et
3347 530 3470 583 talia
3500 530 3566 583 ad

1989 640 2088 680 nos
2132 626 2357 682 veniens
2400 626 2664 691 narravit,
2720 633 2782 679 ut
2838 623 3298 679 indissolubilibus
3337 621 3565 676 vinculis

1990 716 2271 772 charitatis
2298 716 2370 771 ita
2404 730 2501 771 nos
2525 714 2639 784 ejus
2660 714 3016 770 familiaritati
3053 722 3109 768 et
3144 712 3384 768 lidelitati
3413 711 3566 766 colli-
3604 788 3611 793 ἲ

1988 809 2215 879 gaverit,
2263 814 2534 879 quatenus
2589 806 2732 862 nulla
2779 820 3016 876 unquam
3066 804 3337 860 oblivione
3393 803 3565 872 ipsius

1987 900 2251 954 memoria
2298 914 2329 953 a
2378 897 2579 953 nostris
2618 897 2871 952 cordibus
2901 896 3055 951 avelli
3086 896 3256 966 possit
3284 895 3337 949 in
3368 893 3566 948 divinis

1986 989 2280 1058 obsequiis.
2313 986 2447 1042 Nam
2478 987 2719 1058 quotidie
2739 1001 2838 1056 pro
2875 986 2991 1056 ejus
3019 999 3150 1054 pace
3174 992 3228 1039 et
3251 983 3425 1040 salute
3444 997 3595 1059 cor--.

1986 1080 2135 1151 poris
2177 1087 2233 1134 et
2253 1080 2467 1147 animas,
2490 1087 2612 1149 post
2638 1078 2926 1133 Matutiuas
2948 1079 3239 1133 recitamus
3260 1093 3449 1132 omnes
3474 1093 3566 1146 ge-

1989 1170 2244 1226 neraliter
2266 1170 2532 1241 psalmum
2552 1188 2565 1224 :
2585 1169 2827 1234 Domine,
2843 1169 2968 1239 quid
2992 1168 3323 1237 multiplicati
3342 1180 3459 1223 sunt
3468 1208 3481 1223 .
3500 1169 3566 1224 Et

1986 1275 2086 1330 per
2099 1274 2288 1314 omnes
2309 1260 2444 1314 alias
2460 1260 2622 1314 horas
2640 1278 2653 1311 :
2669 1258 2854 1313 Levavi
2868 1257 3045 1312 oculos
3061 1274 3221 1322 meos,
3237 1267 3294 1312 ut
3310 1259 3565 1313 Dominus

1987 1351 2184 1420 eripiat
2212 1351 2449 1406 animam
2472 1360 2527 1406 et
2547 1365 2743 1419 corpus
2772 1348 2889 1417 ejus
2919 1350 2986 1403 ab
3010 1350 3156 1404 omni
3188 1349 3352 1409 malo.
3384 1359 3593 1425 ςιιείοει⁵

1988 1439 2205 1509 diatque
2231 1440 2504 1494 introitum
2525 1448 2581 1493 et
2599 1440 2800 1494 exitum
2826 1439 2982 1498 illius,
3012 1453 3117 1493 non
3147 1438 3317 1493 solum
3349 1440 3399 1492 in
3422 1453 3562 1507 pras-

1987 1531 2147 1594 senti,
2162 1531 2256 1585 sed
2276 1538 2330 1584 et
2354 1530 2405 1585 in
2430 1530 2684 1586 sarculum
2703 1530 2903 1585 saeculi.
2923 1531 3194 1600 Rogamus
3223 1540 3481 1600 praeterea
3508 1542 3569 1586 ut

1986 1615 2087 1672 hos
2113 1618 2322 1681 missos,
2360 1632 2495 1686 quos
2527 1618 2775 1673 dominus
2801 1617 3019 1673 Santius
3062 1620 3346 1688 episcopus
3386 1628 3438 1673 et
3465 1634 3565 1673 nos

306 1706 473 1760 etiam
494 1722 601 1763 non
628 1722 841 1772 recuso,
868 1721 969 1763 nec
987 1708 1262 1763 recusabo.
1294 1706 1351 1763 Si
1381 1718 1560 1764 autem
1586 1725 1672 1766 me
1694 1712 1883 1766 adula-
1917 1718 1960 1776 Β
1990 1706 2276 1769 mittimus,
2294 1706 2537 1773 usquead
2553 1714 2798 1761 sanctum
2813 1705 3071 1761 Joannem
3086 1708 3424 1762 conducatis.
3442 1705 3568 1760 Vult

307 1794 888 1866 torcmjudicaveritis,
915 1798 1096 1853 audite
1119 1796 1488 1869 Scripturam:
1517 1800 1623 1856 Fili
1648 1805 1741 1867 mi,
1771 1803 1815 1857 si
1842 1813 1889 1858 te

310 1886 623 1944 lactaverint
664 1900 960 1959 peccatores
984 1930 1000 1955 ,
1042 1906 1106 1944 ne
1152 1893 1450 1961 acquiescas
1486 1893 1612 1948 illis.
1657 1893 1772 1948 Non
1804 1903 1890 1950 est

309 1985 489 2033 tamen
535 1978 844 2048 culpabile,
901 1980 948 2035 si
1005 1979 1128 2035 illos
1187 1981 1469 2037 laudemus
1511 2000 1648 2053 quos
1696 1984 1887 2056 dignos

306 2067 466 2124 laude
493 2070 797 2135 credimus,
844 2071 1057 2127 dicente
1086 2071 1367 2141 Scriptura
1400 2091 1414 2127 :
1448 2072 1648 2129 Laudat
1678 2085 1728 2131 te
1754 2078 1887 2131 alie-

307 2174 453 2226 num,
491 2168 538 2213 et
568 2176 669 2214 non
694 2176 751 2214 os
784 2169 952 2214 tuum.
988 2160 1047 2216 Si
1092 2171 1271 2216 autem
1324 2161 1517 2232 aliquis
1542 2164 1673 2220 velit
1721 2182 1889 2237 oppo-

307 2263 440 2304 nere
479 2251 621 2319 quod
653 2249 934 2320 Scriptura
963 2249 1096 2306 dicit
1130 2270 1144 2305 :
1180 2249 1263 2305 Ne
1306 2252 1490 2308 laudes
1531 2254 1790 2309 hominem
1832 2259 1886 2312 in

303 2341 408 2395 vita
444 2359 577 2407 sua;
628 2349 683 2397 et
724 2357 825 2414 ego
871 2344 1160 2407 assentior,
1203 2343 1329 2413 quia
1376 2345 1591 2399 mortali
1636 2346 1747 2407 vita
1791 2361 1887 2402 vos

307 2441 554 2487 mortuos
580 2433 853 2500 existimo,
886 2435 976 2503 qui
1005 2434 1073 2487 ab
1100 2434 1356 2502 Apostolo
1384 2436 1612 2490 audistis
1641 2455 1653 2489 :
1686 2436 1886 2491 Μονιυὶ

305 2524 445 2577 enim
489 2525 643 2589 estis,
680 2534 728 2578 et
758 2526 860 2578 vita
889 2538 1055 2579 vestra
1087 2527 1389 2582 abscondita
1416 2539 1489 2582 est
1520 2545 1636 2582 cum
1676 2518 1903 2584 Christo

304 2612 357 2666 in
385 2612 518 2667 Deo.
570 2615 635 2668 Et
665 2631 787 2669 cum
819 2616 936 2686 ipso
978 2626 1034 2670 ct
1074 2618 1256 2671 verbis
1281 2625 1336 2671 ct
1358 2619 1612 2686 operibus
1656 2621 1834 2676 dicitis
1866 2640 1881 2675 :

306 2700 364 2757 Si
398 2706 535 2759 enim
568 2706 807 2771 vivimus,
841 2705 1061 2759 Domino
1097 2708 1350 2771 vivimus;
1398 2708 1443 2761 si
1471 2726 1587 2762 tero
1610 2711 1880 2776 morimur,

309 2799 531 2853 Domino
557 2800 828 2853 morimur.
867 2799 985 2854 Sive
1013 2800 1149 2853 enim
1190 2800 1424 2863 vivimus.
1471 2803 1574 2857 sive
1608 2804 1880 2869 morimur,
1927 2796 1955 2837 θ

307 2890 520 2947 Domini
548 2907 750 2950 sumus.
786 2891 860 2952 De
890 2902 1104 2964 cancro,
1141 2892 1473 2954 clmrissime
1497 2934 1512 2958 ,
1560 2903 1619 2947 ut
1664 2896 1881 2963 quidam

308 2984 536 3058 Sapiens
563 2991 640 3044 ait
669 3009 682 3043 :
746 2990 941 3046 Omnia
971 2993 1148 3064 fugere
1175 2988 1359 3064 poterit
1394 2990 1548 3051 'bomo
1581 2999 1769 3066 prada
1793 3008 1884 3053 (Or

308 3089 482 3127 suum.
517 3074 631 3129 Non
666 3077 808 3131 enim
837 3088 1014 3148 potest
1038 3096 1066 3133 a
1098 3088 1157 3135 se
1170 3082 1450 3152 quisquam
1478 3086 1891 3141 recedere.Ubi-
1919 3075 1964 3144 C

1991 1796 2135 1851 enim
2153 1796 2382 1854 damnas
2395 1797 2679 1868 episcopus
2698 1790 2793 1853 sua
2816 1798 2995 1854 omnia
3017 1813 3133 1867 quze
3154 1798 3224 1852 ibi
3243 1798 3466 1860 dimisit,
3480 1814 3568 1853 se-

1990 1901 2111 1942 cum
2129 1888 2676 1965 babere.Argentum,
2696 1897 2754 1943 ut
2770 1903 2903 1957 opus
2924 1888 3064 1958 quod
3088 1888 3139 1942 in
3158 1887 3375 1943 nomine
3399 1888 3567 1957 ipsius

1988 1988 2044 2034 et
2064 1981 2116 2034 in
2149 1981 2366 2036 nomine
2401 1981 2542 2050 regis
2569 1978 2803 2035 defuncti
2827 1994 2987 2048 super
3015 1978 3183 2033 altare
3222 1980 3393 2033 sancti
3419 1977 3565 2032 Petri

1989 2071 2272 2139 cmpitnus,
2323 2071 2387 2125 ad
2441 2078 2754 2140 perpetuum
2801 2070 3110 2125 memoriale
3153 2072 3258 2135 sui,
3298 2079 3350 2125 et
3404 2085 3564 2139 supra

1990 2160 2121 2214 dicti
2154 2161 2298 2231 regis
2326 2160 2586 2230 perficiat.
2630 2159 2958 2216 Ornamenta
2993 2175 3121 2214 vero
3136 2162 3342 2216 divinis
3378 2159 3566 2213 ciliciis

1988 2259 2309 2307 consecrata
2359 2266 2523 2320 penes
2558 2265 2616 2306 se
2642 2250 2876 2319 quandin
2906 2251 3106 2305 vixerit
3128 2249 3239 2303 vult
3270 2265 3409 2305 esse.
3431 2249 3563 2303 Nam

1988 2341 2238 2395 deauro
2270 2341 2410 2410 quod
2442 2341 2508 2394 ad
2556 2356 2653 2395 nos
2695 2341 2919 2395 veniens
2965 2356 3146 2395 secum
3187 2340 3397 2400 detulit,
3432 2341 3564 2394 duas

1988 2431 2140 2484 listas
2177 2431 2367 2486 tabulae
2402 2430 2621 2501 majoris
2648 2433 2864 2494 altaris,
2896 2433 3174 2487 dexteram
3216 2430 3467 2487 videlicet.
3508 2443 3565 2487 et

1987 2520 2284 2584 sinistram,
2307 2537 2427 2589 qua:
2446 2522 2730 2579 destructa!
2745 2530 2922 2586 erant,
2948 2523 3087 2577 sicut
3112 2523 3281 2588 scitis,
3303 2524 3412 2593 jam
3443 2539 3566 2591 pcr-

1986 2612 2133 2666 facit.
2178 2612 2544 2668 Subteriorem
2576 2629 2706 2669 vero
2734 2629 2852 2683 qua:
2899 2623 3166 2679 remanet,
3210 2625 3265 2670 et
3291 2616 3356 2671 de
3383 2614 3564 2671 vaccis

1986 2717 2122 2772 quas
2148 2706 2286 2774 apud
2319 2712 2677 2760 sanctum.....

2542 2794 2872 2852 EPISTOLA
2912 2795 2997 2851 Ill.

2459 2902 2527 2941 AD
2568 2902 2783 2941 DOMNUH
2820 2902 3081 2942 GARSEAH.

2486 3011 2490 3015 ‹
2586 2981 2712 3054 [Ubi
2738 2981 2953 3056 ‘SspmJ
2998 2974 3033 2997 “

2068 3072 2275 3136 Murum
2300 3076 2569 3151 probitate
2599 3082 2795 3152 regalia
2826 3066 3082 3135 decenter
3103 3083 3312 3149 sceptra
3333 3075 3556 3148 regenti.

305 3167 897 3235 cunqueenimabierit,
915 3172 1242 3226 conscientia
1256 3173 1513 3228 suaillum
1535 3190 1639 3230 non
1658 3176 1890 3231 dcrelin-
1990 3173 2186 3229 domno
2218 3172 2445 3227 Causae
2478 3171 2882 3242 religioni.......
2911 3169 3081 3225 ODlLO
3105 3184 3226 3223 cum
3254 3180 3414 3238 grege
3436 3166 3561 3222 Clu-

307 3256 446 3325 quit.
469 3257 537 3310 Et
550 3258 1032 3327 apostolusPaulus
1049 3281 1061 3316 :
1081 3263 1247 3318 Nemo
1270 3265 1363 3319 scit
1376 3283 1491 3336 quia
1511 3267 1887 3334 sunt/taminia,

305 3349 406 3403 nisi
433 3350 645 3421 spiritus
670 3352 921 3421 hominis,
947 3356 1034 3425 qui
1064 3355 1118 3409 in
1146 3357 1256 3427 ipso
1296 3367 1393 3412 est.
1435 3359 1677 3414 Dicerem
1708 3368 1887 3415 tamen

306 3438 509 3508 aliquid
540 3440 866 3496 exhortandi
906 3444 1073 3513 gratia
1104 3484 1118 3506 .
1162 3445 1256 3501 sed
1285 3447 1554 3515 quomodo
1597 3449 1756 3503 debet
1787 3447 1882 3503 do-

304 3542 431 3583 cere
485 3528 774 3595 indoctus,
830 3547 989 3602 quem
1043 3536 1228 3592 unctio
1273 3537 1572 3607 spiritualis
1616 3539 1775 3596 docet
1820 3541 1887 3596 de

304 3620 592 3675 omnibus?
638 3621 743 3676 Sed
793 3622 920 3677 illud
966 3625 1186 3680 reticem
1236 3629 1600 3701 evangelicum
1645 3648 1659 3684 :
1702 3632 1886 3686 Adhuc

306 3726 469 3762 unum
516 3712 609 3765 tibi
659 3715 821 3768 deest.
875 3714 1013 3782 Quid
1048 3716 1174 3772 illud
1218 3718 1290 3774 sit
1321 3721 1689 3793 quamoptime
1718 3723 1879 3778 nosti.

308 3800 443 3855 Vale
1052 3828 1075 3833 π
1174 3828 1181 3831 -

884 3900 1213 3959 EPISTOLA
1251 3904 1315 3958 11.

744 4006 812 4044 AD
850 4002 1134 4049 PATERNU”
1171 4010 1436 4052 ΛΒΒΛΤΕΠ.

414 4077 593 4150 [Apud
626 4079 940 4147 Acberium,
969 4082 1240 4156 Spicilegii
1266 4096 1396 4141 tom.
1423 4086 1512 4153 Ill,
1543 4104 1597 4159 ῃ.
1625 4090 1774 4164 581.]

375 4168 500 4237 Igne
522 4167 691 4224 divini
741 4172 944 4227 amoris
974 4172 1184 4229 fervido
1227 4176 1425 4233 domno
1457 4179 1732 4246 Parnaso,
1762 4198 1883 4253 gre-

304 4259 386 4330 gis
414 4254 611 4316 Christi
642 4258 835 4319 affectu
865 4273 1089 4334 paterno
1118 4272 1452 4338 procuratori
1480 4276 1725 4341 provido,
1771 4276 1881 4331 fra-

306 4359 390 4406 ter
423 4351 597 4408 OntLo
645 4369 767 4409 cum
814 4357 1011 4412 domno
1057 4359 1310 4430 episcopo
1342 4358 1555 4427 Santio,
1600 4364 1881 4432 omnisque

1988 3252 2323 3318 niacensium
2356 3277 2650 3332 pauperum
2691 3260 2792 3314 sibi
2837 3259 3146 3319 commisso,
3196 3259 3406 3311 firmam
3438 3271 3560 3310 cum

1986 3353 2249 3409 fratribus
2270 3361 2325 3407 et
2351 3353 2562 3417 amicis,
2602 3346 2957 3421 omnibusque
2981 3350 3133 3403 vobis
3158 3347 3277 3416 jure
3303 3346 3565 3415 subjectis

1985 3460 2174 3515 pacem
2204 3447 2257 3501 in
2285 3434 2531 3510 Domino,
2560 3460 2623 3500 ac
2653 3444 2720 3499 de
2748 3439 2957 3499 cunctis
2996 3441 3226 3496 inimicis
3270 3439 3558 3496 victoriam

1985 3550 2108 3590 cum
2140 3536 2430 3606 triumpho.

2054 3627 2385 3691 Gaudemus,
2415 3637 2468 3683 et
2499 3627 2854 3697 omnipotenti
2876 3628 2987 3683 Deo
3018 3626 3221 3698 gratias
3252 3625 3557 3688 referimus.

1984 3719 2127 3791 quod
2154 3735 2248 3776 vos
2275 3719 2579 3775 sublimiter
2604 3729 2658 3775 et
2685 3720 2915 3791 gloriose
2944 3728 3051 3773 tam
3078 3720 3130 3773 in
3161 3717 3242 3773 sui
3271 3718 3560 3773 dilectione

1984 3821 2038 3866 et
2064 3811 2254 3867 notitia
2285 3802 2443 3881 quam
2467 3811 2520 3865 in
2542 3802 2784 3867 smCulari
2808 3825 3020 3882 semper
3045 3810 3294 3865 audimus
3314 3825 3559 3864 crescere

1982 3911 2037 3958 et
2066 3902 2329 3974 prolicere
2354 3903 2614 3972 potentia.
2663 3902 2862 3957 Sumus
2898 3890 3082 3972 itaque
3106 3916 3172 3956 ex
3200 3899 3555 3955 indissolubili

1985 3992 2348 4049 familiaritate
2376 4002 2432 4048 et
2466 3993 2725 4050 societate
2764 4008 2869 4064 qua
2903 3992 3027 4049 olim
3060 3992 3199 4062 patri
3223 3999 3404 4046 vestro
3429 4006 3557 4061 pro-

1982 4084 2176 4140 bamur
2197 4084 2455 4155 copulati,
2481 4085 2554 4139 ita
2583 4085 2636 4139 in
2667 4094 2846 4139 vestra
2870 4082 3127 4139 ﬁdelitate
3154 4081 3352 4145 devoti,
3379 4089 3438 4135 ut
3457 4096 3558 4150 pro

1981 4185 2163 4232 vestra
2186 4180 2625 4247 'vestrorumque
2657 4176 2830 4232 salute
2860 4182 2915 4230 et
2957 4174 3345 4238 incolumitate,
3395 4182 3559 4243 atque

1982 4265 2050 4320 de
2075 4266 2285 4321 cunctis
2312 4265 2550 4321 inimicis
2572 4267 2767 4321 vestris
2799 4265 3026 4320 victoria
3073 4264 3240 4318 Deum
3271 4278 3558 4319 exoremus

1984 4355 2220 4410 assiduis
2265 4354 2542 4425 precibus,
2587 4363 2870 4425 poscentes
2915 4352 3030 4423 ejus
3082 4354 3558 4409 elementissimam

306 4440 741 4499 Cluniacensmm
775 4461 1069 4517 pauperum
1098 4453 1770 4522 congregatio,monastici
1803 4456 1880 4512 la-

1984 4446 2398 4518 benignitatem,
2431 4447 2590 4502 utsic
2618 4456 2813 4502 cuncta
2844 4456 3022 4502 vestra
3068 4447 3364 4502 secundum
3404 4461 3555 4501 suam

303 4527 452 4585 boris
479 4530 726 4587 bravium
756 4548 786 4587 a
808 4532 1044 4590 Christo.

374 4617 432 4674 Si
462 4631 658 4678 cuncta
692 4623 838 4679 circa
863 4640 960 4681 vos
989 4637 1117 4682 sunt
1145 4644 1400 4701 prospera
1432 4640 1487 4688 et
1511 4643 1719 4703 pacata,
1748 4651 1878 4708 gau-

304 4708 493 4766 demus
522 4721 577 4767 et
601 4715 958 4779 exsultamus,
976 4726 1028 4771 et
1051 4726 1110 4772 ut
1131 4734 1346 4790 semper
1370 4723 1434 4777 de
1463 4725 1603 4779 bono
1633 4728 1884 4796 proﬁcia-

306 4800 376 4855 tis
403 4802 455 4856 in
487 4804 682 4861 melius
738 4808 881 4862 votis
906 4810 1162 4879 omnibus
1188 4802 1567 4887 prteoptamus.
1597 4817 1702 4874 Pro
1735 4828 1883 4876 statu

306 4904 522 4962 quoque
547 4897 697 4966 regni
738 4905 799 4950 ut
829 4896 1088 4954 liberetur
1116 4902 1184 4956 ab
1215 4902 1521 4961 incursione
1550 4910 1878 4977 paganorum

304 4988 362 5035 et
389 4996 420 5036 ι
449 4988 831 5053 persecutione
857 4987 1118 5046 falsorum
1149 4983 1604 5061 Christianorum,
1637 5001 1884 5070 omnipo-‘

304 5072 440 5128 tenti
467 5073 577 5131 Deo
602 5076 874 5148 supplices
916 5088 971 5136 et
1007 5082 1508 5154 continuas'preces
1534 5089 1683 5142 omni
1720 5090 1882 5145 devo-

307 5162 451 5220 tione
475 5166 655 5223 cordis
678 5166 896 5225 assidue
925 5156 1221 5228 oﬂ‘erimus.
1250 5172 1316 5226 Et
1349 5185 1408 5231 ut
1436 5176 1747 5234 firmissima
1775 5196 1879 5251 pax

302 5251 449 5307 inter
471 5253 610 5309 filios
638 5256 776 5312 diva:
803 5251 1078 5315 memorire
1110 5259 1314 5317 domini
1355 5264 1529 5318 nostri
1579 5264 1755 5323 Sautii
1795 5285 1882 5325 re-

1980 4532 2312 4594 voluntatem
2345 4537 2594 4592 nobiliter
2617 4538 2886 4610 disponat,
2911 4537 3055 4608 quod
3082 4545 3203 4608 post
3230 4547 3553 4608 praesentem
3578 4588 3584 4593 .

1984 4627 2206 4699 gloriam
2227 4637 2284 4684 et
2307 4626 2645 4694 felicitatem,
2661 4629 2726 4683 ad
2751 4629 2990 4685 etelestia
3019 4631 3211 4700 gaudia
3240 4627 3334 4684 vos
3359 4630 3583 4698 perdit-.

1984 4727 2089 4774 cat.
2118 4719 2411 4784 Praeterea,
2457 4721 2581 4775 licet
2621 4735 2728 4775 non
2760 4721 2877 4776 sine
2908 4722 3125 4786 rubore,
3154 4721 3388 4789 pandere
3417 4720 3559 4787 cogi-

1949 4814 1955 4821 ’
1986 4815 2114 4865 mur
2133 4816 2329 4866 ve'slrte
2342 4811 2700 4867 sublimitatis
2723 4811 3104 4866 munificentiae
3139 4818 3336 4865 nostra:
3364 4809 3558 4876 inopire

1987 4891 2397 4971 necessitatem,
2421 4921 2525 4975 qua
2548 4904 2659 4973 jam
2686 4896 2781 4975 per
2812 4907 2944 4960 duos
2969 4912 3021 4957 et
3043 4918 3108 4957 eo
3132 4903 3363 4972 amplius
3390 4916 3560 4955 annos

1986 4994 2273 5065 allligimur
2293 4996 2582 5058 continue;
2616 5009 2738 5047 nam
2766 4992 3032 5061 generalis
3056 4991 3223 5046 tutius
3250 4989 3397 5060 regni
3432 5004 3563 5057 pau-

1955 5094 2189 5156 ’pertas,
2232 5089 2393 5142 famis
2423 5099 2637 5154 quoque
2665 5092 2720 5136 et
2750 5084 2945 5150 inopim
2986 5095 3087 5135 nos
3131 5083 3390 5157 opprimit
3417 5080 3566 5134 cala-

1983 5179 2167 5245 mitas,
2196 5178 2337 5233 sicut
2357 5185 2414 5231 et
2436 5174 2573 5227 alios
2600 5180 2799 5227 nostra:
2822 5171 3116 5227 vicinitatis
3140 5170 3562 5242 compatriotas:

1983 5265 2453 5336 quod'periculum
2484 5270 2543 5315 ut
2570 5262 2801 5316 evadere
2845 5260 3132 5332 possimus,
3172 5270 3356 5317 vestro
3396 5259 3585 5319 adtui-.
