4116 5358
543 342 648 403 9ιὸ

1094 450 1430 509 EPISTOLA
1468 451 1559 508 IV.

1058 562 1126 601 ΔΙ)
1163 561 1457 603 ΜΑἸἮΟΝΔΜ
1499 562 1600 601 Β...

1154 635 1279 708 [Ubi
1307 636 1516 709 supra.]

606 728 966 787 Nobilissimae
994 727 1350 783 matroniel’t.
1379 727 1552 785 frater
1580 728 1751 785 ODILO
1776 727 1960 784 ﬁdeles
1993 742 2121 784 ora-

543 824 737 879 tiones.

608 916 858 979 Mirarer,
887 914 1124 982 domina,
1150 916 1305 973 valde
1331 932 1430 973 cur
1458 931 1545 972 me
1575 916 1819 987 ignotum
1847 924 1903 970 et
1930 915 2123 970 imme-

538 1007 702 1062 ritum
734 1005 895 1061 toties
924 1005 1342 1063 salutationibus
1375 1008 1481 1062 tuis
1507 1006 1770 1069 laetificas.
1803 1006 2122 1060 muneribus

539 1093 857 1167 ampliﬁcas,
887 1095 988 1150 nisi
1019 1096 1165 1151 illam
1195 1106 1496 1152 maternam
1532 1096 1832 1150 bonitatem
1864 1110 2125 1167 agnosce—

538 1199 653 1242 rem
683 1185 814 1240 etin
836 1193 889 1240 te
914 1186 1194 1249 sentirem,
1222 1201 1344 1256 quae
1372 1186 1624 1241 omnibus
1657 1195 1764 1239 tam
1799 1186 1940 1240 notis
1961 1200 2124 1254 quam

538 1277 760 1349 lgnotis,
787 1279 1098 1349 promeritis
1123 1288 1180 1335 et
1201 1279 1509 1344 immeritis,
1542 1279 1845 1334 communis
1865 1287 1918 1334 et
1942 1293 2125 1349 requa-

538 1372 606 1426 lis
634 1386 756 1427 esse
803 1372 1031 1428 solebat.
1078 1372 1230 1429 Unde
1280 1388 1387 1427 non
1440 1373 1510 1426 ad
1561 1371 1887 1434 mirandum.
1923 1371 2018 1426 sed
2055 1371 2123 1424 ad

541 1465 751 1538 gratias
808 1464 1152 1522 referendum
1221 1473 1363 1522 totus
1430 1471 1737 1528 convertor,
1795 1461 2005 1517 scilicet
2059 1462 2127 1516 de

1535 340 1594 397 S.
1633 337 1949 398 ODILONIS
1987 335 2487 395 CLUNIACENSIS
2524 335 2816 394 ABBA'I‘IS

3709 331 3819 390 9M

2155 452 2208 513 Α
2233 455 2486 508 omnibus
2529 455 2689 508 bonis
2735 466 2857 521 quae
2889 458 2977 506 tua
3024 448 3266 506 cbaritas
3307 446 3465 504 nobis
3506 452 3563 503 et
3614 448 3820 504 nostris

2228 560 2444 617 semper
2458 544 2593 601 solet
2617 544 2943 615 impendere.
2964 539 3318 600 Orationibus
3333 537 3535 594 nostris
3557 537 3820 594 fratrum-

2227 652 2334 708 que
2362 645 2669 693 nostrorum
2697 652 2792 706 per
2815 635 3044 691 fratrem
3077 632 3403 689 Luitfridum
3428 630 3651 701 dignata
3680 645 3742 686 es
3764 638 3817 686 te

2227 731 2641 795 commendare;
2689 731 2744 784 in
2792 728 2989 800 quibus
3037 728 3180 784 scias
3223 725 3570 782 devotissime
3619 733 3816 780 teesse

2227 832 2536 894 susceptam
2598 830 2762 892 atque
2807 821 3119 891 ascriptum,
3165 826 3219 875 ct
3260 832 3371 872 non
3400 817 3574 873 solum
3610 825 3683 881 te,
3717 816 3814 871 sed

2228 917 2394 970 etiam
2424 914 2803 970 ebarissimum
2831 912 3064 979 amicum
3090 918 3335 965 nostrum
3360 909 3634 963 seniorem
3664 914 3815 961 tuum

2537 1018 2602 1061 ac
2645 1004 3022 1060 dulcissimum
3064 1001 3288 1056 fratrem
3334 998 3452 1069 ejus
3751 998 3818 1054 de

2230 1099 2428 1169 quibus
2474 1111 2692 1167 semper
2719 1094 2859 1151 bene
2886 1093 3096 1158 audivi,
3125 1101 3182 1148 et
3203 1092 3403 1156 adhuc,
3453 1092 3565 1145 Deo
3593 1087 3814 1161 gratias,

2230 1190 2411 1246 audio.
2457 1188 2605 1257 Quos
2651 1195 2909 1256 utrosque
2961 1192 3022 1239 ut
3071 1181 3464 1239 ofﬁciosissime
3511 1195 3579 1234 ex
3631 1184 3817 1232 nostra

2229 1288 2387 1350 parte
2424 1279 2648 1342 salutes,
2675 1276 2902 1332 multum
2936 1282 3087 1329 tuam
3118 1287 3249 1344 rogo
3286 1271 3631 1327 charitatem.
3666 1266 3815 1333 Vale,

2230 1380 2285 1428 et
2316 1385 2524 1427 memor
2549 1369 2649 1435 tui,
2683 1381 2959 1437 nunquam
2989 1366 3277 1421 immemor
3306 1363 3534 1419 existas.

548 1629 3806 1684 Μ

1392 1808 2061 1924 εΔΝανιιι
2142 1794 2996 1918 ουιιοωιε

1744 2011 2036 2080 ABBATIS
2070 2008 2570 2071 CLUNIACENSIS
2606 2008 2651 2065 V

971 2210 1153 2323 DE
1235 2201 1590 2329 VITA
1676 2199 2100 2317 BEATI
2184 2190 2681 2310 MAIOLI
2767 2185 3370 2308 ABBATIS

1938 2384 2472 2517 LIBELLUS.

1636 2578 1986 2698 (Bibliotheca
2024 2616 2413 2682 Cluniacensis,
2435 2627 2560 2688 pag.
2592 2610 2744 2686 279.)

2044 2774 2367 2792 ’—

1846 2888 2642 2984 PRIEFATIO.

616 3081 830 3138 HUGONI
865 3076 979 3151 (56)
1006 3084 1062 3132 et
1102 3073 1423 3131 cbarissimo
1465 3070 1619 3126 fratri
1644 3070 1929 3133 Animo,
1968 3065 2140 3121 ODILO
2168 3062 2216 3124 B
2244 3062 2570 3133 periculum,
2598 3040 2673 3128 et,
2706 3059 2849 3130 quod
2881 3058 3053 3130 magis
3080 3056 3332 3130 urgebat,
3367 3056 3532 3112 totius
3558 3056 3751 3129 patria:
3771 3064 3825 3112 et

550 3176 858 3250 presbyter,
890 3172 944 3226 in
974 3168 1206 3225 Domino
1231 3165 1481 3222 salutem.

618 3268 753 3325 Cum
793 3263 1088 3321 residerem
1140 3258 1414 3330 prmterito
1467 3265 1707 3327 tempore
1756 3250 2019 3324 paschali,
2076 3249 2131 3304 in

547 3363 784 3418 claustro
832 3355 1062 3414 Romani
1116 3352 1478 3417 monasterii,
1525 3349 1699 3421 pridie
1753 3361 1915 3418 quam
1960 3342 2132 3415 patris

546 3455 722 3512 nostri
754 3452 932 3508 Μαίοιί
966 3447 1337 3521 superveniret
1362 3443 1700 3508 solemnitas,
1726 3455 1870 3496 unus
1893 3453 1923 3494 e
1948 3435 2134 3492 fratri-

547 3549 670 3614 bus,
697 3546 915 3602 nomine
946 3543 1204 3606 Joannes,
1250 3539 1366 3610 qui,
1415 3536 1713 3594 secundum
1766 3534 1849 3590 sui
1901 3529 2135 3587 nominis

550 3654 846 3708 congruam
875 3633 1407 3705 interpretationem,
1440 3627 1653 3684 Domini
1700 3624 1888 3698 gratiae
1928 3622 2134 3678 ditatus

548 3742 633 3790 est
661 3740 903 3795 munere,
938 3726 1162 3798 inempit
1186 3725 1465 3795 inquirere
1492 3722 1543 3777 in
1578 3736 1685 3792 quo
1725 3717 2001 3774 volumine
2044 3730 2136 3770 ea—

550 3826 673 3882 dem
729 3832 887 3881 nocte
933 3821 1192 3877 lectiones
1234 3818 1457 3874 deberet
1503 3815 1785 3871 adnotare.
1845 3811 1923 3865 Ad
1974 3823 2134 3878 quem

550 3932 693 3989 ego:
723 3917 1076 3985 Consequens
1120 3920 1205 3968 est
1234 3918 1293 3965 ut
1333 3909 1387 3963 in
1435 3905 1597 3976 hujus
1644 3903 1816 3976 patris
1870 3898 2134 3956 memoria

512 4016 515 4017 ⁷
548 4005 849 4064 beatissimi
879 4003 1051 4074 patris
1075 3999 1326 4072 Gregorii
1353 3998 1650 4054 recitentur
1670 3992 1911 4062 eloquia,
1938 3991 2139 4061 quippe

554 4100 680 4171 quia
710 4098 853 4153 idem
883 4104 1062 4166 pater,
1092 4094 1220 4150 dum
1250 4092 1475 4158 advixit,
1505 4090 1694 4146 eadem
1739 4084 2137 4143 studiosissime

555 4191 875 4261 frequenter
895 4197 953 4243 et
980 4186 1187 4243 audivit
1228 4192 1284 4240 et
1310 4184 1459 4253 legit,
1485 4191 1559 4247 ct,
1589 4196 1710 4236 cum
1730 4178 1907 4241 libuit,
1936 4175 2003 4231 de
2033 4173 2139 4228 eis-

553 4283 675 4337 dem
711 4280 939 4336 l‘acundo
971 4293 1223 4334 sermone
1249 4276 1527 4333 diSSeruit.
1559 4274 1821 4342 Exempto
1849 4276 1970 4341 post
2026 4283 2138 4322 mo-

555 4370 733 4426 dicum
762 4368 1110 4438 vespertinali
1137 4365 1335 4434 ollicio,
1363 4378 1427 4420 ac
1453 4363 1719 4434 pmlinito
1744 4361 1950 4416 diurna:
1970 4355 2142 4414 servi-

2239 3154 2484 3209 omnium
2517 3168 2814 3224 pauperum
2866 3152 3072 3224 grande
3113 3149 3570 3220 lamentabileque
3601 3149 3822 3219 dispen-

2238 3247 2409 3302 dium.
2469 3244 2630 3300 Tauti
2692 3259 2823 3300 vero
2876 3242 3206 3300 discriminis
3273 3242 3517 3311 tantique
3568 3239 3826 3295 maeroris

2240 3338 2402 3393 anxia
2435 3336 2692 3409 cogitatio
2719 3333 3003 3406 perplures
3023 3331 3136 3401 jam
3164 3347 3253 3387 me
3282 3341 3472 3388 noctes
3516 3331 3826 3385 insomnem

2242 3431 2571 3515 reddiderat.
2606 3429 2713 3484 Sed
2740 3427 2929 3483 eadem
2971 3425 3205 3494 denique
3252 3433 3431 3491 nocte,
3481 3438 3606 3479 cum
3663 3420 3824 3476 solito

2242 3513 2650 3580 moremordax
2678 3518 2936 3590 cogitatio
2975 3516 3225 3573 sensibus
3270 3515 3471 3571 nostris
3515 3513 3827 3585 importune

2244 3633 2303 3674 se
2329 3616 2487 3670 vellet
2515 3615 2784 3684 ingerere.
2806 3620 2863 3666 ut
2889 3610 3021 3665 mihi
3044 3626 3073 3663 a
3102 3608 3327 3664 Domino
3348 3607 3665 3679 deposceret
3692 3617 3826 3658 con-

2244 3707 2524 3765 solationis
2549 3704 2844 3769 auxilium,
2875 3703 3091 3757 beatum
3120 3700 3259 3770 ccepi
3286 3711 3514 3753 exorare
3551 3693 3828 3750 Maiolum.

2242 3803 2371 3857 Post
2401 3799 2681 3871 paululum
2713 3787 2847 3852 v'cro
2880 3795 3012 3851 mihi
3041 3808 3331 3866 suggerere
3356 3790 3523 3861 capit
3551 3786 3687 3843 tanti
3728 3800 3829 3856 pa-

2246 3895 2345 3950 tris
2387 3892 2560 3948 dulcis
2592 3888 2871 3944 ‘memoria
2923 3894 2978 3941 et
3007 3880 3406 3954 quodammodo
3458 3878 3829 3950 promittendo

2246 3985 2425 4041 dicere
2453 3991 2538 4048 ut,
2568 3981 2612 4036 si
2641 3980 2880 4034 animum
2910 3977 2965 4031 in
2995 3976 3112 4046 ejus
3139 3973 3388 4028 laudibus
3416 3983 3688 4041 occuparo:
3711 3979 3830 4022 sat-

2245 4091 2482 4148 agerem,
2520 4070 2760 4128 caelestis
2814 4066 3197 4125 consolationis
3243 4061 3552 4134 praesidium
3601 4068 3835 4129 quanto-

2246 4168 2363 4222 cius
2392 4168 2577 4237 procul
2605 4162 2769 4218 dubio
2794 4160 3040 4216 invenire
3057 4171 3298 4228 possem.
3325 4153 3553 4215 Idcirco,
3585 4148 3833 4205 dilectis-

2248 4260 2371 4314 simi
2400 4258 2643 4313 seniores
2669 4262 2725 4308 et
2755 4252 2971 4316 fratres,
3001 4250 3100 4306 etsi
3163 4262 3270 4301 non
3299 4243 3593 4301 secundum
3623 4239 3835 4310 magni-

2252 4349 2491 4404 tudinem
2522 4344 2625 4411 sui,
2684 4351 2865 4398 tamen
2909 4338 3205 4396 secundum
3245 4335 3567 4406 parvitatem
3619 4328 3833 4385 intelle-

558 4459 690 4514 tutis
722 4418 986 4529 tempere,
1039 4467 1148 4513 tam
1194 4418 1335 4513 ordo
1356 4418 1516 4525 quam
1548 4451 1849 4510 necessitas
1875 4449 2142 4507 invitabat
2169 4431 2216 4496 α
2248 4449 2366 4495 ctus
2404 4436 2601 4502 nostri,
2633 4449 2770 4505 opus
2800 4432 3105 4502 subjectum
3132 4428 3375 4485 scribere
3401 4420 3609 4480 curavi.
3638 4418 3838 4487 Quale-

564 4564 666 4604 nos
698 4550 764 4604 ad
792 4557 1024 4604 stratum
1055 4549 1333 4605 accedere.
1371 4549 1529 4603 Eram
1572 4555 1699 4601 tunc
1750 4542 2010 4613 temporis
2059 4539 2143 4594 lu-

560 4653 695 4709 gens
723 4649 780 4695 et
806 4639 1008 4695 deﬂens
1040 4656 1146 4694 non
1199 4639 1358 4693 modo
1406 4638 1659 4691 damnum
1712 4634 1789 4689 rei
1841 4630 2145 4695 familiaris,

2250 4545 2465 4601 cunque
2492 4527 2694 4583 etenim
2722 4523 2866 4581 istud
2893 4536 3028 4593 opus
3057 4522 3149 4587 sit,
3196 4517 3336 4590 ignis
3377 4512 3674 4588 spiritualis
3712 4523 3839 4566 sen-

2250 4610 2346 4679 sus
2381 4620 2550 4676 vestri
2579 4625 2637 4672 ut
2666 4615 2962 4679 examinet,
2991 4612 3269 4669 discernat
3294 4616 3349 4664 et
3371 4604 3631 4674 corrigat,
3644 4609 3837 4658 nostra

559 4730 654 4785 sed
671 4740 726 4787 et
749 4730 977 4787 insolita:
1001 4730 1329 4786 calamitatis
1355 4737 1409 4783 et
1436 4727 1688 4783 inaudita:
1710 4723 1942 4781 miseriae
1962 4723 2149 4793 ingens
2249 4714 2571 4777 fraternitas
2596 4716 2748 4782 optat
2779 4716 2836 4764 et
2862 4713 3001 4763 orat.
3030 4742 3038 4757 .

1396 4918 1862 5010 INCIPIT
1933 4908 2409 5003 TEXTUS
2479 4899 3007 4995 LIBELLI.

628 5104 764 5164 Post
792 5099 1161 5175 apostolorum
1191 5108 1247 5155 et
1273 5098 1733 5170 evangelistarum
1766 5097 2143 5156 sacrosancta,

576 5198 758 5254 divina
788 5204 843 5252 et
880 5194 1141 5251 salutaria
1196 5192 1543 5255 documenta,
1592 5202 1656 5243 ac
1702 5181 2147 5240 victoriosissima

569 5300 627 5344 et
656 5289 1014 5344 invictissima
1056 5287 1336 5341 beatorum
1364 5292 1665 5344 martyrum
1708 5276 1943 5344 gloriosa
1975 5281 2151 5330 certa-

2260 5085 2578 5141 sacerdotes
2607 5086 2660 5137 et
2686 5076 3082 5135 illustrissimus
3111 5072 3277 5137 viros,
3325 5068 3565 5124 humana
3611 5061 3845 5121 scientia

2257 5194 2364 5233 non
2388 5191 2549 5240 vane,
2583 5175 2678 5231 sed
2706 5169 3002 5229 salubriter
3026 5164 3308 5238 praeditos,
3351 5160 3536 5217 divina
3576 5155 3846 5227 sapientia

2257 5267 2516 5333 refertos,
2543 5281 2638 5339 per
2665 5276 2899 5336 quorum
2931 5257 3231 5332 Spiritalem
3254 5250 3672 5323 intelligentiam
3701 5257 3756 5344 et
3786 5246 3842 5344 in
