4116 5358
293 349 400 411 915

1392 378 1395 381 ·
1427 352 1513 410 DE
1552 351 1711 409 \‘lTA
1750 352 1811 407 Β.
1852 350 2087 409 MAIOLI
2119 349 2432 409 ABBATIS.

3400 318 3405 321 ⁷
3458 347 3565 406 ate

293 466 619 540 spiritaliter
642 464 947 522 intellectus
973 464 1040 522 ad
1088 464 1262 523 lucem
1311 467 1652 535 procederet,
1697 465 1875 522 Evano
1908 477 1954 538 Α
1981 465 2246 522 obtinere.
2278 465 2544 521 Processu
2568 477 2697 519 vero
2718 459 2999 533 temporis,
3019 469 3142 531 post
3173 459 3459 516 transitum
3486 461 3572 516 vi-

294 557 457 630 gelici
491 571 708 628 quoque
736 555 956 611 luminis
983 555 1180 626 gloria,
1211 555 1390 612 virtus
1414 571 1480 611 ac
1505 554 1759 625 maiestas
1790 564 1877 611 to-

300 649 414 704 tius
446 645 637 703 mundi
666 644 1024 702 densissimas
1047 643 1308 716 ell‘ugaret
1336 645 1605 700 tenebras.
1648 643 1755 699 Per
1783 646 1881 702 ho-

297 756 423 798 rum
487 738 695 799 etenim
748 737 1177 805 sincerissimam
1224 737 1548 794 industriam
1600 737 1882 809 apostolici

298 841 459 890 actus
486 839 831 890 exponuntur
857 837 912 886 et
966 829 1417 885 commendantur
1467 828 1731 887 fidelibus.
1780 828 1885 884 Per

299 845 459 890 actus
486 848 551 889 ex
630 845 831 887 nuntur
857 845 912 886 et
966 845 1417 885 commendantur
1467 845 1731 887 uueunus.
1781 845 1882 884 ver

299 845 934 1002 horum/d’egotissimum
965 919 1222 984 studium,
1258 919 1541 974 beatorum
1578 927 1882 987 martyrum

300 1004 616 1082 triumphus
640 1008 898 1067 Ecclesia:
923 1017 1130 1064 sanctze
1160 1008 1578 1064 commendatur
1620 1017 1677 1061 et
1716 1007 1883 1061 meri-

302 1114 441 1161 tum.
467 1103 700 1159 Istorum
728 1116 969 1172 namque
995 1101 1119 1166 fide,
1149 1100 1416 1171 sapientia
1440 1107 1493 1155 et
1539 1098 1886 1171 prmdicatio-

303 1194 393 1250 nis
438 1192 695 1249 instantia
729 1190 1130 1246 susurrantium
1159 1199 1214 1245 et
1261 1188 1647 1245 oblatrantium
1696 1196 1889 1243 contra

304 1285 466 1341 fidem
497 1283 824 1338 catholicam
853 1298 1100 1338 murmur
1129 1283 1491 1352 compescitur
1529 1287 1585 1335 et
1629 1277 1889 1350 opprimi-

307 1383 412 1439 tur,
448 1372 923 1449 schismaticorum
962 1373 1222 1443 strepitus
1267 1371 1488 1426 sedatur
1533 1379 1588 1425 et
1636 1384 1699 1426 os
1751 1383 1890 1423 vana

306 1463 640 1534 loquentium
669 1461 994 1527 obstruitur,
1022 1462 1284 1517 idolorum
1302 1468 1541 1532 potestas
1567 1458 1889 1523 destruitur,

311 1552 592 1625 gentilium
623 1550 917 1606 crudelitas
946 1560 1256 1621 superatur,
1310 1549 1757 1622 philosophorum
1808 1548 1893 1603 in-

312 1645 465 1699 sania
510 1644 903 1708 contemnitur,
955 1642 1277 1713 conSpuitur
1310 1651 1366 1697 et
1403 1640 1746 1707 annullatur;
1772 1654 1891 1693 om-

309 1734 461 1789 nium
518 1730 895 1787 haereticorum
948 1731 1194 1797 falsitas,
1250 1732 1509 1802 perﬁdia,
1566 1728 1891 1795 infidelitas,

1987 558 2182 615 delicet
2214 556 2509 629 supradicti
2544 554 2772 626 piissimi
2804 552 2997 624 patris,
3038 566 3134 621 per
3172 552 3389 609 beatum
3418 550 3572 607 Man.

1988 666 2107 704 rum
2131 648 2248 719 ejus
2268 645 2778 718 diseipulumjomnis
2803 658 2939 715 pene
2960 640 3130 698 Gallia
3148 642 3260 712 (57)
3276 641 3392 711 ejus
3421 642 3575 699 insti-

1989 743 2215 797 tutionis
2240 749 2294 795 et
2319 738 2595 809 religionis
2622 736 2862 806 suscepit
2891 735 3195 791 exordium.
3244 733 3446 790 Deinde
3479 747 3577 803 per

1988 850 2113 891 cum
2144 844 2200 889 et
2223 847 2318 888 eos
2344 846 2481 903 quos
2504 830 2620 902 ipse
2652 828 2719 885 ad
2751 829 3020 900 justitiam
3050 826 3303 891 erudivit,
3332 840 3431 896 per
3455 824 3574 895 plu-

1990 924 2127 979 rima
2154 932 2456 993 temporum
2498 921 2691 990 spatia,
2734 919 2922 975 eadem
2960 917 3148 988 religio
3194 916 3262 972 ad
3302 915 3576 972 cumulum

1990 1012 2345 1085 perfectionis
2367 1010 2635 1074 excrevit,
2671 1007 2753 1063 eis
2791 1008 2860 1062 ab
2886 1008 2990 1063 hac
3022 1007 3132 1062 vita
3172 1005 3576 1070 decedentibus,

1986 1104 2196 1175 iustitia
2248 1112 2577 1166 rarescente,
2611 1099 2850 1168 nequitia
2883 1098 3282 1163 crebrescente,
3311 1105 3367 1152 et
3406 1106 3581 1157 matre

1993 1195 2235 1251 omnium
2282 1193 2549 1248 bonarum
2607 1188 2868 1244 virtutum
2915 1188 3197 1258 disciplina
3249 1195 3579 1259 tepescente,

1993 1296 2277 1357 creperum
2321 1283 2496 1339 studia
2530 1283 2753 1337 Patrum
2801 1278 3016 1351 piorum
3066 1279 3332 1343 deficere,
3360 1289 3414 1334 et
3440 1279 3584 1334 sicut

1995 1395 2095 1452 per
2124 1378 2406 1448 religiosos
2436 1385 2491 1430 et
2517 1374 2730 1430 fervore
2760 1372 2936 1429 sancti
2969 1370 3207 1442 Spiritus
3241 1371 3429 1441 plenos
3457 1385 3584 1426 san-

1996 1480 2099 1527 cta:
2128 1467 2486 1525 institutionis
2522 1479 2714 1520 norma
2750 1463 3021 1535 gradatim
3051 1460 3402 1533 perfectionis
3430 1475 3586 1517 acce-

1995 1561 2075 1633 pit
2103 1569 2471 1632 augmentum,
2526 1558 2601 1611 ita
2643 1570 2742 1627 per
2799 1555 3135 1626 negligentes
3183 1563 3238 1609 et
3284 1552 3583 1609 desidiosos

1995 1653 2257 1725 paulatim
2287 1652 2490 1706 decidit
2522 1650 2574 1703 in
2615 1647 2912 1704 defectum.
2954 1646 3223 1701 Salutaris
3255 1646 3417 1717 igitur
3454 1658 3584 1714 pro.

1999 1743 2162 1815 positi
2200 1740 2501 1813 perniciosa
2533 1737 2766 1793 defectio
2799 1751 2969 1806 usque
3004 1736 3073 1790 ad
3106 1744 3317 1806 tempus
3347 1733 3475 1789 illud
3511 1732 3585 1803 ir-

311 1839 468 1879 error
501 1833 555 1879 et
583 1824 761 1879 rabies
790 1823 952 1879 veluti
988 1823 1127 1879 fetor
1157 1824 1423 1890 iumosus,
1467 1831 1522 1878 et
1545 1821 1726 1877 fumus
1763 1821 1889 1877 feti-

2005 1841 2237 1904 repserat
2257 1828 2541 1894 latitando,
2569 1842 2677 1898 quo
2702 1826 2916 1883 favente
2944 1825 3209 1881 Willelmo
3233 1823 3584 1880 Christianis-

310 1916 588 1981 discimus,
623 1924 681 1970 ut
710 1931 988 1986 nunquam
1013 1926 1069 1972 et
1094 1931 1359 1987 nusquam
1388 1917 1559 1987 possit
1606 1928 1892 1984 apparere,

312 2003 646 2071 exsuﬂlatur,
679 2014 734 2060 et
780 2006 833 2059 in
868 2005 1093 2060 nihilum
1147 2005 1438 2062 resolvitur
1477 2013 1531 2060 et
1581 2004 1892 2059 exhalatur.

312 2095 607 2167 Postquam
642 2098 774 2153 tales
804 2106 858 2154 et
894 2106 1072 2153 tantos
1115 2098 1284 2164 viros,
1318 2106 1505 2168 utpote
1557 2098 1704 2153 cives
1747 2111 1893 2161 suos,

316 2195 373 2243 et
400 2188 566 2259 Regis
617 2188 701 2244 sui
745 2189 1079 2245 domesticos
1129 2188 1251 2243 aula
1306 2189 1547 2245 etelestis
1594 2188 1897 2243 laetabunda

316 2280 577 2347 suscepit,
606 2292 673 2333 ex
699 2278 811 2349 ipsa
838 2293 1090 2349 suprema
1121 2277 1439 2349 caelestique
1488 2279 1784 2347 republica,
1820 2278 1899 2332 di-

313 2370 445 2425 vina
470 2383 700 2430 censura
726 2377 921 2439 quarto
965 2369 1086 2425 loco
1134 2369 1326 2425 ordine
1366 2383 1610 2439 congruo
1662 2366 1900 2436 parvulis

316 2463 579 2521 Ecclesia:
626 2463 915 2519 consulere
964 2463 1156 2529 voluit,
1206 2464 1281 2518 ita
1329 2471 1389 2517 ut
1441 2462 1695 2532 gratiam,
1736 2477 1899 2531 quam

315 2562 581 2625 praestare
607 2552 932 2624 dignabatur
957 2568 1056 2623 per
1085 2551 1346 2608 sublimes
1366 2563 1420 2607 et
1444 2551 1632 2617 fortes,
1663 2560 1907 2619 postmo-

318 2647 447 2702 dum
474 2654 760 2716 prazstaret
785 2660 882 2715 per
908 2644 1144 2699 humiles
1173 2652 1227 2700 et
1264 2644 1584 2699 innocentes
1610 2653 1664 2697 et
1698 2642 1903 2710 simpli-

316 2755 428 2797 ces.
462 2737 670 2794 Deinde
699 2737 867 2809 empit
891 2737 1223 2793 monasticus
1247 2737 1382 2791 ordo
1426 2736 1709 2807 pullulare,
1738 2744 1812 2801 et,
1846 2745 1905 2790 ut

314 2832 502 2887 verius
531 2832 799 2895 dicamus,
832 2829 1193 2897 reviviscere;
1222 2844 1383 2900 quem
1413 2843 1442 2883 a
1467 2829 1627 2885 beato
1673 2829 1824 2884 Helia
1852 2837 1908 2883 et

317 2920 528 2976 Joanne
584 2919 825 2991 Baptista
878 2920 1127 2976 novimus
1171 2919 1522 2991 processisse,
1583 2927 1640 2974 et
1687 2920 1762 2974 ita
1811 2933 1910 2990 per

319 3012 674 3085 apostolicam
704 3022 762 3067 et
787 3013 1258 3069 conversationem
1290 3020 1348 3069 et
1393 3013 1577 3077 vitam,
1627 3019 1684 3066 et
1733 3012 1909 3067 incre—

320 3116 505 3163 menta
530 3107 817 3174 virtutum,
843 3114 896 3162 et
927 3104 1187 3161 exercitia
1215 3112 1525 3161 sanctorum
1549 3104 1907 3174 spiritualium

320 3197 547 3254 Patrum
576 3195 645 3251 ad
672 3212 773 3251 nos
798 3210 970 3267 usque
995 3195 1290 3266 gaudemus
1324 3194 1659 3266 pervenisse.
1693 3194 1799 3248 Per
1827 3193 1909 3263 ip-

321 3304 415 3347 sos
467 3288 671 3345 etenim
699 3294 755 3344 et
785 3287 853 3341 ab
907 3287 1037 3357 ipsis
1070 3286 1479 3358 perfectissime
1502 3284 1793 3355 adimpleta
1824 3293 1911 3339 est

323 3377 590 3449 perfectio
615 3377 764 3433 illius
807 3378 968 3434 unius
1018 3393 1085 3434 ac
1128 3377 1380 3449 specialis
1432 3376 1748 3447 evangelici,
1799 3376 1910 3431 imo

326 3467 595 3523 Dominici
623 3468 878 3539 praecepti
907 3485 921 3522 :
954 3467 1098 3537 quod
1129 3467 1317 3523 deerat
1348 3467 1425 3521 illi
1455 3465 1809 3529 adolescenti,
1842 3464 1911 3520 de

327 3557 672 3628 possessione
693 3545 817 3612 vitai
843 3566 1061 3615 aeterna:
1110 3558 1249 3628 apud
1297 3557 1636 3614 Salvatorem
1687 3555 1914 3624 conqui-

329 3648 493 3715 renti,
522 3648 884 3717 respondente
909 3647 1013 3702 sibi
1058 3649 1250 3703 eodem
1299 3647 1526 3703 Domino
1576 3644 1797 3700 Christo
1849 3658 1915 3699 ac

332 3739 587 3795 dicente:
615 3737 674 3794 Si
705 3739 779 3793 vis
822 3738 1084 3808 perfectus
1124 3754 1258 3802 esse,
1285 3737 1414 3792 vade
1456 3745 1504 3790 et
1536 3735 1695 3790 vende
1736 3735 1915 3789 omnia

332 3845 450 3900 qua:
476 3829 657 3896 habes,
687 3837 735 3883 et
762 3828 831 3882 da
853 3828 1191 3898 pauperibus,
1220 3837 1268 3881 et
1296 3826 1506 3881 habebis
1526 3827 1830 3881 thesaurum
1860 3827 1915 3880 in

332 3919 481 3988 caelo,
508 3929 556 3974 et
585 3922 697 3975 veni
722 3936 936 3991 sequere
958 3936 1038 3973 me
1068 3918 1286 3990 (Matth.
1320 3920 1459 3990 xix).

401 4012 550 4068 Inter
578 4010 738 4081 hujus
764 4026 896 4068 vero
929 4012 1195 4067 salutiferi
1237 4011 1493 4082 praecepti
1522 4010 1917 4066 intentissimos

336 4103 613 4160 auditores
656 4112 710 4159 et
737 4103 1144 4158 strenuissimos
1168 4113 1542 4168 exsecutores,
1571 4102 1916 4157 beatissimus

334 4204 510 4267 pater,
537 4195 729 4250 merito
751 4194 1075 4252 Benedictus
1106 4204 1163 4251 et
1206 4196 1446 4262 nomine,
1474 4197 1627 4266 quasi
1649 4197 1916 4265 quoddam

336 4285 487 4342 sidus
522 4285 744 4341 cwlcste
764 4286 1055 4354 praeclarus
1080 4286 1294 4341 enituit.
1333 4286 1432 4354 Qui
1471 4295 1652 4341 tantus
1680 4301 1744 4339 ac
1775 4284 1919 4351 talis,

334 4379 467 4444 vita,
511 4376 754 4433 moribus
783 4386 840 4432 et
874 4376 1148 4433 miraculis
1187 4378 1418 4443 exstitit,
1455 4388 1516 4433 ut
1557 4377 1671 4446 ejus
1718 4386 1919 4444 ortum,

337 4470 504 4525 vitam
534 4479 590 4525 et
614 4470 821 4525 obitum
853 4470 1208 4525 describendo
1228 4470 1601 4525 sanctissimus
1630 4485 1764 4540 papa
1789 4468 1921 4524 Gre—

1996 1927 2135 1979 simo
2162 1924 2555 1993 Aquitanorum
2589 1919 2833 1991 principe
2853 1959 2867 1984 ,
2903 1917 3074 1973 beatae
3100 1916 3373 1972 memoria:
3399 1913 3584 1980 abbas,

1998 2016 2174 2070 Berno
2200 2016 2438 2079 nomine,
2483 2013 2537 2067 in
2577 2012 2824 2082 partibus
2854 2009 3196 2078 Burgundite,
3237 2008 3441 2078 cespite
3474 2006 3584 2061 Ma-

2001 2104 2245 2169 tisccnsi,
2289 2118 2430 2174 pago
2455 2101 2550 2172 qui
2601 2110 2828 2156 vocatur
2855 2099 3166 2167 Cluniaeus,
3196 2098 3588 2158 monasterium

2000 2194 2164 2264 carpit
2192 2201 2513 2248 construere
2542 2201 2618 2255 et,
2667 2193 2719 2245 in
2769 2200 3030 2261 quantum
3058 2184 3256 2261 potuit,
3306 2188 3358 2244 in
3403 2189 3592 2244 eadem

2001 2285 2411 2341 constructione
2456 2280 2739 2337 elaborare
2784 2280 2991 2334 studuit
3035 2289 3089 2334 et
3134 2282 3236 2349 pia:
3290 2279 3593 2334 devotionis

2004 2371 2256 2428 allectum
2286 2371 2563 2428 laborioso
2582 2368 2880 2425 certamine
2907 2368 2974 2424 ad
2998 2368 3320 2424 laudabilem
3345 2367 3596 2439 perduxit

2002 2461 2274 2518 enectum.
2326 2459 2495 2529 Hujus
2545 2460 2690 2516 enim
2736 2460 2934 2514 merito
2982 2469 3037 2514 et
3081 2455 3369 2529 exemplo,
3413 2457 3596 2528 plures

2006 2550 2360 2622 tranquillum
2396 2557 2611 2621 portum
2646 2547 2963 2603 monasterii
2993 2548 3333 2618 requirentes
3369 2560 3599 2602 conver-

2008 2652 2194 2699 tuntur
2240 2642 2307 2697 de
2351 2640 2567 2697 smeulo.
2602 2640 2683 2695 Ex
2717 2640 2915 2710 quibus
2949 2640 3202 2696 omnibus
3251 2656 3415 2695 unum
3458 2639 3599 2695 exci-

2008 2734 2205 2806 piendo
2233 2732 2522 2789 recolimus
2558 2741 2614 2787 et
2658 2730 2948 2787 recolendo
2977 2732 3309 2801 excipimus,
3347 2745 3506 2802 quem
3533 2732 3597 2784 ad

2009 2826 2240 2880 salutem
2266 2823 2555 2879 multorum
2584 2821 2902 2894 provenisse
2932 2822 3314 2899 comperimus.

2082 2919 2206 2974 Fuit
2234 2919 2319 2973 vir
2350 2917 2440 2973 ille
2459 2959 2473 2983 ,
2500 2916 2615 2973 Odo
2642 2916 2880 2980 nomine,
2906 2915 2990 2969 vir
3019 2930 3117 2985 per
3137 2924 3333 2969 cuncta
3361 2911 3602 2977 laudabi-

2011 3012 2102 3077 lis,
2135 3010 2441 3065 heatissimi
2469 3008 2688 3063 Martini
2718 3007 2978 3063 Ecclesiae
3012 3005 3343 3061 Turonensis
3375 3003 3599 3077 pontiﬁ-

2013 3102 2093 3157 cis
2118 3100 2291 3156 ﬁdelis
2319 3098 2720 3162 devotissimus,
2745 3107 2800 3151 et
2821 3095 3063 3166 ejusdem
3087 3094 3343 3150 Ecclesia:
3370 3094 3602 3150 clericus

1935 3196 1980 3259 C
2011 3206 2066 3252 et
2095 3196 2407 3252 canonicos.
2457 3193 2554 3247 llic
2598 3191 2799 3248 etenim
2840 3191 2926 3245 vir
2956 3190 3217 3245 honestus
3252 3199 3307 3243 et
3352 3187 3594 3255 humilis,

2012 3287 2299 3345 admodum
2314 3288 2369 3342 in
2394 3284 2623 3358 regulari
2640 3280 3292 3348 exercitatione'edoctus,
3317 3291 3602 3353 postquam

2011 3379 2358 3452 supradictus
2392 3385 2546 3450 pater
2569 3376 2637 3431 ab
2667 3376 2766 3430 hac
2808 3375 2927 3429 luce
2962 3373 3237 3437 discessit,
3260 3374 3327 3428 ad
3359 3373 3599 3444 regimen

2013 3472 2243 3528 abbatis:
2306 3469 2597 3524 multorum
2672 3466 2908 3522 fidelium
2976 3466 3246 3521 electione
3315 3465 3601 3521 successit.

2015 3562 2218 3618 Deinde
2245 3559 2477 3632 qualiter
2498 3558 2565 3614 ad
2590 3556 2804 3612 culmen
2825 3556 3087 3611 virtutum
3117 3556 3383 3626 pervenit,
3407 3554 3604 3610 studiis

2016 3655 2132 3722 ejus
2161 3653 2535 3719 narrantibus,
2563 3651 2839 3706 Romanus
2865 3651 3014 3706 orbis
3044 3648 3284 3706 edidicit.
3318 3648 3451 3705 Huic
3484 3665 3604 3704 suc-

2016 3746 2177 3801 cessit
2224 3743 2397 3799 felicis
2436 3743 2740 3807 memoriae,
2788 3742 3127 3814 Ileymardus
3170 3742 3408 3807 nomine,
3435 3740 3604 3796 beata:

2017 3837 2378 3906 simplicitatis
2388 3844 2441 3891 et
2459 3835 2781 3891 innocentiae
2796 3835 2958 3890 filius.
2976 3834 3075 3890 llic
3099 3834 3152 3889 in
3167 3834 3607 3905 augmentatione

2015 3927 2341 3997 praediorum
2364 3935 2419 3980 et
2439 3924 2800 3993 acquisitione
2831 3922 3145 3994 temporalis
3175 3922 3443 3977 commodi
3470 3922 3605 3977 adeo

2018 4016 2292 4073 studiosus
2312 4014 2414 4069 fuit
2439 4015 2567 4070 etin
2589 4013 2968 4069 observatione
2990 4014 3124 4069 satis
3151 4014 3393 4069 devotus.
3429 4013 3527 4068 llic
3552 4022 3609 4067 et

2020 4109 2365 4164 amissionem
2382 4106 2695 4177 temporalis
2708 4105 2930 4161 luminis
2944 4115 2997 4161 et
3014 4105 3272 4176 quidquid
3294 4104 3393 4160 sibi
3418 4104 3609 4159 adver.

2020 4199 2197 4257 sitatis
2223 4199 2469 4255 accidere
2491 4199 2665 4268 potuit
2696 4200 2901 4269 absque
2928 4199 3076 4255 omni
3107 4199 3533 4253 murmuratione
3554 4207 3611 4251 et

2022 4293 2391 4364 indignatione
2415 4291 2814 4361 patientissime
2839 4290 2976 4345 tulit.
2995 4290 3608 4345 Hicetenimvirobme-

2023 4384 2186 4437 ritum
2212 4381 2485 4452 patientia:
2531 4380 2792 4451 simplicis
2834 4388 2889 4435 et
2942 4380 3245 4435 innocentis
3292 4379 3416 4433 vita:
3459 4386 3609 4432 tanto

2025 4474 2226 4545 talique
2256 4489 2287 4527 a
2318 4471 2535 4529 Christo
2575 4472 2778 4528 ditatus
2804 4479 2887 4527 est
2928 4486 3154 4527 munere
3194 4478 3275 4537 ut,
3305 4470 3423 4545 ejus
3474 4478 3614 4524 tetu-

339 4560 543 4630 gorius,
570 4575 667 4631 per
694 4561 873 4616 omnia
898 4561 983 4615 vir
1011 4560 1339 4632 apostolicus
1367 4570 1423 4616 et
1450 4561 1758 4631 apostolica:
1780 4561 1925 4616 sedis
1953 4559 2002 4619 ι)
2029 4579 2178 4634 pore,
2211 4564 2278 4620 ad
2304 4578 2542 4619 amorem
2573 4562 2857 4619 monastici
2879 4563 3087 4619 ordinis
3111 4559 3607 4634 auctortuﬂnostrze

338 4652 646 4725 episcopus,
679 4653 1048 4710 testimonium
1088 4654 1137 4708 ei
1166 4653 1453 4724 praeberet,
1483 4653 1575 4723 qui
1604 4655 1744 4710 inter
1775 4653 1923 4723 prin-

340 4745 543 4816 cipales
582 4747 845 4819 primates
866 4746 1122 4803 Ecclesiae
1146 4747 1356 4818 insigne
1395 4746 1662 4817 quoddam
1695 4754 1749 4802 et
1774 4747 1921 4817 prin-

341 4838 515 4909 cipale
551 4839 894 4911 privilegium
937 4847 994 4895 et
1031 4839 1154 4895 vita:
1198 4847 1254 4894 et
1296 4839 1543 4895 doctrina
1585 4838 1920 4910 dignoscitur

2028 4655 2222 4712 salutis
2255 4657 2472 4711 beatum
2505 4655 2759 4710 Maiolum
2797 4654 3046 4725 dignatus
3091 4654 3166 4709 sit
3209 4667 3506 4709 accersere.
3552 4649 3611 4704 In

2029 4744 2191 4815 hujus
2240 4760 2368 4801 vero
2418 4744 3120 4815 conversionisobsequio,
3170 4743 3397 4798 multum
3446 4738 3609 4791 valuit

2026 4835 2351 4893 venerabilis
2379 4835 2479 4891 viri
2505 4834 2856 4890 llildebranui
2885 4833 2997 4905 ('53)
3027 4832 3201 4888 dulcis
3233 4828 3522 4886 collocutio
3555 4835 3612 4881 et

1549 4950 1856 5011 ANDREIE
1894 4950 2166 5009 CHESNII
2204 4948 2435 5006 NOTAE.

414 5047 526 5120 (57)
554 5047 656 5120 Per
683 5046 1203 5120 B.Maurumomnis
1226 5062 1350 5115 pene
1379 5045 1577 5120 ςαιιξη.
1607 5043 1700 5120 _Sie
1724 5044 1915 5120 Petrus

344 5116 679 5156 vinitor-altilia
727 5119 955 5156 aniclnla
979 5118 1050 5156 QQ
1102 5118 1189 5156 lih,
1226 5134 1241 5156 ι
1270 5135 1281 5147 ι
1330 5135 1347 5156 ι
1383 5116 1712 5156 ηῐςρίηηιιιηι
1748 5116 1915 5156 ineius:

2025 5046 2125 5101 sub
2156 5053 2345 5099 sancto
2403 5042 2695 5097 Benedicto
2744 5037 3145 5105 condiscipulus
3172 5044 3234 5090 et
3283 5033 3492 5089 itineris
3518 5046 3620 5101 per

2027 5116 2230 5156 Calliae
2261 5113 2575 5156 imliviiltme
2604 5128 2787 5156 omnes
2812 5110 3044 5156 fideliter
3065 5108 3401 5156 composuit.
3422 5112 3626 5156 exstat-
