4072 5350
342 280 449 338 949

1446 278 1535 333 DE
1573 274 1731 333 VITA
1766 272 1827 329 Β.
1870 273 2106 331 MAIOLI
2141 272 2443 329 ABBATIS.

3513 260 3618 353 9ξο

341 393 516 450 voluit
568 401 956 464 pmeptorem
988 392 1121 465 (42).
1170 391 1364 449 Postea
1391 406 1523 448 vero
1562 392 1734 447 multo
1766 371 1936 462 magis
1963 392 2016 451 Α
2039 386 2428 443 ofﬁciosissime
2458 383 2770 453 suscipitur,
2803 378 3127 452 regulariter
3156 348 3518 433 introducitur
3542 348 3618 441 et,

345 483 593 555 exempla
615 493 833 540 secutus
852 484 1072 538 Antonii
1102 482 1243 538 illius
1263 483 1443 553 magni
1470 491 1524 536 et
1549 482 1716 537 solius
1734 479 1934 537 Christi

346 576 628 647 discipuli,
660 562 1035 645 quam'studia
1068 575 1225 629 istius
1269 574 1487 628 Antonii
1531 572 1775 627 saeculari
1807 586 1933 642 pro-

346 668 587 725 fessione
630 666 955 737 philosophi.
1001 665 1197 721 Postea
1228 680 1356 721 vero
1387 680 1416 719 a
1453 664 1761 735 supradicta
1803 662 1939 717 urbe

349 759 419 814 ad
444 756 726 813 civitatem
758 756 1136 813 Matiscensem
1165 771 1195 810 a
1220 756 1537 826 proceribus
1563 754 1753 825 patria:
1782 762 1836 808 et
1862 752 1940 807 ci-

349 849 511 906 vibus
534 847 663 909 suis,
699 846 950 902 videlicet
973 847 1217 916 cognatis
1247 856 1301 901 et
1344 844 1534 900 amicis
1568 844 1825 898 invitatus
1849 857 1940 897 ve-

350 938 512 993 niens
529 978 545 1002 ,
568 944 629 991 ut
655 945 774 990 erat
802 937 884 991 vir
909 935 1216 1006 religiosus,
1245 935 1496 1006 religiose
1543 933 1937 1004 aliquantulum

355 1028 500 1098 apud
531 1026 653 1082 illos
680 1040 936 1092 manens,
969 1027 1125 1096 cujus
1174 1026 1282 1080 vita
1311 1025 1597 1081 laudabilis
1622 1033 1678 1077 et
1713 1023 1944 1077 admira-

354 1119 465 1175 bile
516 1119 756 1176 studium
791 1133 897 1172 non
945 1119 1121 1188 potuit
1166 1108 1333 1173 latere
1361 1116 1686 1187 supradictae
1710 1114 1945 1168 civitatis

357 1212 673 1283 episcopum
703 1210 839 1281 (45).
873 1209 916 1264 A
949 1225 1057 1280 quo
1083 1210 1358 1265 humiliter
1387 1208 1664 1272 invitatus,
1695 1204 1945 1261 consultu

359 1303 684 1360 clericorum
706 1311 762 1359 et
791 1303 1011 1368 civium,
1051 1312 1109 1357 ut
1141 1303 1193 1356 in
1238 1301 1425 1357 eadem
1452 1298 1689 1354 Ecclesia
1718 1312 1823 1351 non
1854 1296 1948 1350 de—

359 1394 680 1464 dignaretur
722 1394 1105 1450 administrare
1153 1392 1634 1448 archidiacouatus
1676 1390 1941 1444 ofﬁcium.

363 1480 464 1534 Vir
513 1479 735 1550 quippe,
784 1488 844 1534 ut
894 1487 1014 1534 erat
1065 1478 1387 1533 humilitatis
1439 1476 1616 1547 gratia
1664 1474 1945 1545 praeditus,

362 1585 560 1641 parere
593 1587 700 1626 non
726 1570 934 1627 distulit
970 1586 1079 1640 quo
1126 1571 1228 1626 sibi
1277 1569 1538 1623 divinitus
1569 1584 1667 1638 per
1698 1566 1951 1620 ministe-

362 1665 504 1721 rium
540 1663 813 1734 pontificis
850 1664 1105 1733 imperari
1144 1661 1425 1733 cognovit.
1478 1660 1565 1725 Et,
1599 1670 1770 1715 utres
1793 1664 1948 1728 post-

2041 492 2099 537 ut
2129 484 2298 537 moris
2324 490 2429 545 est,
2478 476 2867 534 honorabiliter
2903 482 2955 527 et
2986 470 3307 527 charitative
3335 477 3620 524 tractatur.

2040 575 2214 642 Quam
2244 572 2447 645 grande
2479 570 2577 624 fuit
2608 567 2861 639 gaudium
2894 566 3035 620 inter
3062 561 3261 617 fratres
3286 560 3352 615 de
3393 560 3512 628 ejus
3535 558 3627 612 ad-

2040 674 2225 730 ventu,
2254 678 2416 735 quam
2462 662 2651 732 ingens
2692 658 2903 724 laetitia,
2928 670 3090 726 quam
3116 653 3345 708 celebris
3372 649 3621 705 exsulta-

2042 758 2139 821 tio,
2192 770 2297 809 non
2329 761 2507 823 potest
2546 752 2611 805 ad
2661 748 2880 820 plenum
2933 754 3118 801 noster
3165 744 3382 799 edicere
3422 754 3622 795 sermo.

2042 845 2309 914 Deinceps
2341 841 2511 896 adfuit
2560 839 2609 895 ei
2651 838 2718 893 ad
2751 846 3119 907 contemptum
3153 833 3335 889 mundi
3378 839 3630 901 prompta

2042 934 2317 999 voluntas,
2363 932 2430 986 ad
2470 943 2709 985 amorem
2758 926 2853 981 Dei
2901 924 3209 981 firmissima
3255 921 3517 986 charitas,
3562 920 3631 973 ad

2046 1026 2388 1082 dilectionem
2431 1021 2666 1105 proximi
2708 1018 2875 1075 chara
2933 1016 3273 1082 fraternitas,
3326 1014 3393 1068 ad
3442 1006 3629 1083 perdi-

2046 1117 2303 1174 scendum
2334 1099 2597 1186 regularis
2636 1108 2995 1167 observantiae
3039 1106 3290 1162 ordinem
3325 1102 3471 1158 nulla
3521 1099 3624 1156 dif-

2048 1209 2281 1273 ficultas,
2309 1216 2365 1261 et
2412 1205 2477 1259 ad
2505 1201 2866 1258 exhibendum
2905 1213 3012 1253 non
3060 1196 3231 1252 solum
3278 1193 3491 1258 abbati,
3539 1190 3635 1247 sed

2048 1300 2212 1355 etiam
2242 1296 2498 1352 fratribus
2525 1291 2845 1348 obedientize
2865 1288 3066 1344 bonum
3094 1286 3326 1341 celebris
3354 1281 3632 1344 alacritas,

2050 1399 2104 1446 et
2140 1389 2205 1443 ad
2236 1387 2471 1441 dandum
2498 1381 2750 1439 omnibus
2798 1376 3102 1447 exemplum
3146 1372 3405 1443 regnabat
3450 1373 3503 1425 in
3561 1380 3627 1423 eo

2049 1496 2185 1550 pura
2215 1476 2550 1548 simplicitas.
2598 1470 2785 1539 Qualis
2827 1468 2928 1523 fuit
2957 1467 3074 1537 ejus
3122 1461 3463 1520 conversatio
3493 1460 3637 1514 inter

2053 1572 2253 1625 fratres
2302 1569 2355 1623 in
2398 1565 2553 1621 initio
2586 1577 2699 1619 sua:
2763 1555 3219 1616 conversationis,
3270 1551 3521 1623 apparuit
3568 1564 3637 1604 ex

2053 1660 2247 1717 aﬂ‘ectu
2298 1655 2612 1713 eorumdem
2664 1651 2927 1715 fratrum,
2977 1656 3218 1717 tempore
3268 1639 3638 1699 celeberrima:

366 1756 586 1812 modum
617 1755 724 1811 late
747 1732 941 1825 patuit,
977 1764 1147 1810 totum
1176 1732 1305 1809 illud
1333 1754 1608 1824 negotium
1637 1751 1704 1805 ad
1731 1749 1951 1820 majoris
1981 1772 2027 1832 Β
2053 1768 2163 1809 suae
2209 1748 2507 1807 electionis.
2575 1743 2691 1802 Non
2743 1751 2861 1799 erat
2902 1741 3016 1810 jam
3069 1751 3293 1794 necesse
3336 1743 3396 1788 ut
3446 1732 3645 1802 aliquis

364 1847 621 1904 utilitatis
651 1848 985 1919 dirigebatur
1013 1847 1310 1903 cumulum.
1871 1866 1931 1911 ν

439 1942 706 2012 Suscepto
741 1941 974 2011 denique
1022 1949 1187 1996 tanta:
1238 1941 1521 2013 dignitatis
1557 1938 1754 2003 ollieio,
1792 1936 1955 1991 talem

368 2049 430 2090 se
458 2033 707 2089 exhibuit
739 2043 797 2086 ut
841 2032 954 2088 Deo
997 2032 1242 2102 placeret
1268 2041 1324 2087 et
1358 2030 1588 2096 mundo;
1618 2045 1724 2085 non
1755 2028 1957 2082 mundo

369 2125 424 2180 in
450 2124 685 2196 maligno
712 2124 909 2193 posito,
949 2125 1044 2180 sed
1072 2125 1272 2179 mundo
1294 2138 1392 2193 per
1432 2124 1753 2193 sanguinem
1788 2120 1957 2176 Chri-

343 2205 445 2271 'sti
500 2214 855 2270 reconciliato
915 2215 1025 2269 Deo
1085 2213 1253 2269 Patri.
1306 2214 1476 2269 Habet
1507 2215 1651 2269 enim
1702 2211 1959 2282 praedicta

372 2309 566 2365 civitas
631 2308 867 2364 vicinum
914 2307 1332 2370 monasterium,
1362 2307 1504 2377 quod
1533 2304 1713 2358 multis
1750 2304 1962 2357 videtur

372 2399 709 2468 spiritalibus
783 2399 979 2454 studiis
1043 2397 1423 2453 decentissime
1470 2396 1832 2460 adornatum,
1894 2393 1961 2448 ad

376 2494 522 2563 quod
555 2493 667 2564 jam
706 2492 885 2548 dictus
914 2492 1116 2557 senior,
1165 2507 1194 2545 a
1226 2502 1381 2561 patre
1431 2488 1741 2543 monasterii
1769 2497 1821 2541 et
1852 2486 1960 2540 fra-

377 2583 555 2637 tribus
576 2581 890 2653 frequenter
912 2580 1233 2645 accersitus,
1258 2595 1380 2634 cum
1403 2579 1603 2649 quibus
1628 2589 1681 2633 et
1707 2577 1964 2647 frequens

377 2674 616 2731 habebat
643 2674 971 2744 colloquium
1022 2682 1079 2728 et
1115 2671 1361 2743 spiritale
1404 2670 1841 2726 contubernium.
1875 2668 1963 2723 ln-

379 2777 465 2824 ter
491 2769 605 2837 ipsa
632 2769 865 2838 denique
893 2767 1207 2823 dulcissima
1231 2766 1499 2836 colloquia
1530 2773 1584 2821 et
1632 2774 1818 2819 mutua
1851 2764 1964 2819 sin-

378 2858 674 2913 cerissima:
699 2857 979 2913 charitatis
1008 2856 1289 2927 obsequia,
1343 2856 1588 2910 videntes
1629 2853 1827 2909 fratres
1872 2870 1966 2909 su-

378 2948 611 3018 pradicti
646 2947 883 3003 ctenobii
914 2948 1110 3003 mentis
1140 2948 1341 3002 intuitu
1369 2946 1487 3015 ejus
1539 2945 1842 3016 angelicam
1884 2945 1969 2999 fa-

381 3039 542 3104 ciem,
577 3039 857 3093 audientes
881 3038 1062 3095 cordis
1087 3039 1269 3093 auditu
1300 3037 1607 3093 mellitluam
1632 3034 1965 3099 facundiam,

2053 1857 2177 1898 eum
2226 1842 2293 1896 ad
2319 1836 2725 1896 observantiam
2757 1833 3063 1903 regularem
3095 1830 3423 1891 instrueret,
3455 1837 3643 1893 quem,

2057 1942 2117 1989 ut
2161 1941 2382 1990 sanctus
2406 1928 2735 1997 evangelista
2772 1925 2923 1988 dicit,
2970 1920 3148 1977 unctio
3194 1917 3379 1990 gratia:
3424 1912 3645 1969 cwlestis

2057 2028 2122 2080 de
2147 2025 2383 2080 omnibus
2413 2020 2677 2077 erudiebat
2708 2017 2765 2088 (Ι
2809 2016 2971 2071 Joan.
3002 2015 3097 2084 ιι).

2129 2114 2307 2184 Ωωρίι
2356 2113 2561 2166 interea
2608 2107 2717 2161 vita
2760 2114 2815 2161 et
2864 2103 3110 2159 doctrina
3136 2109 3246 2155 tam
3277 2095 3518 2169 perfecte
3539 2091 3649 2149 cla-
3731 2158 3735 2162 ι

2062 2220 2278 2262 rescerc
2328 2213 2384 2258 ut
2438 2204 2491 2257 in
2545 2201 2705 2254 domo
2762 2197 2855 2252 Dei
2900 2192 3060 2249 laude
3115 2190 3351 2246 fidelium
3402 2185 3645 2243 omnium

2062 2300 2296 2368 primum
2352 2302 2407 2349 et
2454 2290 2784 2361 praecipuum
2836 2285 3009 2341 locum
3067 2280 3329 2337 meruerit
3375 2277 3643 2333 obtinere.

2065 2364 2154 2443 Sic
2185 2387 2329 2441 enim
2366 2381 2567 2453 placuit
2607 2376 2885 2433 Divinitati
2932 2383 2991 2428 ut
3029 2387 3125 2443 per
3160 2371 3404 2424 diversos
3446 2364 3646 2437 gradus

2066 2480 2389 2536 humilitatis
2422 2473 2742 2530 ascenderet
2788 2468 2854 2522 ad
2904 2465 3118 2521 culmen
3168 2459 3482 2517 monasticae
3519 2469 3648 2526 per-

2065 2571 2336 2635 fectionis,
2365 2576 2423 2621 ut
2454 2581 2559 2621 non
2580 2562 2693 2633 jam
2734 2577 2800 2617 ex
2846 2559 2967 2613 aliis
3001 2571 3165 2621 unus,
3211 2552 3306 2608 sed
3360 2551 3506 2605 inter
3538 2561 3647 2603 cm-

2067 2677 2215 2721 teros
2259 2673 2315 2717 et
2362 2674 2525 2730 super
2560 2670 2750 2713 omnes
2800 2652 3077 2707 videretur
3122 2646 3447 2719 prmeipuus.
3482 2638 3651 2697 Sexto

2069 2768 2304 2824 namque
2329 2765 2494 2815 anno,
2538 2756 2599 2803 ut
2653 2744 2848 2808 fertur,
2902 2737 3273 2797 conversionis
3317 2749 3429 2791 suae
3473 2748 3505 2788 a
3552 2745 3657 2785 sae-

2069 2820 2230 2908 culo,‘
2262 2856 2423 2911 supra
2454 2838 2763 2894 nominatus
2802 2832 2971 2888 abbas
2997 2829 3171 2911 felicis
3214 2824 3510 2889 memoriae,
3556 2820 3654 2877 do-

2071 2906 2230 2991 mnus
2254 2906 2503 2989 videlicet
2532 2937 2587 2985 et
2617 2927 2738 2997 pius
2778 2934 2949 2995 pater,
3002 2906 3341 2991 llaymardus
3381 2914 3601 2970 nomine
3632 2952 3650 2975 ,

2071 3026 2225 3095 cujus
2239 3022 2536 3079 monachus
2566 3019 2758 3073 beatus
2778 3022 2895 3070 erat
2916 3011 3143 3067 Maiolus
3160 3008 3423 3079 cujusque
3440 3000 3660 3059 monitis

384 3129 767 3197 desiderabant
787 3137 846 3183 ut
870 3143 993 3183 eum
1016 3138 1237 3199 possent
1266 3127 1367 3184 sibi
1403 3127 1687 3198 acquirere
1717 3094 1967 3190 fratrem,
1998 3126 2042 3188 C
2074 3094 2145 3175 et
2171 3114 2506 3187 jussionibus
2552 3119 2661 3166 tota
2711 3107 2910 3163 mentis
2958 3102 3259 3159 intentione
3302 3107 3358 3156 et
3408 3094 3655 3165 corporis

385 3237 547 3292 quem
584 3221 925 3292 postmodum
957 3221 1157 3276 habere
1182 3229 1463 3275 merentur
1495 3228 1550 3273 et
1586 3225 1815 3288 patrem.
1840 3216 1972 3271 Erat

388 3314 458 3369 ad
502 3313 607 3369 hoc
656 3313 895 3368 intentus
940 3328 1073 3384 grex
1121 3313 1300 3367 omnis
1356 3311 1687 3373 Dominicus,
1739 3309 1832 3364 sed
1886 3309 1974 3364 ille

388 3407 573 3463 senior
602 3406 981 3462 Eldebrannus
1026 3403 1496 3477 [Hildebrantutsj,
1541 3403 1607 3457 de
1655 3416 1762 3471 quo
1812 3416 1974 3471 supra

390 3498 645 3565 diximus,
698 3506 761 3552 ut
811 3497 1030 3552 evenire
1066 3504 1251 3565 posset
1303 3494 1618 3549 elaborabat
1670 3492 1974 3546 ardentius.

391 3591 700 3648 Generabat
741 3588 855 3659 jam
906 3590 960 3644 in
1009 3603 1076 3643 eo
1132 3588 1307 3658 gratia
1349 3584 1565 3641 Domini
1601 3590 1976 3653 contemptum

392 3681 599 3747 smculi,
654 3680 950 3736 secundum
1003 3688 1059 3734 et
1117 3688 1299 3734 votum
1374 3678 1602 3732 fratrum
1678 3674 1977 3745 supradicti

395 3774 650 3830 coenobii.
705 3773 845 3841 Quid
886 3773 1077 3843 plura?
1125 3772 1381 3842 Deposito
1401 3769 1781 3825 ecclesiasticae
1804 3766 1980 3837 digni-

398 3864 527 3920 tatis
556 3861 753 3930 olllcio,
788 3873 968 3934 spreto
997 3862 1286 3917 mundanas
1331 3856 1635 3915 nobilitatis
1667 3856 1980 3926 supercilio,

397 3958 591 4014 relicto
618 3955 865 4013 saeculari
896 3964 950 4012 et
973 3954 1272 4010 amicorum
1300 3960 1355 4007 et
1377 3958 1660 4021 parentum
1685 3947 1978 4011 consortio,

398 4059 460 4103 ut
491 4048 657 4103 libere
693 4055 873 4117 posset
910 4047 1115 4102 servire
1163 4059 1293 4100 vero
1337 4041 1470 4112 Regi
1514 4040 1754 4105 Christo,
1806 4045 1978 4093 totum

402 4160 464 4201 se
519 4145 759 4201 subdidit
810 4124 1020 4198 ewlesti
1079 4139 1411 4212 magisterio.
1469 4134 1581 4191 Nec
1640 4133 1811 4189 multo
1861 4138 1984 4202 post

392 4226 651 4297 condicto
679 4250 940 4310 tempore,
962 4244 1110 4294 certo
1137 4235 1224 4291 die
1253 4233 1321 4289 ad
1345 4229 1736 4289 monasterium
1759 4224 2009 4296 veniens_

2078 3209 2436 3285 possibilitate
2487 3202 2708 3276 parebat
2734 3211 3057 3271 semperque
3085 3208 3278 3271 parere
3307 3191 3664 3248 decreverat,

2079 3277 2246 3375 erepit
2295 3299 2515 3357 chtitui
2562 3298 2613 3351 in
2665 3304 2813 3349 terra
2866 3285 3147 3363 [interea]
3192 3292 3303 3340 tom
3352 3277 3661 3337 valetudine

2066 3372 2325 3463 corporis
2352 3400 2426 3455 et,
2473 3386 2613 3457 quod
2662 3384 2763 3439 sibi
2795 3381 3014 3454 gravius
3048 3387 3187 3463 erat,
3213 3376 3342 3463 licet
3387 3372 3660 3443 patienter

2084 3487 2275 3549 ferret,
2313 3480 2607 3537 amissione
2651 3471 2966 3545 temporalis
3000 3457 3239 3524 luminis.
3254 3444 3347 3520 ‘fEt
3378 3476 3501 3518 eum
3551 3458 3664 3528 jam

2086 3593 2145 3635 se
2207 3578 2275 3633 ad
2330 3586 2583 3631 occasum
2632 3579 2858 3637 vergere
2906 3562 3185 3633 praeseiret
3217 3566 3272 3611 et
3315 3556 3668 3624 cognosceret

2085 3685 2145 3726 se
2189 3684 2296 3723 non
2335 3677 2496 3737 posse
2552 3661 2642 3716 diu
2696 3656 2829 3712 tanti
2863 3652 3095 3710 ctenobii
3133 3656 3510 3714 tantarumque
3556 3640 3670 3710 spi-

2084 3762 2360 3819 ritualium
2411 3757 2591 3813 ovium
2635 3765 2821 3807 curam
2850 3760 3059 3820 gerere,
3090 3743 3156 3798 de
3178 3737 3524 3816 ordinatione
3551 3745 3663 3813 cte-

2084 3855 2165 3926 pit
2217 3845 2533 3907 monasterii
2581 3843 2774 3909 suique
2828 3826 3160 3893 successoris
3224 3827 3489 3886 electione
3545 3837 3671 3878 cum

2085 3918 2416 4015 spiritalibus
2468 3949 2522 3992 et
2575 3931 2839 4003 religiosis
2883 3927 3139 3982 fratribus
3194 3918 3513 3992 spiritaliter
3562 3923 3677 3969 tra-

2087 4009 2257 4100 ctare,
2285 4041 2339 4085 et
2375 4044 2498 4084 cum
2552 4022 2947 4094 tranquillitate
2997 4014 3160 4071 animi
3194 4014 3461 4085 patienter
3486 4009 3669 4077 dispo-

2085 4112 2555 4207 nere/Factaest
2596 4124 2778 4171 autem
2834 4112 2903 4166 ab
2953 4106 3206 4207 omnibus
3254 4100 3558 4207 inquisitio,
3620 4105 3674 4151 et

2086 4221 2152 4276 ad
2187 4192 2349 4276 o’ucm
2410 4211 2674 4277 omnium.
2704 4207 2929 4262 fratrum
2976 4198 3275 4263 tendebat,
3317 4195 3383 4250 ad
3417 4192 3673 4248 domuum

1548 4356 1855 4417 ANDREA‘I
1893 4354 2165 4413 CllESNll
2206 4348 2435 4409 NOTAE.

405 4489 653 4563 paginam
704 4485 1052 4563 Lugdunensi
1096 4481 1352 4563 Ecclesia:
1382 4487 1487 4534 tua:
1507 4477 1798 4563 primatum
1825 4486 1991 4563 super

405 4544 977 4634 quatuonprov'ineias
1011 4554 1415 4634 confirmamus.
1459 4568 1478 4601 ο
1510 4544 1991 4634 Ae‘rursus'paulo

409 4616 558 4705 post:
588 4616 957 4705 ﬁrovineias
980 4637 1159 4705 autem
1189 4624 1495 4705 illas,nqu‘as
1520 4618 1672 4672 vobis
1696 4616 1991 4705 confirma-

409 4685 552 4769 mus,
576 4685 807 4757 dicimus
826 4699 1262 4771 Lugdunensem
1280 4734 1295 4758 ,
1318 4685 1855 4771 -R'otbomagensem,
1883 4685 1994 4768 Tu-

409 4757 700 4829 ronensem
728 4780 787 4825 et
814 4757 1207 4828 Senonensem,
1238 4777 1297 4818 ut
1318 4765 1401 4818 ba:
1425 4757 1680 4816 videlicet
1704 4757 1995 4829 provinciae

410 4827 731 4911 condignam
779 4839 1126 4911 Lugdunensi
1178 4827 1436 4911 Ecclesia:
1476 4827 1853 4911 obedientiam
1879 4830 1997 4911 ⁸δοι-

410 4898 643 4977 ἧὲιιιξὲι
676 4898 963 4975 honorent,
990 4924 1156 4981 quem
1167 4904 1408 4981 Romani
1449 4898 1732 4981 pontifices
1761 4898 1995 4981 redden-

414 4968 691 5039 dum'esse
720 4968 1211 5050 scriptis'p'ropriis
1233 4968 1625 5050 _pr:etix'ern_nt,
1671 4968 1862 5023 devote
1890 4969 1993 5050 llu-

413 5053 722 5124 Iniliterque
771 5040 1576 5124 ex'hibgant.'_)_Confirmat/it
1626 5051 1840 5124 quoque
1900 5040 1997 5124 Pa:

412 5108 719 5208 schalistl‘l,
752 5137 897 5204 anno
925 5118 1129 5205 Christi
1170 5116 1328 5208 1119,
1362 5116 1415 5169 in
1463 5126 1695 5208 persona
1726 5108 1992 5191 Gtiaeratti

1269 5185 1294 5208 c’
1328 5200 1479 5208 4-..4‘...
1516 5183 1628 5208 ‘nmn
1654 5183 1960 5208 annnm:nlnlnn

2048 4513 2052 4517 -
2100 4468 2538 4526 antecessoribus
2571 4462 2904 4520 institutum;
2939 4479 2958 4513 ι

2174 4521 2602 4613 defamata":
2645 4536 2813 4613 vi_rum
2844 4531 3108 4613 eruditum
3143 4526 3334 4613 Itgb'ere
3354 4521 3521 4607 potuit
3543 4536 3684 4601 prte-

2021 4585 2071 4645 D
2098 4585 2808 4680 ceetjorlenilﬂldeinvreferti
2836 4585 3134 4680 monachus
3176 4585 3586 4680 Silviniaeensis
3630 4590 3687 4680 in

2099 4660 2753 4753 Virtavejusdeinfillaioli:
2793 4693 2811 4727 ‹
2854 4660 3687 4753 Undenfactuu‘t.est_,inqui.tj:ttt

2098 4729 2838 4809 Ιῖίίξνῖιδτῖιῖἦῄἆίέέέῆὼῇτιιπη
2898 4742 3078 4798 studio
3130 4729 3685 4812 instigatus_.hattd‘it_a

2100 4799 2934 4892 opinione,
2969 4811 3069 4892 qui
3101 4799 3690 4892 ntttgnz‘e‘detllitus-phi-

2408 4870 2807 4964 ilig'diihéﬁs’es
2855 4870 3078 4964 regebat
3102 4870 3348 4964 scholas,
3384 4870 3692 4964 illucngr‘es-

2102 4947 2528 5034 éh'rﬁ‘diiigerei’
2555 4959 2843 5034 formaque
2888 4947 3137 5034 discipuli
3167 4950 3471 5034 assumpta,
3502 4952 3688 5006 praem-

2080 5022 2282 5093 .dentis
2309 5022 2626 5102 magisterio
2643 5042 2716 5102 se
2742 5022 2973 5102 devotus
2998 5022 3441 5102 COtilnil‘t‘lErtt‘blz

2310 5072 2779 5179 υξῖἇιίξ
2787 5072 3207 5179 ‘epi‘sropttntzulj
3215 5079 3543 5179 anytnPﬁf‘llllll‘l‘l
3569 5072 3696 5179 (ξ

2104 5142 2855 5208 ηὲῖιῗ¹τέἶξ⁶’ῒ.ζὶεἶ’ἔιίῗὲιὶίηὶῖ
2877 5142 2988 5208 941'
3029 5168 3201 5208 usoue
3231 5142 3301 5206 a'd
3333 5142 3695 5207 antttttn,96‘?n
