4072 5350
309 232 417 293 953

1378 233 1471 294 DE
1505 232 1666 293 VITA
1706 236 1767 293 Β.
1805 236 2039 297 MAIOLI
2076 237 2371 301 ABBATIS

3475 229 3589 305 95s

310 346 514 412 sobrie,
543 355 601 403 et
623 345 711 419 pie
737 354 794 402 et
808 344 956 417 juste
996 347 1227 404 vivendo
1252 346 1380 420 (Tit.
1414 347 1499 420 ιι),
1544 348 1744 405 bonum
1773 363 1892 406 cer—
1919 361 1969 419 Α
1996 355 2256 423 patientia
2284 355 2339 411 in
2369 354 2715 412 adversitate.
2755 352 3050 413 Mansuetis
3072 364 3194 413 erat
3218 355 3469 425 alii-bilis,
3496 374 3589 434 su-

310 446 497 495 tamen
526 439 808 503 certando,
836 454 1053 495 cursum
1096 440 1552 506 consummando,
1580 440 1741 495 fidem
1785 456 1900 496 ser-

309 529 518 594 vando,
549 528 843 600 repositam
874 528 977 584 sibi
1011 543 1268 584 coronam
1292 527 1523 598 justitia‘
1552 529 1622 585 ab
1648 531 1765 600 ipso
1790 545 1901 585 me-

310 631 533 679 reretur
580 622 860 693 percipere
910 620 992 694 (Il
1038 621 1173 677 Tim.
1224 623 1325 691 tv),
1374 623 1469 694 qui
1523 631 1608 679 est
1656 623 1898 677 ornnium

310 711 583 769 virtutum
610 711 838 784 largitor
873 722 930 766 et
964 721 1183 780 auctor,
1206 721 1261 768 et
1287 724 1414 768 ante
1445 713 1627 768 omnia
1655 722 1709 768 et
1737 727 1903 783 super

308 804 496 862 omnia
528 804 671 859 Dous
697 803 1019 859 benedictus
1049 804 1103 859 in
1133 804 1357 869 saecula,
1387 803 1542 874 cujus
1563 804 1900 861 benedictio-

312 894 403 950 nis
430 892 658 964 largitas
700 901 754 949 et
798 892 1038 948 clemens
1067 893 1375 965 benignitas
1404 894 1634 950 contulit
1660 895 1818 950 nobis
1847 895 1901 950 in

312 997 540 1038 munere
564 996 673 1052 quo
701 981 794 1037 tali
828 991 1084 1053 tantoque
1111 974 1417 1039 frueremur
1438 995 1677 1053 pastore.
1706 983 1765 1039 In
1795 999 1902 1054 quo

313 1075 580 1132 habemus
604 1074 909 1147 exemplum
937 1075 1080 1146 quod
1107 1090 1421 1147 sequamur,
1450 1085 1506 1132 et
1531 1076 1586 1131 in
1619 1090 1727 1147 quo
1748 1076 1905 1134 nobis

317 1168 563 1240 apposita
594 1178 678 1225 est
709 1168 883 1224 forma
928 1170 1016 1226 cui
1065 1169 1469 1240 imprimamur,
1511 1170 1651 1225 sicut
1682 1170 1743 1224 Β.
1770 1169 1904 1226 Gre-

314 1261 501 1331 gorius
528 1261 598 1317 de
621 1261 800 1333 capite
827 1270 1014 1318 nostro
1030 1259 1155 1317 Jcsu
1173 1261 1407 1329 Christo,
1434 1263 1664 1319 Domino
1694 1275 1903 1331 nostro,

315 1351 470 1419 dicit,
513 1352 568 1407 in
598 1351 754 1423 cujus
781 1353 1026 1422 corporis
1068 1353 1456 1425 propagatione
1495 1354 1686 1410 beatus
1733 1353 1905 1411 Maio-

318 1444 426 1510 lus,
454 1444 622 1500 veluti
661 1445 1008 1500 sanissimum
1037 1447 1365 1512 membrum,
1412 1446 1677 1516 optimum
1726 1446 1905 1503 locum

314 1535 520 1592 meruit
545 1535 816 1592 obtinere.
846 1536 922 1593 De
947 1536 1102 1607 cujus
1143 1538 1251 1593 vita
1299 1548 1353 1594 ct
1388 1538 1678 1593 virtutibus
1711 1539 1908 1595 animae

318 1644 447 1685 cum
507 1630 633 1700 quis
688 1630 925 1687 audierit
972 1632 1288 1702 praescripta
1346 1632 1759 1703 praedicamenta
1815 1647 1906 1687 re—

2002 447 2187 518 perhis
2246 447 2522 512 terribilis,
2568 462 2768 517 parcus
2808 462 2932 503 cum
2977 447 3192 512 debuit,
3243 445 3470 505 diﬂ’usus
3524 457 3586 505 ut

1998 538 2203 594 decuit.
2254 537 2373 594 Non
2419 539 2670 594 diversus
2725 539 2781 594 in
2835 538 3045 603 habitu,
3080 552 3188 594 non
3235 538 3496 597 confusus
3526 541 3587 599 in

2002 636 2147 684 actu.
2178 628 2451 696 Quantum
2499 628 2567 683 ad
2609 628 2883 683 hominem
2912 643 3052 684 unus
3088 643 3303 699 semper
3332 638 3389 686 et
3419 632 3583 689 idem.

2001 717 2240 773 Devotus
2275 718 2516 773 imitator
2566 726 2902 783 sanctorum,
2944 727 3001 773 et
3025 733 3214 774 eorum
3245 720 3480 776 maxime
3503 723 3589 777 in-

2006 819 2184 866 tentus
2210 810 2426 866 auditor
2466 825 2588 867 esse
2616 810 2843 876 studuit,
2873 826 3106 881 quorum
3149 811 3398 868 servituti
3423 819 3480 869 et
3509 813 3589 871 di-

2004 901 2245 974 sciplinis
2267 902 2334 957 ad
2362 901 2721 957 obediendnm
2767 910 2822 956 et
2846 901 3189 958 serviendum
3220 918 3283 959 se
3326 903 3590 961 subdidit.

2003 991 2154 1047 lllam
2203 990 2563 1062 septenariam
2610 990 2859 1060 c0pulam
2911 989 2981 1045 ab
3022 992 3265 1060 apostolo
3318 990 3484 1048 Petro
3533 991 3593 1048 in

2001 1083 2247 1138 ternario
2268 1090 2323 1138 et
2342 1081 2693 1152 quaternario
2718 1094 2944 1135 numero
2962 1082 3155 1136 ordine
3181 1081 3410 1138 miriﬁco
3433 1081 3588 1138 lucu-

2005 1175 2182 1231 lenter
2205 1174 2544 1245 dispositam,
2584 1188 2689 1237 non
2715 1187 2849 1229 aure
2880 1172 3041 1228 surda
3072 1174 3298 1230 audiens
3323 1173 3592 1228 audiendo

2008 1267 2290 1331 addidicit,
2310 1275 2384 1328 et,
2417 1275 2478 1321 ut
2510 1265 2601 1320 alii
2626 1265 2921 1324 discerent.
2961 1263 3140 1334 lingua
3173 1278 3239 1319 ac
3281 1279 3444 1319 manu
3473 1277 3597 1334 per-

2007 1358 2212 1425 docuit,
2237 1358 2554 1414 ministraus
2586 1356 2638 1411 in
2669 1356 2773 1411 fide
2790 1355 3069 1419 virtutem,
3096 1354 3150 1408 in
3181 1353 3380 1408 virtute
3409 1360 3595 1407 autem

2007 1448 2316 1514 scientiam,
2347 1449 2400 1503 in
2430 1446 2653 1503 scientia
2687 1453 2867 1500 autem
2909 1442 3312 1507 abstinentiam,
3344 1442 3398 1496 in
3431 1441 3598 1498 absti-

2009 1542 2195 1597 nentia
2222 1549 2401 1595 autem
2429 1540 2770 1609 patientiam,
2816 1538 2868 1590 in
2897 1536 3159 1607 patientia
3200 1544 3380 1591 autem
3426 1534 3598 1606 pieta-

2010 1640 2138 1695 tem,
2166 1630 2219 1684 in
2250 1631 2449 1700 pietate
2468 1640 2646 1683 autem
2666 1642 2904 1683 amorem
2928 1625 3307 1691 fraternitatis,
3334 1626 3389 1681 in
3412 1638 3598 1681 amore

318 1730 528 1790 texere,
563 1723 780 1779 curabit
822 1722 1047 1779 forsitan
1091 1724 1158 1778 de
1198 1724 1478 1780 miraculis
1508 1723 1810 1783 visibilibus
1850 1732 1907 1780 et
1936 1723 1981 1785 Β
2011 1731 2191 1779 autem
2239 1720 2599 1778 fraternitatis
2655 1719 2976 1775 charitatem
3009 1716 3095 1790 (II
3140 1716 3287 1772 Petr.
3340 1717 3401 1788 ι).
3454 1716 3600 1772 Prte-

319 1815 700 1887 corporalibus
726 1814 897 1886 signis
927 1815 1225 1884 inquirere,
1265 1816 1465 1885 quibus
1500 1815 1823 1885 astipulatur
1851 1823 1907 1868 et

319 1906 712 1960 corroboratur
754 1904 891 1961 fides
934 1904 1146 1960 illorum
1186 1906 1277 1976 qui
1328 1906 1504 1961 solent
1551 1906 1799 1961 dubitas
1840 1904 1908 1960 de

321 1996 536 2052 meritis
575 2003 631 2051 et
662 1995 902 2067 przemiis
939 1996 1267 2058 electorum;
1315 1996 1512 2067 quibus
1554 1996 1615 2051 Β.
1661 1994 1909 2065 Gregorii

321 2085 506 2141 verbis
536 2083 971 2155 respondendum
1001 2094 1085 2140 est
1116 2102 1129 2138 :
1165 2103 1183 2135 ι
1217 2084 1378 2140 Fides
1415 2099 1519 2139 non
1546 2084 1709 2139 habet
1748 2083 1911 2137 meri-

327 2188 464 2245 tum,
494 2179 586 2234 ubi
617 2178 855 2232 humana
904 2177 1045 2232 ratio
1086 2178 1281 2248 probat
1302 2177 1754 2246 experimentum.
1787 2195 1806 2228 ι
1846 2175 1914 2231 Et

323 2284 394 2326 ne
426 2268 552 2339 quis
579 2268 790 2325 dubitet
830 2269 897 2323 de
927 2269 1218 2324 sanctitate
1258 2268 1375 2338 ejus
1412 2276 1470 2321 et
1514 2266 1707 2339 gloria,
1739 2266 1914 2320 discat

324 2359 396 2416 ab
437 2361 519 2417 eis
560 2361 651 2431 qui
699 2376 824 2416 eum
855 2360 975 2415 visu
1028 2369 1085 2417 et
1125 2360 1312 2416 auditu
1365 2368 1634 2416 noverunt
1682 2358 1917 2429 qualiter

325 2450 485 2517 vixit,
550 2450 782 2521 qualiter
836 2450 1021 2506 docuit
1077 2461 1132 2506 et
1179 2450 1410 2521 qualiter
1438 2450 1630 2521 plenus
1683 2450 1912 2514 dierum,

326 2542 624 2598 adornatus
684 2542 980 2598 virtutibus
1043 2542 1113 2597 ab
1177 2543 1279 2597 hac
1334 2542 1454 2597 luce
1526 2540 1797 2608 discessit,
1862 2549 1919 2596 et

326 2648 455 2689 cum
514 2632 830 2703 cognoverit
866 2648 990 2688 eum
1040 2631 1277 2688 ﬁdelium
1329 2631 1678 2688 attestatione
1733 2641 1920 2687 sancte

330 2724 562 2788 vixisse,
591 2732 741 2779 recte
764 2723 1033 2789 docuisse,
1061 2723 1249 2779 credat
1282 2737 1406 2777 cum
1430 2721 1616 2793 procul
1644 2721 1809 2776 dubio
1850 2723 1920 2778 ad

331 2827 651 2873 sanctorum
710 2818 952 2871 omnium
1006 2817 1233 2885 gloriam
1285 2817 1502 2873 Christo
1541 2816 1681 2895 duce
1731 2832 1922 2887 perve-

335 2910 504 2964 nisse.
549 2909 762 2976 Quanta
807 2923 903 2977 per
949 2921 1071 2962 eum
1116 2907 1377 2962 Dominus
1420 2917 1476 2962 et
1517 2916 1644 2963 ante
1691 2917 1746 2964 et
1796 2919 1922 2978 post

330 3001 627 3056 transitum
694 2997 813 3066 ejus
863 2999 1152 3053 ostendere
1196 2999 1449 3070 dignatus
1507 3010 1592 3054 est
1636 2999 1920 3067 miracula,

2009 1814 2221 1871 ferebat
2259 1813 2424 1869 etiam
2469 1812 2767 1869 dialecticis
2816 1810 3165 1883 syllogismis,
3207 1820 3263 1866 et
3309 1807 3602 1865 rhetoricis

2010 1906 2347 1976 argumentis
2365 1914 2420 1961 et
2451 1904 2706 1960 omnibus
2734 1902 2964 1974 ingeniis
3012 1900 3455 1971 philosophorum
3482 1912 3605 1953 om-

2013 1996 2163 2050 nium
2199 1993 2510 2065 apostolicae
2554 1990 2916 2061 simplicitatis
2948 1986 3289 2060 praedicabile
3305 1984 3603 2042 documen-

2016 2099 2147 2153 tum,
2186 2087 2372 2142 dicens
2398 2101 2519 2140 cum
2550 2082 2752 2139 Paulo:
2782 2081 2896 2153 Ego
2939 2080 3077 2135 enim
3097 2077 3281 2143 didici,
3329 2079 3386 2132 in
3414 2077 3611 2147 quibus

2014 2196 2132 2234 sunt
2174 2178 2475 2249 eumdem;
2508 2176 2618 2230 scio
2652 2182 2700 2228 et
2744 2172 3037 2237 humiliari,
3077 2172 3183 2225 scio
3232 2179 3279 2224 et
3310 2167 3602 2224 abundare.

2014 2271 2220 2341 Ubique
2247 2280 2296 2324 et
2341 2269 2396 2323 in
2442 2265 3003 2322 onmibus.institutus
3044 2279 3183 2326 sum,
3240 2271 3288 2315 et
3327 2258 3513 2314 satiari
3555 2266 3605 2311 et

2011 2363 2239 2426 esurire,
2263 2370 2313 2415 et
2349 2358 2621 2413 abundare
2646 2364 2696 2410 et
2716 2355 2989 2425 penuriam
3010 2353 3141 2423 pali.
3170 2350 3361 2407 Omnia
3391 2362 3607 2419 possunt

2016 2453 2155 2513 in‘eo
2183 2450 2272 2521 qui
2304 2465 2385 2503 me
2431 2446 2694 2516 conferta:
2726 2443 2894 2516 (Phil.
2930 2443 3027 2514 ιν).
3082 2441 3385 2496 Tantorum
3411 2436 3605 2492 docto-

2021 2558 2140 2597 rum
2171 2551 2228 2596 et
2277 2539 2583 2599 divinorum
2627 2535 3074 2607 philosophorum
3118 2531 3380 2604 sapientia
3413 2527 3617 2600 perdo-

2020 2641 2162 2697 ctus,
2194 2639 2249 2687 et
2272 2630 2436 2687 totius
2461 2626 2843 2684 ecclesiastica:
2865 2624 3164 2695 disciplinae
3210 2616 3615 2677 eruditionibus

2022 2734 2077 2778 et
2104 2722 2394 2779 virtutibus
2425 2721 2740 2785 illustratus,
2770 2727 2833 2774 ut
2871 2717 2939 2773 de
2968 2716 3150 2789 Moyse
3198 2701 3612 2770 Ecclesiasticus

2023 2832 2202 2873 sermo
2230 2816 2501 2887 loquitur:
2543 2812 2745 2869 Factus
2767 2822 2844 2868 est
2882 2811 2993 2867 Deo
3042 2811 3263 2865 dilectus
3311 2816 3359 2862 et
3386 2805 3612 2861 homini-

2025 2913 2143 2974 bus,
2168 2920 2215 2964 et
2244 2910 2361 2964 ideo
2403 2908 2654 2963 memoria
2703 2906 2819 2977 ejus
2847 2905 2900 2960 in
2930 2903 3282 2960 benedictione
3301 2910 3377 2956 est
3410 2896 3607 2971 (Et-cli.

2026 3001 2174 3071 xu).
2207 3000 2348 3056 Vere
2384 2998 2613 3053 dilectus
2652 2996 2760 3052 Deo
2787 3005 2839 3051 et
2874 2995 3188 3051 hominibus
3206 2992 3419 3049 exstitit
3446 2990 3615 3046 Pater

332 3100 608 3148 testantur
625 3089 893 3145 volumina
916 3104 946 3143 a
975 3089 1304 3145 doctissimis
1323 3091 1456 3145 viris
1477 3091 1727 3147 ordinata
1759 3105 1919 3147 sensu
1949 3103 1994 3164 (ζ
2027 3093 2274 3157 Maiolus,
2298 3091 2443 3162 quia,
2476 3104 2575 3161 per
2601 3089 2945 3145 dilectionem
2975 3087 3067 3142 Dei
3105 3098 3159 3142 et
3182 3085 3416 3158 proximi
3448 3096 3612 3154 quam

331 3181 627 3246 catholico,
676 3179 889 3237 calamo
937 3180 1240 3249 conscripta
1282 3181 1560 3236 rhetorico
1596 3191 1652 3237 et
1695 3182 1749 3236 in
1801 3183 1918 3252 qui-

331 3270 561 3325 busdam
596 3268 730 3325 locis
761 3278 935 3325 metro
966 3270 1172 3325 variata
1204 3270 1490 3342 dactylico.
1523 3271 1590 3325 Et
1630 3272 1754 3341 quia
1780 3272 1923 3328 Deus

332 3360 681 3429 omnipotens
746 3360 952 3414 nullum
997 3368 1210 3431 tempus
1268 3360 1472 3431 patitur
1526 3360 1759 3415 transire
1805 3360 1923 3416 sine

337 3452 652 3508 testimonio
682 3467 795 3508 sua:
843 3451 1212 3523 benignitatis,
1261 3452 1327 3506 ad
1372 3451 1722 3520 eorrigendas
1753 3450 1923 3522 negli-

339 3543 553 3613 gentias
574 3552 775 3597 nostra:
800 3542 1112 3611 fragilitatis
1141 3541 1455 3612 frequenter
1485 3550 1716 3620 renovat
1736 3558 1920 3598 exem-

336 3636 422 3706 pla
451 3634 775 3690 sanctitatis.
798 3634 903 3691 Sed
923 3643 979 3691 et
1005 3635 1108 3691 isto
1132 3644 1375 3707 tempore
1405 3636 1744 3708 frequentius
1767 3637 1926 3693 solito

339 3727 567 3799 contigit
595 3727 861 3783 evenisse.

410 3818 559 3874 lnter
608 3833 797 3876 omnes
842 3820 1056 3876 titulum
1099 3821 1405 3877 sanctitatis
1441 3821 1791 3892 praeferentes
1836 3821 1928 3890 qui

338 3911 544 3967 nostris
576 3910 910 3981 temporibus
938 3911 1277 3979 elfulserunt,
1326 3913 1519 3968 beatus
1547 3912 1776 3967 Maiolus
1794 3927 1930 3981 pne-

337 4006 531 4074 cipuus
549 4005 817 4075 apparuit.
861 4006 937 4061 De
988 4005 1142 4076 cujus
1170 4007 1413 4062 honestis
1459 4007 1699 4061 moribus
1727 4017 1783 4061 et
1810 4008 1930 4060 vitae

341 4095 583 4151 honesta:
624 4095 939 4161 virtutibus,
969 4111 998 4149 a
1042 4096 1197 4152 nobis
1234 4088 1606 4166 pro'tempore
1652 4111 1819 4166 pauca
1844 4095 1929 4149 di-

343 4186 515 4240 cenda
541 4194 686 4240 sunt.
712 4185 784 4241 Ut
805 4200 930 4240 vere
951 4184 1142 4251 fatear,
1176 4185 1274 4240 fuit
1305 4186 1372 4240 ad
1395 4185 1576 4241 omnia
1594 4185 1740 4240 utilis
1761 4193 1816 4239 et
1837 4198 1932 4252 per

344 4285 538 4332 cuncta
570 4276 877 4332 laudabilis.
922 4277 1051 4331 Erat
1097 4277 1239 4331 enim
1279 4277 1538 4332 honestas
1580 4277 1634 4330 in
1691 4276 1929 4339 actione,

344 4367 609 4423 sobrietas
636 4367 691 4423 in
721 4365 1130 4433 consuetudine,
1163 4365 1440 4422 humilitas
1464 4367 1516 4421 in
1540 4364 1928 4436 prosperitate,

2024 3186 2253 3243 firmiter
2282 3184 2475 3249 tenuit,
2503 3183 2613 3238 Deo
2637 3182 2839 3252 placuit
2863 3179 3269 3245 ethominibus;
3305 3180 3375 3233 ita
3407 3175 3619 3232 studuit

2023 3276 2239 3346 placere
2269 3275 2583 3331 hominibus
2633 3281 2693 3328 ut
2717 3273 2827 3328 Deo
2882 3286 2990 3327 non
3039 3269 3369 3340 displiceret,
3398 3268 3471 3322 ita
3503 3267 3635 3351 Deo.

2023 3379 2082 3425 ut
2107 3369 2419 3425 hominibus
2446 3367 2749 3437 prodesset.
2781 3364 2992 3419 Placuit
3038 3362 3168 3428 Deo,
3210 3363 3346 3418 bene
3382 3359 3617 3415 vivendo

2024 3470 2081 3518 et
2102 3470 2251 3517 recte
2272 3459 2537 3516 docendo.
2558 3457 2770 3513 Placuit
2788 3454 3118 3515 hominibus,
3143 3470 3241 3525 pro
3266 3467 3427 3524 posse
3453 3449 3613 3520 spiri-

2027 3552 2153 3608 talia
2205 3559 2260 3607 et
2302 3549 2619 3619 temporalia
2669 3548 2750 3602 eis
2808 3545 3070 3601 beneficia
3110 3545 3435 3600 exhibendo.
3475 3541 3615 3597 Vere

2026 3645 2171 3699 enim
2205 3640 2522 3697 memoriam
2566 3637 2684 3706 ejus
2723 3640 2776 3691 in
2822 3635 3203 3693 benedictione
3242 3634 3615 3704 cognoscimus

2027 3734 2280 3798 existere,
2325 3729 2763 3786 dumrecolimus
2809 3737 2866 3784 et
2901 3727 3079 3782 adhuc
3118 3726 3404 3796 perspicue
3438 3723 3617 3779 cerni-

2030 3841 2150 3882 mus
2174 3840 2273 3895 per
2298 3839 2421 3880 eum
2466 3830 2520 3877 et
2546 3836 2642 3876 eos
2671 3836 2807 3890 quos
2830 3820 2882 3876 in
2912 3818 3131 3875 Christo
3161 3819 3347 3895 genuit
3388 3815 3617 3872 aedilicia

2024 3917 2251 3973 fabricae
2277 3913 2517 3971 caelestis
2550 3911 2880 3975 excrevisse,
2908 3910 3147 3965 crevisse
3170 3917 3225 3965 et
3252 3921 3520 3963 crescere.
3550 3904 3619 3958 Et

2028 4020 2088 4066 ut
2116 4024 2249 4082 pace
2270 4004 2629 4078 spiritualium
2655 4003 2922 4057 artificum
2956 4002 3008 4055 in
3058 4001 3248 4056 eadem
3299 3997 3505 4052 fabrica
3542 3994 3618 4049 la-

2029 4099 2336 4157 borantium
2368 4096 2565 4159 dicam,
2594 4108 2735 4148 unus
2758 4094 3031 4162 prazcipue
3063 4088 3295 4154 refulsit,
3325 4085 3416 4156 qui
3447 4097 3621 4153 nuper

2032 4193 2194 4248 rebus
2222 4190 2475 4245 humanis
2502 4186 2753 4247 excessit,
2791 4195 2848 4240 et
2875 4184 2966 4254 qui
3007 4182 3128 4252 plus
3156 4179 3406 4238 onmibus
3434 4176 3631 4243 nobis,

2032 4283 2315 4347 laboravit,
2347 4282 2576 4338 domnus
2597 4278 2847 4333 videlicet
2872 4284 2928 4332 et
2954 4275 3091 4331 abba
3141 4271 3448 4328 Willelmus
3472 4267 3617 4339 (46),

2033 4379 2102 4434 de
2129 4375 2286 4445 cujus
2321 4371 2638 4429 clarissimis
2673 4369 2884 4426 actibus
2905 4377 2957 4422 et
3005 4367 3113 4421 vita
3140 4363 3395 4420 laudabili
3422 4371 3477 4417 et
3519 4358 3621 4414 mi-

949 4588 953 4593 .
1520 4520 1828 4578 ANDBEIE
1866 4516 2140 4575 CHESNII
2172 4513 2410 4573 NOTAE.

420 4639 798 4723 (exverum
824 4637 1128 4723 "delicate!
1154 4637 1287 4692 αωια
1304 4708 1316 4721 .
1334 4635 1635 4723 ννίιιεψιμδ
1664 4634 1786 4723 sui.
1801 4649 1936 4723 1'39.-
1962 4636 2014 4696 ι)
2040 4613 3625 4723 είξιὲιξΒτρξξρίεξ,εάίιιξιενρὶιεξξ,ξιξξξπέιὶίὲλιὲςὲιιξέῗέιθξξίε

347 4703 646 4781 nasterium
679 4707 739 4764 S.
756 4709 983 4781 Benigni
1009 4708 1351 4781 Divionensis
1365 4703 1713 4781 praecipiente
1734 4703 1933 4760 Maiolo

348 4779 687 4842 reformavit,
721 4777 947 4849 ejusque
977 4780 1146 4849 abbas
1172 4788 1227 4835 et
1268 4788 1449 4833 rector
1476 4777 1811 4849 constitutus
1826 4784 1928 4849 est,

348 4853 429 4907 uti
459 4853 613 4906 docet
641 4846 950 4906 Chronicon
977 4848 1218 4917 ejusdem
1253 4846 1572 4903 monasterii
1598 4847 1683 4901 his
1706 4846 1886 4917 verbis
1917 4864 1929 4900 :

354 4941 373 4975 σ
409 4920 612 4977 Videns
664 4921 898 4975 domnus
951 4916 1239 4989 episcopus
1287 4916 1931 4989 Brunoistatumjociin

348 4991 601 5064 ambiguo
632 4990 896 5064 positum,
921 4986 1151 5064 suppleti
1176 4990 1310 5044 adiit
1348 4989 1410 5064 ζ).
1439 4986 1691 5042 Maiolum
1715 4986 1936 5041 Clunia-

345 5060 529 5139 censis
574 5062 889 5139 monasterii
944 5062 1217 5139 abbatem,
1244 5060 1542 5139 multaque
1579 5070 1937 5139 precepopo-

347 5135 450 5204 scit
480 5142 757 5204 quatenus
798 5130 913 5204 ejus
933 5131 1138 5204 auxilio
1167 5128 1427 5204 quivisset
1469 5141 1723 5196 reparare
1747 5128 1799 5204 i_n
1831 5142 1936 5181 me-

342 5201 449 5242 Ιίιιε
500 5196 748 5242 ’ἰηιρι-ἰιια
796 5196 1132 5242 ιιὶιιίσίηηριημ
1165 5206 1219 5242 et
1249 5202 1490 5242 eum-ins
1540 5196 1932 5242 nossessimms.

2041 4683 2549 4764 Romamrven'iens,
2603 4698 2655 4751 in
2682 4683 3044 4752 r'rn'onaster'io
3073 4683 3317 4747 Lanceio'
3342 4685 3507 4747 dicto,
3533 4683 3629 4735 ubi

2042 4787 2071 4825 a
2096 4787 2265 4841 puero
2308 4770 2570 4824 educatus
2605 4767 2801 4830 fuerat,
2854 4765 3054 4841 reperit
3087 4765 3635 4841 assumensqueneun}

2043 4828 2159 4912 ipso
2204 4843 2551 4912 deprecante,
2610 4828 2796 4912 secum
2831 4828 3057 4912 adduxit
3097 4828 3641 4912 .Clitniacurlnuas‘ta‘t‘e

2035 4888 2932 4981 jﬁiéniii'uéiéiiiéin.eieramus
2980 4898 3260 4981 estigitur
3291 4890 3474 4981 algas
3502 4888 3631 4981 ei):

2044 4958 2331 5037 'Ii'r'u'a'diie—
2341 4958 2632 5050 Eusebia.
2648 4958 2827 5050 iam»
2870 4968 3080 5050 υτῑιιιίιιί
3116 4958 3251 5050 ’θεωε
3289 4958 3645 5050 ρίῖίέἔὲὶῗὶίὶ
3710 4981 3714 4985 ‘

2047 5051 2257 5107 abbatis
2300 5039 2568 5118 acécpto’,
2621 5039 2825 5118 divinis
2877 5040 3134 5118 seipsum
3163 5039 3649 5118 capite-{escere

2048 5098 2535 5177 iiﬁhl'siidgi's'rhi
2552 5098 2726 5169 Yeuim
2768 5098 2995 5177 corpore
3024 5114 3230 5167 castus,
3251 5098 3449 5177 :rnente
3473 5098 3642 5149 devo-

2049 5173 2435 5242 tusfall‘ahilis
2482 5183 2750 5242 alloquio,
2802 5173 3084 5242 prudentia
3118 5173 3400 5242 praeditus,
3426 5174 3645 5233 tempe-
