4072 5350
485 320 592 378 955

1403 331 1463 390 S.
1502 331 1822 391 ODlLONlS
1857 327 2356 391 CLUNIAGENSIS
2392 325 2681 417 ABBATIS
2711 325 2753 383 γ

3658 324 3759 380 956

488 434 652 495 ranilt
720 437 1133 495 conversatione
1187 446 1427 511 parvitas
1476 455 1664 502 nostra
1726 461 1835 502 non
1882 441 2521 511 suﬂicitAeonsumpsit
2553 414 2610 496 et
2634 455 2839 505 ceram,
2889 414 3142 509 paginam
3196 437 3401 493 dimisit
3428 436 3672 493 ill:esam.
3702 437 3760 494 Si

489 526 635 597 quod
664 527 830 583 sentit
851 528 920 583 ad
948 529 1165 598 plenum
1195 531 1419 589 referre.

561 618 734 689 Quam
782 620 1066 689 perspicue
1095 621 1392 678 beatissimi
1434 623 1611 681 Maioli
1642 628 1869 698 ejusque
1907 627 2076 683 disci-

486 709 739 780 pulorum
770 709 824 765 in
857 710 1234 768 benedictione
1279 713 1482 787 existat
1530 717 1813 781 memoria,
1845 730 2073 787 respon-

486 799 654 856 deant
679 801 1012 863 monasteria
1044 802 1114 857 ab
1156 803 1290 873 ipsis
1314 804 1420 858 alia
1472 819 1502 858 a
1535 803 1903 861 fundamentis
1947 820 2077 861 eon-

487 901 720 958 suucta,
735 893 841 947 alia
854 893 921 948 de
940 895 1289 965 corruptione
1314 911 1437 951 cum
1467 896 1801 952 incremento
1815 897 2083 959 virtutum,

488 982 559 1037 ad
581 981 860 1039 meliorem
886 993 1088 1039 statum
1140 987 1382 1042 reducta.
1434 986 1708 1054 Quantum
1735 988 1821 1042 vir
1861 987 1984 1053 iste,
2011 986 2079 1042 de

489 1087 599 1144 quo
643 1073 933 1145 loquimur,
967 1077 1078 1132 Deo
1121 1077 1346 1148 placuit,
1379 1093 1476 1149 per
1522 1079 1678 1149 signa
1728 1087 1785 1134 et
1817 1078 2078 1134 miracula

490 1181 612 1237 qua:
632 1184 731 1239 per
759 1169 1013 1224 meritum
1041 1168 1156 1238 ejus
1189 1170 1447 1226 Dominus
1492 1179 1744 1240 operatus
1774 1179 1877 1237 est,
1907 1170 2081 1226 homi-

489 1256 655 1317 nibus
701 1257 992 1317 manifeste
1034 1259 1289 1328 dignatus
1347 1269 1432 1315 est
1498 1262 1893 1327 demonstrare,
1949 1263 2080 1317 dum

494 1346 793 1403 multorum
843 1347 1101 1414 fidelium,
1150 1358 1209 1404 ut
1247 1349 1560 1405 fidelissima
1606 1360 1834 1407 testatur
1869 1353 2078 1419 relatio,

493 1438 685 1495 multis
725 1439 954 1496 diversis
1000 1440 1403 1497 inﬁrmitatibus
1447 1444 1749 1509 constricti,
1797 1446 1960 1500 etiam
2013 1445 2082 1501 de

493 1527 565 1583 de
585 1529 694 1584 vita
723 1530 1097 1601 desperantes,
1148 1534 1215 1587 ab
1240 1548 1306 1589 eo
1333 1533 1532 1588 visitati
1566 1550 1665 1604 per
1714 1537 1944 1612 gratiam
1976 1536 2082 1590 Do-

493 1617 630 1674 mini
660 1619 904 1689 pristinae
930 1621 1147 1676 sanitati
1178 1631 1305 1677 sunt
1325 1622 1539 1678 redditi.
1572 1623 1778 1692 Plures,
1800 1626 2080 1681 oculorum

496 1708 713 1766 detersa
746 1711 999 1782 caligine,
1025 1729 1122 1783 per
1149 1715 1398 1769 meritum
1435 1714 1549 1783 ejus
1578 1715 1776 1771 clarius
1798 1727 2083 1787 coeperunt

2178 552 2285 593 non
2314 535 2687 592 ressuseitavit
2712 540 3050 589 mortuorum
3088 544 3337 599 corpora,
3376 538 3504 583 sunt
3540 527 3643 603 alia
3672 543 3764 598 po-
3830 512 3847 523 ’

2176 627 2313 683 tiora
2336 635 2388 682 et
2415 626 2647 681 clariora
2673 640 2794 695 quae
2815 639 2911 694 per
2928 638 3053 677 eum
3086 620 3344 675 Dominus
3400 620 3641 688 patravit
3664 619 3765 673 mi—

2177 718 2384 773 racula.
2415 714 2474 773 Si
2500 718 2679 771 anima
2710 714 2829 782 plus
2871 723 2945 768 est
2976 728 3132 784 quam
3177 726 3367 781 corpus
3412 709 3633 782 (Matth.
3662 712 3764 781 vt),

2177 808 2348 865 multo
2374 807 2546 877 major
2565 818 2621 863 et
2646 806 2999 863 excellentior
3028 813 3113 859 est
3145 802 3449 856 animarum
3497 803 3566 855 ad
3595 802 3763 855 vitam

2181 906 2444 953 aeternam
2474 897 2747 967 reparatio
2791 909 2952 965 quam
3003 892 3350 947 resuscitatio
3377 905 3671 960 corporum
3700 890 3768 945 ad

2180 990 2305 1045 vitae
2333 982 2494 1060 hujus
2527 1002 2797 1043 aerumnas
2835 995 2889 1041 et
2914 985 3152 1056 pericula
3193 984 3558 1040 redeuntium.
3584 982 3769 1051 Quan-

2184 1090 2270 1136 tos
2294 1080 2361 1135 de
2390 1091 2565 1134 morte
2591 1079 2787 1133 anima:
2832 1086 2887 1133 et
2914 1078 3172 1133 vitiorum
3203 1078 3459 1146 voragine
3485 1075 3772 1132 suscitavit

2182 1183 2239 1230 et
2267 1174 2319 1229 in
2350 1173 2466 1228 vias
2493 1172 2618 1228 vitae
2661 1187 2777 1228 suo
2801 1170 3048 1241 exemplo
3086 1170 3404 1235 introduxit,
3454 1183 3645 1225 eorum
3674 1184 3772 1223 nu-

2185 1264 2497 1327 merositas,
2529 1263 2630 1318 soli
2657 1262 2768 1318 Deo
2809 1262 3046 1331 cognita,
3080 1260 3428 1315 dinumerare
3475 1274 3583 1314 non
3620 1258 3770 1313 sinit.

2186 1354 2280 1409 His
2309 1363 2365 1410 et
2391 1353 2721 1423 ejuscemodi
2753 1352 3045 1407 virtutibus
3069 1351 3247 1406 clarus
3275 1351 3387 1405 Deo
3441 1359 3497 1405 et
3540 1350 3772 1405 homini-

2183 1444 2287 1497 bus
2316 1443 2523 1498 exstitit
2572 1443 2817 1499 cbarus..
2853 1438 3003 1495 Multi
3032 1439 3283 1496 catholici
3329 1448 3383 1494 et
3425 1436 3772 1495 honorabiles

2185 1532 2398 1599 clerici,
2422 1532 2659 1603 religiosi
2692 1530 2944 1585 monachi
2973 1538 3027 1584 et
3058 1528 3338 1585 reverendi
3366 1526 3593 1584 abbates
3614 1543 3773 1583 vene.

2186 1622 2451 1677 rabantur
2489 1620 2640 1675 illum
2682 1629 2744 1674 ut
2779 1618 3182 1675 sanctissimum
3228 1616 3469 1673 Patrem.
3505 1616 3695 1672 Sancti
3722 1626 3777 1672 et

2186 1714 2460 1784 sapientes
2487 1714 2721 1782 episcopi
2754 1712 3056 1766 tractabant
3101 1710 3248 1765 illum
3292 1718 3353 1764 ut
3391 1709 3775 1764 charissimam

496 1798 708 1855 videre.
748 1799 899 1855 Multi
931 1802 1128 1858 diversi
1162 1805 1377 1876 generis
1410 1803 1651 1862 febribus
1696 1805 1903 1872 afﬂicti,
1947 1822 2087 1877 pra}-
2115 1798 2159 1858 B
2188 1805 2435 1861 fratrem.
2461 1805 2543 1859 Ab
2563 1803 2980 1875 imperatoribus
3005 1801 3543 1871 etimperatrieibus,
3562 1800 3779 1869 regibus

497 1898 679 1946 stante
711 1890 922 1948 Domini
951 1893 1151 1963 gratia,
1177 1892 1292 1962 ejus
1326 1897 1669 1952 orationibus
1689 1906 1818 1953 sunt
1843 1897 2081 1954 liberati.

496 1978 672 2045 Multi,
721 1990 781 2036 ut
821 1982 1020 2049 ferunt,
1074 1999 1103 2038 a
1154 1998 1362 2039 veneno
1382 1987 1762 2056 ﬁserpentium,
1816 1988 2086 2043 morsibus

497 2071 753 2143 luporum
777 2082 833 2128 et
854 2082 1074 2141 canum,
1098 2076 1405 2132 incursione
1428 2088 1484 2132 et
1507 2079 1757 2134 illusione
1782 2079 2085 2134 daemonum

496 2177 597 2235 per
636 2165 929 2222 Dominicae
975 2167 1156 2223 crucis
1199 2167 1536 2239 signaculum
1589 2170 1812 2223 dextera
1852 2168 1969 2238 ejus
1995 2182 2088 2223 ex-

499 2270 753 2325 pressum
818 2266 1134 2313 meruerunt
1186 2258 1429 2329 recipere
1478 2260 1717 2315 salutare
1760 2260 2083 2316 remedium.

498 2344 671 2410 Multi,
707 2346 758 2400 in
793 2346 1048 2417 periculis
1089 2346 1396 2413 ﬂuminum,
1448 2348 1516 2404 ab
1565 2348 1762 2404 ictibus
1814 2348 2085 2420 fulgurum

499 2446 559 2491 et
586 2438 799 2495 caeteris
846 2439 1381 2496 incommoditatibus
1427 2439 1546 2509 ejus
1592 2450 1720 2496 sunt
1766 2442 1978 2498 liberati
2006 2442 2090 2497 in-

501 2528 946 2584 tercessionibus.
987 2529 1292 2599 Aliquando
1323 2531 1584 2597 candelae,
1639 2530 1721 2585 vel
1764 2531 2088 2603 negligentia

498 2619 817 2677 cubicularii
848 2622 936 2677 vel
959 2622 1247 2678 occasione
1292 2622 1523 2692 alicujus
1563 2636 1791 2679 eventus
1826 2626 1877 2678 in
1910 2626 2088 2680 nocti-

500 2709 605 2765 bus
630 2721 757 2768 ante
778 2713 976 2768 lectum
1008 2714 1127 2784 ejus
1176 2715 1479 2780 exstinctae,
1533 2724 1592 2769 ut
1619 2716 1798 2770 testati
1842 2724 1970 2771 sunt
1997 2716 2090 2787 qui

500 2798 819 2873 adfuerunt,
852 2802 1113 2858 divinitus
1149 2814 1277 2858 sunt
1303 2802 1802 2862 lumini'restitutse.

575 2889 711 2946 Cum
743 2900 890 2947 esset
933 2892 1226 2963 aliquando
1278 2894 1330 2949 in
1386 2898 1718 2952 monasterio
1764 2898 2091 2954 sanctissimi

506 2983 768 3052 martyris
794 2982 1057 3054 Dionysii,
1106 2992 1161 3038 et
1198 2994 1464 3041 nocturno
1505 2994 1747 3057 tempore
1786 2990 2009 3060 legeret,
2033 3002 2094 3044 ut

503 3070 587 3125 sui
640 3072 809 3126 moris
851 3080 990 3137 erat,
1044 3072 1289 3142 ejusdem
1336 3076 1597 3146 martyris
1654 3083 1710 3132 et
1756 3076 2092 3132 admirabilis

2190 1904 2246 1952 et
2271 1896 2454 1951 mundi
2483 1893 2817 1964 principibus
2843 1892 3024 1948 senior
3074 1889 3450 1960 appellabatur
3499 1899 3559 1944 et
3602 1888 3777 1944 domi-

2188 1984 2728 2044 nusIHonorabatur
2749 2002 2779 2040 a
2810 1983 3157 2055 pontificibus
3186 1982 3498 2052 aposwlicze
3527 1981 3695 2045 sedis,
3726 1988 3781 2033 et

2186 2096 2317 2135 vere
2341 2089 2462 2135 erat
2484 2094 2549 2134 eo
2574 2087 2814 2148 tempore
2847 2078 3098 2147 princeps
3130 2074 3405 2145 religionis
3436 2071 3774 2127 monasticae.

2188 2171 2282 2227 llle
2306 2171 2367 2226 Ι).
2399 2170 2581 2225 Caesar
2602 2178 2658 2224 et
2680 2168 2947 2222 Maximus
2972 2166 3100 2223 Otto
3125 2180 3249 2219 eum
3273 2164 3530 2234 diligebat
3561 2170 3781 2232 pectore

2190 2269 2324 2316 toto.
2360 2259 2770 2330 Diligebateum
2827 2255 3066 2325 ejusdem
3107 2252 3337 2309 Caesaris
3386 2252 3613 2321 conjux,
3658 2251 3779 2305 diva

2189 2351 2444 2408 Adaleida
2473 2349 2786 2420 imperatrix
2830 2349 3070 2418 Augusta
3122 2345 3258 2418 (47),
3289 2344 3562 2398 cbaritate
3608 2343 3783 2397 since-

2191 2446 2410 2500 rissima
2435 2454 2491 2499 et
2518 2443 2805 2498 devotione
2834 2440 3183 2497 charissima.
3230 2438 3501 2509 Diligebat
3527 2452 3653 2491 eum
3691 2450 3784 2490 eo-

2192 2552 2312 2591 rum
2343 2535 2484 2590 filius
2512 2534 2702 2589 humili
2736 2533 3041 2598 devotione,
3075 2531 3373 2600 imperator
3412 2526 3564 2591 Otto,
3587 2525 3783 2580 affectu

2192 2635 2248 2683 et
2283 2641 2387 2681 non
2415 2625 2663 2681 dissimili
2698 2634 2866 2689 voto;
2906 2622 3289 2685 Chuonradus,
3328 2619 3655 2690 supradictae
3686 2619 3785 2672 im-

2192 2719 2478 2791 peratrieis
2493 2717 2661 2771 frater
2681 2716 2876 2772 nobilis
2893 2724 2949 2770 et
2969 2712 3245 2784 pacificus,
3264 2711 3489 2781 ejusque
3507 2709 3782 2764 Matbildis

2193 2808 2531 2865 nobilissima
2560 2807 2775 2875 conjux.
2809 2806 3023 2873 Quanto
3068 2803 3407 2874 frequentius
3439 2800 3635 2855 faciem
3667 2800 3785 2869 ejus

2194 2899 2513 2962 cernebant,
2543 2904 2693 2950 tanto
2718 2894 2949 2965 amplius
2978 2884 3188 2963 in'ejus
3218 2906 3404 2947 amore
3433 2890 3782 2946 crescebant.

2195 2989 2335 3059 Quid
2365 2988 2540 3043 dicam
2567 2988 2635 3042 de
2690 2986 3028 3041 nobilissimo
3072 2983 3307 3038 Henrico
3334 2979 3783 3051 Burgundionum

2197 3080 2380 3156 duce?
2406 3078 2542 3146 Quid
2569 3078 2636 3133 de
2662 3077 2973 3141 Lambe'rto,
3010 3074 3376 3130 illustrissimo
3402 3074 3519 3127 viro
3540 3080 3598 3128 et
3635 3060 3788 3125 nebi-

502 3170 737 3232 utraque
757 3162 960 3234 lingua,
979 3173 1207 3235 utraque
1220 3166 1530 3222 conditione
1547 3169 1876 3239 philosophi,
1896 3168 2092 3224 librum
2120 3171 2166 3234 C
2198 3171 2408 3225 lissimo
2429 3169 2662 3224 comite?
2684 3168 2822 3236 Quid
2839 3168 2906 3222 de
2920 3166 3224 3221 Willelmo?
3243 3165 3356 3237 (48)
3374 3164 3502 3234 quid
3513 3161 3582 3218 de
3597 3162 3787 3217 Ricar-

505 3250 584 3307 De
624 3253 929 3324 principatu
968 3255 1199 3322 emlesti,
1246 3257 1397 3328 gravi
1441 3271 1633 3312 somno
1674 3258 2090 3328 superveniente

505 3342 732 3398 candela
776 3344 842 3398 de
884 3359 1047 3400 manu
1094 3345 1212 3415 ejus
1255 3362 1419 3417 super
1455 3347 1577 3404 libri
1605 3348 1856 3420 paginam
1888 3347 2093 3403 deﬂuit.

504 3431 723 3511 Accidit
750 3441 880 3489 tunc
900 3435 1155 3504 quiddam
1211 3436 1459 3492 mirabile
1489 3447 1545 3493 et
1593 3438 1893 3493 insolitum.
1930 3437 2093 3509 Ignis,

508 3531 720 3580 naturae
770 3539 886 3580 suae
933 3524 1167 3582 oﬂicium
1206 3542 1563 3598 prosequens,
1622 3529 1828 3601 lignum
1880 3526 2095 3601 [linum]

2196 3261 2266 3314 do
2281 3258 2392 3330 (49)
2420 3257 2812 3327 Aquitanorum
2835 3264 2889 3310 et
2910 3254 3309 3310 Normanorum
3347 3251 3664 3307 fortissimis
3689 3250 3788 3304 du-

2196 3349 2404 3405 cibus?
2448 3348 2587 3416 Quid
2631 3349 2699 3403 de
2754 3347 2955 3402 Italicis
3014 3346 3349 3417 principibus
3401 3354 3458 3399 et
3516 3341 3790 3398 mat-chio-

2198 3438 2717 3504 ttibusJ'ﬁQuantum
2780 3439 2930 3492 illum
2970 3436 3281 3492 Willelmus
3328 3444 3511 3490 rector
3557 3432 3787 3488 Provin-

2201 3532 2299 3586 cia:
2327 3530 2438 3602 (50)
2468 3530 2658 3597 coluit,
2683 3530 2796 3584 vita
2835 3529 2980 3584 illius
3014 3537 3070 3584 et
3097 3527 3219 3582 ﬁnis
3243 3526 3497 3581 ostendit.
3544 3523 3653 3578 Per
3671 3521 3787 3592 ejus

1646 3642 1949 3699 ANDREIE
1985 3640 2258 3699 CHESNII
2298 3641 2529 3697 ΝΟΤᾹΞ.

508 3754 709 3809 stinum
757 3762 985 3821 statum;
1015 3755 1159 3825 quod
1196 3763 1251 3810 et
1277 3754 1403 3810 fecit
1425 3755 1723 3809 auxiliante
1745 3756 1875 3810 Deo.
1901 3755 2086 3809 Domi-

508 3840 611 3881 nus
633 3839 848 3894 quoque
879 3826 1161 3896 episcopus
1189 3825 1372 3880 Bruuo
1396 3827 1579 3880 omnia
1602 3826 1653 3879 in
1677 3840 1775 3879 suo
1814 3826 2090 3895 episcopio

510 3898 842 3967 monasteria
899 3896 1066 3964 ipsius
1106 3896 1375 3967 delegavit
1413 3896 1783 3967 providentiae,
1816 3896 2090 3967 abbatiam

509 3965 718 4019 scilicet
766 3966 1091 4021 Besuensem
1141 3965 1511 4036 apostolorum
1560 3965 1707 4036 Petri
1740 3975 1794 4019 et
1816 3965 1968 4020 Pauli
1996 3967 2093 4036 ho-_

504 4049 646 4105 pore
690 4036 943 4097 dicatam,
1001 4034 1388 4091 nimiastcrinm
1446 4037 1622 4090 sancti
1668 4034 1895 4091 Joannis
1948 4034 2091 4105 quod

513 4103 786 4175 Beomans
808 4106 1028 4169 dicitur,
1057 4108 1235 4160 locum
1277 4107 1448 4161 sancti
1473 4105 1751 4160 Michaelis
1779 4103 2089 4175 archangeli

506 4174 664 4245 juxta
685 4185 921 4230 castrum
953 4176 1346 4243 Tarnodorutn,
1366 4176 1635 4231 abbatiam
1664 4174 2088 4231 Mellundenscm

512 4246 603 4300 ubi
641 4258 862 4301 sanctus
894 4246 1137 4303 Valerius
1168 4248 1584 4302 archidiaconus
1616 4254 1671 4300 et
1710 4253 1924 4316 martyr
1936 4246 2090 4316 quie—

500 4316 633 4369 scit.
674 4320 692 4366 ι
730 4316 1140 4371 Devotissimum
1171 4318 1281 4372 Deo
1303 4329 1457 4375 vocat
1484 4317 1682 4381 Asson,
1713 4316 1810 4371 lib.
1838 4315 1876 4370 ιι
1911 4315 2089 4370 Ηὶδιοέ

424 4441 427 4445 ,
513 4384 610 4438 riae
636 4384 912 4440 Berchorii
954 4387 1185 4450 abbatis,
1209 4388 1300 4442 ubi
1341 4398 1395 4442 et
1419 4388 1567 4441 illum
1599 4387 1676 4440 ait
1710 4405 1729 4438 ι
1777 4386 1954 4441 sancti
1991 4386 2088 4438 Be-

515 4455 664 4522 nigni
693 4454 1033 4528 D;v_ionensis
1079 4456 1373 4512 Ecclesiam
1421 4457 1679 4528 religione
1713 4466 1769 4512 et
1794 4457 2089 4528 parietibus

514 4537 613 4591 per
661 4525 917 4605 auxilium
960 4527 1228 4605 Brnn‘nnis
1263 4525 1620 4605 Lingonensis
1653 4525 2093 4605 .episcOpiumiro

515 4607 679 4716 olpcre
705 4596 1010 4651 innovasse.
1050 4617 1068 4648 ι
1098 4599 1204 4652 Sed
1230 4612 1286 4654 et
1321 4596 1522 4653 Glaber
1552 4596 1870 4666 Rodulphus
1908 4596 2004 4651 lib.
2032 4611 2095 4650 ιιι

519 4664 537 4716 Ι
571 4663 656 4716 isi.
707 4664 923 4716 Franc..
953 4682 1071 4716 ean.
1110 4668 1163 4716 5.
1211 4684 1549 4716 summmmre
1597 4668 1941 4716 commemini
1978 4667 2095 4716 eius

519 4664 656 4736 llist.
707 4664 923 4729 Frane,
953 4682 1071 4736 cap.
1110 4668 1164 4728 5.
1211 4684 1549 4736 summopere
1597 4664 1941 4723 commendat
1978 4667 2096 4736 ejus

527 4735 780 4790 ardorem
806 4736 860 4790 in
887 4735 1230 4794 monasteriis
1252 4739 1334 4793 vel
1363 4735 1743 4804 rel'ormandis,
1761 4737 1843 4793 vel
1868 4753 1933 4792 ex
1960 4735 2097 4791 navo

520 4805 913 4877 instituendis:
951 4825 969 4857 ‹
1004 4808 1232 4871 Claruit,
1280 4809 1474 4877 inquit,
1522 4823 1588 4863 eo
1645 4809 1696 4862 in
1757 4818 1996 4877 tempore
2046 4807 2096 4861 in

561 4876 777 4946 radicla
824 4877 1105 4932 domorum
1132 4879 1225 4946 Dei
1261 4876 1631 4934 melioratioue
1661 4876 1983 4933 venerabilis
2005 4878 2100 4930 ab-

564 4945 983 5020 is_W_illermtts,
1014 4965 1043 5002 a
1086 4950 1244 5005 beato
1292 4950 1557 5020 siquidem
1604 4948 1796 5005 Maiolo
1846 4948 2098 5019 primitus

524 5015 780 5092 Ecclesia:
807 5020 978 5074 sancti
1004 5023 1256 5092 ma_rtyris
1282 5015 1504 5092 Benigni
1541 5030 1696 5092 pater
1719 5015 2099 5092 constitutus.»

525 5035 780 5071 necnesm:
807 5035 978 5074 sanett
1004 5035 1256 5092 martyris
1282 5035 1504 5092 benigni
1581 5035 1696 5074 ater
1719 5035 2099 5075 consumtus.»

525 5086 593 5140 Et
631 5087 789 5170 paulo
813 5100 931 5170 post
960 5109 972 5167 ς
999 5108 1025 5170 ι(
1066 5090 1207 5170 Erae
1229 5090 1516 5170 praedictus
1538 5035 1851 5146 eVillermus
1872 5104 1997 5170 acer
2021 5088 2105 5140 in-

526 5159 706 5277 genio,
741 5167 793 5211 et
818 5159 1043 5229 insignis
1067 5159 1382 5229 prudentia;
1413 5162 1616 5216 ideirco
1637 5175 1906 5216 summum
1930 5159 1982 5212 in
2012 5171 2106 5227 pa-

548 5225 674 5277 aiiis
699 5242 882 5277 retium
913 5245 978 5277 ac
1003 5242 1319 5277 cmlnt‘nrnm
1366 5232 1668 5277 nrimtimtm
1717 5229 1994 5277 obtinebat
2026 5229 2106 5277 Io-

514 5225 674 5326 .Eﬂs
699 5242 882 5326 regum
913 5225 978 5284 ac
1003 5225 1320 5326 caeterorutn
1366 5225 1668 5326 principum
1717 5225 2109 5312 obtinebat’lo-

564 5310 653 5326 nm
726 5299 1091 5326 ίὶιιΛᾸΛιι.ιΑ-..ο.
1163 5303 1389 5326 .Ιη.ιξη.-ι-
1450 5302 1837 5326 -“Αη..ροΛ-ἶ.ιηι
1892 5299 2108 5326 -ε-Ληηῖιι

2205 3764 2315 3824 tam
2371 3756 2486 3824 ipse
2536 3763 2758 3809 sanctus
2796 3753 2951 3810 ΟιΙίιο
2998 3753 3236 3824 scripsit,
3259 3761 3592 3824 exstantque
3612 3751 3787 3824 etiam

2201 3819 2475 3888 Gerberti,
2526 3826 2616 3893 qui
2647 3834 2832 3895 postea
2860 3825 2960 3878 fuit
2987 3819 3226 3895 pontifex
3259 3819 3556 3895 Romanus,
3608 3819 3787 3876 Silve-

2208 3905 2324 3949 ster
2350 3892 2620 3950 secundus
2648 3892 2851 3957 dictus,
2881 3896 2945 3949 ad
2976 3892 3094 3948 eam
3128 3894 3336 3963 aliquot
3360 3892 3622 3962 epistolae.

2272 3965 2385 4034 (48)
2435 3964 2577 4034 Quid
2622 3967 2686 4019 de
2734 3965 2998 4019 Willelmo
3037 3958 3417 4034 Aquila-norim}
3462 3963 3614 4034 duce.
3659 3958 3788 4034 Ebli

2202 4030 2412 4090 scilicet
2458 4030 2838 4089 'Arvernorum
2892 4030 3348 4102 Pictavorumque
3397 4030 3788 4102 comitislilio,

2202 4106 2294 4175 qui
2316 4103 2670 4175 Caputstupte
2702 4101 3272 4175 cognominatus_cst,
3294 4111 3354 4175 ut
3372 4102 3528 4175 docet
3557 4101 3792 4175 ridente:

2198 4168 2294 4230 riis
2327 4176 2380 4229 in
2400 4168 2649 4230 Historia
2681 4168 2987 4242 Aquitaniae
3014 4190 3028 4226 :
3068 4192 3085 4224 ι
3118 4173 3306 4236 Filius,
3344 4172 3536 4241 inquit,
3571 4168 3791 4224 Ranulli

2194 4246 2360 4300 Eblus
2386 4247 2727 4317 Arverniset
2754 4244 2990 4317 Pictavis
3012 4244 3379 4317 simulcomes
3404 4251 3785 4317 promovetur,

2195 4324 2530 4384 acceptaque
2585 4310 2660 4369 in'
2701 4315 3009 4383 conjugium
3057 4313 3228 4384 Adela
3277 4313 3383 4384 lilia
3418 4312 3546 4366 liosi
3578 4310 3793 4384 Ruthe-

2197 4379 2469 4456 magensis
2499 4401 2657 4456 exea
2683 4379 3220 4456 getiuit'Willclmum
3262 4382 3634 4456 caputstupze.
3669 4379 3792 4456 »_Et

2197 4449 2430 4526 pos'tea:
2466 4475 2484 4507 ι
2525 4449 2831 4526 Willelmus
2883 4455 3249 4526 Capntstupaq,
3307 4449 3446 4526 [ilius
3495 4452 3616 4526 _Ebl_i
3682 4449 3792 4504 Ra-

2200 4519 2332 4580 nulli
2362 4527 2578 4580 comitis
2608 4519 2975 4589 Pictavensis,
3004 4519 3288 4587 Arvernis,
3317 4522 3561 4585 Vallatis,
3591 4519 3793 4574 Lemm

2203 4598 2355 4659 vieae,
2385 4605 2441 4651 et
2481 4595 2721 4651 Pictavis
2770 4610 2953 4651 comes
3006 4603 3315 4665 provectus,
3347 4593 3453 4648 dux
3482 4591 3793 4660 Aquitania:

2204 4667 2435 4721 exstitit.
2480 4687 2500 4719 ι

2275 4737 2387 4807 (49)
2419 4735 2559 4807 Quid
2589 4736 2653 4789 de
2702 4733 3278 4807 RichardohNorman.
3328 4727 3795 4807 Bicliardusbicl

2205 4800 2454 4873 nomine,
2477 4806 2731 4860 Willelmi
2761 4806 2916 4860 ducis
2952 4805 3113 4868 filius,
3151 4804 3240 4872 qui
3266 4813 3318 4857 et
3346 4803 3512 4857 lilium
3546 4800 3791 4869 reliquit,

2206 4878 2541 4931 Richardttm
2572 4879 2739 4930 etiam
2766 4876 2993 4936 dietutn,
3025 4872 3107 4929 sui
3132 4876 3359 4927 ducatus
3384 4874 3681 4927 lueredem.

2281 4946 2401 5018 (50)
2447 4945 2747 5018 Willelmus
2787 4957 2956 5018 rector
2987 4944 3297 4998 Proviuct'rr.
3339 4941 3788 5018 Qui_Bossonem,

2206 5013 2445 5088 primum
2478 5017 2777 5088 Provinciae
2817 5016 3093 5088 comitem,
3119 5023 3328 5088 patrem
3374 5013 3580 5077 habuit,
3610 5021 3797 5088 pater-

2210 5082 2316 5158 que
2356 5090 2483 5159 ipse,
2517 5087 2619 5140 fuit
2645 5086 2999 5159 Constantine,
3042 5082 3262 5159 Ro‘berti
3281 5082 3623 5159 fruticorum
3653 5087 3797 5150 regis

2212 5152 2417 5213 uxoris.
2446 5157 2541 5212 Est
2584 5158 2729 5212 enim
2785 5158 2876 5212 ille
2925 5157 3042 5210 sine
3074 5156 3236 5209 dubio
3271 5152 3610 5216 Guillelmns,
3633 5168 3798 5222 quem

2213 5228 2451 5326 Historia
2490 5228 2774 5326 consulum
2806 5225 3276 5326 Altidegavfnsi‘tlm
3304 5224 3800 5326 Arelatensem-iac?-

3062 5296 3087 5326 Α
3102 5295 3272 5326 Ληηηῖί
3320 5303 3498 5326 nudus-1

2388 5317 2398 5326 ι
2436 5306 2588 5326 svnt-un.
2635 5297 2718 5326 ":3
2748 5299 2927 5326 I'Al'll:ﬁ
2956 5296 2979 5326 cf
3002 5315 3018 5326 ε
3062 5296 3272 5326 Anni-ani!
3320 5303 3498 5326 nIICuII‘I
3548 5296 3768 5326 cun-und:
