4072 5350
506 302 615 367 959

1475 309 1533 367 s.
1574 275 1891 370 ODILONIS
1924 306 2421 371 CLUNIACENSIS
2459 309 2750 369 ABBATlS
2796 309 2838 367 v

3634 286 3761 366 ’960

489 421 783 490 patrantur
837 419 1117 487 miracula,
1157 427 1213 476 et
1258 414 1508 491 plurimis
1555 412 1788 496 plurima
1834 425 2076 497 prmstita
2101 428 2151 486 Α
2180 436 2278 492 per
2304 422 2467 494 Alpes
2489 421 2660 478 Julias
2684 439 2854 494 usque
2877 421 2941 478 ad
2982 422 3111 493 juga
3142 420 3504 478 Penuinarnm
3534 419 3757 490 Alpium

482 520 629 566 sunt
653 518 708 566 et
727 519 1060 583 praestantur
1098 510 1402 568 beneficia:
1438 528 1668 584 quorum
1709 517 2075 572 numerosita-

497 608 609 654 tem
668 609 726 654 et
785 599 1211 671 magnitudinem
1274 617 1381 658 non
1432 600 1626 661 sufﬁcit
1681 621 1780 676 per
1829 606 2075 664 ordinem

496 688 741 746 omnium
769 694 1080 747 nostrorum
1110 707 1371 749 enarrare
1395 697 1675 752 memoria.
1709 697 1816 754 Sed
1856 708 1916 754 ut
1953 699 2078 755 bre-

494 780 717 837 vissima
748 791 873 838 utar
911 784 1285 851 conclusione,
1314 788 1382 841 ad
1412 788 1719 859 sepulcrum
1764 792 1922 849 istius
1952 807 2077 847 san-

496 871 733 930 ctissimi
782 875 886 930 viri
933 876 1001 932 de
1045 891 1155 947 quo
1202 866 1479 948 loquimur
1512 891 1568 937 et
1613 883 1769 952 cujus
1809 885 1977 940 vitam
2020 894 2078 941 et

495 963 690 1023 merita
758 966 1017 1025 cbaritati
1078 967 1316 1024 fidelium
1387 974 1772 1028 commendare
1825 975 2076 1046 nitimur,

496 1060 674 1130 gratia
713 1069 771 1116 et
795 1061 1167 1119 misericordia
1198 1063 1401 1119 Christi
1429 1080 1459 1120 a
1485 1079 1806 1135 quacunque
1849 1063 2077 1120 inﬁrmi-

494 1157 607 1206 tate
635 1152 835 1209 detenti
866 1155 1019 1209 multi
1062 1156 1236 1212 sanati
1279 1165 1405 1212 sunt
1443 1168 1499 1214 et
1539 1165 1804 1213 sanantur
1848 1156 2072 1214 infirmi.

493 1239 570 1295 lbi
615 1245 894 1316 pararytici
934 1246 1221 1317 eriguntur
1261 1256 1315 1303 et
1350 1239 1560 1311 ’claudi,
1591 1248 1663 1303 ibi
1703 1248 2078 1304 febricitantes

494 1341 552 1386 et
592 1333 742 1400 caeci,
787 1335 861 1390 ibi
888 1350 919 1391 a
947 1336 1283 1393 daemonibus
1331 1340 1565 1409 possessi
1617 1339 1969 1405 mtmdautur,
2023 1348 2079 1395 et

497 1424 776 1481 nescimus
820 1424 974 1494 cujus
1015 1429 1231 1497 generis
1278 1429 1402 1499 igne
1452 1429 1769 1485 terribiliter
1814 1441 1868 1483 et
1915 1431 2079 1486 mise-

497 1514 745 1573 rabiliter
768 1518 945 1574 adusti
984 1519 1281 1575 liberantur
1305 1521 1444 1593 (56).
1470 1522 1535 1577 Et
1557 1523 1801 1593 quisquis
1824 1523 1896 1578 ibi
1924 1524 2081 1579 devo-

498 1613 588 1662 tus
636 1605 933 1664 adveniens
984 1610 1051 1664 de
1096 1623 1421 1680 quacunque
1466 1613 1792 1669 necessitate
1851 1612 2079 1669 ﬁdeliter

498 1698 759 1757 auxilium
800 1703 1021 1772 expetit,
1054 1697 1162 1759 veli
1204 1704 1284 1759 sui
1312 1720 1534 1776 compos
1562 1704 1788 1761 effectus
1831 1706 1971 1761 redit
2011 1706 2078 1761 ad

2176 514 2367 584 rapido
2392 530 2553 570 cursu
2585 514 2850 586 pervenit,
2880 515 3061 586 ibique
3104 512 3398 584 impietatis
3440 527 3551 568 sum
3598 510 3756 565 frena

2175 605 2441 671 relaxans,
2470 600 2569 676 per
2606 607 2894 663 multorum
2920 616 3220 675 temporum
3246 607 3420 677 spatia
3457 604 3758 660 Christiani

2174 698 2409 753 nominis
2431 697 2656 769 populos
2675 699 2900 755 diversis
2928 698 3363 755 infestationibus
3387 708 3442 754 et
3471 697 3761 753 calamita-

2175 787 2320 843 tibus
2347 786 2538 843 aﬂlixit
2559 829 2574 855 ,
2607 788 2743 844 alios
2761 789 3077 854 occidendo,
3126 788 3263 843 alios
3306 789 3593 858 capiendo,
3620 788 3760 844 alios

2173 878 2331 935 bonis
2354 879 2469 936 suis
2485 880 2735 936 omnibus
2762 880 3134 951 exspoliando,
3163 880 3456 950 impietatis
3484 895 3598 935 sum
3630 889 3760 934 vota

2176 968 2360 1026 taliter
2385 970 2669 1041 tyrannica
2692 970 3082 1025 exercitatione
3108 970 3396 1041 complevit
3420 987 3436 1036 ;
3478 970 3622 1024 inter
3652 984 3761 1025 cte-

2175 1067 2296 1116 tera
2340 1061 2480 1115 mala
2520 1077 2642 1132 qua:
2685 1060 2917 1131 populus
2963 1059 3052 1115 ille
3099 1061 3519 1117 nefandissimus
3567 1060 3755 1131 gessit,

2175 1155 2549 1209 beatissimum
2578 1153 2789 1209 Patrem
2816 1153 3088 1219 Maiolum,
3117 1168 3146 1207 a
3170 1153 3445 1209 liminibus
3480 1152 3757 1224 apostolo-

2177 1257 2298 1296 rum
2328 1243 2662 1309 redeuntem,
2697 1242 2888 1296 fraude
2915 1253 2969 1298 et
2995 1243 3205 1298 insidiis
3233 1242 3398 1312 cepit,
3425 1243 3588 1297 rebus
3639 1257 3760 1297 omo

2178 1335 2338 1391 nibus
2383 1336 2766 1405 exspoliatum,
2810 1336 3038 1391 vinculis
3085 1335 3344 1408 alligavit,
3393 1333 3539 1390 fame
3584 1343 3639 1389 et
3668 1333 3758 1389 siti

2177 1425 2385 1481 afflixit.
2417 1426 2509 1482 [ile
2533 1443 2663 1483 vero
2707 1426 2965 1482 divinitus
2998 1425 3295 1491 absolutus,
3327 1426 3393 1480 ad
3425 1433 3757 1496 postremum

2177 1517 2423 1586 pecuniis
2447 1517 2759 1573 monasterii
2781 1516 2864 1571 sui
2894 1516 3223 1586 redemptus,
3247 1516 3313 1571 de
3339 1513 3591 1570 manibus
3641 1512 3760 1568 illo-

2179 1622 2299 1661 rum
2325 1606 2550 1661 Domino
2571 1614 2884 1678 protegente
2899 1607 3070 1660 evasit
3095 1606 3307 1668 illaesus,
3337 1613 3391 1659 et
3416 1604 3534 1675 ejus
3560 1602 3760 1673 injtlsta
3841 1594 3855 1605 ’

2179 1698 2360 1768 captio
2407 1697 2740 1768 expulsiouis
2789 1696 3002 1752 illorum
3031 1706 3087 1752 et
3112 1706 3385 1767 perpetua:
3439 1695 3762 1767 perditionis

496 1791 720 1866 propria
744 1787 931 1862 sospes
965 1803 1022 1849 ει
1065 1793 1242 1861 laetus,
1286 1804 1578 1865 pmsiame
1619 1796 1847 1851 Domino
1885 1805 2076 1852 ηοειιιο
2106 1777 2152 1837 Β
2180 1787 2280 1843 fuit
2305 1790 2539 1844 occasio.
2567 1787 2719 1843 Sicut
2745 1803 2894 1853 vero,
2927 1796 3049 1857 post
3068 1788 3378 1858 passionem
3405 1786 3634 1851 Christi,
3664 1785 3761 1840 Ju-

494 1879 623 1937 Jesu
658 1880 897 1949 Christo,
923 1883 1015 1954 qui
1037 1885 1170 1940 vivit
1210 1894 1264 1939 et
1300 1895 1492 1954 regnat
1522 1886 1576 1940 in
1606 1887 1814 1941 unitate
1852 1886 2077 1956 spiritus

495 1972 672 2027 sancti
704 1973 846 2029 Deus
870 1989 968 2044 per
994 1973 1180 2029 omnia
1209 1973 1403 2030 saecula
1434 1975 1774 2032 sarculorum.
1804 1977 1997 2031 Amen.

433 2082 485 2133 κν
568 2060 704 2118 Cum
749 2062 893 2118 enim
940 2064 1066 2119 huic
1121 2063 1404 2120 sententiae
1460 2064 1651 2119 vellem
1703 2065 1864 2120 finem
1914 2066 2081 2135 impo-

384 2134 433 2184 λλ
496 2166 650 2217 nere,
684 2154 738 2208 in
768 2164 873 2223 qua
907 2154 973 2211 de
1002 2154 1143 2208 beati
1181 2153 1354 2209 Maioli
1384 2154 1496 2209 vita
1543 2164 1599 2210 et
1645 2156 1886 2210 moribus
1933 2134 2079 2211 fideli

497 2245 811 2299 temeritate
842 2254 897 2298 et
937 2244 1139 2299 humili,
1166 2246 1590 2315 praesumptione
1635 2245 1786 2300 nisus
1825 2260 1946 2301 sum
1975 2245 2078 2300 ali-

495 2333 632 2403 quid
675 2334 876 2400 dicerc,
928 2335 1078 2390 venit
1118 2335 1171 2389 in
1223 2335 1483 2395 memoria
1527 2336 1881 2392 memorabile
1910 2339 2082 2408 quod-

494 2424 620 2479 dam
667 2426 1014 2496 prtesagium,
1057 2426 1220 2497 quod‘
1254 2428 1306 2480 in
1354 2426 1601 2498 genitore
1638 2426 1781 2482 illius
1816 2442 2082 2498 quorum-

495 2515 619 2571 dam
671 2517 909 2574 fidelium
948 2520 1207 2575 relatione
1256 2521 1567 2577 audiveram
1616 2532 1850 2593 gestum.
1904 2521 2077 2588 Quod,

493 2618 554 2664 ut
579 2610 797 2679 quidam
823 2610 1084 2677 referunt,
1115 2612 1284 2667 isdem
1321 2622 1475 2682 pater
1501 2613 1819 2683 frequenter
1842 2598 2081 2684 jucunda

495 2714 748 2756 sermone
774 2702 967 2758 solitus
993 2711 1111 2757 erat
1137 2702 1361 2759 referre.
1391 2704 1499 2760 Sed
1538 2720 1638 2776 ego
1668 2705 1796 2760 huic
1833 2704 1981 2774 operi
2015 2704 2081 2759 ti-

496 2791 710 2845 mebam
765 2792 1020 2859 inserere,
1078 2808 1147 2849 ne
1175 2792 1335 2849 alicui
1392 2780 1669 2850 videretur
1737 2793 2076 2850 incredibile.

494 2879 786 2952 Postquam
810 2884 1106 2939 accidentia
1127 2885 1395 2955 quaedam,
1425 2902 1547 2956 quae
1576 2887 1910 2958 temporibus
1934 2886 2081 2941 illius

494 2973 715 3028 evenire
741 2974 984 3045 contigit,
1010 2976 1203 3044 quibus
1224 2978 1544 3048 praesagium
1572 2978 1700 3032 illud
1729 2979 2077 3047 apertissima

495 3064 706 3121 ratione
744 3065 976 3132 favebat,
1023 3068 1259 3124 recolere
1297 3070 1473 3139 coepi,
1527 3070 1900 3126 indubitanter
1954 3072 2080 3128 inde

498 3159 702 3231 aliquid
751 3159 935 3217 dicere
980 3162 1243 3233 disposui.
1275 3160 1381 3218 Sed
1430 3162 1659 3218 insolitae
1687 3163 1763 3219 rei
1794 3180 1932 3219 nova
1966 3179 2078 3219 ma-

497 3255 662 3311 teries
682 3255 1091 3313 coutradicebat
1122 3256 1381 3327 incipere,
1411 3256 1556 3326 quod
1597 3257 1668 3313 ob
1716 3257 2075 3329 granditatem

497 3345 584 3402 sui
625 3345 877 3402 timebam
933 3361 1020 3403 me
1067 3330 1174 3401 non
1211 3359 1371 3417 posse
1399 3346 1682 3417 perficere.
1716 3347 1933 3404 Etcum
1964 3350 2078 3404 haec

494 3437 813 3509 cogitarem,
849 3438 1064 3494 dicebat
1092 3439 1206 3509 ipsa
1251 3454 1367 3493 mea
1391 3439 1649 3511 cogitatio
1696 3440 1830 3494 mihi
1869 3458 1883 3494 :
1943 3438 2077 3495 Tam

496 3531 689 3587 idonee
714 3529 912 3601 poterit
937 3530 1059 3600 quis
1089 3530 1294 3586 referre
1316 3530 1528 3602 ingenio
1555 3531 1783 3601 alicujus
1815 3532 1917 3588 viri
1950 3532 2076 3587 boni

495 3627 737 3683 delusam
767 3628 1198 3683 crudelissimam
1223 3627 1424 3682 rabiem
1457 3627 1588 3696 lupi,
1612 3628 1752 3684 sicut
1778 3628 1867 3683 ille
1897 3627 2079 3683 retulit

499 3717 969 3773 mansuetudinem
1008 3726 1064 3772 et
1095 3716 1460 3793 obedientiam
1494 3718 1688 3784 leonis,
1718 3720 1809 3790 qui
1861 3718 2080 3789 scripsit

497 3807 676 3865 Vitam
698 3809 760 3863 B.
788 3810 1096 3882 Hieronymi
1127 3811 1322 3865 divinae
1351 3810 1486 3881 legis
1514 3812 1849 3883 interpretis,
1873 3813 2077 3867 doetis-

494 3898 642 3966 simi,
682 3899 1035 3956 eruditissimi
1065 3910 1120 3955 et
1150 3899 1401 3955 catholici
1434 3901 1574 3955 viri?
1609 3902 1929 3958 [inminente
1972 3904 2076 3957 ita-

492 4006 602 4061 que
639 4000 881 4062 tempore
908 3992 997 4048 illo
1017 4008 1122 4062 quo
1146 3978 1220 4050 ab
1258 3992 1530 4064 Hispaniae
1566 3993 1764 4049 finibus
1813 3995 2077 4051 ebulliens

494 4083 866 4139 crudelissima
885 4082 1307 4139 Sarracenorum
1336 4085 1526 4154 ingens
1552 4085 1835 4140 multitudo
1857 4101 1952 4155 per
1978 4088 2080 4141 iter

494 4176 686 4231 navale
720 4177 786 4231 ad
820 4177 1077 4233 terminos
1138 4192 1307 4247 usque
1353 4177 1517 4233 italiae
1559 4186 1722 4248 atque
1778 4177 2079 4234 Provinciae

494 4268 740 4336 pervenit
759 4277 815 4321 et
845 4269 897 4322 in
935 4276 1161 4339 utroque
1188 4283 1354 4336 regno
1385 4272 1666 4338 utriusque
1692 4269 1897 4323 ordinis
1917 4283 2079 4326 sexus

495 4358 673 4416 artatis
715 4359 989 4413 hominum
1027 4370 1239 4431 strages
1290 4358 1471 4426 dedit;
1505 4359 1696 4415 deinde
1749 4363 2076 4442 monasteria

2180 1881 2481 1936 dreisunta
2513 1882 2628 1936 suis
2657 1881 2909 1947 exsulati,
2956 1881 3054 1947 ita,
3107 1890 3233 1951 post
3268 1881 3579 1952 captionem
3619 1879 3764 1935 servi

2181 1975 2325 2031 illius
2355 1984 2410 2030 et
2448 1975 2743 2030 fidelissimi
2776 1973 2898 2043 ejus
2937 1973 3121 2029 famuli
3172 1972 3371 2040 Maioli,
3416 1972 3703 2027 Sarraeeni
3733 1986 3764 2024 a

2181 2066 2378 2122 finibus
2406 2067 2839 2123 Christianorum
2862 2075 2989 2122 sunt
3025 2066 3254 2138 expulsi.
3282 2066 3347 2121 Et
3376 2066 3516 2120 sicut
3545 2079 3645 2135 per
3672 2063 3766 2118 Ti-

2183 2170 2294 2213 tum
2320 2169 2374 2215 et
2400 2157 2809 2229 Vespasianum,
2848 2157 3215 2213 Romanorum
3237 2156 3527 2228 principes,
3578 2153 3764 2209 Domi-

2181 2266 2282 2305 nus
2305 2267 2335 2305 a
2358 2250 2557 2306 Iudaeis
2586 2250 2878 2305 vindictam
2908 2248 3175 2314 exercuit,
3203 2249 3275 2302 ita
3306 2262 3403 2316 per
3439 2244 3766 2300 Willelmum

2181 2343 2604 2399 illustrissimum
2639 2343 2815 2397 virum
2844 2341 2956 2413 (57)
2977 2348 3033 2396 et
3054 2338 3580 2397 Christianissimum
3609 2335 3765 2407 prin-

2182 2438 2380 2509 cipem,
2416 2437 2625 2492 meritis
2654 2436 2794 2493 beati
2817 2435 2993 2491 Maioli
3013 2436 3202 2506 jugum
3230 2432 3658 2489 Sarracenorum
3696 2429 3765 2485 ab

2181 2527 2425 2583 humeris
2450 2525 2884 2583 Christianorum
2915 2525 3179 2597 deposuit.
3208 2523 3276 2578 Et
3299 2521 3466 2577 multa
3490 2529 3759 2574 terrarum

2182 2620 2382 2691 spatia,
2413 2621 2482 2675 ab
2511 2620 2593 2675 eis
2615 2619 2815 2689 injuste
2846 2631 3117 2688 possessa,
3148 2616 3215 2670 ab
3245 2629 3433 2670 eorum
3482 2609 3763 2682 tyrannica

2182 2708 2551 2763 dominatione
2578 2707 2785 2779 potenti
2812 2708 3011 2762 virtute
3037 2706 3255 2776 eripuit.
3296 2703 3426 2770 Sed,
3452 2702 3539 2757 bis
3581 2701 3761 2763 dictis,

2182 2813 2405 2856 necesse
2432 2810 2516 2855 est
2543 2808 2603 2854 ut
2641 2798 2709 2855 ad
2740 2799 3013 2870 proposita
3042 2797 3346 2853 redeamus.

2251 2893 2381 2961 Quae
2413 2901 2540 2949 sunt
2577 2905 2698 2961 quae
2750 2890 3161 2961 proposuimus?
3218 2887 3545 2958 Praesagium
3591 2883 3764 2955 quod-

2181 2982 2305 3038 dam
2334 2982 2702 3046 memorabile,
2720 2980 2910 3037 favens
2938 2979 3254 3036 accidentiis
3284 2978 3614 3048 temporibus
3634 2975 3765 3029 bea-

2186 3076 2225 3129 ti
2248 3073 2425 3130 Maioli
2447 3073 2968 3143 supervenientibus.
3006 3069 3135 3138 Quae
3166 3077 3292 3125 sunt
3319 3067 3405 3122 illa
3430 3065 3764 3123 accidentia?

2185 3165 2610 3221 Sarracenorum
2643 3163 2965 3234 improvisus
3013 3162 3294 3223 adventus,
3327 3156 3759 3213 Christianorum

2184 3257 2424 3331 afﬂictio,
2448 3254 2900 3310 monasteriorum
2919 3260 2975 3307 et
2999 3250 3213 3307 urbium
3244 3247 3560 3311 destructio,
3591 3244 3760 3313 ipsius

2179 3347 2324 3404 beati
2357 3345 2534 3402 Maioli
2561 3344 2762 3414 captio,
2795 3341 3118 3411 redemptio,
3149 3347 3205 3394 et
3239 3335 3490 3393 liberatio
3518 3334 3657 3405 (58),
3704 3340 3762 3388 et

2160 3424 2420 3509 ejusdem
2448 3437 2799 3493 ferocissima:
2821 3433 2997 3505 gentis
3020 3448 3050 3486 a
3078 3430 3511 3485 Christianorum
3544 3426 3757 3488 finibus,

2179 3532 2399 3589 Christo
2425 3528 2741 3594 auxiliante,
2771 3526 3020 3596 dejectio.
3052 3522 3203 3590 Quod
3226 3520 3310 3576 vel
3336 3519 3495 3590 quale
3520 3528 3600 3574 est
3634 3517 3761 3571 illud

2178 3622 2503 3695 prmsagium
2532 3616 2917 3675 memorabile?
2946 3613 3228 3670 Praecessit
3259 3611 3405 3666 enim
3440 3607 3756 3665 crudelissi-

2180 3712 2325 3773 mam
2344 3712 2741 3768 infestationem
2763 3709 3191 3766 Sarracenorum
3213 3702 3390 3759 rabies
3420 3701 3658 3756 inaudita
3685 3698 3761 3751 lu-

2180 3823 2374 3881 porum
2396 3808 2451 3863 in
2477 3806 2580 3860 illis
2601 3804 2833 3859 maxime
2852 3800 3116 3872 partibus,
3140 3797 3193 3851 in
3216 3795 3409 3866 quibus
3428 3802 3550 3863 post
3582 3800 3760 3845 trans-

2179 3904 2315 3958 itum
2346 3898 2527 3971 :maris
2572 3904 2725 3952 totus
2756 3894 3181 3949 Sarracenorum
3219 3883 3469 3941 efferbuit
3506 3884 3758 3952 impetus.

2179 3992 2425 4049 Diximus
2461 4004 2562 4060 pro
2599 3984 2817 4041 modulo
2847 3981 3082 4053 qualiter
3109 3978 3337 4033 liberata
3385 3983 3471 4030 est
3523 3971 3759 4027 fidelium

2179 4080 2509 4138 multitudoa
2527 4077 2948 4133 Sarracenorum
2976 4070 3372 4143 persecutione,
3399 4066 3641 4121 dicamus
3664 4078 3760 4132 pro

2179 4189 2337 4244 posse
2365 4186 2473 4242 quo
2499 4169 2690 4225 ordine
2715 4167 2943 4223 liberata
2971 4173 3054 4219 est
3080 4162 3255 4232 patria
3283 4176 3315 4215 a
3346 4160 3593 4228 luporum
3625 4152 3763 4209 infe-

2179 4266 2430 4321 statione.
2470 4260 2598 4316 Fuit
2625 4258 2816 4314 eodem
2848 4265 3088 4325 tempore
3131 4250 3352 4321 quidam
3395 4248 3548 4303 miles
3575 4246 3628 4299 in
3657 4244 3763 4298 illis

2178 4358 2445 4430 partibus,
2468 4353 2689 4410 nomine
2709 4349 3025 4407 Folcherius
3049 4344 3187 4418 (59),
3214 4343 3269 4397 in
3293 4341 3458 4396 armis
3486 4348 3758 4430 strenuus,

498 4448 806 4516 destruens,
838 4451 1020 4517 urbes,
1049 4428 1199 4508 vicos
1244 4450 1506 4520 villasque
1558 4449 1887 4520 depopulans
1915 4460 1968 4506 et
1997 4432 2076 4506 sic
2171 4428 2303 4526 jure
2330 4444 2679 4503 hmreditario
2707 4441 3026 4509 exterisque
3059 4436 3215 4492 bonis
3237 4442 3290 4489 et
3327 4430 3528 4488 divitiis
3556 4428 3760 4484 ditissi-

1588 4561 1892 4618 ANDREAE
1929 4564 2203 4622 CHESNII
2243 4559 2476 4619 ΝΟΤΕ.
2927 4627 2940 4639 ο

502 4654 573 4726 tis
602 4654 1132 4726 sutegravitudinem
1165 4654 1409 4710 invenire
1430 4655 1731 4724 promeruit
1761 4654 2071 4726 aliquantu-
2103 4661 2151 4720 D
2178 4653 2441 4726 occultus,
2475 4648 2568 4717 qui
2619 4634 2980 4726 quodcﬂnqde
3027 4634 3758 4726 mentkf9F939__={“‘}£9ijS€‘_z

496 4722 604 4781 lam
635 4722 1093 4792 levigabilitalem.
1126 4745 1143 4776 ι

567 4793 681 4862 (56)
749 4793 1025 4850 Nescimus
1088 4794 1239 4864 cujus
1306 4794 1506 4864 generis
1581 4796 1701 4864 igne
1773 4793 2078 4849 terribiliter

497 4865 674 4934 adusti
703 4864 1013 4921 liberantur.
1039 4864 1181 4920 Idem
1214 4865 1379 4921 refert
1405 4866 1624 4929 Glaber,
1653 4864 1746 4920 lib.
1781 4880 1842 4929 ll,
1872 4880 1993 4934 cap.
2020 4865 2074 4930 7,

497 4932 654 5004 cujus
684 4938 873 5000 verba,
918 4936 1047 5005 quia
1096 4934 1274 4992 locum
1320 4936 1465 4991 hunc
1505 4935 1853 5005 aliquomodo
1894 4932 2071 5005 expli-

498 5020 625 5087 care
650 5004 1050 5087 videntur,th
1080 5007 1397 5087 exscribere
1439 5021 1546 5087 non
1577 5004 1801 5087 pigebit.
1835 5022 1852 5054 ι
1889 5004 2075 5087 Ponti-

498 5075 651 5140 fices,
670 5076 866 5146 inquit,
899 5077 963 5148 in
995 5076 1187 5133 Galliis
1207 5078 1405 5148 quique
1436 5074 1806 5148 religiosiores
1830 5090 1859 5148 a_
1883 5074 2079 5131 smculo

499 5144 870 5202 excesserunt.
897 5146 1040 5201 inter
1067 5164 1204 5202 unos
1224 5144 1406 5202 ’etiam
1434 5144 1590 5201 bonae
1635 5144 1911 5199 memoria:
1948 5158 2074 5198 san-

2177 4701 2458 4780 aliialii)
2486 4701 2806 4787 1trrun'cabat
2835 4701 3133 4787 acorpore.
3171 4701 3761 4787 Plerosqueetiam-‘in'

2180 4794 2359 4861 spatio
2385 4790 2547 4845 unius
2577 4788 2756 4861 noctis
2792 4785 2950 4861 hujus
2988 4783 3127 4853 ignis
3153 4783 3496 4861 consumpsit
3505 4783 3755 4861 .exustio.

2182 4845 2465 4919 Sedvcum
2523 4861 2575 4914 in
2618 4845 2881 4929 plurimis
2910 4845 3221 4929 sanctorum
3276 4845 3550 4929 memoriis
3596 4845 3759 4924 hujus

2180 4918 2475 4989 tremendae
2530 4918 2701 4999 pes'tis
2755 4926 2864 4999 sint
2914 4925 3128 4978 inventa
3174 4918 3440 4999 remedia,
3494 4918 3757 4999 maximus

2183 5013 2364 5058 tamen
2412 4990 2712 5068 concursus
2767 4996 2951 5068 factus
2992 5000 3074 5068 est
3108 4990 3187 5068 _ad
3215 4990 3758 5068 .triurnmsanctomm

2181 5053 2553 5128 {:B'Hi‘éssdmm
2589 5065 2870 5136 ecclesias,
2909 5062 3121 5118 Martini
3152 5057 3363 5112 scilicet
3394 5053 3756 5136 Turonorum.

2183 5152 2349 5202 atque
2379 5137 2611 5194 Odolrici
2636 5132 3031 5201 Bajdariorum,
3065 5143 3271 5202 necnon
3317 5135 3372 5202 et
3398 5132 3566 5202 _istius
3599 5138 3761 5176 vene-
