4072 5350
494 284 600 343 965

513 4231 3769 4270 WM

1461 277 1520 334 Β.
1560 273 1874 334 001L0le
1910 269 2409 332 ςιυΝιΑεεκειδ
2444 266 2738 326 ΑΒΕΔτῶ
2768 266 2813 312 V

709 394 908 452 Factus
939 400 1021 449 est
1051 399 1204 463 pater
1241 391 1472 465 inclytus
1536 386 1538 389 ’

699 487 820 558 Ipse
845 488 927 539 vir
952 483 1299 554 apostolicus.

769 577 936 648 Cujus
960 575 1104 631 clara
1127 572 1396 630 confessio

707 670 1012 726 Coronatur
1034 667 1299 738 martyrio

709 759 1050 815 Decertando
1084 757 1341 828 legitime,

703 850 942 905 Subaeto
970 847 1152 902 mundi
1183 846 1454 918 principe.

793 939 1076 1010 Templum
1104 939 1219 1008 ipse
1241 938 1542 1007 virgineum

701 1033 899 1088 Pectus
921 1031 1154 1086 sacravit
1178 1031 1481 1100 proprium,

703 1121 954 1179 Caelestis
977 1122 1099 1176 vitae
1121 1116 1344 1175 nuntius

701 1213 871 1269 Recte
902 1221 1128 1269 vocatur
1148 1211 1394 1282 angelus.

779 1307 1021 1374 Quorum
1049 1304 1247 1377 gaudet
1268 1300 1580 1358 nominibus

709 1400 873 1456 Pater
902 1409 1086 1455 noster
1114 1397 1363 1470 egregius

705 1491 801 1547 His
826 1507 925 1547 nos
948 1492 1142 1561 jungat
1167 1490 1220 1544 in
1251 1489 1479 1555 aethera,

687 1583 905 1640 Christi
935 1583 1149 1639 favente
1174 1582 1370 1653 gratia.

773 1675 871 1730 Cui
926 1675 996 1730 sit
1022 1675 1138 1729 laus
1167 1683 1223 1729 et
1256 1671 1429 1742 gloria

703 1765 933 1822 Tollenti
972 1764 1156 1819 mundi
1188 1763 1416 1819 crimina
1449 1774 1464 1813 :

707 1857 843 1912 Cum
884 1855 1044 1910 Patre
1066 1865 1120 1910 et
1151 1863 1343 1909 sancto
1373 1851 1580 1922 Spiritu

705 1945 762 2001 In
796 1947 1127 2016 sempiterna
1155 1943 1369 1998 saecula.
1443 1941 1636 1996 Amen.

981 2054 1224 2125 Hymnus
1245 2054 1299 2106 in
1337 2050 1640 2106 Nocturnis.

643 2171 882 2233 Christe,
915 2177 1234 2224 cunctorum
1267 2165 1374 2227 via,
1409 2163 1498 2218 lux
1528 2170 1862 2225 sanctorum,

638 2262 898 2317 Precibus
924 2261 1096 2316 sacris
1128 2257 1420 2314 venerandi
1445 2255 1625 2310 Patris

639 2353 816 2424 Magni
847 2352 1028 2406 Maioli
1059 2349 1257 2421 populo
1290 2348 1438 2404 fideli

850 2443 1057 2498 Gaudia
1082 2442 1231 2513 pacis

639 2532 793 2589 Mitte
815 2535 880 2589 de
909 2529 1081 2600 caelis,
1108 2534 1428 2603 veniamque
1452 2531 1651 2587 nostris

635 2623 863 2697 Largire
893 2627 1086 2696 culpis.
1133 2662 1150 2679 .
1191 2665 1205 2680 .
1248 2665 1261 2679 .
1304 2664 1317 2678 .
1362 2663 1377 2678 .
1418 2664 1433 2679 .
1478 2662 1493 2677 .
1537 2661 1554 2678 .

633 2713 792 2771 Adsit
821 2724 876 2770 et
905 2718 1062 2771 nobis
1089 2716 1264 2787 gratia
1290 2715 1548 2787 perennis

764 2855 766 2857 .
854 2807 1092 2877 Spiritus
1123 2807 1274 2862 almi.

641 2897 807 2965 Cujus
832 2899 1063 2968 protecti
1092 2914 1314 2952 munere
1343 2896 1571 2968 potenti,

641 2987 864 3042 Patrum
891 2989 1153 3058 exemplis
1181 2990 1497 3057 meritisque
1523 2986 1705 3052 celsis,

641 3079 855 3134 Pariter
879 3091 1091 3136 arctum
1118 3095 1426 3135 mereamur
1463 3079 1632 3134 altum

861 3171 1136 3228 Scandere
1163 3187 1412 3242 regnum.

641 3262 825 3319 Gloria
847 3262 1020 3329 Patri,
1049 3263 1350 3332 geniumque
1378 3261 1546 3326 Proli,

641 3355 712 3412 Et
735 3357 828 3411 tibi
858 3370 1080 3426 compar
1107 3357 1390 3426 utriusque
1421 3370 1654 3424 semper,

646 3446 885 3518 Spiritus
919 3448 1079 3514 alme,
1109 3449 1250 3502 Deus
1281 3463 1419 3502 unus
1440 3448 1588 3502 omni

857 3539 1125 3610 Tempore
1159 3539 1323 3596 smeli.
1397 3539 1595 3594 Amen.

956 3650 1022 3704 In
1060 3650 1352 3705 Laudibus.
1388 3649 1650 3720 Hymnus.

791 3763 1007 3828 Maiole,
1036 3778 1264 3818 consors
1287 3779 1574 3834 procerum

722 3858 928 3930 Regum
956 3854 1091 3926 Regi
1116 3857 1446 3928 placentium

712 3950 860 4007 Inter
885 3949 1137 4006 caelestes
1165 3949 1368 4005 aulicos

721 4042 1033 4099 Divinitatis
1058 4043 1332 4108 conscios,

2102 394 2156 452 Δ

2458 379 2690 435 Honoris
2710 377 2994 449 privilegio

2399 471 2554 527 Cmtu
2573 468 2794 537 junctus
2827 465 3128 522 monastieo
3155 479 3172 518 :

2387 561 2495 614 Sed
2523 568 2578 613 et
2603 558 2785 614 eboris
2815 555 3076 626 angelicis

2397 650 2618 706 Frueris
2656 647 2778 702 aula
2801 647 3043 701 luminis.

2456 740 2634 806 Unde,
2660 740 2841 805 Pater,
2870 754 2966 793 nos
2995 739 3205 808 respice

2388 834 2612 889 Pressos
2645 832 2848 902 peccati
2874 831 3136 901 pondere;

2391 922 2610 992 Depone
2631 934 2851 990 gravem
2875 918 3146 973 sarcinam

2381 1005 2603 1081 'Leviga
2629 1007 3042 1064 conscientiam.

2462 1099 2561 1154 llic
2591 1098 2828 1152 fascibus
2857 1096 3137 1165 depositis,

2391 1187 2585 1242 Mortis
2610 1188 2818 1242 solutos
2846 1185 3091 1250 vinculis,

2389 1281 2564 1351 Junge
2588 1295 2688 1335 nos
2719 1289 2838 1337 tuos
2867 1279 3114 1336 servulos

2392 1371 2668 1426 Monaehis
2690 1371 3045 1441 praestantissi
3055 1370 3154 1424 mis

2463 1466 2596 1520 Cum
2629 1467 2825 1535 quibus
2859 1481 2957 1520 nos
2982 1471 3238 1535 perpetua

2396 1556 2778 1610 Possideamus
2807 1556 3027 1626 gaudia,

2395 1650 2597 1706 Christi
2636 1650 2852 1706 favente
2878 1651 3078 1722 gratia,

2394 1743 2731 1799 Perinfinita
2755 1744 2974 1799 saecula.
3050 1743 3244 1796 Amen.
3313 1785 3316 1790 .

2510 1833 2587 1886 Ad
2609 1834 2864 1887 secundas
2905 1831 3176 1902 Vesperas.
3221 1829 3485 1900 Hymnus.

2326 1923 2559 1986 Christe,
2590 1932 2907 1979 cunctorum
2937 1925 3141 1993 pariter
3172 1931 3388 1976 tuorum

2323 2013 2614 2068 Palmitum
2639 2014 2787 2078 vitis,
2820 2013 2962 2068 Deus
2989 2014 3148 2076 alme,
3183 2011 3337 2066 nobis

2324 2104 2512 2159 Prmbe
2541 2103 2716 2158 Maioli
2743 2104 3018 2161 celebrare
3050 2104 3182 2159 tanti

2541 2195 2717 2251 Festa
2737 2196 2972 2266 patroni.

2327 2293 2498 2360 Quem
2525 2289 2618 2344 tibi
2652 2291 2854 2344 nostris
2884 2289 3088 2359 placuit
3108 2289 3297 2344 diebus

2328 2383 2576 2438 Pluribus
2598 2383 2766 2453 signis
2794 2381 3109 2450 meritisque
3135 2381 3313 2450 dignis

2330 2474 2569 2544 Regibus
2597 2488 2782 2528 coram
2815 2472 3201 2539 hominumque
3225 2469 3416 2526 turmis

2542 2565 2879 2620 Glorificare.

2325 2653 2553 2710 Annuas
2579 2655 2806 2723 istisque
2829 2655 2908 2708 sic
2935 2654 3196 2708 interesse

2333 2747 2558 2802 Gaudiis
2585 2762 2683 2801 nos
2703 2747 2978 2814 perpetuis
3002 2754 3056 2800 et
3085 2746 3279 2814 amplis

2332 2837 2438 2891 Pro
2462 2837 2568 2891 reis
2590 2837 2757 2908 gestis
2788 2838 2984 2890 merito
3015 2851 3206 2892 carere

2551 2926 2616 2980 Ut
2652 2941 3002 2996 nequeamus.

2329 3021 2666 3089 Quaesumus,
2695 3019 2915 3086 Rector,
2956 3019 3172 3087 pietatis
3197 3030 3406 3086 auctor,

2334 3111 2528 3166 Noster
2557 3111 2644 3165 hic
2681 3121 2864 3179 pastor
2892 3110 2984 3164 tibi
3018 3109 3090 3164 sit
3121 3117 3386 3178 precator,

2337 3203 2455 3270 Quo
2495 3211 2585 3256 tua
2614 3202 2768 3256 nobis
2797 3203 2994 3271 pietate
3023 3203 3234 3257 cunctis

2546 3295 2786 3349 Crimina
2810 3296 2997 3349 dones.

2333 3387 2500 3458 Cujus
2538 3388 2589 3441 in
2631 3398 2780 3442 tanto
2803 3388 2889 3457 pia
2921 3396 3043 3441 vota
3074 3387 3216 3442 festo

2335 3481 2602 3550 Congruit
2623 3481 2777 3534 nobis
2795 3479 3004 3550 jugiter
3033 3479 3279 3534 canendo

2331 3571 2556 3641 Insuper
2582 3570 2804 3625 Pascha:
2835 3571 2927 3624 tibi
2958 3569 3260 3640 duplicatas

2551 3662 2774 3717 Solvere
2798 3663 3006 3717 laudes.

2335 3754 2597 3818 Trinitas,
2623 3753 2762 3807 Deus
2789 3768 2926 3806 unus
2948 3762 3106 3822 atque
3125 3766 3391 3816 summus,

2337 3846 2415 3901 Sit
2450 3845 2569 3909 tibi,
2598 3844 2730 3907 Rex,
2763 3842 2931 3910 gloria
2961 3843 3310 3911 sempiterna,

2333 3939 2434 4006 Qui
2462 3938 2604 4007 regis
2631 3946 2778 3990 tanta
2812 3936 3051 3989 bonitate
3074 3943 3268 3989 cuncta

2479 4031 2652 4086 Omne
2691 4043 2786 4100 per
2811 4045 3004 4084 aevum.
3081 4029 3274 4082 Amen.

901 4439 1640 4596 EPITAPHIUM
1743 4428 2427 4589 ADALHEIM‘:
2539 4423 3371 4581 IMPERATRIGIS

1353 4730 2040 4888 AUCTORE
2104 4701 2222 4838 s.
2313 4718 3009 4913 QDILONE—

1003 4938 1181 5033 (Apud
1211 4959 1274 5015 D.
1316 4956 1498 5024 Pertz,
1538 4955 1594 5012 Μ
1599 4961 1878 5010 onumenta
1903 4947 2202 5005 Germania:
2225 4905 2499 5013 historica,
2526 4944 2724 5017 Script.
2762 4953 2890 4999 tom.
2917 4941 3006 5009 ιν,
3031 4956 3153 5013 pag.
3176 4937 3325 5007 655.)

1951 5125 2364 5144 "II——

1821 5266 2442 5350 MONITUM.
