4072 5350
308 278 411 337 965

1241 271 1661 333 EPITAPHIUM
1694 270 2114 331 ADALHEIDE
2152 271 2658 332 IMPERATNCIS.

304 390 624 463 Hieronymi
652 390 841 455 lector,
868 387 1024 447 Odilo
1057 386 1175 458 ejus
1194 384 1442 459 exemplo
1468 388 1581 460 (60)
1613 385 1887 443 Adalheidi
1917 389 1970 449 Α
2064 385 2144 456 3')
2168 386 2230 440 (ἶ.
2263 386 2393 443 olim
2438 387 2497 442 S.
2544 385 2843 442 Salvatoris
2894 385 3299 457 Aquicinensis,
3335 387 3448 458 jam
3498 389 3587 445 bi-

305 480 668 551 imperatrici,
720 494 956 550 quacum
987 479 1194 534 ultimis
1222 478 1348 533 vita:
1381 478 1499 548 ejus
1528 477 1686 531 annis
1707 476 1895 531 intima

304 570 579 627 charitate
607 568 927 637 coniunctus
954 567 1150 632 fuerat,
1181 582 1325 621 anno
1349 566 1454 622 999
1480 564 1897 633 defuncta,epi-

306 659 552 731 taphium
580 658 927 728 conscripsit,
959 670 1067 727 quo
1090 658 1303 711 beatam
1335 654 1453 724 ejus
1482 656 1649 710 vitam
1680 666 1735 709 et
1760 668 1898 725 prae-

305 751 469 819 cipua
514 748 656 804 facta
700 747 980 804 succincte
1024 746 1267 816 exposita
1305 744 1563 800 oblivioni
1609 745 1894 808 eximeret,

308 851 384 907 et,
416 851 480 897 ut
506 842 621 911 ipse
652 839 872 905 fatetur,
899 840 1066 894 alium
1116 839 1192 893 rei
1221 837 1500 909 exigenda:
1535 838 1799 906 aptiorem
1828 834 1897 888 ad

307 936 478 988 vitam
512 932 874 1002 imperatricis
907 930 1251 987 scribendam
1289 930 1559 984 incitaret.
1585 929 1701 983 Non
1735 928 1899 998 igitur

305 1025 434 1079 vita:
481 1024 765 1080 historiam
821 1023 1084 1093 integram
1126 1029 1181 1076 et
1230 1030 1541 1075 accuratam
1573 1028 1893 1089 exspectes;

306 1124 435 1171 sunt
468 1114 740 1185 prmeipua
766 1122 976 1169 tantum
999 1112 1213 1168 feminae
1241 1111 1475 1182 egregiae
1520 1109 1628 1165 fata
1658 1111 1896 1164 strictim

307 1208 576 1262 recensita
600 1206 735 1278 (61),
763 1221 928 1276 opera
956 1204 1045 1275 pia
1085 1212 1404 1260 enumerata
1429 1200 1564 1273 (62),
1595 1210 1650 1257 et
1676 1200 1898 1256 ultimus

307 1300 436 1352 vita:
467 1311 670 1362 annus,
695 1311 804 1366 quo
831 1304 1021 1350 auctor
1066 1293 1421 1348 Adalhcidam
1453 1295 1741 1347 comitatus
1776 1306 1898 1346 esse

304 1387 553 1454 videtur,
581 1387 756 1476 fosjus
785 1393 1047 1476 tractatus
1078 1383 1216 1476 (65),
1245 1384 1340 1439 sed
1371 1398 1405 1438 a
1431 1384 1548 1438 viro
1585 1382 1676 1452 qui
1713 1382 1896 1437 omnia

306 1477 411 1532 ista
461 1485 555 1531 aut
582 1476 651 1531 ab
679 1472 974 1531 Adalbeida
1005 1474 1118 1546 (64)
1147 1482 1241 1529 aut
1262 1488 1505 1544 praesens
1537 1472 1653 1543 (65)
1679 1487 1897 1543 compe-

308 1571 451 1625 risse
477 1569 783 1624 censendus
807 1576 911 1624 est.
942 1567 1107 1622 Liber
1132 1565 1385 1622 defuncta
1417 1564 1764 1635 imperatrice
1792 1573 1898 1618 sta-

307 1661 406 1715 tim
439 1660 676 1731 scriptus
696 1701 711 1725 ,
761 1659 830 1713 ab
856 1657 1083 1714 Odilone
1109 1658 1338 1713 Andreze
1373 1657 1555 1712 abbati
1586 1665 1643 1712 et
1665 1670 1895 1726 congre-

1999 477 2285 533 bliothecze
2317 478 2614 533 Duaeensis
2641 494 2695 532 n.
2726 477 2860 541 792,
2890 507 2961 518 -
2989 490 3220 553 uterque
3250 479 3587 537 Bethrnanno

2001 566 2273 622 referente
2294 567 2490 622 multas
2510 577 2823 621 sanctorum
2841 566 2989 623 Vitas
3002 568 3339 638 complexus,
3353 572 3582 627 membr.

2000 655 2055 710 in
2087 655 2180 710 fol.
2209 656 2448 710 maximo
2467 657 2647 711 smculi
2678 673 2798 723 xiii,
2825 688 2896 697 —
2917 673 2982 713 ex
3014 659 3324 729 antiquiore
3350 661 3585 732 quodam

1999 744 2295 810 ﬂuxerunt,
2321 745 2530 815 scripto
2562 745 2789 814 jubente
2824 747 3002 801 Attala
3048 747 3155 802 lilia
3193 748 3416 805 Roberti
3444 751 3587 818 regis

1998 847 2055 890 et
2082 834 2437 901 Constantia},
2470 836 2739 891 Flandriae
2763 838 3064 904 comitissa,
3094 854 3233 908 qum,
3258 843 3588 896 monasterio

1997 922 2302 980 Watinensi
2335 942 2503 996 prope
2531 925 2589 981 S.
2612 927 2977 983 Audomarum
3001 937 3315 985 constructo
3330 940 3384 984 et
3399 929 3588 985 Roma:

1998 1014 2068 1069 ab
2103 1015 2413 1072 Alexandro
2459 1016 2504 1071 ll
2545 1018 2720 1072 vidua:
2768 1019 2957 1073 habitu
3010 1029 3282 1090 suscepto,
3326 1018 3588 1077 Messana!

1998 1107 2151 1162 obiit.
2180 1106 2383 1163 Versus
2414 1108 2526 1181 (69)
2564 1110 2709 1165 enim
2741 1109 2794 1164 in
2827 1109 2934 1165 ﬁne
2980 1110 3116 1165 Vita:
3158 1110 3474 1167 Adalheidis
3523 1110 3583 1166 bi

1997 1196 2250 1266 leguntur
2271 1217 2285 1252 :

2060 1288 2165 1354 Quo
2193 1291 2315 1339 vixit
2340 1303 2476 1339 more
2499 1294 2671 1354 regina
2691 1291 2918 1343 Adalaida
2946 1293 3132 1352 Bome,
3224 1330 3239 1343 .

2059 1350 2202 1418 Qdilo
2230 1366 2348 1418 qum
2371 1354 2490 1418 sidit
2515 1350 2683 1415 abbas,
2708 1368 2817 1417 qua:
2841 1358 3021 1417 scripta
3048 1350 3249 1418 notavit,

2058 1411 2208 1478 gntus
2229 1411 2332 1478 haec
2355 1415 2491 1462 Atala
2516 1411 2830 1478 si'ribi'ju'ssit
2853 1411 3117 1475 coniitissa,

2058 1475 2347 1538 Exemplum
2375 1478 2469 1524 vita
2490 1478 2582 1526 sibi
2608 1475 2707 1536 quo
2726 1485 2945 1538 captaret
2967 1481 3013 1527 in
3042 1481 3152 1538 ista,

2060 1535 2201 1597 Nolle
2222 1537 2420 1597 malum,
2443 1538 2531 1585 sed
2556 1535 2686 1587 velle
2712 1535 2887 1587 bonum
2913 1535 3163 1589 deducere
3195 1542 3398 1592 seclum.

2062 1596 2258 1666 Begnet
2276 1612 2385 1647 cum
2408 1596 2614 1666 Domino
2636 1613 2836 1666 semper
2860 1603 3090 1649 laudanda
3113 1605 3300 1666 virago,

2064 1659 2185 1719 Quae
2208 1672 2379 1722 pravos
2402 1664 2539 1718 vitat,
2561 1661 2719 1719 justos
2743 1659 2980 1711 imitarier
2999 1670 3152 1725 optat.

308 1750 516 1821 gationi
563 1749 862 1814 Ticinensi,
910 1748 1144 1803 fortasse
1172 1757 1227 1804 et
1266 1747 1490 1818 reliquis
1527 1746 1791 1802 coenobiis
1826 1746 1896 1801 ab
1929 1736 1973 1796 Β
1999 1747 2223 1803 Librum
2254 1749 2661 1806 Bruxellensem
2696 1750 3069 1808 Bethmannus
3102 1755 3155 1809 in
3198 1770 3329 1811 usus
3377 1765 3591 1816 nostros

308 1838 605 1894 Adalheida
630 1838 888 1903 fundatis,
912 1837 1314 1894 Paterniacensi
1337 1847 1391 1892 et
1414 1836 1702 1900 Saltzensi,
1728 1844 1898 1890 trans-

311 1932 512 1987 missus
555 1939 657 1986 est.
707 1930 866 1986 Certe
916 1929 1223 1985 Saltzenses
1250 1928 1582 1999 epitaphium
1613 1938 1895 1993 noverant,

310 2021 396 2075 cui
438 2019 635 2076 smculo
665 2036 718 2075 xI
752 2018 929 2077 medio
959 2020 1070 2089 (66)
1117 2019 1313 2073 librum
1338 2019 1589 2083 alterum,
1639 2017 1899 2073 miracula

311 2110 371 2167 S.
401 2113 714 2169 Adalheidis
753 2121 1097 2168 enarrantem
1125 2109 1439 2179 adjecerunt
1468 2111 1601 2180 (67).
1640 2109 1707 2163 Et
1729 2122 1899 2177 quare

309 2219 477 2257 unum
500 2202 902 2267 Paterniacum,
923 2201 1015 2257 ubi
1042 2202 1153 2271 ipse
1180 2216 1303 2254 cum
1338 2199 1685 2268 imperatrice
1708 2198 1899 2252 ultimo

308 2294 437 2348 vita:
469 2292 585 2362 ejus
620 2308 764 2348 anno
809 2300 1054 2347 moratus
1095 2290 1300 2354 morat,
1345 2285 1900 2359 praetergrederetur?

307 2385 559 2451 Accedit,
591 2385 733 2454 quod
782 2385 1001 2439 codices
1042 2381 1323 2451 epitaphii,
1373 2387 1640 2449 quotquot
1671 2376 1898 2448 reperiri

307 2488 624 2549 potuerunt,
661 2489 865 2535 textum
913 2477 1182 2532 trifarium
1214 2477 1490 2546 prmbent,
1533 2490 1692 2544 quem
1726 2490 1790 2529 ea
1819 2490 1901 2528 ra-

311 2573 461 2628 tione
492 2574 836 2627 immutatum
865 2571 1031 2624 fuisse
1061 2570 1272 2639 opinor,
1301 2578 1356 2623 ut
1377 2584 1499 2623 cum
1527 2566 1682 2623 Odilo
1704 2567 1898 2622 librum

308 2677 468 2717 suum
518 2664 695 2733 primo
722 2661 1104 2718 Ticineneibus
1144 2659 1452 2721 obtulisset,
1494 2670 1621 2711 eum
1647 2657 1899 2711 secundis

309 2756 456 2810 curis
482 2758 816 2825 recognitum
866 2751 1241 2806 Pnterniacuin
1268 2789 1284 2815 ,
1329 2757 1386 2802 ct
1433 2747 1554 2801 aliis
1598 2747 1747 2815 parvi
1780 2761 1898 2800 mo-

309 2845 480 2906 menti
528 2845 790 2900 correctis
811 2840 1073 2897 Saltziam
1113 2839 1368 2893 mitteret.
1404 2836 1707 2892 Ticinensis
1735 2834 1899 2905 igitur

310 2935 517 2993 codicis
553 2934 861 3005 apOgrapba
896 2940 1150 2987 exstant:

380 3030 434 3099 l)
475 3028 537 3084 C.
572 3027 900 3083 Oxoniensis
931 3028 1070 3081 inter
1112 3024 1435 3080 Bodleianos
1464 3039 1517 3077 n.
1548 3021 1689 3077 2690
1749 3021 1894 3092 (8l7,

1999 1840 2307 1909 exscripsit.

2080 1929 2145 1983 lli
2177 1939 2416 2001 quatuor
2439 1931 2676 1996 codices,
2698 1933 3040 2002 paucissimis
3067 1937 3329 2005 exceptis,
3358 1938 3499 1994 inter
3531 1955 3592 1996 se

2004 2023 2376 2084 consentiunt,
2427 2029 2481 2074 et
2528 2021 2626 2076 soli
2683 2024 2928 2077 omnium
2977 2024 3188 2080 litteras
3232 2026 3478 2082 Odilonis
3521 2029 3591 2083 ad

1997 2109 2270 2165 Andream
2300 2114 2575 2179 prmbcnt;
2630 2128 2663 2166 a
2708 2113 2908 2183 quibus
2952 2115 3147 2186 reliqui
3199 2133 3392 2174 omnes
3424 2120 3591 2175 certis

1998 2200 2132 2256 locis
2170 2202 2447 2255 recedunt.
2481 2203 2707 2272 Propius
2741 2214 2919 2260 tamen
2943 2206 3010 2260 ad
3066 2205 3382 2265 Ticinenses
3421 2209 3591 2266 libros

2005 2292 2097 2346 alii
2132 2302 2263 2359 tres,
2296 2308 2434 2362 quos
2477 2295 2926 2353 Paterniacenses
2975 2313 3172 2353 vocare
3223 2300 3403 2366 liceat,
3435 2315 3594 2357 acce-

2000 2383 2127 2438 dqu
2162 2400 2175 2437 :

2072 2475 2128 2545 4)
2170 2474 2230 2529 C.
2263 2475 2397 2530 bibl.
2433 2476 2592 2547 regiae
2636 2475 2966 2539 Parisiensis
3009 2479 3152 2534 inter
3198 2479 3589 2551 Supplementa

1998 2566 2193 2621 L‘atina
2224 2582 2279 2620 ιι.
2312 2568 2440 2633 854,
2467 2569 2634 2633 mbr.,
2658 2569 2713 2623 in
2742 2569 2836 2624 fol.
2867 2570 3096 2641 longiori
3124 2573 3303 2627 smculi
3333 2589 3416 2638 xi,
3436 2573 3586 2630 Vitas

2000 2655 2102 2712 SS.
2140 2658 2500 2729 Amalbergre,
2536 2660 2754 2715 llililulfi
2782 2661 3134 2732 Trevirorum
3170 2665 3588 2736 archiepiscopi,

1998 2750 2330 2817 Adalheidae,
2357 2750 2565 2816 Odiliie,
2583 2752 2838 2809 Liutwini
2865 2755 3138 2812 Treverici
3165 2746 3587 2827 archipraasulis,

1997 2844 2308 2900 Willelialdi
2346 2846 2493 2917 (70),
2518 2847 2735 2917 aliaque
2764 2864 2926 2904 manu
2971 2850 3164 2906 Albani
3188 2864 3246 2906 et
3270 2851 3410 2907 Celsi
3440 2867 3593 2907 coni-

1996 2936 2505 3008 plexus,aWaitzo
2559 2939 2613 2993 in
2662 2954 2795 2994 usus
2850 2949 3071 2997 nostros
3119 2957 3264 2997 anno
3312 2945 3591 3014 praeterito

2000 3043 2300 3084 conversus
2322 3038 2423 3084 CSI.

308 3086 460 3177 Bodl.
489 3119 622 3190 Sup.
656 3120 718 3174 D.
748 3120 867 3173 Art.
896 3119 1011 3188 9|.)
1043 3118 1318 3189 signatus,
1349 3086 1794 3171 membranaceus
1843 3086 1896 3169 in
1925 3086 1970 3148 Ο
2070 3118 2125 3187 5)
2180 3118 2247 3175 C.
2298 3118 2430 3173 hibl.
2478 3118 2857 3175 universitatis
2906 3120 3401 3194 Wirtzcburgensls
3446 3124 3592 3181 inter

310 3213 443 3269 folio
472 3211 653 3268 saeculi
686 3226 745 3265 xi
764 3252 778 3276 ,
804 3225 910 3280 quo
932 3210 1044 3279 ipse
1065 3224 1209 3263 anno
1238 3205 1373 3262 18W
1401 3221 1529 3261 usus
1559 3220 1702 3260 sum.
1738 3204 1899 3260 Coni-
1936 3270 1943 3273 ν

309 3305 567 3378 plectitur
603 3304 784 3360 Vitam
827 3302 1029 3358 Odonis
1076 3299 1289 3354 abbatis
1334 3296 1728 3360 Cluniacensis,
1778 3307 1896 3347 cre-

312 3402 595 3458 dulitatem
648 3398 914 3462 Odilonis,
966 3394 1211 3451 Odilonis
1272 3391 1447 3447 Vitam
1501 3388 1708 3454 Maioli,
1754 3386 1899 3443 Petri

312 3492 560 3547 Damiani
591 3491 767 3545 Vitam
797 3486 1061 3549 Odilonis,
1080 3482 1327 3539 Odilonis
1356 3482 1537 3535 Vitam
1560 3478 1897 3541 Adalheidis,

310 3584 468 3655 cujus
497 3582 701 3637 ultima:
735 3579 1025 3636 sententiae
1055 3585 1179 3632 octo
1203 3573 1414 3645 paginis
1440 3573 1639 3628 excisis
1685 3570 1899 3629 deside-

313 3677 523 3738 rantur,
554 3670 914 3742 fragmentum
947 3669 1085 3723 Vita:
1137 3665 1197 3721 S.
1241 3663 1511 3721 Simeonis
1541 3671 1595 3717 et
1622 3674 1903 3717 sermones

314 3781 406 3819 sex
435 3764 680 3821 Odilonis
714 3761 851 3834 (68).
883 3760 1088 3814 Textus
1139 3758 1192 3811 in
1239 3756 1550 3810 universum
1598 3754 1806 3823 integer
1849 3759 1904 3805 et

315 3858 509 3912 bonus.
543 3853 643 3909 Cui
667 3852 943 3909 consentit

381 3948 440 4015 2)
480 3947 566 4013 (3.,
600 3945 728 4002 olim
757 3944 816 4000 S.
842 3943 1060 3999 Martini
1084 3943 1152 3998 de
1173 3940 1419 4009 Campis,
1444 3953 1606 4008 quem
1636 3936 1902 3992 Martinus

314 4036 566 4101 Marrier,
590 4035 706 4105 ejus
737 4034 972 4091 emnobii
1018 4032 1344 4093 monachus,
1376 4037 1522 4083 tanta
1545 4028 1822 4099 diligentia
1848 4028 1902 4083 in

315 4126 650 4182 Bibliotheca
698 4123 1044 4181 Cluniacensi
1090 4121 1322 4177 Andreas
1368 4118 1660 4175 Duchesnii
1708 4131 1902 4173 nomen

314 4216 637 4288 praeferente
666 4232 719 4285 p.
750 4215 1009 4281 555-562,
1039 4212 1327 4283 expressit,
1356 4219 1416 4267 ut
1440 4211 1507 4266 ad
1543 4211 1716 4266 instar
1752 4210 1904 4266 codi-

319 4314 416 4379 cis,
459 4313 551 4383 qui
606 4312 764 4369 hodie
820 4312 963 4366 inter
1010 4310 1176 4365 libros
1233 4308 1291 4364 S.
1334 4307 1551 4362 Martini
1592 4310 1658 4363 de
1685 4306 1903 4376 Campis

317 4404 660 4460 bibliothocaa
689 4403 849 4475 regia:
876 4402 1170 4457 Parisiensi
1197 4400 1373 4455 illatos
1394 4400 1753 4463 desideratur,
1782 4413 1902 4454 csse
1930 4399 1949 4475 "

318 4497 589 4554 videatur.
626 4497 974 4568 Epitaphium
1005 4494 1268 4552 Ottonis]
1303 4501 1358 4548 et
1404 4491 1647 4547 Heiurici
1691 4491 1731 4546 ll
1775 4491 1902 4547 sub-

312 4588 517 4659 jicitur.
549 4588 785 4647 Editioni
816 4588 902 4643 isti
934 4585 1204 4642 Chesnius
1229 4593 1386 4640 notas
1417 4597 1617 4653 paucas
1647 4582 1897 4651 aspersit.

388 4678 444 4750 3)
484 4679 546 4736 C.
574 4678 703 4736 olim
728 4678 1124 4735 Vallicellensis
1148 4675 1263 4746 jam
1304 4677 1447 4732 inter
1474 4674 1650 4746 regios
1677 4674 1899 4730 Bruxel-

318 4768 496 4827 lenses
521 4786 576 4825 n.
597 4768 739 4825 7460
765 4768 1012 4841 insignis,
1034 4776 1090 4825 et
1630 4758 1633 4761 ’

396 4902 508 4974 (66)
539 4903 905 4974 Hieronymus
928 4899 1259 4974 epitaphium
1291 4899 1356 4955 de
1385 4896 1612 4954 Blaesilla
1641 4905 1695 4953 et
1724 4896 1899 4969 Nepo-

327 4968 471 5029 tiano
490 4968 663 5029 edidit
691 4968 813 5028 libr.
849 4988 911 5038 ιι,
951 4968 1113 5042 epist.
1139 4968 1231 5024 22.

397 5041 506 5115 (δι)
533 5044 700 5115 Capp-
736 5042 864 5115 1-8::

397 5111 506 5190 (ἒξ)
538 5111 705 5190 Qabb-
743 5111 900 5190 ἓίὲ

2001 3210 2304 3280 Theologos
2331 3211 2382 3265 in
2410 3209 2503 3265 fol.
2533 3228 2587 3264 ιι.
2618 3211 2710 3278 54,
2737 3212 2901 3277 mbr.,
2933 3212 3114 3269 saeculi
3146 3230 3223 3279 xi,
3251 3214 3381 3269 olim
3420 3218 3591 3270 sancti
3684 3214 3693 3223 ’

2006 3301 2148 3358 Petri
2184 3306 2239 3357 in
2282 3302 2648 3374 Wissenburg,
2700 3305 2836 3363 Vita:
2892 3304 3205 3361 Adalbeidze
3252 3306 3588 3379 epitaphium

2000 3395 2216 3452 Ottonis
2268 3396 2568 3465 prannittit.
2602 3395 2743 3453 Usus
2769 3412 2888 3453 sum
2916 3412 2983 3452 eo
3010 3413 3099 3451 an.
3132 3397 3288 3454 l835.
3333 3399 3588 3469 Ejusdem

2001 3487 2208 3543 codicis
2256 3487 2518 3543 lectiones
2573 3487 2716 3542 docti
2765 3487 3101 3542 Bollandiani
3153 3488 3354 3545 saeculo
3388 3506 3502 3545 xm
3529 3491 3587 3545 in

2003 3578 2231 3633 schedas
2261 3593 2388 3632 suas
2424 3577 2748 3641 retulerunt,
2773 3592 2910 3647 quas
2940 3579 2993 3632 in
3024 3579 3144 3634 cod.
3174 3579 3325 3650 regio
3365 3580 3590 3636 Bruxel-

2003 3667 2136 3722 lensi
2168 3684 2221 3720 ιι.
2253 3666 2394 3722 8978
2426 3667 2695 3737 hodieque
2736 3666 2921 3722 haberi
2954 3667 3326 3724 Bethmannns
3361 3670 3516 3726 vidit.

2076 3759 2131 3830 6)
2172 3759 2232 3813 C.
2262 3759 2389 3813 bibl.
2418 3758 2679 3814 Palatinae
2720 3757 3153 3815 Vindobonensis
3192 3759 3336 3815 inter
3364 3761 3591 3817 histori-

2003 3866 2097 3906 eos
2122 3844 2378 3921 profanos
2403 3866 2458 3903 ιι.
2495 3849 2768 3920 994,ῇθιη
2817 3866 2874 3904 ιι.
2925 3850 3029 3905 622
3081 3851 3350 3919 signatus,
3418 3853 3586 3918 mbr.,

2003 3959 2128 4000 saec.
2160 3959 2235 4009 xi,
2264 3940 2479 4012 paginis
2498 3942 2590 3997 1οό
2614 3943 2950 4014 epitaphium
2983 3944 3220 4008 Ottonis,
3248 3944 3383 4000 5-26
3412 3945 3586 4013 epita-

2004 4037 2192 4107 phium
2258 4034 2571 4089 Adalheida:
2634 4025 3065 4099 continet,locis
3115 4034 3385 4105 aliquibus
3430 4035 3589 4090 adra-

2004 4142 2150 4191 sum,
2184 4126 2327 4198 quod
2364 4126 2417 4180 in
2450 4140 2580 4181 usus
2616 4134 2830 4181 nostros
2861 4125 3108 4180 converti
3151 4124 3281 4181 fecit
3309 4123 3590 4182 Climelius

2005 4224 2211 4272 noster.
2872 4276 2879 4283 η

2075 4311 2158 4366 Ab
2182 4310 2266 4365 bis
2297 4310 2490 4365 iterum
2519 4308 2841 4367 lectionibus
2870 4309 3144 4365 nonnullis
3173 4320 3229 4365 et
3257 4310 3397 4367 libro
3428 4309 3590 4367 Mira-

2007 4401 2252 4458 culorum
2278 4401 2461 4455 addito
2491 4401 2704 4457 codices
2729 4401 3038 4457 Saltzenses
3064 4401 3327 4458 recedunt
3353 4420 3369 4457 :
3566 4390 3571 4395 ’

2076 4492 2132 4562 7)
2172 4491 2233 4547 C.
2264 4490 2393 4546 olim
2445 4482 2545 4546 SS.
2603 4490 2842 4546 Mauritii
2889 4499 2946 4548 et
2989 4490 3246 4557 Germani
3296 4493 3588 4565 Spirensis,

2004 4583 2160 4654 cujus
2189 4582 2561 4653 apographmn
2607 4582 2661 4635 in
2702 4596 2860 4636 usum
2890 4582 3175 4637 doctorum
3212 4583 3592 4638 Bollandiano-

2006 4694 2123 4732 rum
2146 4693 2272 4734 saec.
2300 4692 2411 4732 xvn
2440 4677 2745 4733 confectum
2771 4678 3139 4733 Bethmannus
3159 4676 3217 4731 in
3233 4676 3417 4732 codice
3442 4673 3590 4742 regio

2005 4767 2341 4824 Bruxellensi
2368 4784 2422 4822 ιι.
2449 4767 2587 4824 8976
2613 4769 2836 4839 reperit,
2874 4778 2930 4823 et
2968 4782 3120 4838 mque
3165 4781 3231 4822 ac
3281 4762 3586 4835 proximum

2079 4896 2190 4969 (66)
2218 4899 2389 4969 Anno
2425 4896 2585 4969 1656,
2620 4906 2679 4969 ut
2707 4897 2940 4969 videtur,
2971 4894 3179 4969 scilicet
3221 4900 3347 4946 ante
3393 4902 3589 4969 annum

2011 4957 2184 5032 {037;
2210 4957 2425 5023 Ottonis
2451 4957 2603 5022 ducis
2639 4968 2705 5020 de
2736 4957 3068 5027 Swinvorth,
3097 4976 3263 5031 quem
3291 4967 3482 5014 auctor
3510 4957 3591 5010 vi-

2010 5054 2131 5093 vum
2164 5037 2434 5100 celebrat,
2460 5035 2835 5090 emortualem.

2083 5108 2197 5178 (67)
2213 5097 2542 5190 beopolduni
2562 5097 3425 5190 Babcnbergepsemillim-9‘93
3436 5106 3594 5190 lete:
