4072 5350
522 323 628 381 967

1475 312 1534 370 S.
1575 309 1892 371 ODILONIS
1926 303 2752 378 CLUNIACENSISABBATIS
2789 303 2833 359 Υ

3695 303 3809 360 968

524 431 833 506 exscripsit.
884 427 1083 485 Ultima
1127 427 1332 485 codicis
1375 427 1499 483 inde
1538 443 1570 482 a
1614 441 1747 483 voce
1794 425 1989 497 capitis
2035 424 2110 479 22
2137 427 2183 485 Α
2212 419 2509 475 Annalibus
2535 418 2719 475 Eremi
2750 416 3000 474 au.16I2
3018 416 3314 487 subjectus,
3338 417 3429 489 qui
3452 433 3576 474 cum
3596 417 3811 477 Canisii

524 524 781 595 fulgorem
809 519 1149 576 exciderunt.

594 679 650 752 8)
684 678 747 735 C.
789 678 918 734 olim
958 677 1287 734 Bodccensis
1324 677 1377 732 in
1409 676 1695 734 Wcstfalia
1741 676 2111 748 apograpbum

524 770 934 827 Bollandianum
983 769 1037 825 in
1088 770 1219 826 bibl.
1266 769 1413 842 regia
1472 769 1813 826 Bruxellensi
1860 785 1917 824 n.
1969 769 2111 825 8977

522 863 821 932 signatum,
850 870 908 918 et

595 994 653 1063 9)
689 992 750 1048 C.
779 991 906 1048 olim
938 990 996 1047 S.
1050 991 1227 1063 Magni
1268 991 1681 1063 Ratisponensis
1724 1006 1753 1046 a
1793 990 2013 1048 Canisio
2059 992 2111 1047 in

525 1085 873 1142 Lectionibus
918 1086 1171 1156 Antiquis
1224 1096 1354 1140 tom.
1406 1086 1472 1149 V,
1527 1101 1588 1150 ll,
1646 1099 1698 1154 p.
1744 1084 1871 1151 593,
1902 1093 1955 1140 et
1983 1086 2115 1140 edit.

526 1181 750 1237 alterius
783 1189 914 1236 tom.
942 1180 1031 1242 Ill,
1055 1196 1093 1244 ι,
1119 1197 1173 1252 p.
1209 1180 1298 1245 75,
1328 1194 1654 1251 expressus,
1687 1187 1894 1234 textum
1939 1179 2117 1234 minus

526 1290 721 1346 purum
754 1273 995 1337 exhibet,
1022 1289 1179 1343 quem
1202 1273 1505 1328 Leibuitius
1556 1273 1607 1327 in
1657 1271 1757 1327 SS.
1802 1272 2035 1327 Brunsv.
2071 1271 2114 1338 I,

523 1364 633 1422 262
660 1380 783 1436 sqq.
827 1365 1100 1436 repetivit.
1132 1364 1335 1420 Ultimo
1371 1363 1737 1420 nominandus
1769 1364 1918 1419 venit

600 1520 691 1592 10)
715 1518 778 1576 C.
803 1516 1176 1584 Einsidlensis,
1207 1518 1370 1607 mbr.,
1396 1532 1520 1573 saec.
1566 1533 1658 1583 xv,
1684 1515 1752 1571 ab
1785 1513 2121 1569 Hartmanno

2209 520 2358 566 textu
2388 510 2677 582 plurimum
2706 510 2997 566 consentit.

2280 599 2453 655 Breve
2484 598 2620 655 Vitae
2645 606 2701 655 et
2731 596 3113 654 Miraculorum
3143 610 3463 670 excerptum
3502 601 3607 657 sub
3644 601 3810 657 titulo

2220 689 2354 745 Vita:
2378 700 2556 745 sancte
2575 689 2897 760 Adelhaydit
2918 690 2952 745 4
2976 689 3088 747 foll.
3114 692 3169 747 in
3193 693 3252 748 8°
3275 692 3486 749 Durlaci
3519 694 3719 752 saeculo
3733 709 3813 748 xv

2222 783 2444 853 prodiit.

2287 871 2521 942 Optimis
2577 874 2662 929 bis
2708 873 2966 931 subsidiis
3019 875 3094 930 ita
3137 890 3269 932 usus
3303 891 3423 933 smn
3452 885 3547 942 ut,
3574 876 3812 933 lectione

2218 964 2466 1021 codicum
2517 964 2887 1020 Ticinensium
2936 966 2990 1021 in
3042 974 3192 1021 textu
3232 982 3510 1038 expressa,
3550 967 3813 1022 lectiones

2217 1053 2672 1111 Paterniacenses
2697 1064 2753 1109 et
2782 1054 3113 1124 Saltzenses,
3157 1073 3278 1127 quae
3326 1058 3380 1112 in
3425 1058 3679 1113 omnibus
3718 1072 3811 1114 se-

2219 1160 2366 1222 pteni
2415 1159 2656 1214 exstant,
2709 1151 2937 1220 singulis
2987 1152 3255 1223 capitibus
3308 1153 3814 1224 subjicerem,qu:e

2222 1257 2354 1297 vero
2382 1242 2599 1297 nonnisi
2632 1242 2684 1296 in
2716 1240 3089 1299 Saltzensibus
3112 1253 3206 1299 aut
3233 1259 3338 1300 uno
3361 1245 3604 1300 alterove
3627 1243 3817 1301 codice

2224 1333 2847 1389 ocenrrunt'lectionnm
2872 1335 3127 1390 varietati
3164 1335 3328 1391 inseri
3356 1335 3617 1391 facerem.
3653 1334 3814 1405 Capi-

2229 1433 2339 1479 tum
2384 1424 2707 1481 divisionem
2755 1426 2806 1480 in
2853 1428 3041 1483 codice
3077 1426 3370 1485 Vallicensi
3413 1428 3693 1496 oblatam,
3726 1443 3813 1483 re-

2226 1516 2366 1587 jecta
2390 1516 2704 1583 Canisiana,
2727 1519 2948 1574 retinui.

896 1728 1545 1808 EPITAPHIUM
1606 1720 2071 1805 OTTONIS
2131 1724 2458 1803 MAGNI
2536 1728 3228 1808 IMPERATORIS
3289 1717 3431 1807 (Ἠ).

534 1908 648 1965 Hoc
679 1908 881 1979 tegitur
905 1906 1085 1963 loculo
1112 1907 1267 1961 divus
1296 1913 1351 1961 et
1374 1904 1645 1959 maximus
1673 1903 1799 1959 Otto
1828 1901 1867 1967 ⁸,

532 1998 715 2054 Fortis
748 1999 769 2029 ³
807 1999 860 2052 in
887 1997 1138 2069 imperio,
1170 1996 1339 2051 David
1367 2003 1425 2049 ut
1455 1994 1477 2026 ⁸
1502 2003 1747 2064 tempore
1777 1993 1979 2063 prisco,

534 2088 728 2144 Clarus
750 2097 809 2143 ut
843 2088 958 2159 ipse
986 2088 1189 2157 sophus
1212 2084 1466 2142 Salomon
1498 2094 1552 2141 et
1576 2085 1727 2156 pacis
1754 2083 1992 2150 amicus;

530 2176 699 2236 Obtat
717 2179 740 2211 ⁸
768 2178 1013 2234 Ezechia:
1040 2177 1152 2250 (72)
1182 2175 1374 2247 majori
1401 2177 1659 2248 prmditns
1680 2176 1769 2230 hic
1798 2190 1910 2245 spe,

537 2265 611 2323 Ut
643 2282 745 2340 pax
774 2268 1011 2334 eveniat,
1041 2281 1229 2322 verum
1261 2280 1362 2338 per
1402 2267 1601 2322 saecula
1632 2265 1653 2297 ⁸
1683 2274 1914 2321 crescat.

536 2359 715 2415 Pbase
743 2360 764 2391 ⁸
793 2360 910 2432 (75)
933 2368 1020 2415 sat
1053 2359 1269 2415 celebre
1301 2358 1496 2414 fecisse
1520 2357 1802 2426 scribitur,
1826 2370 1973 2422 ecce,

535 2452 717 2522 Atque
739 2467 867 2508 suas
893 2450 1061 2507 ferias
1090 2450 1299 2521 primus
1326 2448 1426 2504 sub
1447 2448 1559 2504 sole
1585 2446 1792 2512 Josias;

536 2546 669 2602 Illud
702 2561 807 2602 non
839 2546 1146 2612 solum,sed
1181 2547 1408 2618 mystica
1440 2543 1583 2600 facta
1612 2544 1877 2615 priorum,

540 2638 727 2710 Regna
754 2639 905 2709 prius
936 2639 1243 2704 moderans,
1268 2638 1442 2709 legum
1473 2639 1772 2706 sacrajura
1803 2636 2127 2704 reformans,

537 2724 621 2783 Ad
648 2727 823 2785 lucem
847 2726 1087 2784 celebrat
1110 2727 1248 2799 (74),
1265 2728 1524 2782 nmndum
1541 2726 1865 2784 celebrando
1885 2736 2128 2783 coronat.

544 2817 702 2885 Quod
732 2818 921 2874 habuit
955 2819 1150 2875 melius
1178 2834 1434 2888 umquam
1475 2812 1769 2874 Germania
1800 2818 1989 2885 tellus,

541 2910 694 2967 Felix
725 2909 905 2976 Italia,
932 2919 985 2965 tu
1011 2926 1133 2966 cum
1164 2911 1391 2967 muliere
1417 2912 1573 2967 beata
1607 2911 1719 2983 (75)

542 3001 793 3071 Coepisti.
823 3002 1116 3058 Tumidum
1149 3004 1392 3058 studiose
1430 3002 1788 3058 rinocerotem
1821 3002 1937 3073 (76)

542 3092 614 3149 Et
636 3094 823 3150 mitem
847 3094 1043 3160 reddit,
1073 3094 1164 3166 qui
1197 3094 1431 3163 plurima
1459 3109 1622 3165 regna
1655 3093 1896 3165 subegit,

545 3184 833 3241 Sarmatas
856 3185 1120 3249 edomuit,
1153 3184 1374 3240 Christo
1398 3186 1606 3241 servire
1649 3186 1848 3256 coegit,

544 3272 756 3330 Pellere
776 3274 1111 3339 demonium,
1137 3275 1316 3330 crucis
1348 3274 1607 3347 insignire
1639 3276 1992 3345 triumphum.

548 3361 766 3434 Ungros
790 3366 812 3397 "
834 3363 1129 3428 debellatis,
1160 3366 1405 3421 victricia
1432 3366 1583 3438 signa
1612 3375 1917 3437 reportans,

552 3451 768 3524 Eripuit
793 3454 917 3509 fidei
947 3469 1116 3510 sacra:
1140 3455 1470 3511 vocitamine
1507 3456 1728 3523 dignos.

548 3540 873 3601 Innumeros
900 3545 1148 3615 populos,
1180 3545 1301 3602 diro
1321 3546 1343 3578 ⁸
1369 3545 1682 3603 discrimine
1704 3563 1941 3619 pressos.

2150 1903 2195 1963 B
2227 1900 2305 1955 Tu
2332 1904 2604 1972 quondam
2638 1904 2853 1959 domina
2885 1906 2905 1937 ’
2935 1903 3063 1961 felix
3100 1914 3155 1961 et
3181 1905 3457 1976 splendida
3488 1905 3684 1971 Roma,

2226 1991 2489 2047 Prmstitit
2517 1992 2645 2049 Otto
2678 1996 2771 2049 tibi
2802 1995 3007 2065 pariter
3035 2011 3159 2049 cum
3193 1996 3422 2067 conjuge
3445 2006 3659 2061 sancta,

2229 2083 2298 2139 Ut
2330 2084 2535 2139 referas
2564 2086 2723 2141 solito
2752 2096 3026 2157 sceptrum
3055 2087 3240 2141 mundi
3273 2096 3330 2143 et
3352 2087 3625 2142 diadema.

2227 2176 2510 2249 Tripndiat
2542 2190 2774 2236 cunctus
2811 2181 2854 2212 ¹⁰
2886 2189 3037 2235 tanto
3054 2180 3159 2236 sub
3185 2196 3388 2236 crcsare
3427 2180 3471 2213 “
3506 2181 3773 2247 mundus;

2226 2268 2340 2323 Pax
2369 2268 2579 2324 sublata
2610 2271 2773 2341 perit,
2801 2286 2924 2325 eum
2954 2271 3225 2337 maximus
3255 2269 3382 2326 Otto
3408 2270 3655 2325 recessit.

2229 2362 2365 2416 Dum
2399 2363 2596 2432 repetit
2633 2362 2675 2394 "
2702 2362 2874 2418 Maius
2903 2362 3158 2432 lugubres
3185 2378 3252 2417 ex
3274 2363 3464 2417 ordine
3490 2360 3673 2418 Nonas
3693 2402 3709 2428 ,

2227 2453 2412 2509 Catsar
2440 2456 2507 2510 ad
2542 2455 2808 2510 aethereas
2839 2455 3047 2524 rapitur
3074 2454 3194 2525 pius
3225 2452 3353 2508 Otto
3382 2463 3652 2518 catervas,

2230 2544 2495 2603 Mauricio
2526 2547 2568 2579 ⁸⁸
2592 2546 2826 2602 ducente
2856 2562 2955 2601 suo
2979 2546 3272 2602 sociandus
3302 2546 3354 2600 in
3385 2545 3494 2600 alto

2230 2636 2355 2707 Ipsi,
2382 2638 2469 2692 cui
2499 2638 2543 2669 "
2586 2638 2749 2693 cessit
2775 2636 3075 2707 propriam,
3106 2652 3267 2707 quam
3290 2636 3581 2706 conspicis,
3614 2633 3819 2690 aulam.

2230 2725 2471 2798 Coniuge
2499 2726 2541 2758 “
2570 2735 2624 2785 tu
2650 2726 2899 2792 celebris,
2934 2734 2990 2780 tu
3023 2740 3258 2795 namque
3287 2725 3579 2795 propagine
3600 2722 3753 2788 felix,

2234 2818 2477 2874 Laitatur
2505 2820 2761 2885 mundus,
2796 2834 2919 2874 eum
2950 2818 3193 2874 nascitur
3219 2817 3344 2874 Otto
3372 2818 3666 2874 secundus.

2235 2912 2454 2967 Tertius
2482 2912 2787 2983 imperitat;
2817 2913 3014 2969 cteluin
3034 2912 3317 2982 jubilando
3345 2913 3592 2969 resultat.

2238 3003 2346 3061 Sed
2379 3021 2523 3061 nunc
2553 3013 2785 3061 stemma
2816 3013 2963 3059 tuum
2996 3006 3147 3061 claro
3178 3006 3547 3062 moderamine
3565 3006 3828 3060 mundum

2238 3096 2504 3169 Protegit,
2537 3107 2753 3168 agustat
2784 3098 2849 3163 "',
2878 3098 3036 3162 ditat,
3061 3098 3336 3161 sublimat,
3371 3097 3636 3162 honorat;

2166 3181 2207 3258 ’μ
2239 3187 2335 3244 Cui
2367 3197 2523 3258 pater
2552 3188 2641 3244 ille
2670 3196 2815 3252 tuus,
2846 3187 3215 3245 llElNRICUS
3245 3189 3467 3244 nomine
3493 3188 3696 3250 dictus,

2164 3255 2211 3320 θ
2247 3281 2495 3338 Cesserat
2522 3282 2625 3337 hoc
2656 3296 2871 3344 nomen,
2902 3281 2989 3336 cui
3018 3290 3071 3335 tu
3095 3295 3311 3352 quoque
3339 3280 3487 3336 cedis
3511 3281 3795 3335 honorem.

2248 3374 2386 3428 Dum
2412 3373 2457 3407 ²⁶
2485 3374 2653 3428 stabit
2687 3373 2883 3426 rutilus
2912 3386 3042 3427 eons
3069 3380 3125 3427 et
3155 3371 3343 3426 ultima
3373 3370 3554 3435 tellus,

2249 3466 2453 3521 Pontus
2481 3473 2535 3520 et
2563 3473 2707 3520 astra
2738 3462 2869 3533 poli,
2898 3462 3155 3534 plangent
3181 3471 3232 3519 te
3259 3462 3476 3519 climata
3499 3460 3669 3516 cosmi
3701 3459 3766 3513 ι’.

1974 3660 2292 3719 EXPLICIT
2334 3662 2399 3714 η.

991 3812 1286 3875 INCIPIT
1332 3815 1374 3849 “
1414 3814 1848 3876 PRJEFATIO
1889 3816 1933 3847 '°
1977 3815 2059 3876 IN
2099 3816 2296 3878 VITA
2342 3817 2386 3849 “
2429 3813 2737 3875 DOMNJE
2785 3810 3281 3873 ADALHEIDE
3324 3809 3393 3869 “.

631 3980 841 4036 Damno
878 3980 1116 4038 Amnes:
1151 3983 1198 4015 ”
1231 3983 1541 4040 venerando
1577 3982 1795 4049 abbati,
1831 3984 2156 4055 cunctisque
2263 3984 2442 4050 urbis,
2469 3981 2699 4037 Domino
2719 3990 2773 4036 et
2811 3980 3079 4036 Salvatori
3120 3988 3309 4035 nostro
3349 3979 3544 4036 devote
3575 3977 3849 4034 famahn-

555 4067 824 4127 fratribus
873 4070 979 4130 sibi
1026 4074 1367 4137 commissis,
1422 4074 1478 4129 in
1528 4074 1786 4130 subnrbio
1845 4074 2157 4147 Ticinensis
2266 4076 2431 4138 tibus,
2467 4075 2637 4129 frater
2679 4072 2872 4139 ODILO,
2917 4072 3288 4129 Cluniensium
3320 4071 3369 4105 “
3391 4087 3693 4144 pauperum
3722 4089 3852 4130 cun-

1869 4187 2106 4243 VARIIE
2146 4185 2551 4243 LECTIONES.

639 4277 657 4310 ³
685 4277 896 4333 Enituit
928 4279 1128 4333 mundo
1156 4277 1209 4333 d.
1238 4277 1322 4332 vel
1364 4294 1439 4334 m.
1472 4277 1537 4335 Ο.
1568 4278 1621 4333 2.
1733 4280 1753 4311 ³
1791 4277 1980 4335 Mortis
2011 4278 2067 4332 2.

2182 4277 2204 4309 ⁸
2234 4278 2286 4332 in
2310 4277 2366 4331 2.
2445 4276 2468 4307 ⁵
2502 4274 2641 4330 Obta
2677 4273 2733 4327 2.
2769 4272 2935 4346 Obtat
2964 4272 3201 4346 [scilicet
3230 4274 3405 4346 more]
3437 4273 3660 4346 ezeghie
3692 4273 3748 4328 5.
3794 4274 3850 4329 6.

556 4346 586 4378 ³
618 4347 761 4420 secla
789 4348 1156 4420 clarescat2.‘
1204 4346 1393 4420 '_Fase
1420 4349 1474 4403 2.
1550 4352 1568 4381 ⁷
1603 4348 1853 4420 llungros
1879 4351 1936 4403 2.
2012 4347 2370 4420 “Aniagno2._
2406 4347 2428 4377 ⁹
2456 4346 2826 4420 ἁοιῃὶηξιιιεὲ.
2904 4344 3260 4420 ‘°'ctinctis._..
3294 4344 3511 4420 mundis
3529 4344 3587 4420 2:

3684 4346 3730 4377 ιι
3759 4361 3852 4400 (ιε,

560 4429 689 4518 ἕξει-θ
713 4417 764 4471 5.
845 4418 887 4501 ξ’
915 4418 1107 4474 recitat
1211 4418 1263 4473 6.
1344 4418 1389 4450 ³³
1409 4420 1465 4501 [ti
1490 4420 1602 4502 duo
1622 4413 2016 4502 persas-desunt
2043 4418 2101 4474 2.
2155 4413 2524 4539 '“Conjunge
2546 4414 2600 4469 2.
2627 4414 2682 4469 6.
2759 4415 2804 4446 “
2832 4423 3087 4496 angustat
3109 4415 3165 4470 2.
3199 4414 3253 4469 6.
3295 4486 3307 4497 θ
3332 4414 3532 4497 ".Cum
3553 4414 3607 4469 2.
3626 4413 3768 4481 Qum
3789 4414 3843 4469 6.

643 4496 782 4539 totus
811 4488 893 4539 Inc
923 4504 1098 4539 versus
1126 4489 1278 4539 litera
1307 4506 1500 4539 maiori
1530 4490 1779 4539 scribitur
1808 4507 1861 4539 ιη
1888 4490 1942 4539 5.
2058 4490 2100 4521 ⁸⁸
2128 4505 2227 4539 vos:
2271 4489 2411 4539 deest
2491 4527 2503 4539 .
2552 4485 2605 4539 5.
2643 4485 2712 4539 In
2754 4486 2931 4539 codice
2965 4484 3019 4539 2.
3063 4486 3175 4539 hwc
3209 4484 3456 4539 Hammo
3483 4483 3548 4539 II
3603 4485 3843 4539 defuncta

562 4487 893 4561 ὕβρικε-ωε
923 4504 1098 4543 versus
1126 4489 1278 4543 litera
1307 4491 1501 4561 majori
1530 4490 1779 4545 scribitur
1808 4491 1861 4543 in
1888 4490 1942 4545 5.

556 4556 752 4610 addita
783 4557 1032 4627 leguntur
1062 4571 1081 4610 :

558 4646 732 4714 Qmue
747 4649 877 4709 quod
899 4652 976 4714 est
1009 4648 1229 4714 plangat,
1246 4650 1379 4713 quod
1403 4663 1547 4714 posse
1567 4651 1804 4714 plangere
1829 4656 2035 4701 constat.

557 4708 817 4775 {tangere
839 4712 923 4772 qui
948 4708 1105 4761 nescit
1130 4708 1378 4772 Deus'est,
1403 4708 1476 4762 his
1509 4708 1775 4773 planctibus
1793 4714 1939 4775 adsit,

571 4770 637 4837 Iit
660 4770 1015 4837 relevet‘cuus
1036 4775 1215 4834 patitur
1236 4770 1600 4837 quos'princ'ipe
1622 4776 1828 4823 mundus

563 4832 682 4898 {lett
708 4836 973 4898 moriente,
1002 4832 1176 4896 preces
1198 4832 1347 4896 quem
1373 4832 1570 4898 propter
1595 4837 1802 4896 fundite,
1831 4835 2035 4885 fratres!

566 4895 734 4957 Cmsar
756 4895 1021 4946 Heluricus
1038 4895 1227 4957 patrum
1252 4900 1317 4946 de
1341 4895 1533 4948 nomine
1559 4899 1715 4947 dictus

578 4956 849 5015 Piangitnr,
874 4956 1111 5016 augustos
1131 4959 1273 5007 divus
1303 4959 1615 5020 celebrisque
1638 4966 1893 5019 venustus,

2058 4490 2100 4521 ⁸⁸
2128 4505 2227 4545 vox
2271 4489 2411 4543 deest

2491 4527 2503 4541 .
2552 4485 2605 4540 5.
2643 4485 2712 4540 1η
2754 4483 2931 4540 codice
2965 4484 3019 4539 2.
3063 4486 3175 4540 hwc
3209 4484 3456 4540 Heinriro
3483 4483 3548 4539 II
3603 4485 3852 4555 defuncto

2264 4647 2481 4707 Jungant
2498 4648 2719 4708 virgineo
2742 4646 3010 4698 Salomonis
3030 4651 3083 4696 et
3104 4646 3267 4696 oscula
3291 4659 3466 4709 sponso

2267 4711 2414 4771 Cujus
2436 4716 2482 4758 in
2517 4712 2757 4769 obsequio
2786 4710 3057 4759 construxit
3077 4710 3229 4771 corde
3251 4712 3466 4771 benigno

2270 4770 2480 4821 Plurima
2504 4770 2681 4820 divinis
2698 4771 3002 4818 l'aninlaniina
3027 4770 3237 4819 cultibus
3259 4780 3381 4831 apta.

2188 4832 2193 4835 ’
2269 4833 2340 4896 Ex
2364 4835 2541 4896 quibus
2560 4839 2636 4881 est
2653 4831 2886 4896 templum
2912 4831 3145 4896 praeclaro
3166 4835 3415 4881 schemate
3447 4839 3653 4894 tectum,

2272 4893 2409 4944 Intus
2432 4901 2484 4943 et
2501 4895 2725 4943 exterius
2745 4893 2945 4956 gemino
2967 4894 3279 4945 decoramina
3300 4901 3563 4956 Ct'mplum,

2273 4957 2428 5024 Quem
2453 4957 2656 5024 tremuit
2677 4955 2901 5024 mundus,
2923 4959 3055 5014 jacet
3084 4956 3132 5024 in
3158 4969 3256 5024 quo
3272 4955 3420 5024 carne
3439 4955 3686 5018 sepultus.
