  <div class='ocr_page' id='page_1' title='image "/cluster/home/n/w/nwhite01/storage/ocr_20150623/142/hvd.32044015471808/490.png"; bbox 0 0 4072 5350; ppageno 0'>
   <div class='ocr_carea' id='block_1_1' title="bbox 279 330 386 386">
    <p class='ocr_par' dir='ltr' id='par_1_1' title="bbox 279 330 386 386">
     <span class='ocr_line' id='line_1_1' title="bbox 279 330 386 386; baseline -0.009 0"><span class='ocrx_word' id='word_1_1' title='bbox 279 330 386 386; x_wconf 80' lang='lat'><strong>969</strong></span> 
     </span>
    </p>
   </div>
   <div class='ocr_carea' id='block_1_2' title="bbox 1198 324 1865 389">
    <p class='ocr_par' dir='ltr' id='par_1_2' title="bbox 1198 324 1865 384">
     <span class='ocr_line' id='line_1_2' title="bbox 1198 324 1865 384; baseline -0.004 -2"><span class='ocrx_word' id='word_1_2' title='bbox 1198 324 1623 384; x_wconf 63' lang='lat' dir='ltr'><strong>EPI&#39;I‘A‘PIIIUM</strong></span> <span class='ocrx_word' id='word_1_3' title='bbox 1652 325 1865 380; x_wconf 70' lang='lat' dir='ltr'><strong>ADALI</strong></span> 
     </span>
    </p>
   </div>
   <div class='ocr_carea' id='block_1_3' title="bbox 1969 324 3548 389">
    <p class='ocr_par' dir='ltr' id='par_1_3' title="bbox 1969 324 3548 389">
     <span class='ocr_line' id='line_1_3' title="bbox 1969 324 3548 389; baseline 0.003 -7"><span class='ocrx_word' id='word_1_4' title='bbox 1969 326 2076 382; x_wconf 63' lang='grc' dir='ltr'><strong>[ΜΕ</strong></span> <span class='ocrx_word' id='word_1_5' title='bbox 2114 324 2624 383; x_wconf 78' lang='lat' dir='ltr'><strong>IMPERATRICIS.</strong></span> <span class='ocrx_word' id='word_1_6' title='bbox 3444 328 3548 389; x_wconf 73' lang='lat'><strong>970</strong></span> 
     </span>
    </p>
   </div>
   <div class='ocr_carea' id='block_1_4' title="bbox 278 416 3547 514">
    <p class='ocr_par' dir='ltr' id='par_1_4' title="bbox 278 416 3547 514">
     <span class='ocr_line' id='line_1_4' title="bbox 278 416 3547 514; baseline 0.002 -16"><span class='ocrx_word' id='word_1_7' title='bbox 278 451 494 498; x_wconf 87' lang='lat' dir='ltr'><strong>ctorum</strong></span> <span class='ocrx_word' id='word_1_8' title='bbox 523 440 814 514; x_wconf 83' lang='lat' dir='ltr'><strong>peripsima</strong></span> <span class='ocrx_word' id='word_1_9' title='bbox 838 440 883 473; x_wconf 82' lang='lat'>“</span> <span class='ocrx_word' id='word_1_10' title='bbox 905 440 1042 512; x_wconf 83' lang='lat'><strong>(77),</strong></span> <span class='ocrx_word' id='word_1_11' title='bbox 1066 416 1350 512; x_wconf 62' lang='lat' dir='ltr'><strong>prasentis</strong></span> <span class='ocrx_word' id='word_1_12' title='bbox 1372 439 1497 496; x_wconf 75' lang='lat' dir='ltr'><strong>vita:</strong></span> <span class='ocrx_word' id='word_1_13' title='bbox 1520 453 1780 511; x_wconf 87' lang='lat' dir='ltr'><strong>prospera</strong></span> <span class='ocrx_word' id='word_1_14' title='bbox 1810 447 1866 494; x_wconf 88' lang='lat' dir='ltr'><strong>et</strong></span> <span class='ocrx_word' id='word_1_15' title='bbox 1891 445 1940 504; x_wconf 75' lang='grc' dir='ltr'><strong>Α</strong></span> <span class='ocrx_word' id='word_1_16' title='bbox 1970 456 2131 497; x_wconf 89' lang='lat' dir='ltr'><strong>mone</strong></span> <span class='ocrx_word' id='word_1_17' title='bbox 2163 439 2608 508; x_wconf 80' lang='lat' dir='ltr'><strong>perstrinximus,</strong></span> <span class='ocrx_word' id='word_1_18' title='bbox 2649 449 2709 497; x_wconf 93' lang='lat' dir='ltr'><strong>ut</strong></span> <span class='ocrx_word' id='word_1_19' title='bbox 2746 442 2817 498; x_wconf 90' lang='lat' dir='ltr'><strong>ad</strong></span> <span class='ocrx_word' id='word_1_20' title='bbox 2863 442 3078 497; x_wconf 77' lang='lat' dir='ltr'><strong>laudem</strong></span> <span class='ocrx_word' id='word_1_21' title='bbox 3123 451 3283 500; x_wconf 72' lang='lat' dir='ltr'><strong>tanta:</strong></span> <span class='ocrx_word' id='word_1_22' title='bbox 3333 445 3547 503; x_wconf 81' lang='lat' dir='ltr'><strong>virtutis</strong></span> 
     </span>
    </p>
   </div>
   <div class='ocr_carea' id='block_1_5' title="bbox 277 534 855 605">
    <p class='ocr_par' dir='ltr' id='par_1_5' title="bbox 277 534 855 605">
     <span class='ocr_line' id='line_1_5' title="bbox 277 534 855 605; baseline 0 -16"><span class='ocrx_word' id='word_1_23' title='bbox 277 534 610 605; x_wconf 82' lang='lat' dir='ltr'><strong>sempiterna</strong></span> <span class='ocrx_word' id='word_1_24' title='bbox 639 534 855 604; x_wconf 68' lang='lat' dir='ltr'><strong>gaudia.</strong></span> 
     </span>
    </p>
   </div>
   <div class='ocr_carea' id='block_1_6' title="bbox 350 624 1858 695">
    <p class='ocr_par' dir='ltr' id='par_1_6' title="bbox 350 624 1858 695">
     <span class='ocr_line' id='line_1_6' title="bbox 350 624 1858 695; baseline 0.001 -16"><span class='ocrx_word' id='word_1_25' title='bbox 350 624 699 694; x_wconf 85' lang='lat' dir='ltr'><strong>Epitaphium</strong></span> <span class='ocrx_word' id='word_1_26' title='bbox 749 625 962 679; x_wconf 71' lang='lat' dir='ltr'><strong>domum</strong></span> <span class='ocrx_word' id='word_1_27' title='bbox 999 632 1201 679; x_wconf 63' lang='lat' dir='ltr'><strong>nostra:</strong></span> <span class='ocrx_word' id='word_1_28' title='bbox 1246 624 1578 690; x_wconf 82' lang='lat' dir='ltr'><strong>Adalbeida-,</strong></span> <span class='ocrx_word' id='word_1_29' title='bbox 1623 624 1858 695; x_wconf 88' lang='lat' dir='ltr'><strong>impera-</strong></span> 
     </span>
    </p>
   </div>
   <div class='ocr_carea' id='block_1_7' title="bbox 280 715 1862 787">
    <p class='ocr_par' dir='ltr' id='par_1_7' title="bbox 280 715 1862 787">
     <span class='ocr_line' id='line_1_7' title="bbox 280 715 1862 787; baseline -0.002 -15"><span class='ocrx_word' id='word_1_30' title='bbox 280 718 437 773; x_wconf 88' lang='lat' dir='ltr'><strong>tricis</strong></span> <span class='ocrx_word' id='word_1_31' title='bbox 475 717 772 787; x_wconf 65' lang='lat' dir='ltr'><strong>Augustae,</strong></span> <span class='ocrx_word' id='word_1_32' title='bbox 830 715 1162 786; x_wconf 90' lang='lat' dir='ltr'><strong>descriptum</strong></span> <span class='ocrx_word' id='word_1_33' title='bbox 1215 715 1342 771; x_wconf 86' lang='lat' dir='ltr'><strong>stilo</strong></span> <span class='ocrx_word' id='word_1_34' title='bbox 1388 730 1625 786; x_wconf 83' lang='lat' dir='ltr'><strong>paupere</strong></span> <span class='ocrx_word' id='word_1_35' title='bbox 1668 724 1862 770; x_wconf 74' lang='lat' dir='ltr'><strong>vestrae</strong></span> 
     </span>
    </p>
   </div>
   <div class='ocr_carea' id='block_1_8' title="bbox 277 802 1863 873">
    <p class='ocr_par' dir='ltr' id='par_1_8' title="bbox 277 802 1863 873">
     <span class='ocr_line' id='line_1_8' title="bbox 277 802 1863 873; baseline 0 -14"><span class='ocrx_word' id='word_1_36' title='bbox 277 802 612 861; x_wconf 75' lang='lat' dir='ltr'><strong>fraternitati</strong></span> <span class='ocrx_word' id='word_1_37' title='bbox 641 804 829 861; x_wconf 81' lang='lat' dir='ltr'><strong>curavi</strong></span> <span class='ocrx_word' id='word_1_38' title='bbox 872 806 1275 872; x_wconf 89' lang='lat' dir='ltr'><strong>transmittere,</strong></span> <span class='ocrx_word' id='word_1_39' title='bbox 1312 814 1490 861; x_wconf 88' lang='lat' dir='ltr'><strong>ratum</strong></span> <span class='ocrx_word' id='word_1_40' title='bbox 1515 804 1632 861; x_wconf 78' lang='lat' dir='ltr'><strong>fore</strong></span> <span class='ocrx_word' id='word_1_41' title='bbox 1667 803 1863 873; x_wconf 89' lang='lat' dir='ltr'><strong>dijudi-</strong></span> 
     </span>
    </p>
   </div>
   <div class='ocr_carea' id='block_1_9' title="bbox 280 894 1864 968">
    <p class='ocr_par' dir='ltr' id='par_1_9' title="bbox 280 894 1864 968">
     <span class='ocr_line' id='line_1_9' title="bbox 280 894 1864 968; baseline -0.001 -16"><span class='ocrx_word' id='word_1_42' title='bbox 280 912 432 963; x_wconf 82' lang='lat' dir='ltr'><strong>cans,</strong></span> <span class='ocrx_word' id='word_1_43' title='bbox 461 906 522 952; x_wconf 93' lang='lat' dir='ltr'><strong>ut</strong></span> <span class='ocrx_word' id='word_1_44' title='bbox 549 897 696 968; x_wconf 90' lang='lat' dir='ltr'><strong>apud</strong></span> <span class='ocrx_word' id='word_1_45' title='bbox 720 911 816 953; x_wconf 88' lang='lat' dir='ltr'><strong>vos</strong></span> <span class='ocrx_word' id='word_1_46' title='bbox 841 894 961 966; x_wconf 86' lang='lat' dir='ltr'><strong>ejus</strong></span> <span class='ocrx_word' id='word_1_47' title='bbox 985 897 1246 952; x_wconf 82' lang='lat' dir='ltr'><strong>continua</strong></span> <span class='ocrx_word' id='word_1_48' title='bbox 1280 896 1554 953; x_wconf 88' lang='lat' dir='ltr'><strong>recolatur</strong></span> <span class='ocrx_word' id='word_1_49' title='bbox 1576 897 1864 961; x_wconf 83' lang='lat' dir='ltr'><strong>memoria,</strong></span> 
     </span>
    </p>
   </div>
   <div class='ocr_carea' id='block_1_10' title="bbox 277 972 1867 1060">
    <p class='ocr_par' dir='ltr' id='par_1_10' title="bbox 277 972 1867 1060">
     <span class='ocr_line' id='line_1_10' title="bbox 277 972 1867 1060; baseline -0.001 -19"><span class='ocrx_word' id='word_1_50' title='bbox 277 985 436 1055; x_wconf 89' lang='lat' dir='ltr'><strong>cujus</strong></span> <span class='ocrx_word' id='word_1_51' title='bbox 470 972 734 1060; x_wconf 74' lang='lat' dir='ltr'><strong>industria</strong></span> <span class='ocrx_word' id='word_1_52' title='bbox 765 994 929 1056; x_wconf 89' lang='lat' dir='ltr'><strong>atque</strong></span> <span class='ocrx_word' id='word_1_53' title='bbox 961 987 1248 1058; x_wconf 82' lang='lat' dir='ltr'><strong>prudentia</strong></span> <span class='ocrx_word' id='word_1_54' title='bbox 1290 986 1455 1043; x_wconf 79' lang='lat' dir='ltr'><strong>vestri</strong></span> <span class='ocrx_word' id='word_1_55' title='bbox 1486 986 1798 1043; x_wconf 77' lang='lat' dir='ltr'><strong>monasterii</strong></span> <span class='ocrx_word' id='word_1_56' title='bbox 1834 1001 1867 1040; x_wconf 80' lang='grc' dir='ltr'><strong>ιι</strong></span> 
     </span>
    </p>
   </div>
   <div class='ocr_carea' id='block_1_11' title="bbox 282 1065 1869 1149">
    <p class='ocr_par' dir='ltr' id='par_1_11' title="bbox 282 1065 1869 1149">
     <span class='ocr_line' id='line_1_11' title="bbox 282 1065 1869 1149; baseline 0.001 -19"><span class='ocrx_word' id='word_1_57' title='bbox 282 1065 653 1134; x_wconf 76' lang='lat' dir='ltr'><strong>fundamentis</strong></span> <span class='ocrx_word' id='word_1_58' title='bbox 685 1087 976 1135; x_wconf 84' lang='lat' dir='ltr'><strong>creverunt</strong></span> <span class='ocrx_word' id='word_1_59' title='bbox 1005 1079 1257 1145; x_wconf 81' lang='lat' dir='ltr'><strong>:ediiicia,</strong></span> <span class='ocrx_word' id='word_1_60' title='bbox 1306 1078 1568 1149; x_wconf 82' lang='lat' dir='ltr'><strong>cujusque</strong></span> <span class='ocrx_word' id='word_1_61' title='bbox 1594 1085 1869 1135; x_wconf 85' lang='lat' dir='ltr'><strong>sustenta-</strong></span> 
     </span>
    </p>
   </div>
   <div class='ocr_carea' id='block_1_12' title="bbox 281 1170 1864 1244">
    <p class='ocr_par' dir='ltr' id='par_1_12' title="bbox 281 1170 1864 1244">
     <span class='ocr_line' id='line_1_12' title="bbox 281 1170 1864 1244; baseline 0.001 -20"><span class='ocrx_word' id='word_1_62' title='bbox 281 1170 415 1225; x_wconf 91' lang='lat' dir='ltr'><strong>mini</strong></span> <span class='ocrx_word' id='word_1_63' title='bbox 446 1171 492 1202; x_wconf 82' lang='lat'>“</span> <span class='ocrx_word' id='word_1_64' title='bbox 516 1171 666 1242; x_wconf 87' lang='lat' dir='ltr'><strong>larga</strong></span> <span class='ocrx_word' id='word_1_65' title='bbox 691 1172 1059 1244; x_wconf 90' lang='lat' dir='ltr'><strong>continuaque</strong></span> <span class='ocrx_word' id='word_1_66' title='bbox 1084 1174 1130 1206; x_wconf 81' lang='grc'><strong>⁸⁷</strong></span> <span class='ocrx_word' id='word_1_67' title='bbox 1161 1173 1553 1229; x_wconf 79' lang='lat' dir='ltr'><strong>muniﬁcentia.</strong></span> <span class='ocrx_word' id='word_1_68' title='bbox 1580 1171 1696 1229; x_wconf 86' lang='lat' dir='ltr'><strong>Non</strong></span> <span class='ocrx_word' id='word_1_69' title='bbox 1720 1172 1864 1229; x_wconf 90' lang='lat' dir='ltr'><strong>enim</strong></span> 
     </span>
    </p>
   </div>
   <div class='ocr_carea' id='block_1_13' title="bbox 278 1260 1870 1334">
    <p class='ocr_par' dir='ltr' id='par_1_13' title="bbox 278 1260 1870 1334">
     <span class='ocr_line' id='line_1_13' title="bbox 278 1260 1870 1334; baseline 0.003 -21"><span class='ocrx_word' id='word_1_70' title='bbox 278 1260 351 1315; x_wconf 88' lang='lat' dir='ltr'><strong>ad</strong></span> <span class='ocrx_word' id='word_1_71' title='bbox 375 1260 481 1318; x_wconf 90' lang='lat' dir='ltr'><strong>hoc</strong></span> <span class='ocrx_word' id='word_1_72' title='bbox 511 1271 623 1317; x_wconf 87' lang='lat' dir='ltr'><strong>tam</strong></span> <span class='ocrx_word' id='word_1_73' title='bbox 652 1263 913 1334; x_wconf 87' lang='lat' dir='ltr'><strong>grandem</strong></span> <span class='ocrx_word' id='word_1_74' title='bbox 942 1263 1002 1304; x_wconf 78' lang='lat'><strong>“-</strong></span> <span class='ocrx_word' id='word_1_75' title='bbox 1019 1265 1302 1322; x_wconf 87' lang='lat' dir='ltr'><strong>materiem</strong></span> <span class='ocrx_word' id='word_1_76' title='bbox 1333 1264 1425 1319; x_wconf 86' lang='lat' dir='ltr'><strong>vili</strong></span> <span class='ocrx_word' id='word_1_77' title='bbox 1456 1264 1714 1334; x_wconf 83' lang='lat' dir='ltr'><strong>brevique</strong></span> <span class='ocrx_word' id='word_1_78' title='bbox 1754 1278 1870 1319; x_wconf 84' lang='lat' dir='ltr'><strong>ser-</strong></span> 
     </span>
    </p>
   </div>
   <div class='ocr_carea' id='block_1_14' title="bbox 1968 532 3548 602">
    <p class='ocr_par' dir='ltr' id='par_1_14' title="bbox 1968 532 3548 602">
     <span class='ocr_line' id='line_1_14' title="bbox 1968 532 3548 602; baseline 0.002 -15"><span class='ocrx_word' id='word_1_79' title='bbox 1968 541 2130 602; x_wconf 86' lang='lat' dir='ltr'><strong>atque</strong></span> <span class='ocrx_word' id='word_1_80' title='bbox 2157 534 2452 588; x_wconf 89' lang='lat' dir='ltr'><strong>nobilitatis</strong></span> <span class='ocrx_word' id='word_1_81' title='bbox 2479 533 2655 588; x_wconf 85' lang='lat' dir='ltr'><strong>oratio</strong></span> <span class='ocrx_word' id='word_1_82' title='bbox 2686 541 2870 587; x_wconf 89' lang='lat' dir='ltr'><strong>nostra</strong></span> <span class='ocrx_word' id='word_1_83' title='bbox 2900 532 3160 600; x_wconf 72' lang='lat' dir='ltr'><strong>sufﬁciat,</strong></span> <span class='ocrx_word' id='word_1_84' title='bbox 3207 536 3302 590; x_wconf 89' lang='lat' dir='ltr'><strong>sed</strong></span> <span class='ocrx_word' id='word_1_85' title='bbox 3349 544 3407 590; x_wconf 95' lang='lat' dir='ltr'><strong>ut</strong></span> <span class='ocrx_word' id='word_1_86' title='bbox 3451 536 3548 590; x_wconf 89' lang='lat' dir='ltr'><strong>ali-</strong></span> 
     </span>
    </p>
   </div>
   <div class='ocr_carea' id='block_1_15' title="bbox 1967 621 3548 691">
    <p class='ocr_par' dir='ltr' id='par_1_15' title="bbox 1967 621 3548 691">
     <span class='ocr_line' id='line_1_15' title="bbox 1967 621 3548 691; baseline 0.004 -16"><span class='ocrx_word' id='word_1_87' title='bbox 1967 622 2093 691; x_wconf 89' lang='lat' dir='ltr'><strong>quis</strong></span> <span class='ocrx_word' id='word_1_88' title='bbox 2139 621 2263 676; x_wconf 90' lang='lat' dir='ltr'><strong>inde</strong></span> <span class='ocrx_word' id='word_1_89' title='bbox 2310 623 2392 676; x_wconf 84' lang='lat' dir='ltr'><strong>vir</strong></span> <span class='ocrx_word' id='word_1_90' title='bbox 2431 624 2563 680; x_wconf 88' lang='lat' dir='ltr'><strong>adeo</strong></span> <span class='ocrx_word' id='word_1_91' title='bbox 2611 623 2857 678; x_wconf 83' lang='lat' dir='ltr'><strong>eruditus</strong></span> <span class='ocrx_word' id='word_1_92' title='bbox 2898 623 3242 679; x_wconf 86' lang='lat' dir='ltr'><strong>occasionem</strong></span> <span class='ocrx_word' id='word_1_93' title='bbox 3274 626 3548 681; x_wconf 86' lang='lat' dir='ltr'><strong>scribendi</strong></span> 
     </span>
    </p>
   </div>
   <div class='ocr_carea' id='block_1_16' title="bbox 1967 716 3551 787">
    <p class='ocr_par' dir='ltr' id='par_1_16' title="bbox 1967 716 3551 787">
     <span class='ocr_line' id='line_1_16' title="bbox 1967 716 3551 787; baseline -0.001 -15"><span class='ocrx_word' id='word_1_94' title='bbox 1967 718 2249 787; x_wconf 86' lang='lat' dir='ltr'><strong>suscipiat,</strong></span> <span class='ocrx_word' id='word_1_95' title='bbox 2268 716 2525 787; x_wconf 88' lang='lat' dir='ltr'><strong>quatinus</strong></span> <span class='ocrx_word' id='word_1_96' title='bbox 2542 733 2626 773; x_wconf 89' lang='lat' dir='ltr'><strong>res</strong></span> <span class='ocrx_word' id='word_1_97' title='bbox 2652 719 2921 784; x_wconf 84' lang='lat' dir='ltr'><strong>eminens,</strong></span> <span class='ocrx_word' id='word_1_98' title='bbox 2946 717 3394 774; x_wconf 81' lang='lat' dir='ltr'><strong>eminentioribus</strong></span> <span class='ocrx_word' id='word_1_99' title='bbox 3421 732 3551 772; x_wconf 79' lang='lat' dir='ltr'><strong>enu-</strong></span> 
     </span>
    </p>
   </div>
   <div class='ocr_carea' id='block_1_17' title="bbox 1966 805 3551 879">
    <p class='ocr_par' dir='ltr' id='par_1_17' title="bbox 1966 805 3551 879">
     <span class='ocr_line' id='line_1_17' title="bbox 1966 805 3551 879; baseline -0.001 -17"><span class='ocrx_word' id='word_1_100' title='bbox 1966 805 2140 862; x_wconf 88' lang='lat' dir='ltr'><strong>cleata</strong></span> <span class='ocrx_word' id='word_1_101' title='bbox 2168 806 2527 873; x_wconf 83' lang='lat' dir='ltr'><strong>sermonibus,</strong></span> <span class='ocrx_word' id='word_1_102' title='bbox 2580 807 2983 876; x_wconf 87' lang='lat' dir='ltr'><strong>imperatricum</strong></span> <span class='ocrx_word' id='word_1_103' title='bbox 3015 822 3079 862; x_wconf 91' lang='lat' dir='ltr'><strong>ac</strong></span> <span class='ocrx_word' id='word_1_104' title='bbox 3109 807 3417 879; x_wconf 78' lang='lat' dir='ltr'><strong>reginarum</strong></span> <span class='ocrx_word' id='word_1_105' title='bbox 3462 822 3551 862; x_wconf 81' lang='lat' dir='ltr'><strong>sn—</strong></span> 
     </span>
    </p>
   </div>
   <div class='ocr_carea' id='block_1_18' title="bbox 1967 898 3546 971">
    <p class='ocr_par' dir='ltr' id='par_1_18' title="bbox 1967 898 3546 971">
     <span class='ocr_line' id='line_1_18' title="bbox 1967 898 3546 971; baseline -0.001 -18"><span class='ocrx_word' id='word_1_106' title='bbox 1967 906 2059 954; x_wconf 91' lang='lat' dir='ltr'><strong>net</strong></span> <span class='ocrx_word' id='word_1_107' title='bbox 2081 898 2134 953; x_wconf 91' lang='lat' dir='ltr'><strong>in</strong></span> <span class='ocrx_word' id='word_1_108' title='bbox 2162 898 2410 964; x_wconf 82' lang='lat' dir='ltr'><strong>auribus,</strong></span> <span class='ocrx_word' id='word_1_109' title='bbox 2440 907 2496 952; x_wconf 87' lang='lat' dir='ltr'><strong>ut</strong></span> <span class='ocrx_word' id='word_1_110' title='bbox 2536 899 2661 953; x_wconf 88' lang='lat' dir='ltr'><strong>dum</strong></span> <span class='ocrx_word' id='word_1_111' title='bbox 2694 913 2884 968; x_wconf 85' lang='lat' dir='ltr'><strong>magna</strong></span> <span class='ocrx_word' id='word_1_112' title='bbox 2921 899 2988 953; x_wconf 83' lang='lat' dir='ltr'><strong>de</strong></span> <span class='ocrx_word' id='word_1_113' title='bbox 3016 901 3226 971; x_wconf 79' lang='lat' dir='ltr'><strong>magnis</strong></span> <span class='ocrx_word' id='word_1_114' title='bbox 3255 898 3546 960; x_wconf 88' lang='lat' dir='ltr'><strong>audierint.</strong></span> 
     </span>
    </p>
   </div>
   <div class='ocr_carea' id='block_1_19' title="bbox 1966 988 3548 1059">
    <p class='ocr_par' dir='ltr' id='par_1_19' title="bbox 1966 988 3548 1059">
     <span class='ocr_line' id='line_1_19' title="bbox 1966 988 3548 1059; baseline -0.003 -14"><span class='ocrx_word' id='word_1_115' title='bbox 1966 998 2024 1045; x_wconf 90' lang='lat' dir='ltr'><strong>et</strong></span> <span class='ocrx_word' id='word_1_116' title='bbox 2042 1003 2164 1044; x_wconf 88' lang='lat' dir='ltr'><strong>eam</strong></span> <span class='ocrx_word' id='word_1_117' title='bbox 2185 990 2228 1022; x_wconf 86' lang='grc'><strong>¹⁹</strong></span> <span class='ocrx_word' id='word_1_118' title='bbox 2254 988 2322 1045; x_wconf 90' lang='lat' dir='ltr'><strong>de</strong></span> <span class='ocrx_word' id='word_1_119' title='bbox 2347 1004 2453 1058; x_wconf 89' lang='lat' dir='ltr'><strong>qua</strong></span> <span class='ocrx_word' id='word_1_120' title='bbox 2476 988 2747 1058; x_wconf 86' lang='lat' dir='ltr'><strong>loquimur</strong></span> <span class='ocrx_word' id='word_1_121' title='bbox 2768 988 3043 1059; x_wconf 74' lang='lat' dir='ltr'><strong>gressibus</strong></span> <span class='ocrx_word' id='word_1_122' title='bbox 3069 988 3370 1045; x_wconf 85' lang='lat' dir='ltr'><strong>honestatis</strong></span> <span class='ocrx_word' id='word_1_123' title='bbox 3395 989 3548 1057; x_wconf 89' lang='lat' dir='ltr'><strong>sequi</strong></span> 
     </span>
    </p>
   </div>
   <div class='ocr_carea' id='block_1_20' title="bbox 1969 1080 3548 1151">
    <p class='ocr_par' dir='ltr' id='par_1_20' title="bbox 1969 1080 3548 1151">
     <span class='ocr_line' id='line_1_20' title="bbox 1969 1080 3548 1151; baseline 0 -15"><span class='ocrx_word' id='word_1_124' title='bbox 1969 1081 2302 1147; x_wconf 89' lang='lat' dir='ltr'><strong>studuerint,</strong></span> <span class='ocrx_word' id='word_1_125' title='bbox 2334 1080 2524 1136; x_wconf 83' lang='lat' dir='ltr'><strong>saltem</strong></span> <span class='ocrx_word' id='word_1_126' title='bbox 2574 1094 2672 1150; x_wconf 90' lang='lat' dir='ltr'><strong>per</strong></span> <span class='ocrx_word' id='word_1_127' title='bbox 2709 1094 2806 1136; x_wconf 88' lang='lat' dir='ltr'><strong>eas</strong></span> <span class='ocrx_word' id='word_1_128' title='bbox 2852 1095 2982 1136; x_wconf 88' lang='lat' dir='ltr'><strong>cura</strong></span> <span class='ocrx_word' id='word_1_129' title='bbox 3009 1081 3306 1137; x_wconf 88' lang='lat' dir='ltr'><strong>domestica</strong></span> <span class='ocrx_word' id='word_1_130' title='bbox 3347 1080 3548 1151; x_wconf 78' lang='lat' dir='ltr'><strong>vigeat,</strong></span> 
     </span>
    </p>
   </div>
   <div class='ocr_carea' id='block_1_21' title="bbox 1967 1173 3407 1246">
    <p class='ocr_par' dir='ltr' id='par_1_21' title="bbox 1967 1173 3407 1246">
     <span class='ocr_line' id='line_1_21' title="bbox 1967 1173 3407 1246; baseline -0.001 -18"><span class='ocrx_word' id='word_1_131' title='bbox 1967 1174 2109 1231; x_wconf 83' lang='lat' dir='ltr'><strong>sicut</strong></span> <span class='ocrx_word' id='word_1_132' title='bbox 2133 1190 2232 1245; x_wconf 90' lang='lat' dir='ltr'><strong>per</strong></span> <span class='ocrx_word' id='word_1_133' title='bbox 2256 1189 2376 1230; x_wconf 87' lang='lat' dir='ltr'><strong>eam</strong></span> <span class='ocrx_word' id='word_1_134' title='bbox 2404 1188 2491 1229; x_wconf 90' lang='lat' dir='ltr'><strong>res</strong></span> <span class='ocrx_word' id='word_1_135' title='bbox 2522 1173 2733 1245; x_wconf 87' lang='lat' dir='ltr'><strong>publica</strong></span> <span class='ocrx_word' id='word_1_136' title='bbox 2757 1174 2913 1246; x_wconf 90' lang='lat' dir='ltr'><strong>longe</strong></span> <span class='ocrx_word' id='word_1_137' title='bbox 2934 1173 3148 1245; x_wconf 90' lang='lat' dir='ltr'><strong>lateque</strong></span> <span class='ocrx_word' id='word_1_138' title='bbox 3176 1173 3407 1230; x_wconf 86' lang='lat' dir='ltr'><strong>valebat.</strong></span> 
     </span>
    </p>
   </div>
   <div class='ocr_carea' id='block_1_22' title="bbox 1498 1406 2329 1471">
    <p class='ocr_par' dir='ltr' id='par_1_22' title="bbox 1498 1406 2329 1471">
     <span class='ocr_line' id='line_1_22' title="bbox 1498 1406 2329 1471; baseline -0.004 -1"><span class='ocrx_word' id='word_1_139' title='bbox 1498 1410 1815 1471; x_wconf 75' lang='lat' dir='ltr'><strong>EXPLICIT</strong></span> <span class='ocrx_word' id='word_1_140' title='bbox 1855 1406 2227 1471; x_wconf 69' lang='grc' dir='ltr'><strong>ΡῙιιΕΡΔΤΙΟ</strong></span> <span class='ocrx_word' id='word_1_141' title='bbox 2262 1414 2329 1467; x_wconf 82' lang='grc'><strong>³⁸.</strong></span> 
     </span>
    </p>
   </div>
   <div class='ocr_carea' id='block_1_23' title="bbox 681 1568 3102 1710">
    <p class='ocr_par' dir='ltr' id='par_1_23' title="bbox 681 1568 3102 1710">
     <span class='ocr_line' id='line_1_23' title="bbox 681 1568 3102 1710; baseline -0.002 0"><span class='ocrx_word' id='word_1_142' title='bbox 681 1587 1217 1710; x_wconf 82' lang='lat' dir='ltr'><strong>INCIPIT</strong></span> <span class='ocrx_word' id='word_1_143' title='bbox 1310 1591 1874 1705; x_wconf 84' lang='lat' dir='ltr'><strong>TEXTUS</strong></span> <span class='ocrx_word' id='word_1_144' title='bbox 1956 1568 2598 1706; x_wconf 90' lang='lat' dir='ltr'><strong>EJUSDEM</strong></span> <span class='ocrx_word' id='word_1_145' title='bbox 2682 1588 3102 1706; x_wconf 82' lang='lat' dir='ltr'><strong>LIBRI.</strong></span> 
     </span>
    </p>
   </div>
   <div class='ocr_carea' id='block_1_24' title="bbox 353 1806 3552 1908">
    <p class='ocr_par' dir='ltr' id='par_1_24' title="bbox 353 1806 3552 1908">
     <span class='ocr_line' id='line_1_24' title="bbox 353 1806 3552 1908; baseline 0 -13"><span class='ocrx_word' id='word_1_146' title='bbox 353 1807 405 1895; x_wconf 77' lang='grc'><strong>1.</strong></span> <span class='ocrx_word' id='word_1_147' title='bbox 444 1839 504 1894; x_wconf 82' lang='lat' dir='ltr'><strong>in</strong></span> <span class='ocrx_word' id='word_1_148' title='bbox 526 1837 686 1908; x_wconf 90' lang='lat' dir='ltr'><strong>hujus</strong></span> <span class='ocrx_word' id='word_1_149' title='bbox 729 1806 894 1908; x_wconf 70' lang='lat' dir='ltr'><strong>igitur</strong></span> <span class='ocrx_word' id='word_1_150' title='bbox 918 1836 1096 1892; x_wconf 66' lang='lat' dir='ltr'><strong>aetatis</strong></span> <span class='ocrx_word' id='word_1_151' title='bbox 1125 1843 1327 1891; x_wconf 61' lang='lat' dir='ltr'><strong>nostrae</strong></span> <span class='ocrx_word' id='word_1_152' title='bbox 1358 1830 1691 1905; x_wconf 86' lang='lat' dir='ltr'><strong>temporibus</strong></span> <span class='ocrx_word' id='word_1_153' title='bbox 1733 1830 1861 1888; x_wconf 56' lang='lat' dir='ltr'><strong>cun;</strong></span> <span class='ocrx_word' id='word_1_154' title='bbox 1894 1838 1938 1896; x_wconf 76' lang='grc' dir='ltr'><strong>Β</strong></span> <span class='ocrx_word' id='word_1_155' title='bbox 1965 1831 2311 1887; x_wconf 88' lang='lat' dir='ltr'><strong>Eustochiam</strong></span> <span class='ocrx_word' id='word_1_156' title='bbox 2339 1830 2407 1898; x_wconf 71' lang='lat'><strong>“,</strong></span> <span class='ocrx_word' id='word_1_157' title='bbox 2433 1829 2744 1887; x_wconf 80' lang='lat' dir='ltr'><strong>Marcellam</strong></span> <span class='ocrx_word' id='word_1_158' title='bbox 2770 1847 2987 1903; x_wconf 90' lang='lat' dir='ltr'><strong>quoque</strong></span> <span class='ocrx_word' id='word_1_159' title='bbox 3028 1840 3082 1890; x_wconf 90' lang='lat' dir='ltr'><strong>et</strong></span> <span class='ocrx_word' id='word_1_160' title='bbox 3111 1833 3417 1901; x_wconf 74' lang='lat' dir='ltr'><strong>Melaniam,</strong></span> <span class='ocrx_word' id='word_1_161' title='bbox 3445 1839 3552 1895; x_wconf 83' lang='lat' dir='ltr'><strong>Fa-</strong></span> 
     </span>
    </p>
   </div>
   <div class='ocr_carea' id='block_1_25' title="bbox 280 1926 1866 2003">
    <p class='ocr_par' dir='ltr' id='par_1_25' title="bbox 280 1926 1866 2003">
     <span class='ocr_line' id='line_1_25' title="bbox 280 1926 1866 2003; baseline -0.008 -14"><span class='ocrx_word' id='word_1_162' title='bbox 280 1932 369 1989; x_wconf 74' lang='lat' dir='ltr'><strong>cta</strong></span> <span class='ocrx_word' id='word_1_163' title='bbox 399 1933 691 2003; x_wconf 88' lang='lat' dir='ltr'><strong>disponens</strong></span> <span class='ocrx_word' id='word_1_164' title='bbox 715 1934 988 2003; x_wconf 88' lang='lat' dir='ltr'><strong>totiusque</strong></span> <span class='ocrx_word' id='word_1_165' title='bbox 1013 1931 1057 1963; x_wconf 81' lang='lat'>“</span> <span class='ocrx_word' id='word_1_166' title='bbox 1100 1929 1327 1985; x_wconf 89' lang='lat' dir='ltr'><strong>honoris</strong></span> <span class='ocrx_word' id='word_1_167' title='bbox 1351 1937 1406 1983; x_wconf 93' lang='lat' dir='ltr'><strong>et</strong></span> <span class='ocrx_word' id='word_1_168' title='bbox 1432 1927 1732 1982; x_wconf 88' lang='lat' dir='ltr'><strong>honestatis</strong></span> <span class='ocrx_word' id='word_1_169' title='bbox 1759 1926 1866 1978; x_wconf 89' lang='lat' dir='ltr'><strong>lar-</strong></span> 
     </span>
    </p>
   </div>
   <div class='ocr_carea' id='block_1_26' title="bbox 279 2010 1866 2097">
    <p class='ocr_par' dir='ltr' id='par_1_26' title="bbox 279 2010 1866 2097">
     <span class='ocr_line' id='line_1_26' title="bbox 279 2010 1866 2097; baseline -0.006 -17"><span class='ocrx_word' id='word_1_170' title='bbox 279 2010 423 2097; x_wconf 71' lang='lat' dir='ltr'><strong>gitor</strong></span> <span class='ocrx_word' id='word_1_171' title='bbox 464 2025 739 2088; x_wconf 88' lang='lat' dir='ltr'><strong>Dominus,</strong></span> <span class='ocrx_word' id='word_1_172' title='bbox 788 2025 967 2096; x_wconf 88' lang='lat' dir='ltr'><strong>primo</strong></span> <span class='ocrx_word' id='word_1_173' title='bbox 1006 2024 1204 2080; x_wconf 88' lang='lat' dir='ltr'><strong>Ottonc</strong></span> <span class='ocrx_word' id='word_1_174' title='bbox 1251 2022 1303 2076; x_wconf 92' lang='lat' dir='ltr'><strong>in</strong></span> <span class='ocrx_word' id='word_1_175' title='bbox 1354 2019 1584 2090; x_wconf 85' lang='lat' dir='ltr'><strong>sceptris</strong></span> <span class='ocrx_word' id='word_1_176' title='bbox 1635 2017 1866 2073; x_wconf 81' lang='lat' dir='ltr'><strong>feliciter</strong></span> 
     </span>
    </p>
   </div>
   <div class='ocr_carea' id='block_1_27' title="bbox 280 2113 1868 2189">
    <p class='ocr_par' dir='ltr' id='par_1_27' title="bbox 280 2113 1868 2189">
     <span class='ocr_line' id='line_1_27' title="bbox 280 2113 1868 2189; baseline -0.006 -17"><span class='ocrx_word' id='word_1_177' title='bbox 280 2126 496 2189; x_wconf 85' lang='lat' dir='ltr'><strong>agente,</strong></span> <span class='ocrx_word' id='word_1_178' title='bbox 531 2118 787 2172; x_wconf 78' lang='lat' dir='ltr'><strong>Romana:</strong></span> <span class='ocrx_word' id='word_1_179' title='bbox 818 2117 897 2172; x_wconf 90' lang='lat' dir='ltr'><strong>rei</strong></span> <span class='ocrx_word' id='word_1_180' title='bbox 938 2115 1163 2187; x_wconf 64' lang='lat' dir='ltr'><strong>publica!</strong></span> <span class='ocrx_word' id='word_1_181' title='bbox 1197 2115 1248 2168; x_wconf 93' lang='lat' dir='ltr'><strong>in</strong></span> <span class='ocrx_word' id='word_1_182' title='bbox 1290 2113 1528 2169; x_wconf 81' lang='lat' dir='ltr'><strong>femineo</strong></span> <span class='ocrx_word' id='word_1_183' title='bbox 1569 2126 1701 2166; x_wconf 78' lang='lat' dir='ltr'><strong>sexu</strong></span> <span class='ocrx_word' id='word_1_184' title='bbox 1730 2124 1868 2179; x_wconf 78' lang='lat' dir='ltr'><strong>prae-</strong></span> 
     </span>
    </p>
   </div>
   <div class='ocr_carea' id='block_1_28' title="bbox 279 2194 1864 2265">
    <p class='ocr_par' dir='ltr' id='par_1_28' title="bbox 279 2194 1864 2265">
     <span class='ocr_line' id='line_1_28' title="bbox 279 2194 1864 2265; baseline -0.007 0"><span class='ocrx_word' id='word_1_185' title='bbox 279 2194 424 2265; x_wconf 82' lang='lat' dir='ltr'><strong>stitit</strong></span> <span class='ocrx_word' id='word_1_186' title='bbox 465 2195 770 2265; x_wconf 87' lang='lat' dir='ltr'><strong>venerabile</strong></span> <span class='ocrx_word' id='word_1_187' title='bbox 812 2210 997 2264; x_wconf 89' lang='lat' dir='ltr'><strong>decus.</strong></span> <span class='ocrx_word' id='word_1_188' title='bbox 1038 2207 1325 2262; x_wconf 78' lang='lat' dir='ltr'><strong>Multorum</strong></span> <span class='ocrx_word' id='word_1_189' title='bbox 1361 2204 1563 2260; x_wconf 90' lang='lat' dir='ltr'><strong>etenim</strong></span> <span class='ocrx_word' id='word_1_190' title='bbox 1599 2203 1864 2256; x_wconf 90' lang='lat' dir='ltr'><strong>bonorum</strong></span> 
     </span>
    </p>
   </div>
   <div class='ocr_carea' id='block_1_29' title="bbox 281 2286 1867 2368">
    <p class='ocr_par' dir='ltr' id='par_1_29' title="bbox 281 2286 1867 2368">
     <span class='ocr_line' id='line_1_29' title="bbox 281 2286 1867 2368; baseline -0.004 -16"><span class='ocrx_word' id='word_1_191' title='bbox 281 2286 412 2355; x_wconf 91' lang='lat' dir='ltr'><strong>tunc</strong></span> <span class='ocrx_word' id='word_1_192' title='bbox 452 2288 811 2367; x_wconf 80' lang='lat' dir='ltr'><strong>accidentium</strong></span> <span class='ocrx_word' id='word_1_193' title='bbox 858 2308 1021 2368; x_wconf 89' lang='lat' dir='ltr'><strong>atque</strong></span> <span class='ocrx_word' id='word_1_194' title='bbox 1064 2297 1358 2360; x_wconf 87' lang='lat' dir='ltr'><strong>virtutum,</strong></span> <span class='ocrx_word' id='word_1_195' title='bbox 1400 2301 1523 2363; x_wconf 90' lang='lat' dir='ltr'><strong>post</strong></span> <span class='ocrx_word' id='word_1_196' title='bbox 1554 2293 1742 2354; x_wconf 88' lang='lat' dir='ltr'><strong>Deum,</strong></span> <span class='ocrx_word' id='word_1_197' title='bbox 1775 2306 1867 2345; x_wconf 88' lang='lat' dir='ltr'><strong>au-</strong></span> 
     </span>
    </p>
   </div>
   <div class='ocr_carea' id='block_1_30' title="bbox 278 2374 1863 2457">
    <p class='ocr_par' dir='ltr' id='par_1_30' title="bbox 278 2374 1863 2457">
     <span class='ocr_line' id='line_1_30' title="bbox 278 2374 1863 2457; baseline -0.007 -12"><span class='ocrx_word' id='word_1_198' title='bbox 278 2390 423 2445; x_wconf 82' lang='lat' dir='ltr'><strong>ctrix</strong></span> <span class='ocrx_word' id='word_1_199' title='bbox 471 2390 516 2421; x_wconf 88' lang='grc'><strong>³¹</strong></span> <span class='ocrx_word' id='word_1_200' title='bbox 570 2374 708 2445; x_wconf 65' lang='lat' dir='ltr'><strong>divae</strong></span> <span class='ocrx_word' id='word_1_201' title='bbox 756 2389 1096 2457; x_wconf 86' lang='lat' dir='ltr'><strong>celebrisque</strong></span> <span class='ocrx_word' id='word_1_202' title='bbox 1140 2387 1185 2418; x_wconf 84' lang='grc'>³³</span> <span class='ocrx_word' id='word_1_203' title='bbox 1238 2385 1512 2441; x_wconf 74' lang='lat' dir='ltr'><strong>memoria:</strong></span> <span class='ocrx_word' id='word_1_204' title='bbox 1564 2380 1863 2437; x_wconf 84' lang='lat' dir='ltr'><strong>Adalheida</strong></span> 
     </span>
    </p>
   </div>
   <div class='ocr_carea' id='block_1_31' title="bbox 275 2471 1866 2551">
    <p class='ocr_par' dir='ltr' id='par_1_31' title="bbox 275 2471 1866 2551">
     <span class='ocr_line' id='line_1_31' title="bbox 275 2471 1866 2551; baseline -0.009 -14"><span class='ocrx_word' id='word_1_205' title='bbox 275 2476 461 2537; x_wconf 76' lang='lat' dir='ltr'><strong>extitit</strong></span> <span class='ocrx_word' id='word_1_206' title='bbox 485 2476 817 2551; x_wconf 62' lang='lat' dir='ltr'><strong>imperatrix.</strong></span> <span class='ocrx_word' id='word_1_207' title='bbox 836 2480 1007 2549; x_wconf 87' lang='lat' dir='ltr'><strong>Quam</strong></span> <span class='ocrx_word' id='word_1_208' title='bbox 1026 2495 1149 2535; x_wconf 90' lang='lat' dir='ltr'><strong>cum</strong></span> <span class='ocrx_word' id='word_1_209' title='bbox 1172 2476 1445 2533; x_wconf 63' lang='lat' dir='ltr'><strong>memoria:</strong></span> <span class='ocrx_word' id='word_1_210' title='bbox 1468 2471 1866 2530; x_wconf 85' lang='lat' dir='ltr'><strong>succedentium</strong></span> 
     </span>
    </p>
   </div>
   <div class='ocr_carea' id='block_1_32' title="bbox 277 2562 1867 2641">
    <p class='ocr_par' dir='ltr' id='par_1_32' title="bbox 277 2562 1867 2641">
     <span class='ocr_line' id='line_1_32' title="bbox 277 2562 1867 2641; baseline -0.005 -15"><span class='ocrx_word' id='word_1_211' title='bbox 277 2566 505 2641; x_wconf 83' lang='lat' dir='ltr'><strong>scriptis</strong></span> <span class='ocrx_word' id='word_1_212' title='bbox 534 2564 914 2627; x_wconf 83' lang='lat' dir='ltr'><strong>commendare</strong></span> <span class='ocrx_word' id='word_1_213' title='bbox 954 2571 1284 2640; x_wconf 81' lang='lat' dir='ltr'><strong>satagimus,</strong></span> <span class='ocrx_word' id='word_1_214' title='bbox 1331 2568 1493 2622; x_wconf 89' lang='lat' dir='ltr'><strong>timeo</strong></span> <span class='ocrx_word' id='word_1_215' title='bbox 1531 2580 1598 2619; x_wconf 92' lang='lat' dir='ltr'><strong>ne</strong></span> <span class='ocrx_word' id='word_1_216' title='bbox 1631 2565 1794 2633; x_wconf 88' lang='lat' dir='ltr'><strong>digne</strong></span> <span class='ocrx_word' id='word_1_217' title='bbox 1821 2562 1867 2596; x_wconf 76' lang='lat'><strong>“</strong></span> 
     </span>
    </p>
   </div>
   <div class='ocr_carea' id='block_1_33' title="bbox 280 2656 1867 2734">
    <p class='ocr_par' dir='ltr' id='par_1_33' title="bbox 280 2656 1867 2734">
     <span class='ocr_line' id='line_1_33' title="bbox 280 2656 1867 2734; baseline -0.006 -16"><span class='ocrx_word' id='word_1_218' title='bbox 280 2656 779 2734; x_wconf 78' lang='lat' dir='ltr'><strong>reprehendamur,</strong></span> <span class='ocrx_word' id='word_1_219' title='bbox 832 2662 953 2718; x_wconf 90' lang='lat' dir='ltr'><strong>ideo</strong></span> <span class='ocrx_word' id='word_1_220' title='bbox 997 2662 1121 2731; x_wconf 85' lang='lat' dir='ltr'><strong>quia</strong></span> <span class='ocrx_word' id='word_1_221' title='bbox 1171 2668 1335 2715; x_wconf 68' lang='lat' dir='ltr'><strong>tanta:</strong></span> <span class='ocrx_word' id='word_1_222' title='bbox 1365 2656 1664 2713; x_wconf 87' lang='lat' dir='ltr'><strong>nobilitatis</strong></span> <span class='ocrx_word' id='word_1_223' title='bbox 1703 2664 1867 2725; x_wconf 90' lang='lat' dir='ltr'><strong>atque</strong></span> 
     </span>
    </p>
   </div>
   <div class='ocr_carea' id='block_1_34' title="bbox 279 2740 1868 2818">
    <p class='ocr_par' dir='ltr' id='par_1_34' title="bbox 279 2740 1868 2818">
     <span class='ocr_line' id='line_1_34' title="bbox 279 2740 1868 2818; baseline -0.006 -11"><span class='ocrx_word' id='word_1_224' title='bbox 279 2740 501 2810; x_wconf 86' lang='lat' dir='ltr'><strong>virtutis</strong></span> <span class='ocrx_word' id='word_1_225' title='bbox 527 2754 806 2808; x_wconf 89' lang='lat' dir='ltr'><strong>materiem</strong></span> <span class='ocrx_word' id='word_1_226' title='bbox 842 2753 1022 2806; x_wconf 89' lang='lat' dir='ltr'><strong>minus</strong></span> <span class='ocrx_word' id='word_1_227' title='bbox 1065 2749 1243 2805; x_wconf 91' lang='lat' dir='ltr'><strong>idonei</strong></span> <span class='ocrx_word' id='word_1_228' title='bbox 1271 2760 1508 2818; x_wconf 87' lang='lat' dir='ltr'><strong>paupere</strong></span> <span class='ocrx_word' id='word_1_229' title='bbox 1547 2745 1673 2801; x_wconf 88' lang='lat' dir='ltr'><strong>stilo</strong></span> <span class='ocrx_word' id='word_1_230' title='bbox 1695 2744 1868 2815; x_wconf 59' lang='lat' dir='ltr'><strong>expli.</strong></span> 
     </span>
    </p>
   </div>
   <div class='ocr_carea' id='block_1_35' title="bbox 278 2838 1868 2915">
    <p class='ocr_par' dir='ltr' id='par_1_35' title="bbox 278 2838 1868 2915">
     <span class='ocr_line' id='line_1_35' title="bbox 278 2838 1868 2915; baseline -0.006 -14"><span class='ocrx_word' id='word_1_231' title='bbox 278 2861 410 2902; x_wconf 83' lang='lat' dir='ltr'><strong>care</strong></span> <span class='ocrx_word' id='word_1_232' title='bbox 432 2861 717 2901; x_wconf 90' lang='lat' dir='ltr'><strong>conamur.</strong></span> <span class='ocrx_word' id='word_1_233' title='bbox 743 2844 1001 2915; x_wconf 82' lang='lat' dir='ltr'><strong>Quisquis</strong></span> <span class='ocrx_word' id='word_1_234' title='bbox 1024 2842 1071 2875; x_wconf 84' lang='grc'><strong><em>³⁵</em></strong></span> <span class='ocrx_word' id='word_1_235' title='bbox 1099 2857 1197 2897; x_wconf 86' lang='lat' dir='ltr'><strong>nos</strong></span> <span class='ocrx_word' id='word_1_236' title='bbox 1223 2838 1655 2911; x_wconf 83' lang='lat' dir='ltr'><strong>reprehenderit,</strong></span> <span class='ocrx_word' id='word_1_237' title='bbox 1682 2844 1868 2907; x_wconf 83' lang='lat' dir='ltr'><strong>utpote</strong></span> 
     </span>
    </p>
   </div>
   <div class='ocr_carea' id='block_1_36' title="bbox 280 2930 1868 3007">
    <p class='ocr_par' dir='ltr' id='par_1_36' title="bbox 280 2930 1868 3007">
     <span class='ocr_line' id='line_1_36' title="bbox 280 2930 1868 3007; baseline -0.005 -16"><span class='ocrx_word' id='word_1_238' title='bbox 280 2936 726 3007; x_wconf 87' lang='lat' dir='ltr'><strong>reprehensionis</strong></span> <span class='ocrx_word' id='word_1_239' title='bbox 755 2936 799 2968; x_wconf 77' lang='lat'><strong>&quot;</strong></span> <span class='ocrx_word' id='word_1_240' title='bbox 822 2936 1034 3007; x_wconf 78' lang='lat' dir='ltr'><strong>dignos;</strong></span> <span class='ocrx_word' id='word_1_241' title='bbox 1064 2933 1178 2989; x_wconf 89' lang='lat' dir='ltr'><strong>sive</strong></span> <span class='ocrx_word' id='word_1_242' title='bbox 1208 2941 1430 3002; x_wconf 88' lang='lat' dir='ltr'><strong>propter</strong></span> <span class='ocrx_word' id='word_1_243' title='bbox 1454 2930 1716 2986; x_wconf 83' lang='lat' dir='ltr'><strong>incultum</strong></span> <span class='ocrx_word' id='word_1_244' title='bbox 1751 2943 1868 2985; x_wconf 82' lang='lat' dir='ltr'><strong>ser-</strong></span> 
     </span>
    </p>
   </div>
   <div class='ocr_carea' id='block_1_37' title="bbox 279 3023 1869 3096">
    <p class='ocr_par' dir='ltr' id='par_1_37' title="bbox 279 3023 1869 3096">
     <span class='ocr_line' id='line_1_37' title="bbox 279 3023 1869 3096; baseline -0.003 -16"><span class='ocrx_word' id='word_1_245' title='bbox 279 3042 522 3094; x_wconf 82' lang='lat' dir='ltr'><strong>monem,</strong></span> <span class='ocrx_word' id='word_1_246' title='bbox 554 3042 646 3083; x_wconf 92' lang='lat' dir='ltr'><strong>seu</strong></span> <span class='ocrx_word' id='word_1_247' title='bbox 674 3033 898 3096; x_wconf 88' lang='lat' dir='ltr'><strong>propter</strong></span> <span class='ocrx_word' id='word_1_248' title='bbox 924 3040 1037 3080; x_wconf 89' lang='lat' dir='ltr'><strong>rem</strong></span> <span class='ocrx_word' id='word_1_249' title='bbox 1066 3024 1278 3079; x_wconf 87' lang='lat' dir='ltr'><strong>noviter</strong></span> <span class='ocrx_word' id='word_1_250' title='bbox 1318 3023 1610 3093; x_wconf 88' lang='lat' dir='ltr'><strong>inceptam,</strong></span> <span class='ocrx_word' id='word_1_251' title='bbox 1646 3029 1703 3076; x_wconf 90' lang='lat' dir='ltr'><strong>et</strong></span> <span class='ocrx_word' id='word_1_252' title='bbox 1740 3034 1869 3091; x_wconf 86' lang='lat' dir='ltr'><strong>pro-</strong></span> 
     </span>
    </p>
   </div>
   <div class='ocr_carea' id='block_1_38' title="bbox 282 3109 1865 3188">
    <p class='ocr_par' dir='ltr' id='par_1_38' title="bbox 282 3109 1865 3188">
     <span class='ocr_line' id='line_1_38' title="bbox 282 3109 1865 3188; baseline -0.006 -13"><span class='ocrx_word' id='word_1_253' title='bbox 282 3129 364 3175; x_wconf 88' lang='lat' dir='ltr'><strong>ter</strong></span> <span class='ocrx_word' id='word_1_254' title='bbox 410 3119 680 3174; x_wconf 89' lang='lat' dir='ltr'><strong>naturalis</strong></span> <span class='ocrx_word' id='word_1_255' title='bbox 727 3117 924 3188; x_wconf 87' lang='lat' dir='ltr'><strong>eloquii</strong></span> <span class='ocrx_word' id='word_1_256' title='bbox 981 3115 1428 3186; x_wconf 87' lang='lat' dir='ltr'><strong>simplicitatem,</strong></span> <span class='ocrx_word' id='word_1_257' title='bbox 1476 3113 1616 3169; x_wconf 85' lang='lat' dir='ltr'><strong>sciat</strong></span> <span class='ocrx_word' id='word_1_258' title='bbox 1676 3109 1865 3182; x_wconf 91' lang='lat' dir='ltr'><strong>procul</strong></span> 
     </span>
    </p>
   </div>
   <div class='ocr_carea' id='block_1_39' title="bbox 1966 1920 3557 1993">
    <p class='ocr_par' dir='ltr' id='par_1_39' title="bbox 1966 1920 3557 1993">
     <span class='ocr_line' id='line_1_39' title="bbox 1966 1920 3557 1993; baseline 0.006 -17"><span class='ocrx_word' id='word_1_259' title='bbox 1966 1922 2163 1977; x_wconf 87' lang='lat' dir='ltr'><strong>hiolam</strong></span> <span class='ocrx_word' id='word_1_260' title='bbox 2189 1937 2404 1993; x_wconf 91' lang='lat' dir='ltr'><strong>quoque</strong></span> <span class='ocrx_word' id='word_1_261' title='bbox 2432 1932 2488 1977; x_wconf 92' lang='lat' dir='ltr'><strong>et</strong></span> <span class='ocrx_word' id='word_1_262' title='bbox 2515 1920 2817 1990; x_wconf 84' lang='lat' dir='ltr'><strong>Blesillam,</strong></span> <span class='ocrx_word' id='word_1_263' title='bbox 2838 1923 3042 1979; x_wconf 81' lang='lat' dir='ltr'><strong>Laetam</strong></span> <span class='ocrx_word' id='word_1_264' title='bbox 3074 1926 3143 1992; x_wconf 75' lang='lat'><strong>&quot;,</strong></span> <span class='ocrx_word' id='word_1_265' title='bbox 3172 1936 3229 1982; x_wconf 89' lang='lat' dir='ltr'><strong>et</strong></span> <span class='ocrx_word' id='word_1_266' title='bbox 3256 1927 3557 1986; x_wconf 84' lang='lat' dir='ltr'><strong>Demetria-</strong></span> 
     </span>
    </p>
   </div>
   <div class='ocr_carea' id='block_1_40' title="bbox 1967 2012 3556 2085">
    <p class='ocr_par' dir='ltr' id='par_1_40' title="bbox 1967 2012 3556 2085">
     <span class='ocr_line' id='line_1_40' title="bbox 1967 2012 3556 2085; baseline 0.005 -19"><span class='ocrx_word' id='word_1_267' title='bbox 1967 2014 2088 2068; x_wconf 86' lang='lat' dir='ltr'><strong>dem</strong></span> <span class='ocrx_word' id='word_1_268' title='bbox 2130 2012 2177 2046; x_wconf 79' lang='lat'>“</span> <span class='ocrx_word' id='word_1_269' title='bbox 2217 2013 2329 2084; x_wconf 85' lang='lat'><strong>(78)</strong></span> <span class='ocrx_word' id='word_1_270' title='bbox 2370 2014 2680 2084; x_wconf 89' lang='lat' dir='ltr'><strong>septiesque</strong></span> <span class='ocrx_word' id='word_1_271' title='bbox 2722 2013 2766 2045; x_wconf 82' lang='lat'><strong>&quot;</strong></span> <span class='ocrx_word' id='word_1_272' title='bbox 2809 2028 3124 2085; x_wconf 87' lang='lat' dir='ltr'><strong>percussam</strong></span> <span class='ocrx_word' id='word_1_273' title='bbox 3166 2019 3556 2075; x_wconf 80' lang='lat' dir='ltr'><strong>commendare</strong></span> 
     </span>
    </p>
   </div>
   <div class='ocr_carea' id='block_1_41' title="bbox 1966 2109 3555 2183">
    <p class='ocr_par' dir='ltr' id='par_1_41' title="bbox 1966 2109 3555 2183">
     <span class='ocr_line' id='line_1_41' title="bbox 1966 2109 3555 2183; baseline 0.003 -19"><span class='ocrx_word' id='word_1_274' title='bbox 1966 2110 2177 2164; x_wconf 85' lang='lat' dir='ltr'><strong>curavit</strong></span> <span class='ocrx_word' id='word_1_275' title='bbox 2206 2109 2358 2165; x_wconf 87' lang='lat' dir='ltr'><strong>libris</strong></span> <span class='ocrx_word' id='word_1_276' title='bbox 2380 2119 2438 2164; x_wconf 90' lang='lat' dir='ltr'><strong>et</strong></span> <span class='ocrx_word' id='word_1_277' title='bbox 2462 2110 2726 2179; x_wconf 84' lang='lat' dir='ltr'><strong>epistolis,</strong></span> <span class='ocrx_word' id='word_1_278' title='bbox 2752 2111 3151 2166; x_wconf 84' lang='lat' dir='ltr'><strong>commendaret</strong></span> <span class='ocrx_word' id='word_1_279' title='bbox 3185 2111 3372 2183; x_wconf 89' lang='lat' dir='ltr'><strong>utique</strong></span> <span class='ocrx_word' id='word_1_280' title='bbox 3393 2114 3555 2169; x_wconf 90' lang='lat' dir='ltr'><strong>istam</strong></span> 
     </span>
    </p>
   </div>
   <div class='ocr_carea' id='block_1_42' title="bbox 1968 2198 3560 2268">
    <p class='ocr_par' dir='ltr' id='par_1_42' title="bbox 1968 2198 3560 2268">
     <span class='ocr_line' id='line_1_42' title="bbox 1968 2198 3560 2268; baseline 0.003 -15"><span class='ocrx_word' id='word_1_281' title='bbox 1968 2201 2110 2255; x_wconf 87' lang='lat' dir='ltr'><strong>haud</strong></span> <span class='ocrx_word' id='word_1_282' title='bbox 2160 2200 2523 2255; x_wconf 89' lang='lat' dir='ltr'><strong>voluminibus</strong></span> <span class='ocrx_word' id='word_1_283' title='bbox 2569 2200 2779 2268; x_wconf 74' lang='lat' dir='ltr'><strong>paucis.</strong></span> <span class='ocrx_word' id='word_1_284' title='bbox 2830 2198 2887 2254; x_wconf 88' lang='lat' dir='ltr'><strong>Si</strong></span> <span class='ocrx_word' id='word_1_285' title='bbox 2937 2201 3080 2254; x_wconf 89' lang='lat' dir='ltr'><strong>enim</strong></span> <span class='ocrx_word' id='word_1_286' title='bbox 3120 2201 3276 2258; x_wconf 88' lang='lat' dir='ltr'><strong>deest</strong></span> <span class='ocrx_word' id='word_1_287' title='bbox 3324 2201 3449 2258; x_wconf 89' lang='lat' dir='ltr'><strong>talis</strong></span> <span class='ocrx_word' id='word_1_288' title='bbox 3496 2211 3560 2259; x_wconf 88' lang='lat' dir='ltr'><strong>ut</strong></span> 
     </span>
    </p>
   </div>
   <div class='ocr_carea' id='block_1_43' title="bbox 1968 2288 3557 2362">
    <p class='ocr_par' dir='ltr' id='par_1_43' title="bbox 1968 2288 3557 2362">
     <span class='ocr_line' id='line_1_43' title="bbox 1968 2288 3557 2362; baseline 0.004 -20"><span class='ocrx_word' id='word_1_289' title='bbox 1968 2290 2298 2352; x_wconf 84' lang='lat' dir='ltr'><strong>Iemnimus,</strong></span> <span class='ocrx_word' id='word_1_290' title='bbox 2342 2298 2434 2343; x_wconf 88' lang='lat' dir='ltr'><strong>aut</strong></span> <span class='ocrx_word' id='word_1_291' title='bbox 2465 2289 2667 2358; x_wconf 89' lang='lat' dir='ltr'><strong>aliquis</strong></span> <span class='ocrx_word' id='word_1_292' title='bbox 2709 2288 2846 2344; x_wconf 88' lang='lat' dir='ltr'><strong>alius</strong></span> <span class='ocrx_word' id='word_1_293' title='bbox 2888 2288 3205 2346; x_wconf 87' lang='lat' dir='ltr'><strong>liberalibus</strong></span> <span class='ocrx_word' id='word_1_294' title='bbox 3249 2292 3557 2362; x_wconf 86' lang='lat' dir='ltr'><strong>disciplinis</strong></span> 
     </span>
    </p>
   </div>
   <div class='ocr_carea' id='block_1_44' title="bbox 1967 2381 3555 2451">
    <p class='ocr_par' dir='ltr' id='par_1_44' title="bbox 1967 2381 3555 2451">
     <span class='ocr_line' id='line_1_44' title="bbox 1967 2381 3555 2451; baseline 0.002 -16"><span class='ocrx_word' id='word_1_295' title='bbox 1967 2382 2102 2436; x_wconf 86' lang='lat' dir='ltr'><strong>adeo</strong></span> <span class='ocrx_word' id='word_1_296' title='bbox 2126 2381 2392 2448; x_wconf 82' lang='lat' dir='ltr'><strong>eruditus,</strong></span> <span class='ocrx_word' id='word_1_297' title='bbox 2426 2381 2519 2450; x_wconf 92' lang='lat' dir='ltr'><strong>qui</strong></span> <span class='ocrx_word' id='word_1_298' title='bbox 2544 2382 2715 2450; x_wconf 88' lang='lat' dir='ltr'><strong>possit</strong></span> <span class='ocrx_word' id='word_1_299' title='bbox 2742 2381 2904 2451; x_wconf 86' lang='lat' dir='ltr'><strong>digne</strong></span> <span class='ocrx_word' id='word_1_300' title='bbox 2933 2389 3096 2436; x_wconf 61' lang='lat' dir='ltr'><strong>tante</strong></span> <span class='ocrx_word' id='word_1_301' title='bbox 3125 2382 3341 2438; x_wconf 72' lang='lat' dir='ltr'><strong>feminae</strong></span> <span class='ocrx_word' id='word_1_302' title='bbox 3372 2398 3555 2439; x_wconf 88' lang='lat' dir='ltr'><strong>mores</strong></span> 
     </span>
    </p>
   </div>
   <div class='ocr_carea' id='block_1_45' title="bbox 1967 2470 3554 2543">
    <p class='ocr_par' dir='ltr' id='par_1_45' title="bbox 1967 2470 3554 2543">
     <span class='ocr_line' id='line_1_45' title="bbox 1967 2470 3554 2543; baseline 0.003 -17"><span class='ocrx_word' id='word_1_303' title='bbox 1967 2481 2023 2526; x_wconf 89' lang='lat' dir='ltr'><strong>et</strong></span> <span class='ocrx_word' id='word_1_304' title='bbox 2046 2470 2214 2525; x_wconf 89' lang='lat' dir='ltr'><strong>vitam</strong></span> <span class='ocrx_word' id='word_1_305' title='bbox 2238 2471 2568 2535; x_wconf 86' lang='lat' dir='ltr'><strong>describere,</strong></span> <span class='ocrx_word' id='word_1_306' title='bbox 2597 2471 2979 2543; x_wconf 81' lang='lat' dir='ltr'><strong>aggrediamur</strong></span> <span class='ocrx_word' id='word_1_307' title='bbox 3000 2472 3047 2504; x_wconf 75' lang='lat'><strong>&quot;</strong></span> <span class='ocrx_word' id='word_1_308' title='bbox 3068 2488 3168 2529; x_wconf 93' lang='lat' dir='ltr'><strong>nos</strong></span> <span class='ocrx_word' id='word_1_309' title='bbox 3198 2473 3423 2539; x_wconf 87' lang='lat' dir='ltr'><strong>indocti,</strong></span> <span class='ocrx_word' id='word_1_310' title='bbox 3441 2474 3554 2530; x_wconf 90' lang='lat' dir='ltr'><strong>Deo</strong></span> 
     </span>
    </p>
   </div>
   <div class='ocr_carea' id='block_1_46' title="bbox 1962 2558 2696 2632">
    <p class='ocr_par' dir='ltr' id='par_1_46' title="bbox 1962 2558 2696 2632">
     <span class='ocr_line' id='line_1_46' title="bbox 1962 2558 2696 2632; baseline 0 -15"><span class='ocrx_word' id='word_1_311' title='bbox 1962 2561 2190 2632; x_wconf 88' lang='lat' dir='ltr'><strong>juvante</strong></span> <span class='ocrx_word' id='word_1_312' title='bbox 2219 2558 2286 2627; x_wconf 77' lang='lat'><strong>“,</strong></span> <span class='ocrx_word' id='word_1_313' title='bbox 2316 2577 2417 2632; x_wconf 92' lang='lat' dir='ltr'><strong>pro</strong></span> <span class='ocrx_word' id='word_1_314' title='bbox 2445 2578 2601 2632; x_wconf 85' lang='lat' dir='ltr'><strong>posse</strong></span> <span class='ocrx_word' id='word_1_315' title='bbox 2628 2561 2696 2617; x_wconf 85' lang='lat'><strong>&#39;°.</strong></span> 
     </span>
    </p>
   </div>
   <div class='ocr_carea' id='block_1_47' title="bbox 2036 2653 3555 2730">
    <p class='ocr_par' dir='ltr' id='par_1_47' title="bbox 2036 2653 3555 2730">
     <span class='ocr_line' id='line_1_47' title="bbox 2036 2653 3555 2730; baseline 0.006 -22"><span class='ocrx_word' id='word_1_316' title='bbox 2036 2654 2095 2709; x_wconf 76' lang='grc'>2.</span> <span class='ocrx_word' id='word_1_317' title='bbox 2136 2653 2285 2720; x_wconf 79' lang='lat' dir='ltr'><strong>Haec,</strong></span> <span class='ocrx_word' id='word_1_318' title='bbox 2310 2654 2461 2725; x_wconf 89' lang='lat' dir='ltr'><strong>regio</strong></span> <span class='ocrx_word' id='word_1_319' title='bbox 2487 2671 2552 2710; x_wconf 87' lang='lat' dir='ltr'><strong>ac</strong></span> <span class='ocrx_word' id='word_1_320' title='bbox 2579 2655 2832 2727; x_wconf 83' lang='lat' dir='ltr'><strong>religioso</strong></span> <span class='ocrx_word' id='word_1_321' title='bbox 2861 2665 3089 2714; x_wconf 87' lang='lat' dir='ltr'><strong>stemate</strong></span> <span class='ocrx_word' id='word_1_322' title='bbox 3113 2658 3227 2730; x_wconf 86' lang='lat'><strong>(79)</strong></span> <span class='ocrx_word' id='word_1_323' title='bbox 3246 2668 3402 2730; x_wconf 87' lang='lat' dir='ltr'><strong>orta,</strong></span> <span class='ocrx_word' id='word_1_324' title='bbox 3429 2676 3555 2717; x_wconf 88' lang='lat' dir='ltr'><strong>cum</strong></span> 
     </span>
    </p>
   </div>
   <div class='ocr_carea' id='block_1_48' title="bbox 1969 2745 3558 2815">
    <p class='ocr_par' dir='ltr' id='par_1_48' title="bbox 1969 2745 3558 2815">
     <span class='ocr_line' id='line_1_48' title="bbox 1969 2745 3558 2815; baseline 0.008 -16"><span class='ocrx_word' id='word_1_325' title='bbox 1969 2745 2143 2802; x_wconf 88' lang='lat' dir='ltr'><strong>adhuc</strong></span> <span class='ocrx_word' id='word_1_326' title='bbox 2178 2754 2322 2801; x_wconf 90' lang='lat' dir='ltr'><strong>esset</strong></span> <span class='ocrx_word' id='word_1_327' title='bbox 2349 2745 2637 2815; x_wconf 88' lang='lat' dir='ltr'><strong>juvencula</strong></span> <span class='ocrx_word' id='word_1_328' title='bbox 2666 2757 2720 2803; x_wconf 92' lang='lat' dir='ltr'><strong>et</strong></span> <span class='ocrx_word' id='word_1_329' title='bbox 2752 2757 2964 2804; x_wconf 73' lang='lat' dir='ltr'><strong>sextum</strong></span> <span class='ocrx_word' id='word_1_330' title='bbox 2994 2750 3263 2806; x_wconf 88' lang='lat' dir='ltr'><strong>decimum</strong></span> <span class='ocrx_word' id='word_1_331' title='bbox 3304 2752 3351 2786; x_wconf 77' lang='grc'>⁸⁸</span> <span class='ocrx_word' id='word_1_332' title='bbox 3374 2754 3558 2812; x_wconf 67' lang='lat' dir='ltr'><strong>etatis</strong></span> 
     </span>
    </p>
   </div>
   <div class='ocr_carea' id='block_1_49' title="bbox 1968 2836 3556 2914">
    <p class='ocr_par' dir='ltr' id='par_1_49' title="bbox 1968 2836 3556 2914">
     <span class='ocr_line' id='line_1_49' title="bbox 1968 2836 3556 2914; baseline 0.006 -21"><span class='ocrx_word' id='word_1_333' title='bbox 1968 2852 2081 2893; x_wconf 83' lang='lat' dir='ltr'><strong>suae</strong></span> <span class='ocrx_word' id='word_1_334' title='bbox 2109 2839 2153 2870; x_wconf 80' lang='lat'>&quot;</span> <span class='ocrx_word' id='word_1_335' title='bbox 2184 2846 2372 2910; x_wconf 89' lang='lat' dir='ltr'><strong>ageret</strong></span> <span class='ocrx_word' id='word_1_336' title='bbox 2411 2836 2457 2870; x_wconf 87' lang='grc'><strong><em>⁵³</em></strong></span> <span class='ocrx_word' id='word_1_337' title='bbox 2485 2853 2686 2895; x_wconf 89' lang='lat' dir='ltr'><strong>annum</strong></span> <span class='ocrx_word' id='word_1_338' title='bbox 2706 2880 2721 2904; x_wconf 93' lang='lat'><strong>,</strong></span> <span class='ocrx_word' id='word_1_339' title='bbox 2758 2841 2865 2897; x_wconf 88' lang='lat' dir='ltr'><strong>Deo</strong></span> <span class='ocrx_word' id='word_1_340' title='bbox 2892 2841 3128 2898; x_wconf 88' lang='lat' dir='ltr'><strong>donante</strong></span> <span class='ocrx_word' id='word_1_341' title='bbox 3155 2843 3349 2914; x_wconf 90' lang='lat' dir='ltr'><strong>adepta</strong></span> <span class='ocrx_word' id='word_1_342' title='bbox 3380 2854 3468 2902; x_wconf 88' lang='lat' dir='ltr'><strong>est</strong></span> <span class='ocrx_word' id='word_1_343' title='bbox 3506 2846 3556 2879; x_wconf 75' lang='lat'><strong>“</strong></span> 
     </span>
    </p>
   </div>
   <div class='ocr_carea' id='block_1_50' title="bbox 1970 2928 3555 3005">
    <p class='ocr_par' dir='ltr' id='par_1_50' title="bbox 1970 2928 3555 3005">
     <span class='ocr_line' id='line_1_50' title="bbox 1970 2928 3555 3005; baseline 0.005 -20"><span class='ocrx_word' id='word_1_344' title='bbox 1970 2930 2150 3001; x_wconf 79' lang='lat' dir='ltr'><strong>regale</strong></span> <span class='ocrx_word' id='word_1_345' title='bbox 2178 2930 2586 2986; x_wconf 87' lang='lat' dir='ltr'><strong>matrimonium</strong></span> <span class='ocrx_word' id='word_1_346' title='bbox 2606 2971 2619 2995; x_wconf 93' lang='lat'><strong>,</strong></span> <span class='ocrx_word' id='word_1_347' title='bbox 2643 2928 2833 2999; x_wconf 88' lang='lat' dir='ltr'><strong>juncta</strong></span> <span class='ocrx_word' id='word_1_348' title='bbox 2860 2932 3072 2989; x_wconf 89' lang='lat' dir='ltr'><strong>scilicet</strong></span> <span class='ocrx_word' id='word_1_349' title='bbox 3111 2933 3227 3005; x_wconf 81' lang='lat' dir='ltr'><strong>regi</strong></span> <span class='ocrx_word' id='word_1_350' title='bbox 3271 2934 3555 3003; x_wconf 84' lang='lat' dir='ltr'><strong>Lothario,</strong></span> 
     </span>
    </p>
   </div>
   <div class='ocr_carea' id='block_1_51' title="bbox 1971 3022 3557 3099">
    <p class='ocr_par' dir='ltr' id='par_1_51' title="bbox 1971 3022 3557 3099">
     <span class='ocr_line' id='line_1_51' title="bbox 1971 3022 3557 3099; baseline 0.005 -22"><span class='ocrx_word' id='word_1_351' title='bbox 1971 3022 2212 3093; x_wconf 76' lang='lat' dir='ltr'><strong>llugonis</strong></span> <span class='ocrx_word' id='word_1_352' title='bbox 2241 3022 2495 3079; x_wconf 88' lang='lat' dir='ltr'><strong>ditissimi</strong></span> <span class='ocrx_word' id='word_1_353' title='bbox 2526 3022 2670 3090; x_wconf 83' lang='lat' dir='ltr'><strong>regis</strong></span> <span class='ocrx_word' id='word_1_354' title='bbox 2706 3023 2875 3080; x_wconf 89' lang='lat' dir='ltr'><strong>Italici</strong></span> <span class='ocrx_word' id='word_1_355' title='bbox 2903 3025 3035 3080; x_wconf 81' lang='lat' dir='ltr'><strong>tilio.</strong></span> <span class='ocrx_word' id='word_1_356' title='bbox 3067 3026 3148 3081; x_wconf 81' lang='lat' dir='ltr'><strong>Ex</strong></span> <span class='ocrx_word' id='word_1_357' title='bbox 3186 3028 3342 3099; x_wconf 88' lang='lat' dir='ltr'><strong>cujus</strong></span> <span class='ocrx_word' id='word_1_358' title='bbox 3367 3038 3557 3086; x_wconf 87' lang='lat' dir='ltr'><strong>contu-</strong></span> 
     </span>
    </p>
   </div>
   <div class='ocr_carea' id='block_1_52' title="bbox 1969 3112 3558 3188">
    <p class='ocr_par' dir='ltr' id='par_1_52' title="bbox 1969 3112 3558 3188">
     <span class='ocr_line' id='line_1_52' title="bbox 1969 3112 3558 3188; baseline 0.006 -19"><span class='ocrx_word' id='word_1_359' title='bbox 1969 3113 2162 3169; x_wconf 88' lang='lat' dir='ltr'><strong>bernio</strong></span> <span class='ocrx_word' id='word_1_360' title='bbox 2188 3112 2355 3168; x_wconf 83' lang='lat' dir='ltr'><strong>ﬁliam</strong></span> <span class='ocrx_word' id='word_1_361' title='bbox 2404 3114 2593 3169; x_wconf 90' lang='lat' dir='ltr'><strong>habuit</strong></span> <span class='ocrx_word' id='word_1_362' title='bbox 2632 3113 2781 3186; x_wconf 84' lang='lat'><strong>(80),</strong></span> <span class='ocrx_word' id='word_1_363' title='bbox 2812 3129 2880 3169; x_wconf 75' lang='lat' dir='ltr'><strong>ex</strong></span> <span class='ocrx_word' id='word_1_364' title='bbox 2914 3131 3023 3187; x_wconf 84' lang='lat' dir='ltr'><strong>qua</strong></span> <span class='ocrx_word' id='word_1_365' title='bbox 3048 3116 3340 3175; x_wconf 84' lang='lat' dir='ltr'><strong>Lotharius</strong></span> <span class='ocrx_word' id='word_1_366' title='bbox 3365 3121 3433 3188; x_wconf 86' lang='lat'><strong>&quot;,</strong></span> <span class='ocrx_word' id='word_1_367' title='bbox 3461 3135 3558 3178; x_wconf 81' lang='lat' dir='ltr'><strong>rex</strong></span> 
     </span>
    </p>
   </div>
   <div class='ocr_carea' id='block_1_53' title="bbox 278 3203 3561 3283">
    <p class='ocr_par' dir='ltr' id='par_1_53' title="bbox 278 3203 3561 3283">
     <span class='ocr_line' id='line_1_53' title="bbox 278 3203 3561 3283; baseline 0.012 -50"><span class='ocrx_word' id='word_1_368' title='bbox 278 3211 470 3277; x_wconf 47' lang='lat' dir='ltr'><strong>dubio,</strong></span> <span class='ocrx_word' id='word_1_369' title='bbox 496 3210 634 3265; x_wconf 50' lang='lat' dir='ltr'><strong>sciat</strong></span> <span class='ocrx_word' id='word_1_370' title='bbox 661 3209 704 3240; x_wconf 77' lang='grc' dir='ltr'>ιτ</span> <span class='ocrx_word' id='word_1_371' title='bbox 759 3210 883 3279; x_wconf 58' lang='lat' dir='ltr'><strong>qum</strong></span> <span class='ocrx_word' id='word_1_372' title='bbox 921 3223 1028 3261; x_wconf 80' lang='grc' dir='ltr'><strong>ηοη</strong></span> <span class='ocrx_word' id='word_1_373' title='bbox 1078 3205 1326 3261; x_wconf 84' lang='lat' dir='ltr'><strong>invitavit</strong></span> <span class='ocrx_word' id='word_1_374' title='bbox 1372 3219 1470 3259; x_wconf 88' lang='lat' dir='ltr'><strong>nos</strong></span> <span class='ocrx_word' id='word_1_375' title='bbox 1505 3206 1572 3258; x_wconf 86' lang='lat' dir='ltr'><strong>ad</strong></span> <span class='ocrx_word' id='word_1_376' title='bbox 1618 3203 1721 3259; x_wconf 87' lang='lat' dir='ltr'><strong>hoc</strong></span> <span class='ocrx_word' id='word_1_377' title='bbox 1758 3203 1863 3258; x_wconf 87' lang='lat' dir='ltr'><strong>hu-</strong></span> <span class='ocrx_word' id='word_1_378' title='bbox 1893 3209 1938 3272; x_wconf 74' lang='grc' dir='ltr'>ο</span> <span class='ocrx_word' id='word_1_379' title='bbox 1970 3203 2333 3271; x_wconf 81' lang='lat' dir='ltr'><strong>Francorum,</strong></span> <span class='ocrx_word' id='word_1_380' title='bbox 2365 3204 2698 3260; x_wconf 85' lang='lat' dir='ltr'><strong>Ludovicum</strong></span> <span class='ocrx_word' id='word_1_381' title='bbox 2721 3206 2767 3238; x_wconf 84' lang='grc'><strong>⁸⁸</strong></span> <span class='ocrx_word' id='word_1_382' title='bbox 2789 3221 2969 3278; x_wconf 88' lang='lat' dir='ltr'><strong>regem</strong></span> <span class='ocrx_word' id='word_1_383' title='bbox 2991 3210 3209 3280; x_wconf 90' lang='lat' dir='ltr'><strong>genuit,</strong></span> <span class='ocrx_word' id='word_1_384' title='bbox 3233 3212 3331 3283; x_wconf 84' lang='lat' dir='ltr'><strong>qui</strong></span> <span class='ocrx_word' id='word_1_385' title='bbox 3356 3213 3476 3270; x_wconf 89' lang='lat' dir='ltr'><strong>sine</strong></span> <span class='ocrx_word' id='word_1_386' title='bbox 3496 3214 3561 3270; x_wconf 83' lang='lat' dir='ltr'><strong>li-</strong></span> 
     </span>
    </p>
   </div>
   <div class='ocr_carea' id='block_1_54' title="bbox 282 3296 1864 3371">
    <p class='ocr_par' dir='ltr' id='par_1_54' title="bbox 282 3296 1864 3371">
     <span class='ocr_line' id='line_1_54' title="bbox 282 3296 1864 3371; baseline -0.002 -17"><span class='ocrx_word' id='word_1_387' title='bbox 282 3316 459 3357; x_wconf 76' lang='lat' dir='ltr'><strong>tnanae</strong></span> <span class='ocrx_word' id='word_1_388' title='bbox 484 3300 659 3356; x_wconf 90' lang='lat' dir='ltr'><strong>laudis</strong></span> <span class='ocrx_word' id='word_1_389' title='bbox 688 3301 987 3371; x_wconf 80' lang='lat' dir='ltr'><strong>appetitus;</strong></span> <span class='ocrx_word' id='word_1_390' title='bbox 1030 3298 1124 3354; x_wconf 89' lang='lat' dir='ltr'><strong>sed</strong></span> <span class='ocrx_word' id='word_1_391' title='bbox 1156 3312 1296 3353; x_wconf 68' lang='lat' dir='ltr'><strong>verm</strong></span> <span class='ocrx_word' id='word_1_392' title='bbox 1326 3307 1383 3352; x_wconf 91' lang='lat' dir='ltr'><strong>et</strong></span> <span class='ocrx_word' id='word_1_393' title='bbox 1406 3297 1451 3329; x_wconf 81' lang='grc'><strong>³⁸</strong></span> <span class='ocrx_word' id='word_1_394' title='bbox 1481 3296 1864 3351; x_wconf 71' lang='lat' dir='ltr'><strong>sincerissima:</strong></span> 
     </span>
    </p>
   </div>
   <div class='ocr_carea' id='block_1_55' title="bbox 277 3387 1863 3458">
    <p class='ocr_par' dir='ltr' id='par_1_55' title="bbox 277 3387 1863 3458">
     <span class='ocr_line' id='line_1_55' title="bbox 277 3387 1863 3458; baseline -0.006 -10"><span class='ocrx_word' id='word_1_395' title='bbox 277 3394 530 3448; x_wconf 89' lang='lat' dir='ltr'><strong>caritatis</strong></span> <span class='ocrx_word' id='word_1_396' title='bbox 556 3389 799 3446; x_wconf 76' lang='lat' dir='ltr'><strong>aﬂ&#39;ectus.</strong></span> <span class='ocrx_word' id='word_1_397' title='bbox 834 3391 889 3446; x_wconf 87' lang='lat' dir='ltr'><strong>Si</strong></span> <span class='ocrx_word' id='word_1_398' title='bbox 936 3391 1233 3445; x_wconf 88' lang='lat' dir='ltr'><strong>abhorrere</strong></span> <span class='ocrx_word' id='word_1_399' title='bbox 1265 3388 1346 3443; x_wconf 86' lang='lat' dir='ltr'><strong>vis</strong></span> <span class='ocrx_word' id='word_1_400' title='bbox 1372 3428 1387 3454; x_wconf 87' lang='lat'><strong>,</strong></span> <span class='ocrx_word' id='word_1_401' title='bbox 1418 3395 1477 3440; x_wconf 94' lang='lat' dir='ltr'><strong>ut</strong></span> <span class='ocrx_word' id='word_1_402' title='bbox 1522 3387 1723 3458; x_wconf 87' lang='lat' dir='ltr'><strong>quippe</strong></span> <span class='ocrx_word' id='word_1_403' title='bbox 1753 3398 1863 3440; x_wconf 88' lang='lat' dir='ltr'><strong>me-</strong></span> 
     </span>
    </p>
   </div>
   <div class='ocr_carea' id='block_1_56' title="bbox 284 3479 1861 3551">
    <p class='ocr_par' dir='ltr' id='par_1_56' title="bbox 284 3479 1861 3551">
     <span class='ocr_line' id='line_1_56' title="bbox 284 3479 1861 3551; baseline -0.007 -9"><span class='ocrx_word' id='word_1_404' title='bbox 284 3489 391 3542; x_wconf 86' lang='lat' dir='ltr'><strong>rito</strong></span> <span class='ocrx_word' id='word_1_405' title='bbox 438 3485 638 3551; x_wconf 82' lang='lat' dir='ltr'><strong>debes,</strong></span> <span class='ocrx_word' id='word_1_406' title='bbox 683 3485 885 3549; x_wconf 89' lang='lat' dir='ltr'><strong>lector,</strong></span> <span class='ocrx_word' id='word_1_407' title='bbox 929 3482 1101 3538; x_wconf 90' lang='lat' dir='ltr'><strong>nostri</strong></span> <span class='ocrx_word' id='word_1_408' title='bbox 1166 3480 1422 3549; x_wconf 86' lang='lat' dir='ltr'><strong>ingenioli</strong></span> <span class='ocrx_word' id='word_1_409' title='bbox 1472 3479 1861 3542; x_wconf 89' lang='lat' dir='ltr'><strong>rusticitatem,</strong></span> 
     </span>
    </p>
   </div>
   <div class='ocr_carea' id='block_1_57' title="bbox 283 3567 1863 3647">
    <p class='ocr_par' dir='ltr' id='par_1_57' title="bbox 283 3567 1863 3647">
     <span class='ocr_line' id='line_1_57' title="bbox 283 3567 1863 3647; baseline -0.006 -16"><span class='ocrx_word' id='word_1_410' title='bbox 283 3577 508 3633; x_wconf 88' lang='lat' dir='ltr'><strong>attende</strong></span> <span class='ocrx_word' id='word_1_411' title='bbox 563 3575 774 3647; x_wconf 85' lang='lat' dir='ltr'><strong>ipsius,</strong></span> <span class='ocrx_word' id='word_1_412' title='bbox 828 3588 990 3644; x_wconf 90' lang='lat' dir='ltr'><strong>quam</strong></span> <span class='ocrx_word' id='word_1_413' title='bbox 1040 3572 1420 3629; x_wconf 82' lang='lat' dir='ltr'><strong>commendare</strong></span> <span class='ocrx_word' id='word_1_414' title='bbox 1468 3569 1733 3639; x_wconf 63' lang='lat' dir='ltr'><strong>coepimus</strong></span> <span class='ocrx_word' id='word_1_415' title='bbox 1787 3567 1863 3632; x_wconf 74' lang='grc'><strong>⁸⁸,</strong></span> 
     </span>
    </p>
   </div>
   <div class='ocr_carea' id='block_1_58' title="bbox 286 3660 1864 3735">
    <p class='ocr_par' dir='ltr' id='par_1_58' title="bbox 286 3660 1864 3735">
     <span class='ocr_line' id='line_1_58' title="bbox 286 3660 1864 3735; baseline -0.007 -12"><span class='ocrx_word' id='word_1_416' title='bbox 286 3667 486 3724; x_wconf 88' lang='lat' dir='ltr'><strong>mentis</strong></span> <span class='ocrx_word' id='word_1_417' title='bbox 512 3673 569 3721; x_wconf 92' lang='lat' dir='ltr'><strong>et</strong></span> <span class='ocrx_word' id='word_1_418' title='bbox 607 3666 850 3735; x_wconf 83' lang='lat' dir='ltr'><strong>corporis</strong></span> <span class='ocrx_word' id='word_1_419' title='bbox 882 3663 1239 3719; x_wconf 90' lang='lat' dir='ltr'><strong>nobilitatem.</strong></span> <span class='ocrx_word' id='word_1_420' title='bbox 1276 3662 1334 3716; x_wconf 84' lang='lat' dir='ltr'><strong>Si</strong></span> <span class='ocrx_word' id='word_1_421' title='bbox 1374 3662 1520 3717; x_wconf 90' lang='lat' dir='ltr'><strong>enim</strong></span> <span class='ocrx_word' id='word_1_422' title='bbox 1550 3660 1633 3714; x_wconf 91' lang='lat' dir='ltr'><strong>vis</strong></span> <span class='ocrx_word' id='word_1_423' title='bbox 1668 3672 1864 3729; x_wconf 78' lang='lat' dir='ltr'><strong>exspe—</strong></span> 
     </span>
    </p>
   </div>
   <div class='ocr_carea' id='block_1_59' title="bbox 282 3752 1867 3827">
    <p class='ocr_par' dir='ltr' id='par_1_59' title="bbox 282 3752 1867 3827">
     <span class='ocr_line' id='line_1_59' title="bbox 282 3752 1867 3827; baseline -0.006 -13"><span class='ocrx_word' id='word_1_424' title='bbox 282 3768 439 3814; x_wconf 88' lang='lat' dir='ltr'><strong>ctare</strong></span> <span class='ocrx_word' id='word_1_425' title='bbox 470 3758 516 3790; x_wconf 80' lang='lat'><strong>“</strong></span> <span class='ocrx_word' id='word_1_426' title='bbox 546 3758 721 3812; x_wconf 88' lang='lat' dir='ltr'><strong>virum</strong></span> <span class='ocrx_word' id='word_1_427' title='bbox 757 3766 907 3812; x_wconf 88' lang='lat' dir='ltr'><strong>tanta</strong></span> <span class='ocrx_word' id='word_1_428' title='bbox 956 3755 1263 3827; x_wconf 83' lang='lat' dir='ltr'><strong>eloquentia</strong></span> <span class='ocrx_word' id='word_1_429' title='bbox 1298 3754 1382 3809; x_wconf 90' lang='lat' dir='ltr'><strong>vel</strong></span> <span class='ocrx_word' id='word_1_430' title='bbox 1421 3752 1684 3825; x_wconf 88' lang='lat' dir='ltr'><strong>sapientia</strong></span> <span class='ocrx_word' id='word_1_431' title='bbox 1731 3765 1867 3821; x_wconf 71' lang='lat' dir='ltr'><strong>pra:-</strong></span> 
     </span>
    </p>
   </div>
   <div class='ocr_carea' id='block_1_60' title="bbox 284 3843 1867 3922">
    <p class='ocr_par' dir='ltr' id='par_1_60' title="bbox 284 3843 1867 3922">
     <span class='ocr_line' id='line_1_60' title="bbox 284 3843 1867 3922; baseline -0.006 -16"><span class='ocrx_word' id='word_1_432' title='bbox 284 3853 484 3913; x_wconf 84' lang='lat' dir='ltr'><strong>ditum.</strong></span> <span class='ocrx_word' id='word_1_433' title='bbox 514 3853 604 3921; x_wconf 88' lang='lat' dir='ltr'><strong>qui</strong></span> <span class='ocrx_word' id='word_1_434' title='bbox 633 3851 790 3922; x_wconf 87' lang='lat' dir='ltr'><strong>hujus</strong></span> <span class='ocrx_word' id='word_1_435' title='bbox 818 3850 1028 3907; x_wconf 70' lang='lat' dir='ltr'><strong>tenuate</strong></span> <span class='ocrx_word' id='word_1_436' title='bbox 1055 3850 1229 3921; x_wconf 89' lang='lat' dir='ltr'><strong>possit</strong></span> <span class='ocrx_word' id='word_1_437' title='bbox 1247 3848 1633 3905; x_wconf 89' lang='lat' dir='ltr'><strong>convenienter</strong></span> <span class='ocrx_word' id='word_1_438' title='bbox 1659 3843 1867 3900; x_wconf 71' lang='lat' dir='ltr'><strong>deseri-&#39;-</strong></span> 
     </span>
    </p>
   </div>
   <div class='ocr_carea' id='block_1_61' title="bbox 284 3939 1869 4008">
    <p class='ocr_par' dir='ltr' id='par_1_61' title="bbox 284 3939 1869 4008">
     <span class='ocr_line' id='line_1_61' title="bbox 284 3939 1869 4008; baseline -0.004 -12"><span class='ocrx_word' id='word_1_439' title='bbox 284 3945 417 3998; x_wconf 84' lang='lat' dir='ltr'><strong>here</strong></span> <span class='ocrx_word' id='word_1_440' title='bbox 450 3943 640 4008; x_wconf 89' lang='lat' dir='ltr'><strong>vitam,</strong></span> <span class='ocrx_word' id='word_1_441' title='bbox 672 3957 894 3997; x_wconf 88' lang='lat' dir='ltr'><strong>necesse</strong></span> <span class='ocrx_word' id='word_1_442' title='bbox 919 3950 1003 3997; x_wconf 90' lang='lat' dir='ltr'><strong>est</strong></span> <span class='ocrx_word' id='word_1_443' title='bbox 1032 3951 1123 3997; x_wconf 91' lang='lat' dir='ltr'><strong>aut</strong></span> <span class='ocrx_word' id='word_1_444' title='bbox 1149 3940 1340 3995; x_wconf 88' lang='lat' dir='ltr'><strong>Cicero</strong></span> <span class='ocrx_word' id='word_1_445' title='bbox 1369 3939 1557 3994; x_wconf 87' lang='lat' dir='ltr'><strong>rethor</strong></span> <span class='ocrx_word' id='word_1_446' title='bbox 1584 3945 1869 3993; x_wconf 85' lang='lat' dir='ltr'><strong>revocetur</strong></span> 
     </span>
    </p>
   </div>
   <div class='ocr_carea' id='block_1_62' title="bbox 284 4030 1870 4103">
    <p class='ocr_par' dir='ltr' id='par_1_62' title="bbox 284 4030 1870 4103">
     <span class='ocr_line' id='line_1_62' title="bbox 284 4030 1870 4103; baseline -0.005 -15"><span class='ocrx_word' id='word_1_447' title='bbox 284 4035 357 4089; x_wconf 89' lang='lat' dir='ltr'><strong>ab</strong></span> <span class='ocrx_word' id='word_1_448' title='bbox 386 4032 576 4089; x_wconf 78' lang='lat' dir='ltr'><strong>inferis</strong></span> <span class='ocrx_word' id='word_1_449' title='bbox 602 4073 618 4099; x_wconf 95' lang='lat'><strong>,</strong></span> <span class='ocrx_word' id='word_1_450' title='bbox 660 4042 752 4087; x_wconf 90' lang='lat' dir='ltr'><strong>aut</strong></span> <span class='ocrx_word' id='word_1_451' title='bbox 794 4033 1093 4090; x_wconf 88' lang='lat' dir='ltr'><strong>leronimus</strong></span> <span class='ocrx_word' id='word_1_452' title='bbox 1136 4033 1423 4103; x_wconf 79' lang='lat' dir='ltr'><strong>presbyter</strong></span> <span class='ocrx_word' id='word_1_453' title='bbox 1469 4030 1870 4087; x_wconf 84' lang='lat' dir='ltr'><strong>transmittatur</strong></span> 
     </span>
    </p>
   </div>
   <div class='ocr_carea' id='block_1_63' title="bbox 282 4120 1867 4197">
    <p class='ocr_par' dir='ltr' id='par_1_63' title="bbox 282 4120 1867 4197">
     <span class='ocr_line' id='line_1_63' title="bbox 282 4120 1867 4197; baseline -0.005 -15"><span class='ocrx_word' id='word_1_454' title='bbox 282 4142 318 4182; x_wconf 91' lang='lat' dir='ltr'><strong>e</strong></span> <span class='ocrx_word' id='word_1_455' title='bbox 345 4125 392 4162; x_wconf 76' lang='grc' dir='ltr'>δι</span> <span class='ocrx_word' id='word_1_456' title='bbox 416 4125 648 4197; x_wconf 88' lang='lat' dir='ltr'><strong>superis.</strong></span> <span class='ocrx_word' id='word_1_457' title='bbox 683 4123 741 4180; x_wconf 91' lang='lat' dir='ltr'><strong>Si</strong></span> <span class='ocrx_word' id='word_1_458' title='bbox 770 4125 914 4181; x_wconf 91' lang='lat' dir='ltr'><strong>enim</strong></span> <span class='ocrx_word' id='word_1_459' title='bbox 951 4124 1042 4180; x_wconf 89' lang='lat' dir='ltr'><strong>ille</strong></span> <span class='ocrx_word' id='word_1_460' title='bbox 1088 4132 1311 4180; x_wconf 90' lang='lat' dir='ltr'><strong>sanctus</strong></span> <span class='ocrx_word' id='word_1_461' title='bbox 1336 4132 1390 4179; x_wconf 91' lang='lat' dir='ltr'><strong>et</strong></span> <span class='ocrx_word' id='word_1_462' title='bbox 1430 4120 1867 4192; x_wconf 85' lang='lat' dir='ltr'><strong>incomparabilis</strong></span> 
     </span>
    </p>
   </div>
   <div class='ocr_carea' id='block_1_64' title="bbox 287 4213 1864 4287">
    <p class='ocr_par' dir='ltr' id='par_1_64' title="bbox 287 4213 1864 4287">
     <span class='ocr_line' id='line_1_64' title="bbox 287 4213 1864 4287; baseline -0.003 -16"><span class='ocrx_word' id='word_1_463' title='bbox 287 4215 343 4271; x_wconf 89' lang='lat' dir='ltr'><strong>in</strong></span> <span class='ocrx_word' id='word_1_464' title='bbox 373 4215 557 4272; x_wconf 84' lang='lat' dir='ltr'><strong>divina</strong></span> <span class='ocrx_word' id='word_1_465' title='bbox 587 4223 643 4272; x_wconf 88' lang='lat' dir='ltr'><strong>et</strong></span> <span class='ocrx_word' id='word_1_466' title='bbox 667 4216 901 4271; x_wconf 87' lang='lat' dir='ltr'><strong>humana</strong></span> <span class='ocrx_word' id='word_1_467' title='bbox 933 4215 1200 4287; x_wconf 86' lang='lat' dir='ltr'><strong>sapientia</strong></span> <span class='ocrx_word' id='word_1_468' title='bbox 1240 4213 1317 4281; x_wconf 81' lang='lat'><strong>“,</strong></span> <span class='ocrx_word' id='word_1_469' title='bbox 1350 4228 1506 4270; x_wconf 89' lang='lat' dir='ltr'><strong>sacer</strong></span> <span class='ocrx_word' id='word_1_470' title='bbox 1533 4213 1864 4281; x_wconf 85' lang='lat' dir='ltr'><strong>leronimus,</strong></span> 
     </span>
    </p>
   </div>
   <div class='ocr_carea' id='block_1_65' title="bbox 1966 3294 3560 3369">
    <p class='ocr_par' dir='ltr' id='par_1_65' title="bbox 1966 3294 3560 3369">
     <span class='ocr_line' id='line_1_65' title="bbox 1966 3294 3560 3369; baseline 0.008 -19"><span class='ocrx_word' id='word_1_471' title='bbox 1966 3294 2113 3351; x_wconf 89' lang='lat' dir='ltr'><strong>beris</strong></span> <span class='ocrx_word' id='word_1_472' title='bbox 2127 3304 2391 3362; x_wconf 90' lang='lat' dir='ltr'><strong>mortuus,</strong></span> <span class='ocrx_word' id='word_1_473' title='bbox 2408 3296 2556 3366; x_wconf 80' lang='lat' dir='ltr'><strong>regio</strong></span> <span class='ocrx_word' id='word_1_474' title='bbox 2571 3312 2721 3353; x_wconf 88' lang='lat' dir='ltr'><strong>more</strong></span> <span class='ocrx_word' id='word_1_475' title='bbox 2731 3296 3061 3369; x_wconf 88' lang='lat' dir='ltr'><strong>Compendio</strong></span> <span class='ocrx_word' id='word_1_476' title='bbox 3073 3301 3376 3359; x_wconf 85' lang='lat' dir='ltr'><strong>dinoscitur</strong></span> <span class='ocrx_word' id='word_1_477' title='bbox 3389 3303 3560 3362; x_wconf 77' lang='lat' dir='ltr'><strong>fuisse</strong></span> 
     </span>
    </p>
   </div>
   <div class='ocr_carea' id='block_1_66' title="bbox 1967 3386 3557 3458">
    <p class='ocr_par' dir='ltr' id='par_1_66' title="bbox 1967 3386 3557 3458">
     <span class='ocr_line' id='line_1_66' title="bbox 1967 3386 3557 3458; baseline 0.008 -18"><span class='ocrx_word' id='word_1_478' title='bbox 1967 3386 2228 3456; x_wconf 86' lang='lat' dir='ltr'><strong>sepultus.</strong></span> <span class='ocrx_word' id='word_1_479' title='bbox 2278 3386 2601 3458; x_wconf 86' lang='lat' dir='ltr'><strong>Supradicto</strong></span> <span class='ocrx_word' id='word_1_480' title='bbox 2651 3402 2783 3444; x_wconf 90' lang='lat' dir='ltr'><strong>vero</strong></span> <span class='ocrx_word' id='word_1_481' title='bbox 2832 3388 3087 3446; x_wconf 89' lang='lat' dir='ltr'><strong>Lothario</strong></span> <span class='ocrx_word' id='word_1_482' title='bbox 3112 3391 3159 3425; x_wconf 82' lang='grc'><strong>⁸⁷</strong></span> <span class='ocrx_word' id='word_1_483' title='bbox 3194 3402 3322 3449; x_wconf 89' lang='lat' dir='ltr'><strong>ante</strong></span> <span class='ocrx_word' id='word_1_484' title='bbox 3352 3410 3557 3452; x_wconf 88' lang='lat' dir='ltr'><strong>annum</strong></span> 
     </span>
    </p>
   </div>
   <div class='ocr_carea' id='block_1_67' title="bbox 1967 3477 3558 3550">
    <p class='ocr_par' dir='ltr' id='par_1_67' title="bbox 1967 3477 3558 3550">
     <span class='ocr_line' id='line_1_67' title="bbox 1967 3477 3558 3550; baseline 0.008 -19"><span class='ocrx_word' id='word_1_485' title='bbox 1967 3477 2197 3533; x_wconf 88' lang='lat' dir='ltr'><strong>circiter</strong></span> <span class='ocrx_word' id='word_1_486' title='bbox 2246 3480 2471 3533; x_wconf 86' lang='lat' dir='ltr'><strong>tercium</strong></span> <span class='ocrx_word' id='word_1_487' title='bbox 2503 3489 2789 3550; x_wconf 87' lang='lat' dir='ltr'><strong>postquam</strong></span> <span class='ocrx_word' id='word_1_488' title='bbox 2817 3481 3074 3537; x_wconf 88' lang='lat' dir='ltr'><strong>domnam</strong></span> <span class='ocrx_word' id='word_1_489' title='bbox 3110 3484 3159 3518; x_wconf 81' lang='grc'><strong><em>⁸³</em></strong></span> <span class='ocrx_word' id='word_1_490' title='bbox 3198 3484 3558 3542; x_wconf 82' lang='lat' dir='ltr'><strong>Adalheidam</strong></span> 
     </span>
    </p>
   </div>
   <div class='ocr_carea' id='block_1_68' title="bbox 1967 3566 3563 3645">
    <p class='ocr_par' dir='ltr' id='par_1_68' title="bbox 1967 3566 3563 3645">
     <span class='ocr_line' id='line_1_68' title="bbox 1967 3566 3563 3645; baseline 0.006 -25"><span class='ocrx_word' id='word_1_491' title='bbox 1967 3566 2200 3622; x_wconf 81' lang='lat' dir='ltr'><strong>duxerat</strong></span> <span class='ocrx_word' id='word_1_492' title='bbox 2227 3568 2503 3636; x_wconf 80' lang='lat' dir='ltr'><strong>defuncto,</strong></span> <span class='ocrx_word' id='word_1_493' title='bbox 2547 3572 2810 3626; x_wconf 88' lang='lat' dir='ltr'><strong>remansit</strong></span> <span class='ocrx_word' id='word_1_494' title='bbox 2838 3572 2956 3642; x_wconf 89' lang='lat' dir='ltr'><strong>ipsa</strong></span> <span class='ocrx_word' id='word_1_495' title='bbox 2996 3570 3218 3628; x_wconf 85' lang='lat' dir='ltr'><strong>viduata</strong></span> <span class='ocrx_word' id='word_1_496' title='bbox 3245 3574 3399 3641; x_wconf 85' lang='lat' dir='ltr'><strong>viro,</strong></span> <span class='ocrx_word' id='word_1_497' title='bbox 3445 3577 3563 3645; x_wconf 86' lang='lat' dir='ltr'><strong>pri-</strong></span> 
     </span>
    </p>
   </div>
   <div class='ocr_carea' id='block_1_69' title="bbox 1972 3658 3561 3727">
    <p class='ocr_par' dir='ltr' id='par_1_69' title="bbox 1972 3658 3561 3727">
     <span class='ocr_line' id='line_1_69' title="bbox 1972 3658 3561 3727; baseline 0.006 -18"><span class='ocrx_word' id='word_1_498' title='bbox 1972 3665 2095 3711; x_wconf 88' lang='lat' dir='ltr'><strong>vata</strong></span> <span class='ocrx_word' id='word_1_499' title='bbox 2128 3671 2292 3727; x_wconf 90' lang='lat' dir='ltr'><strong>regno</strong></span> <span class='ocrx_word' id='word_1_500' title='bbox 2323 3658 2390 3721; x_wconf 87' lang='lat'><strong>”,</strong></span> <span class='ocrx_word' id='word_1_501' title='bbox 2422 3659 2683 3713; x_wconf 86' lang='lat' dir='ltr'><strong>destituta</strong></span> <span class='ocrx_word' id='word_1_502' title='bbox 2713 3661 2947 3716; x_wconf 89' lang='lat' dir='ltr'><strong>maritali</strong></span> <span class='ocrx_word' id='word_1_503' title='bbox 2976 3662 3172 3717; x_wconf 90' lang='lat' dir='ltr'><strong>solatio</strong></span> <span class='ocrx_word' id='word_1_504' title='bbox 3202 3662 3269 3718; x_wconf 78' lang='lat'><strong>“.</strong></span> <span class='ocrx_word' id='word_1_505' title='bbox 3318 3662 3487 3720; x_wconf 79' lang='lat' dir='ltr'><strong>Aﬂ‘uit</strong></span> <span class='ocrx_word' id='word_1_506' title='bbox 3507 3665 3561 3721; x_wconf 87' lang='lat' dir='ltr'><strong>ei</strong></span> 
     </span>
    </p>
   </div>
   <div class='ocr_carea' id='block_1_70' title="bbox 1975 3751 3560 3822">
    <p class='ocr_par' dir='ltr' id='par_1_70' title="bbox 1975 3751 3560 3822">
     <span class='ocr_line' id='line_1_70' title="bbox 1975 3751 3560 3822; baseline 0.008 -22"><span class='ocrx_word' id='word_1_507' title='bbox 1975 3751 2276 3819; x_wconf 80' lang='lat' dir='ltr'><strong>persecutio</strong></span> <span class='ocrx_word' id='word_1_508' title='bbox 2315 3751 2558 3815; x_wconf 82' lang='lat' dir='ltr'><strong>mordax,</strong></span> <span class='ocrx_word' id='word_1_509' title='bbox 2589 3764 2709 3820; x_wconf 80' lang='lat' dir='ltr'><strong>quae</strong></span> <span class='ocrx_word' id='word_1_510' title='bbox 2736 3751 2873 3806; x_wconf 90' lang='lat' dir='ltr'><strong>solet</strong></span> <span class='ocrx_word' id='word_1_511' title='bbox 2896 3768 3128 3822; x_wconf 82' lang='lat' dir='ltr'><strong>purgare</strong></span> <span class='ocrx_word' id='word_1_512' title='bbox 3158 3753 3363 3810; x_wconf 88' lang='lat' dir='ltr'><strong>electos</strong></span> <span class='ocrx_word' id='word_1_513' title='bbox 3391 3754 3560 3812; x_wconf 89' lang='lat' dir='ltr'><strong>veluti</strong></span> 
     </span>
    </p>
   </div>
   <div class='ocr_carea' id='block_1_71' title="bbox 1974 3841 3556 3912">
    <p class='ocr_par' dir='ltr' id='par_1_71' title="bbox 1974 3841 3556 3912">
     <span class='ocr_line' id='line_1_71' title="bbox 1974 3841 3556 3912; baseline 0.006 -17"><span class='ocrx_word' id='word_1_514' title='bbox 1974 3856 2167 3895; x_wconf 88' lang='lat' dir='ltr'><strong>aurum</strong></span> <span class='ocrx_word' id='word_1_515' title='bbox 2205 3841 2398 3897; x_wconf 82' lang='lat' dir='ltr'><strong>t‘ornax</strong></span> <span class='ocrx_word' id='word_1_516' title='bbox 2427 3842 2492 3896; x_wconf 76' lang='grc'><strong>⁸⁸.</strong></span> <span class='ocrx_word' id='word_1_517' title='bbox 2523 3842 2692 3898; x_wconf 81' lang='lat' dir='ltr'><strong>Aﬂ&#39;uit</strong></span> <span class='ocrx_word' id='word_1_518' title='bbox 2722 3845 2793 3908; x_wconf 90' lang='lat' dir='ltr'><strong>ei,</strong></span> <span class='ocrx_word' id='word_1_519' title='bbox 2827 3853 2887 3898; x_wconf 91' lang='lat' dir='ltr'><strong>ut</strong></span> <span class='ocrx_word' id='word_1_520' title='bbox 2911 3860 3040 3900; x_wconf 89' lang='lat' dir='ltr'><strong>vere</strong></span> <span class='ocrx_word' id='word_1_521' title='bbox 3070 3845 3268 3912; x_wconf 81' lang='lat' dir='ltr'><strong>fatear,</strong></span> <span class='ocrx_word' id='word_1_522' title='bbox 3299 3856 3438 3904; x_wconf 88' lang='lat' dir='ltr'><strong>nutu</strong></span> <span class='ocrx_word' id='word_1_523' title='bbox 3471 3850 3556 3905; x_wconf 75' lang='lat' dir='ltr'><strong>di-</strong></span> 
     </span>
    </p>
   </div>
   <div class='ocr_carea' id='block_1_72' title="bbox 1974 3935 3561 4006">
    <p class='ocr_par' dir='ltr' id='par_1_72' title="bbox 1974 3935 3561 4006">
     <span class='ocr_line' id='line_1_72' title="bbox 1974 3935 3561 4006; baseline 0.004 -17"><span class='ocrx_word' id='word_1_524' title='bbox 1974 3936 2102 3991; x_wconf 91' lang='lat' dir='ltr'><strong>vino</strong></span> <span class='ocrx_word' id='word_1_525' title='bbox 2143 3936 2385 3991; x_wconf 74' lang='lat' dir='ltr'><strong>exterius</strong></span> <span class='ocrx_word' id='word_1_526' title='bbox 2413 3937 2716 4006; x_wconf 86' lang='lat' dir='ltr'><strong>corporalis</strong></span> <span class='ocrx_word' id='word_1_527' title='bbox 2763 3937 2807 3968; x_wconf 80' lang='grc'>⁸³</span> <span class='ocrx_word' id='word_1_528' title='bbox 2846 3935 3097 4006; x_wconf 84' lang='lat' dir='ltr'><strong>alilictio,</strong></span> <span class='ocrx_word' id='word_1_529' title='bbox 3141 3954 3211 3995; x_wconf 91' lang='lat' dir='ltr'><strong>ne</strong></span> <span class='ocrx_word' id='word_1_530' title='bbox 3254 3940 3404 3997; x_wconf 89' lang='lat' dir='ltr'><strong>intus</strong></span> <span class='ocrx_word' id='word_1_531' title='bbox 3441 3954 3561 3996; x_wconf 82' lang='lat' dir='ltr'><strong>cre-</strong></span> 
     </span>
    </p>
   </div>
   <div class='ocr_carea' id='block_1_73' title="bbox 1977 4027 3559 4098">
    <p class='ocr_par' dir='ltr' id='par_1_73' title="bbox 1977 4027 3559 4098">
     <span class='ocr_line' id='line_1_73' title="bbox 1977 4027 3559 4098; baseline 0.005 -19"><span class='ocrx_word' id='word_1_532' title='bbox 1977 4037 2153 4081; x_wconf 88' lang='lat' dir='ltr'><strong>maret</strong></span> <span class='ocrx_word' id='word_1_533' title='bbox 2179 4027 2225 4058; x_wconf 81' lang='grc'><strong>⁸³</strong></span> <span class='ocrx_word' id='word_1_534' title='bbox 2255 4042 2401 4093; x_wconf 88' lang='lat' dir='ltr'><strong>eam,</strong></span> <span class='ocrx_word' id='word_1_535' title='bbox 2436 4037 2625 4098; x_wconf 82' lang='lat' dir='ltr'><strong>utpote</strong></span> <span class='ocrx_word' id='word_1_536' title='bbox 2645 4028 3018 4097; x_wconf 85' lang='lat' dir='ltr'><strong>juvenculam,</strong></span> <span class='ocrx_word' id='word_1_537' title='bbox 3048 4030 3322 4087; x_wconf 89' lang='lat' dir='ltr'><strong>incentiva</strong></span> <span class='ocrx_word' id='word_1_538' title='bbox 3361 4031 3409 4066; x_wconf 75' lang='lat'><strong>“</strong></span> <span class='ocrx_word' id='word_1_539' title='bbox 3438 4046 3559 4087; x_wconf 86' lang='lat' dir='ltr'><strong>car-</strong></span> 
     </span>
    </p>
   </div>
   <div class='ocr_carea' id='block_1_74' title="bbox 1974 4119 3562 4181">
    <p class='ocr_par' dir='ltr' id='par_1_74' title="bbox 1974 4119 3562 4181">
     <span class='ocr_line' id='line_1_74' title="bbox 1974 4119 3562 4181; baseline 0.006 -9"><span class='ocrx_word' id='word_1_540' title='bbox 1974 4119 2059 4173; x_wconf 91' lang='lat' dir='ltr'><strong>nis</strong></span> <span class='ocrx_word' id='word_1_541' title='bbox 2106 4119 2292 4175; x_wconf 85' lang='lat' dir='ltr'><strong>libido.</strong></span> <span class='ocrx_word' id='word_1_542' title='bbox 2333 4121 2515 4176; x_wconf 82' lang='lat' dir='ltr'><strong>Voluit</strong></span> <span class='ocrx_word' id='word_1_543' title='bbox 2551 4120 2597 4154; x_wconf 82' lang='lat'><strong>“</strong></span> <span class='ocrx_word' id='word_1_544' title='bbox 2648 4137 2767 4177; x_wconf 90' lang='lat' dir='ltr'><strong>eam</strong></span> <span class='ocrx_word' id='word_1_545' title='bbox 2811 4122 3073 4179; x_wconf 89' lang='lat' dir='ltr'><strong>Dominus</strong></span> <span class='ocrx_word' id='word_1_546' title='bbox 3119 4132 3199 4179; x_wconf 92' lang='lat' dir='ltr'><strong>tot</strong></span> <span class='ocrx_word' id='word_1_547' title='bbox 3243 4125 3562 4181; x_wconf 87' lang='lat' dir='ltr'><strong>verberibus</strong></span> 
     </span>
    </p>
   </div>
   <div class='ocr_carea' id='block_1_75' title="bbox 1972 4212 3563 4288">
    <p class='ocr_par' dir='ltr' id='par_1_75' title="bbox 1972 4212 3563 4288">
     <span class='ocr_line' id='line_1_75' title="bbox 1972 4212 3563 4288; baseline 0.007 -24"><span class='ocrx_word' id='word_1_548' title='bbox 1972 4212 2157 4279; x_wconf 83' lang='lat' dir='ltr'><strong>atteri,</strong></span> <span class='ocrx_word' id='word_1_549' title='bbox 2184 4227 2251 4268; x_wconf 91' lang='lat' dir='ltr'><strong>ne</strong></span> <span class='ocrx_word' id='word_1_550' title='bbox 2275 4215 2571 4271; x_wconf 92' lang='lat' dir='ltr'><strong>secundum</strong></span> <span class='ocrx_word' id='word_1_551' title='bbox 2607 4217 2930 4273; x_wconf 89' lang='lat' dir='ltr'><strong>sententiam</strong></span> <span class='ocrx_word' id='word_1_552' title='bbox 2972 4217 3200 4288; x_wconf 89' lang='lat' dir='ltr'><strong>apostoli</strong></span> <span class='ocrx_word' id='word_1_553' title='bbox 3231 4218 3381 4275; x_wconf 87' lang='lat' dir='ltr'><strong>Pauli</strong></span> <span class='ocrx_word' id='word_1_554' title='bbox 3414 4228 3563 4275; x_wconf 88' lang='lat' dir='ltr'><strong>esset</strong></span> 
     </span>
    </p>
   </div>
   <div class='ocr_carea' id='block_1_76' title="bbox 287 4304 3561 4384">
    <p class='ocr_par' dir='ltr' id='par_1_76' title="bbox 287 4304 3561 4384">
     <span class='ocr_line' id='line_1_76' title="bbox 287 4304 3561 4384; baseline 0.002 -22"><span class='ocrx_word' id='word_1_555' title='bbox 287 4305 483 4364; x_wconf 74' lang='lat' dir='ltr'><strong>fuisset</strong></span> <span class='ocrx_word' id='word_1_556' title='bbox 530 4307 687 4364; x_wconf 89' lang='lat' dir='ltr'><strong>istius</strong></span> <span class='ocrx_word' id='word_1_557' title='bbox 731 4317 971 4380; x_wconf 69' lang='lat' dir='ltr'><strong>augusta:</strong></span> <span class='ocrx_word' id='word_1_558' title='bbox 1019 4306 1385 4379; x_wconf 86' lang='lat' dir='ltr'><strong>temporibus,</strong></span> <span class='ocrx_word' id='word_1_559' title='bbox 1413 4307 1457 4362; x_wconf 90' lang='lat' dir='ltr'><strong>si</strong></span> <span class='ocrx_word' id='word_1_560' title='bbox 1498 4304 1720 4360; x_wconf 84' lang='lat' dir='ltr'><strong>Paulam</strong></span> <span class='ocrx_word' id='word_1_561' title='bbox 1742 4305 1789 4337; x_wconf 77' lang='lat'>&quot;</span> <span class='ocrx_word' id='word_1_562' title='bbox 1815 4313 1872 4361; x_wconf 88' lang='lat' dir='ltr'><strong>et</strong></span> <span class='ocrx_word' id='word_1_563' title='bbox 1903 4321 1951 4380; x_wconf 80' lang='grc' dir='ltr'>ι)</span> <span class='ocrx_word' id='word_1_564' title='bbox 1977 4307 2165 4362; x_wconf 85' lang='lat' dir='ltr'><strong>vivens</strong></span> <span class='ocrx_word' id='word_1_565' title='bbox 2207 4308 2365 4363; x_wconf 86' lang='lat' dir='ltr'><strong>vidua</strong></span> <span class='ocrx_word' id='word_1_566' title='bbox 2406 4308 2461 4364; x_wconf 92' lang='lat' dir='ltr'><strong>in</strong></span> <span class='ocrx_word' id='word_1_567' title='bbox 2499 4309 2707 4366; x_wconf 86' lang='lat' dir='ltr'><strong>deliciis</strong></span> <span class='ocrx_word' id='word_1_568' title='bbox 2742 4319 2958 4367; x_wconf 88' lang='lat' dir='ltr'><strong>mortua</strong></span> <span class='ocrx_word' id='word_1_569' title='bbox 3005 4309 3060 4382; x_wconf 88' lang='grc' dir='ltr'><strong>(Ι</strong></span> <span class='ocrx_word' id='word_1_570' title='bbox 3091 4310 3226 4366; x_wconf 83' lang='lat' dir='ltr'><strong>Tim.</strong></span> <span class='ocrx_word' id='word_1_571' title='bbox 3259 4326 3313 4378; x_wconf 87' lang='lat' dir='ltr'><strong>v,</strong></span> <span class='ocrx_word' id='word_1_572' title='bbox 3345 4310 3424 4384; x_wconf 88' lang='lat'><strong>6).</strong></span> <span class='ocrx_word' id='word_1_573' title='bbox 3454 4310 3561 4367; x_wconf 76' lang='lat' dir='ltr'><strong>Vo-</strong></span> 
     </span>
    </p>
   </div>
   <div class='ocr_carea' id='block_1_77' title="bbox 1600 4419 2280 4481">
    <p class='ocr_par' dir='ltr' id='par_1_77' title="bbox 1600 4419 2280 4481">
     <span class='ocr_line' id='line_1_77' title="bbox 1600 4419 2280 4481; baseline 0.009 -5"><span class='ocrx_word' id='word_1_574' title='bbox 1600 4419 1831 4476; x_wconf 71' lang='grc' dir='ltr'><strong>νΑῐιιΑῑ</strong></span> <span class='ocrx_word' id='word_1_575' title='bbox 1872 4420 2280 4481; x_wconf 78' lang='lat' dir='ltr'><strong>LECTIONES.</strong></span> 
     </span>
    </p>
   </div>
   <div class='ocr_carea' id='block_1_78' title="bbox 361 4502 1510 4586">
    <p class='ocr_par' dir='ltr' id='par_1_78' title="bbox 361 4502 1510 4586">
     <span class='ocr_line' id='line_1_78' title="bbox 361 4502 1510 4586; baseline -0.006 -14"><span class='ocrx_word' id='word_1_576' title='bbox 361 4517 410 4551; x_wconf 78' lang='grc'><strong>⁸³</strong></span> <span class='ocrx_word' id='word_1_577' title='bbox 438 4517 738 4586; x_wconf 89' lang='lat' dir='ltr'><strong>peripsema</strong></span> <span class='ocrx_word' id='word_1_578' title='bbox 778 4515 835 4570; x_wconf 76' lang='grc'>2.</span> <span class='ocrx_word' id='word_1_579' title='bbox 899 4585 902 4586; x_wconf 17' lang='grc' dir='ltr'><em>ν</em></span> <span class='ocrx_word' id='word_1_580' title='bbox 950 4502 997 4546; x_wconf 67' lang='grc'><strong>⁸⁸</strong></span> <span class='ocrx_word' id='word_1_581' title='bbox 1023 4512 1510 4586; x_wconf 56' lang='lat' dir='ltr'><strong>sustentaminez.</strong></span> 
     </span>
    </p>
   </div>
   <div class='ocr_carea' id='block_1_79' title="bbox 1622 4512 2803 4570">
    <p class='ocr_par' dir='ltr' id='par_1_79' title="bbox 1622 4512 2803 4570">
     <span class='ocr_line' id='line_1_79' title="bbox 1622 4512 2803 4570; baseline 0.003 -5"><span class='ocrx_word' id='word_1_582' title='bbox 1622 4512 1667 4542; x_wconf 76' lang='grc'><strong>’⁷</strong></span> <span class='ocrx_word' id='word_1_583' title='bbox 1712 4512 2064 4567; x_wconf 79' lang='lat' dir='ltr'><strong>continuatitn</strong></span> <span class='ocrx_word' id='word_1_584' title='bbox 2118 4512 2169 4566; x_wconf 80' lang='lat'><strong>5.</strong></span> <span class='ocrx_word' id='word_1_585' title='bbox 2207 4514 2489 4570; x_wconf 89' lang='lat' dir='ltr'><strong>continuat</strong></span> <span class='ocrx_word' id='word_1_586' title='bbox 2533 4516 2584 4570; x_wconf 88' lang='lat' dir='ltr'><strong>iu</strong></span> <span class='ocrx_word' id='word_1_587' title='bbox 2634 4532 2707 4570; x_wconf 92' lang='lat' dir='ltr'><strong>m.</strong></span> <span class='ocrx_word' id='word_1_588' title='bbox 2747 4516 2803 4569; x_wconf 79' lang='grc'>2.</span> 
     </span>
    </p>
   </div>
   <div class='ocr_carea' id='block_1_80' title="bbox 2911 4515 3560 4586">
    <p class='ocr_par' dir='ltr' id='par_1_80' title="bbox 2911 4515 3560 4586">
     <span class='ocr_line' id='line_1_80' title="bbox 2911 4515 3560 4586; baseline 0 -17"><span class='ocrx_word' id='word_1_589' title='bbox 2911 4515 2958 4548; x_wconf 71' lang='grc'><strong>⁸⁸</strong></span> <span class='ocrx_word' id='word_1_590' title='bbox 2984 4530 3234 4586; x_wconf 74' lang='lat' dir='ltr'><strong>tiiagnam</strong></span> <span class='ocrx_word' id='word_1_591' title='bbox 3262 4516 3316 4571; x_wconf 75' lang='lat'><strong>3.</strong></span> <span class='ocrx_word' id='word_1_592' title='bbox 3414 4516 3465 4548; x_wconf 80' lang='lat'><strong>&quot;</strong></span> <span class='ocrx_word' id='word_1_593' title='bbox 3497 4530 3560 4569; x_wconf 89' lang='lat' dir='ltr'><strong>ea</strong></span> 
     </span>
    </p>
   </div>
   <div class='ocr_carea' id='block_1_81' title="bbox 291 4581 3558 4658">
    <p class='ocr_par' dir='ltr' id='par_1_81' title="bbox 291 4581 3558 4658">
     <span class='ocr_line' id='line_1_81' title="bbox 291 4581 3558 4658; baseline -0.002 -12"><span class='ocrx_word' id='word_1_594' title='bbox 291 4589 344 4646; x_wconf 95' lang='grc'><strong>1.</strong></span> <span class='ocrx_word' id='word_1_595' title='bbox 419 4581 762 4658; x_wconf 68' lang='lat' dir='ltr'><strong>“prologus.</strong></span> <span class='ocrx_word' id='word_1_596' title='bbox 796 4586 834 4640; x_wconf 96' lang='grc'><strong>1.</strong></span> <span class='ocrx_word' id='word_1_597' title='bbox 860 4585 967 4658; x_wconf 84' lang='lat' dir='ltr'><strong>vita</strong></span> <span class='ocrx_word' id='word_1_598' title='bbox 1002 4584 1271 4658; x_wconf 65' lang='lat' dir='ltr'><strong>Atlaleidze</strong></span> <span class='ocrx_word' id='word_1_599' title='bbox 1318 4583 1669 4658; x_wconf 53' lang='lat' dir='ltr'><strong>nobilissimae</strong></span> <span class='ocrx_word' id='word_1_600' title='bbox 1706 4581 2158 4658; x_wconf 70' lang='lat' dir='ltr'><strong>imperatrieis5.</strong></span> <span class='ocrx_word' id='word_1_601' title='bbox 2214 4586 2417 4658; x_wconf 86' lang='lat' dir='ltr'><strong>Incipit</strong></span> <span class='ocrx_word' id='word_1_602' title='bbox 2466 4588 2572 4640; x_wconf 88' lang='lat' dir='ltr'><strong>vita</strong></span> <span class='ocrx_word' id='word_1_603' title='bbox 2632 4581 3473 4658; x_wconf 8' lang='lat' dir='ltr'><strong>sanctaagAdtalhe&#39;ida:augustze</strong></span> <span class='ocrx_word' id='word_1_604' title='bbox 3504 4586 3558 4658; x_wconf 80' lang='lat'><strong>4.</strong></span> 
     </span>
    </p>
   </div>
   <div class='ocr_carea' id='block_1_82' title="bbox 290 4651 3561 4731">
    <p class='ocr_par' dir='ltr' id='par_1_82' title="bbox 290 4651 3561 4731">
     <span class='ocr_line' id='line_1_82' title="bbox 290 4651 3561 4731; baseline -0.002 -16"><span class='ocrx_word' id='word_1_605' title='bbox 290 4651 877 4731; x_wconf 60' lang='lat' dir='ltr'><strong>Epitaphium&#39;domnze</strong></span> <span class='ocrx_word' id='word_1_606' title='bbox 915 4655 1228 4731; x_wconf 63' lang='lat' dir='ltr'><strong>Adzilliehlae</strong></span> <span class='ocrx_word' id='word_1_607' title='bbox 1249 4662 1494 4731; x_wconf 71' lang='lat' dir='ltr'><strong>augustae</strong></span> <span class='ocrx_word' id='word_1_608' title='bbox 1530 4652 1589 4731; x_wconf 68' lang='grc' dir='ltr'><strong>εἰ.</strong></span> <span class='ocrx_word' id='word_1_609' title='bbox 1639 4653 1692 4731; x_wconf 60' lang='lat' dir='ltr'><strong>ti.</strong></span> <span class='ocrx_word' id='word_1_610' title='bbox 1740 4651 1933 4731; x_wconf 66' lang='lat' dir='ltr'><strong>Incipit</strong></span> <span class='ocrx_word' id='word_1_611' title='bbox 1982 4655 2233 4731; x_wconf 65' lang='lat' dir='ltr'><strong>protegas</strong></span> <span class='ocrx_word' id='word_1_612' title='bbox 2269 4651 2535 4731; x_wconf 46' lang='lat' dir='ltr'><strong>in:_v_ita_r_n</strong></span> <span class='ocrx_word' id='word_1_613' title='bbox 2576 4666 2776 4731; x_wconf 65' lang='lat' dir='ltr'><strong>sanctae</strong></span> <span class='ocrx_word' id='word_1_614' title='bbox 2803 4651 3155 4731; x_wconf 31' lang='lat' dir='ltr'><strong>ALAdalheidis&#39;</strong></span> <span class='ocrx_word' id='word_1_615' title='bbox 3198 4651 3561 4731; x_wconf 62' lang='lat' dir='ltr'><strong>imperatricis</strong></span> 
     </span>
    </p>
   </div>
   <div class='ocr_carea' id='block_1_83' title="bbox 287 4721 2697 4849">
    <p class='ocr_par' dir='ltr' id='par_1_83' title="bbox 287 4721 2697 4849">
     <span class='ocr_line' id='line_1_83' title="bbox 287 4721 2697 4796; baseline -0.001 -13"><span class='ocrx_word' id='word_1_616' title='bbox 287 4721 420 4789; x_wconf 57' lang='lat'><strong>7:8.</strong></span> <span class='ocrx_word' id='word_1_617' title='bbox 448 4721 502 4785; x_wconf 83' lang='lat'><strong>9.</strong></span> <span class='ocrx_word' id='word_1_618' title='bbox 533 4729 620 4783; x_wconf 92' lang='grc'><strong>10.</strong></span> <span class='ocrx_word' id='word_1_619' title='bbox 700 4727 744 4758; x_wconf 75' lang='grc'><strong>³⁸</strong></span> <span class='ocrx_word' id='word_1_620' title='bbox 772 4727 936 4781; x_wconf 90' lang='lat' dir='ltr'><strong>totius</strong></span> <span class='ocrx_word' id='word_1_621' title='bbox 966 4726 1018 4780; x_wconf 82' lang='lat'><strong>7.</strong></span> <span class='ocrx_word' id='word_1_622' title='bbox 1042 4726 1095 4779; x_wconf 93' lang='lat'><strong>8.</strong></span> <span class='ocrx_word' id='word_1_623' title='bbox 1127 4725 1180 4779; x_wconf 93' lang='lat'><strong>9.</strong></span> <span class='ocrx_word' id='word_1_624' title='bbox 1210 4727 1311 4793; x_wconf 15' lang='grc'><strong>10.</strong></span> <span class='ocrx_word' id='word_1_625' title='bbox 1331 4721 1348 4723; x_wconf 69' lang='grc'><strong><em>“</em></strong></span> <span class='ocrx_word' id='word_1_626' title='bbox 1376 4723 1420 4754; x_wconf 81' lang='grc'><strong>³³</strong></span> <span class='ocrx_word' id='word_1_627' title='bbox 1454 4723 1627 4777; x_wconf 82' lang='lat' dir='ltr'><strong>aulrix</strong></span> <span class='ocrx_word' id='word_1_628' title='bbox 1654 4721 1707 4777; x_wconf 76' lang='grc' dir='ltr'>ὅ.</span> <span class='ocrx_word' id='word_1_629' title='bbox 1734 4721 1787 4777; x_wconf 88' lang='grc'><strong>6.</strong></span> <span class='ocrx_word' id='word_1_630' title='bbox 1862 4723 1907 4755; x_wconf 82' lang='grc'>³³</span> <span class='ocrx_word' id='word_1_631' title='bbox 1937 4721 2168 4781; x_wconf 82' lang='lat' dir='ltr'><strong>celebris</strong></span> <span class='ocrx_word' id='word_1_632' title='bbox 2195 4728 2248 4781; x_wconf 79' lang='lat'><strong>3.</strong></span> <span class='ocrx_word' id='word_1_633' title='bbox 2330 4726 2375 4757; x_wconf 72' lang='lat'>”</span> <span class='ocrx_word' id='word_1_634' title='bbox 2401 4727 2619 4796; x_wconf 80' lang='lat' dir='ltr'><strong>indigne</strong></span> <span class='ocrx_word' id='word_1_635' title='bbox 2643 4726 2697 4780; x_wconf 79' lang='lat'><strong>5.</strong></span> 
     </span>
     <span class='ocr_line' id='line_1_84' title="bbox 293 4792 2697 4849; baseline 0 0"><span class='ocrx_word' id='word_1_636' title='bbox 293 4799 638 4849; x_wconf 74' lang='lat' dir='ltr'><strong>nrehensioni</strong></span> <span class='ocrx_word' id='word_1_637' title='bbox 665 4799 718 4849; x_wconf 87' lang='lat'><strong>4.</strong></span> <span class='ocrx_word' id='word_1_638' title='bbox 746 4798 1165 4849; x_wconf 69' lang='lat' dir='ltr'><strong>reprehensione</strong></span> <span class='ocrx_word' id='word_1_639' title='bbox 1208 4795 1260 4849; x_wconf 84' lang='lat'><strong>5.</strong></span> <span class='ocrx_word' id='word_1_640' title='bbox 1311 4793 1363 4848; x_wconf 81' lang='lat'><strong>7.</strong></span> <span class='ocrx_word' id='word_1_641' title='bbox 1396 4794 1448 4849; x_wconf 92' lang='lat'><strong>8.</strong></span> <span class='ocrx_word' id='word_1_642' title='bbox 1483 4794 1535 4848; x_wconf 88' lang='lat'><strong>9.</strong></span> <span class='ocrx_word' id='word_1_643' title='bbox 1569 4792 1653 4847; x_wconf 95' lang='grc'><strong>10.</strong></span> <span class='ocrx_word' id='word_1_644' title='bbox 1760 4793 1804 4824; x_wconf 84' lang='grc'><strong>³⁷</strong></span> <span class='ocrx_word' id='word_1_645' title='bbox 1826 4793 1990 4848; x_wconf 78' lang='lat' dir='ltr'><strong>deest.</strong></span> <span class='ocrx_word' id='word_1_646' title='bbox 2022 4794 2076 4849; x_wconf 77' lang='lat'><strong>3.</strong></span> <span class='ocrx_word' id='word_1_647' title='bbox 2183 4796 2226 4829; x_wconf 74' lang='grc'><strong>³⁸</strong></span> <span class='ocrx_word' id='word_1_648' title='bbox 2251 4812 2314 4849; x_wconf 90' lang='lat' dir='ltr'><strong>ac</strong></span> <span class='ocrx_word' id='word_1_649' title='bbox 2341 4796 2394 4849; x_wconf 94' lang='lat'><strong>4.</strong></span> <span class='ocrx_word' id='word_1_650' title='bbox 2509 4795 2554 4828; x_wconf 79' lang='grc'><strong>³⁸</strong></span> <span class='ocrx_word' id='word_1_651' title='bbox 2581 4798 2697 4849; x_wconf 81' lang='lat' dir='ltr'><strong>cuni</strong></span> 
     </span>
    </p>
   </div>
   <div class='ocr_carea' id='block_1_84' title="bbox 293 4788 1653 4869">
    <p class='ocr_par' dir='ltr' id='par_1_84' title="bbox 293 4788 1653 4869">
     <span class='ocr_line' id='line_1_85' title="bbox 293 4788 1653 4869; baseline -0.005 -15"><span class='ocrx_word' id='word_1_652' title='bbox 293 4799 638 4869; x_wconf 85' lang='lat' dir='ltr'><strong>prehensioni</strong></span> <span class='ocrx_word' id='word_1_653' title='bbox 665 4799 718 4852; x_wconf 90' lang='lat'><strong>4.</strong></span> <span class='ocrx_word' id='word_1_654' title='bbox 746 4798 1165 4869; x_wconf 71' lang='lat' dir='ltr'><strong>reprehensione</strong></span> <span class='ocrx_word' id='word_1_655' title='bbox 1208 4795 1260 4850; x_wconf 84' lang='lat'><strong>5.</strong></span> <span class='ocrx_word' id='word_1_656' title='bbox 1308 4788 1363 4848; x_wconf 46' lang='lat'><strong>&#39;7.</strong></span> <span class='ocrx_word' id='word_1_657' title='bbox 1396 4794 1448 4849; x_wconf 92' lang='lat'><strong>8.</strong></span> <span class='ocrx_word' id='word_1_658' title='bbox 1483 4794 1540 4869; x_wconf 92' lang='lat'><strong>9._</strong></span> <span class='ocrx_word' id='word_1_659' title='bbox 1569 4792 1653 4869; x_wconf 89' lang='grc'><strong>10.</strong></span> 
     </span>
    </p>
   </div>
   <div class='ocr_carea' id='block_1_85' title="bbox 292 4863 3227 4940">
    <p class='ocr_par' dir='ltr' id='par_1_85' title="bbox 292 4863 3227 4940">
     <span class='ocr_line' id='line_1_86' title="bbox 292 4863 3227 4940; baseline -0.002 -16"><span class='ocrx_word' id='word_1_660' title='bbox 292 4863 412 4925; x_wconf 81' lang='lat' dir='ltr'><strong>inus</strong></span> <span class='ocrx_word' id='word_1_661' title='bbox 440 4880 494 4925; x_wconf 90' lang='lat' dir='ltr'><strong>et</strong></span> <span class='ocrx_word' id='word_1_662' title='bbox 518 4870 783 4940; x_wconf 74' lang='lat' dir='ltr'><strong>ccepimus</strong></span> <span class='ocrx_word' id='word_1_663' title='bbox 807 4863 1017 4940; x_wconf 60' lang='lat' dir='ltr'><strong>reliqui.</strong></span> <span class='ocrx_word' id='word_1_664' title='bbox 1073 4866 1137 4940; x_wconf 64' lang='lat'><strong>__‘°</strong></span> <span class='ocrx_word' id='word_1_665' title='bbox 1159 4874 1480 4940; x_wconf 68' lang='lat' dir='ltr'><strong>exspectare</strong></span> <span class='ocrx_word' id='word_1_666' title='bbox 1498 4863 1724 4940; x_wconf 60' lang='lat' dir='ltr'><strong>deletos</strong></span> <span class='ocrx_word' id='word_1_667' title='bbox 1755 4864 1805 4918; x_wconf 91' lang='grc'><strong>1.</strong></span> <span class='ocrx_word' id='word_1_668' title='bbox 1879 4864 2018 4940; x_wconf 71' lang='lat' dir='ltr'><strong>“ex</strong></span> <span class='ocrx_word' id='word_1_669' title='bbox 2049 4866 2102 4940; x_wconf 86' lang='lat'><strong>_7_.</strong></span> <span class='ocrx_word' id='word_1_670' title='bbox 2136 4866 2206 4940; x_wconf 64' lang='grc' dir='ltr'><strong>Δ8.</strong></span> <span class='ocrx_word' id='word_1_671' title='bbox 2245 4869 2305 4940; x_wconf 79' lang='grc'>9.</span> <span class='ocrx_word' id='word_1_672' title='bbox 2334 4866 2427 4940; x_wconf 89' lang='grc'><strong>10.</strong></span> <span class='ocrx_word' id='word_1_673' title='bbox 2497 4866 2540 4898; x_wconf 77' lang='grc'><strong>⁸⁸</strong></span> <span class='ocrx_word' id='word_1_674' title='bbox 2567 4863 2708 4921; x_wconf 68' lang='lat' dir='ltr'><strong>deest</strong></span> <span class='ocrx_word' id='word_1_675' title='bbox 2732 4868 2794 4940; x_wconf 19' lang='lat' dir='ltr'><strong>A7.</strong></span> <span class='ocrx_word' id='word_1_676' title='bbox 2817 4868 2868 4921; x_wconf 88' lang='lat'><strong>8.</strong></span> <span class='ocrx_word' id='word_1_677' title='bbox 2899 4867 2953 4940; x_wconf 89' lang='lat'><strong>9_.</strong></span> <span class='ocrx_word' id='word_1_678' title='bbox 2998 4867 3083 4940; x_wconf 74' lang='grc'><strong>10.</strong></span> <span class='ocrx_word' id='word_1_679' title='bbox 3114 4863 3156 4940; x_wconf 43' lang='lat'><strong>‘_</strong></span> <span class='ocrx_word' id='word_1_680' title='bbox 3185 4865 3227 4895; x_wconf 71' lang='grc'><strong>⁵³</strong></span> 
     </span>
    </p>
   </div>
   <div class='ocr_carea' id='block_1_86' title="bbox 292 4933 3188 4996">
    <p class='ocr_par' dir='ltr' id='par_1_86' title="bbox 292 4933 3188 4996">
     <span class='ocr_line' id='line_1_87' title="bbox 292 4933 3188 4996; baseline -0.002 0"><span class='ocrx_word' id='word_1_681' title='bbox 292 4940 338 4972; x_wconf 76' lang='grc'><strong>⁸⁷⁵</strong></span> <span class='ocrx_word' id='word_1_682' title='bbox 365 4933 707 4996; x_wconf 69' lang='grc' dir='ltr'>ευδῑοεὶιίἰιιιι</span> <span class='ocrx_word' id='word_1_683' title='bbox 740 4939 792 4992; x_wconf 88' lang='grc'><strong>1.</strong></span> <span class='ocrx_word' id='word_1_684' title='bbox 815 4939 871 4992; x_wconf 73' lang='lat'><strong>2.</strong></span> <span class='ocrx_word' id='word_1_685' title='bbox 904 4933 957 4993; x_wconf 77' lang='lat'><strong>3.</strong></span> <span class='ocrx_word' id='word_1_686' title='bbox 983 4936 1036 4990; x_wconf 88' lang='lat'><strong>4.</strong></span> <span class='ocrx_word' id='word_1_687' title='bbox 1070 4936 1123 4991; x_wconf 84' lang='lat'><strong>5.</strong></span> <span class='ocrx_word' id='word_1_688' title='bbox 1153 4936 1206 4991; x_wconf 85' lang='lat'><strong>6.</strong></span> <span class='ocrx_word' id='word_1_689' title='bbox 1233 4933 1286 4990; x_wconf 65' lang='grc'>7⁷.</span> <span class='ocrx_word' id='word_1_690' title='bbox 1321 4936 1374 4992; x_wconf 84' lang='grc'>8.</span> <span class='ocrx_word' id='word_1_691' title='bbox 1405 4937 1459 4991; x_wconf 87' lang='grc'>9.</span> <span class='ocrx_word' id='word_1_692' title='bbox 1491 4935 1575 4989; x_wconf 90' lang='grc'><strong>10.</strong></span> <span class='ocrx_word' id='word_1_693' title='bbox 1638 4933 1682 4965; x_wconf 81' lang='grc'><strong>’⁵⁸</strong></span> <span class='ocrx_word' id='word_1_694' title='bbox 1710 4934 1895 4989; x_wconf 87' lang='lat' dir='ltr'><strong>lettam</strong></span> <span class='ocrx_word' id='word_1_695' title='bbox 1923 4936 1977 4989; x_wconf 84' lang='grc'><strong>1.</strong></span> <span class='ocrx_word' id='word_1_696' title='bbox 2046 4936 2091 4968; x_wconf 67' lang='grc'><strong><em>⁵⁸</em></strong></span> <span class='ocrx_word' id='word_1_697' title='bbox 2117 4937 2521 4993; x_wconf 88' lang='lat' dir='ltr'><strong>demedriadete</strong></span> <span class='ocrx_word' id='word_1_698' title='bbox 2549 4953 2688 4991; x_wconf 85' lang='lat' dir='ltr'><strong>corr.</strong></span> <span class='ocrx_word' id='word_1_699' title='bbox 2713 4937 3103 4992; x_wconf 86' lang='lat' dir='ltr'><strong>demetriadem</strong></span> <span class='ocrx_word' id='word_1_700' title='bbox 3138 4935 3188 4989; x_wconf 93' lang='grc'><strong>1.</strong></span> 
     </span>
    </p>
   </div>
   <div class='ocr_carea' id='block_1_87' title="bbox 1496 5005 2409 5078">
    <p class='ocr_par' dir='ltr' id='par_1_87' title="bbox 1496 5005 2409 5078">
     <span class='ocr_line' id='line_1_88' title="bbox 1496 5005 2409 5078; baseline -0.002 -16"><span class='ocrx_word' id='word_1_701' title='bbox 1496 5005 1719 5078; x_wconf 37' lang='lat' dir='ltr'><strong>Qadgr.</strong></span> <span class='ocrx_word' id='word_1_702' title='bbox 1753 5021 1890 5078; x_wconf 57' lang='lat' dir='ltr'><strong>corr.</strong></span> <span class='ocrx_word' id='word_1_703' title='bbox 1914 5021 2071 5078; x_wconf 61' lang='lat' dir='ltr'><strong>aggr.</strong></span> <span class='ocrx_word' id='word_1_704' title='bbox 2102 5006 2154 5060; x_wconf 90' lang='grc'><strong>1.</strong></span> <span class='ocrx_word' id='word_1_705' title='bbox 2181 5011 2332 5078; x_wconf 88' lang='lat' dir='ltr'><strong>adgr.</strong></span> <span class='ocrx_word' id='word_1_706' title='bbox 2354 5009 2409 5061; x_wconf 70' lang='grc'>2.</span> 
     </span>
    </p>
   </div>
   <div class='ocr_carea' id='block_1_88' title="bbox 290 5006 1395 5081">
    <p class='ocr_par' dir='ltr' id='par_1_88' title="bbox 290 5006 1395 5081">
     <span class='ocr_line' id='line_1_89' title="bbox 290 5006 1395 5081; baseline -0.003 -17"><span class='ocrx_word' id='word_1_707' title='bbox 290 5027 398 5081; x_wconf 89' lang='lat' dir='ltr'><strong>que</strong></span> <span class='ocrx_word' id='word_1_708' title='bbox 423 5011 590 5066; x_wconf 81' lang='lat' dir='ltr'><strong>deleto</strong></span> <span class='ocrx_word' id='word_1_709' title='bbox 615 5024 721 5077; x_wconf 91' lang='lat' dir='ltr'><strong>que</strong></span> <span class='ocrx_word' id='word_1_710' title='bbox 752 5012 802 5062; x_wconf 90' lang='grc'><strong>1.</strong></span> <span class='ocrx_word' id='word_1_711' title='bbox 832 5008 1032 5081; x_wconf 79' lang='lat' dir='ltr'><strong>septies</strong></span> <span class='ocrx_word' id='word_1_712' title='bbox 1061 5006 1193 5081; x_wconf 88' lang='lat'><strong>7._8.</strong></span> <span class='ocrx_word' id='word_1_713' title='bbox 1220 5009 1280 5081; x_wconf 74' lang='lat'><strong>9.</strong></span> <span class='ocrx_word' id='word_1_714' title='bbox 1304 5008 1395 5081; x_wconf 76' lang='grc'><strong>10.</strong></span> 
     </span>
    </p>
   </div>
   <div class='ocr_carea' id='block_1_89' title="bbox 2801 4720 3562 4798">
    <p class='ocr_par' dir='ltr' id='par_1_89' title="bbox 2801 4720 3562 4798">
     <span class='ocr_line' id='line_1_90' title="bbox 2801 4720 3562 4798; baseline -0.004 -18"><span class='ocrx_word' id='word_1_715' title='bbox 2801 4720 2846 4758; x_wconf 75' lang='grc'><strong>³³</strong></span> <span class='ocrx_word' id='word_1_716' title='bbox 2876 4726 2942 4793; x_wconf 86' lang='lat' dir='ltr'><strong>Q.</strong></span> <span class='ocrx_word' id='word_1_717' title='bbox 2972 4742 3103 4798; x_wconf 86' lang='lat' dir='ltr'><strong>ergo</strong></span> <span class='ocrx_word' id='word_1_718' title='bbox 3146 4744 3201 4798; x_wconf 89' lang='lat' dir='ltr'><strong>n.</strong></span> <span class='ocrx_word' id='word_1_719' title='bbox 3232 4720 3290 4781; x_wconf 64' lang='lat'><strong>4:</strong></span> <span class='ocrx_word' id='word_1_720' title='bbox 3332 4797 3338 4798; x_wconf 12' lang='lat'><em>7</em></span> <span class='ocrx_word' id='word_1_721' title='bbox 3398 4723 3444 4756; x_wconf 79' lang='grc'><strong>³⁸</strong></span> <span class='ocrx_word' id='word_1_722' title='bbox 3475 4739 3562 4798; x_wconf 79' lang='lat' dir='ltr'><strong>re-</strong></span> 
     </span>
    </p>
   </div>
   <div class='ocr_carea' id='block_1_90' title="bbox 2509 4794 3564 4865">
    <p class='ocr_par' dir='ltr' id='par_1_90' title="bbox 2509 4794 3564 4865">
     <span class='ocr_line' id='line_1_91' title="bbox 2509 4794 3564 4865; baseline -0.005 -13"><span class='ocrx_word' id='word_1_723' title='bbox 2509 4794 2554 4828; x_wconf 73' lang='lat'><strong>”</strong></span> <span class='ocrx_word' id='word_1_724' title='bbox 2581 4798 2830 4865; x_wconf 89' lang='lat' dir='ltr'><strong>cupimus</strong></span> <span class='ocrx_word' id='word_1_725' title='bbox 2871 4813 3008 4851; x_wconf 85' lang='lat' dir='ltr'><strong>corr.</strong></span> <span class='ocrx_word' id='word_1_726' title='bbox 3038 4794 3287 4865; x_wconf 67' lang='lat' dir='ltr'><strong>cupimus</strong></span> <span class='ocrx_word' id='word_1_727' title='bbox 3322 4797 3375 4865; x_wconf 88' lang='grc'><strong>1.</strong></span> <span class='ocrx_word' id='word_1_728' title='bbox 3415 4794 3564 4865; x_wconf 87' lang='lat' dir='ltr'><strong>cepi-</strong></span> 
     </span>
    </p>
   </div>
   <div class='ocr_carea' id='block_1_91' title="bbox 3256 4863 3559 4935">
    <p class='ocr_par' dir='ltr' id='par_1_91' title="bbox 3256 4863 3559 4935">
     <span class='ocr_line' id='line_1_92' title="bbox 3256 4863 3559 4935; baseline -0.003 -17"><span class='ocrx_word' id='word_1_729' title='bbox 3256 4863 3559 4935; x_wconf 57' lang='lat' dir='ltr'><strong>paulum].</strong></span> 
     </span>
    </p>
   </div>
   <div class='ocr_carea' id='block_1_92' title="bbox 3268 4934 3567 5001">
    <p class='ocr_par' dir='ltr' id='par_1_92' title="bbox 3268 4934 3567 5001">
     <span class='ocr_line' id='line_1_93' title="bbox 3268 4934 3567 5001; baseline -0.003 -13"><span class='ocrx_word' id='word_1_730' title='bbox 3268 4935 3309 4965; x_wconf 72' lang='grc'><strong>⁵⁷</strong></span> <span class='ocrx_word' id='word_1_731' title='bbox 3338 4934 3567 5001; x_wconf 83' lang='lat' dir='ltr'><strong>septies-</strong></span> 
     </span>
    </p>
   </div>
   <div class='ocr_carea' id='block_1_93' title="bbox 3174 5002 3571 5069">
    <p class='ocr_par' dir='ltr' id='par_1_93' title="bbox 3174 5002 3571 5069">
     <span class='ocr_line' id='line_1_94' title="bbox 3174 5002 3571 5069; baseline -0.003 -11"><span class='ocrx_word' id='word_1_732' title='bbox 3174 5020 3283 5060; x_wconf 90' lang='lat' dir='ltr'><strong>sse.</strong></span> <span class='ocrx_word' id='word_1_733' title='bbox 3331 5002 3571 5069; x_wconf 80' lang='lat' dir='ltr'><strong>Explicit</strong></span> 
     </span>
    </p>
   </div>
   <div class='ocr_carea' id='block_1_94' title="bbox 2183 4796 2394 4852">
    <p class='ocr_par' dir='ltr' id='par_1_94' title="bbox 2183 4796 2394 4852">
     <span class='ocr_line' id='line_1_95' title="bbox 2183 4796 2394 4852; baseline -0.009 -1"><span class='ocrx_word' id='word_1_734' title='bbox 2183 4796 2314 4852; x_wconf 66' lang='lat' dir='ltr'><strong>&quot;ac</strong></span> <span class='ocrx_word' id='word_1_735' title='bbox 2341 4796 2394 4849; x_wconf 93' lang='lat'><strong>4.</strong></span> 
     </span>
    </p>
   </div>
   <div class='ocr_carea' id='block_1_95' title="bbox 2520 5004 3067 5062">
    <p class='ocr_par' dir='ltr' id='par_1_95' title="bbox 2520 5004 3067 5062">
     <span class='ocr_line' id='line_1_96' title="bbox 2520 5004 3067 5062; baseline -0.009 0"><span class='ocrx_word' id='word_1_736' title='bbox 2520 5008 2566 5040; x_wconf 75' lang='grc'>⁸³</span> <span class='ocrx_word' id='word_1_737' title='bbox 2598 5008 2833 5062; x_wconf 89' lang='lat' dir='ltr'><strong>donante</strong></span> <span class='ocrx_word' id='word_1_738' title='bbox 2861 5005 2912 5058; x_wconf 78' lang='lat'><strong>4.</strong></span> <span class='ocrx_word' id='word_1_739' title='bbox 3022 5004 3067 5035; x_wconf 78' lang='grc'><strong>⁸⁸</strong></span> 
     </span>
    </p>
   </div>
   <div class='ocr_carea' id='block_1_96' title="bbox 294 5070 3568 5150">
    <p class='ocr_par' dir='ltr' id='par_1_96' title="bbox 294 5070 3568 5150">
     <span class='ocr_line' id='line_1_97' title="bbox 294 5070 3568 5150; baseline -0.003 -15"><span class='ocrx_word' id='word_1_740' title='bbox 294 5070 574 5150; x_wconf 59' lang='lat' dir='ltr'><strong>Prologus.</strong></span> <span class='ocrx_word' id='word_1_741' title='bbox 607 5070 801 5149; x_wconf 80' lang='lat' dir='ltr'><strong>Incipit</strong></span> <span class='ocrx_word' id='word_1_742' title='bbox 824 5070 954 5150; x_wconf 69' lang='lat' dir='ltr'><strong>vita.</strong></span> <span class='ocrx_word' id='word_1_743' title='bbox 985 5077 1107 5131; x_wconf 74' lang='lat' dir='ltr'><strong>Haec</strong></span> <span class='ocrx_word' id='word_1_744' title='bbox 1131 5077 1263 5150; x_wconf 82' lang='lat'><strong>7.8.</strong></span> <span class='ocrx_word' id='word_1_745' title='bbox 1296 5078 1349 5132; x_wconf 87' lang='lat'><strong>9.</strong></span> <span class='ocrx_word' id='word_1_746' title='bbox 1379 5077 1463 5150; x_wconf 84' lang='grc'><strong>10.</strong></span> <span class='ocrx_word' id='word_1_747' title='bbox 1529 5076 1585 5150; x_wconf 84' lang='lat'><strong>_‘“</strong></span> <span class='ocrx_word' id='word_1_748' title='bbox 1620 5070 1831 5150; x_wconf 69' lang='lat' dir='ltr'><strong>sextum</strong></span> <span class='ocrx_word' id='word_1_749' title='bbox 1861 5070 2084 5150; x_wconf 62' lang='lat' dir='ltr'><strong>LEIBN.</strong></span> <span class='ocrx_word' id='word_1_750' title='bbox 2160 5078 2207 5110; x_wconf 76' lang='grc'>⁸³</span> <span class='ocrx_word' id='word_1_751' title='bbox 2229 5070 2399 5150; x_wconf 59' lang='grc' dir='ltr'><strong>άὶξξι.</strong></span> <span class='ocrx_word' id='word_1_752' title='bbox 2426 5078 2483 5131; x_wconf 83' lang='lat'><strong>4.</strong></span> <span class='ocrx_word' id='word_1_753' title='bbox 2520 5148 2528 5150; x_wconf 21' lang='grc' dir='ltr'>ν</span> <span class='ocrx_word' id='word_1_754' title='bbox 2561 5077 2856 5150; x_wconf 53' lang='grc' dir='ltr'><strong>⁸³0098νὲ</strong></span> <span class='ocrx_word' id='word_1_755' title='bbox 2876 5075 2930 5127; x_wconf 78' lang='lat'><strong>5.</strong></span> <span class='ocrx_word' id='word_1_756' title='bbox 3006 5073 3054 5105; x_wconf 73' lang='lat'><strong>“</strong></span> <span class='ocrx_word' id='word_1_757' title='bbox 3082 5070 3306 5150; x_wconf 54' lang='lat' dir='ltr'><strong>deest].</strong></span> <span class='ocrx_word' id='word_1_758' title='bbox 3330 5070 3451 5150; x_wconf 60' lang='lat'><strong>8:9.</strong></span> <span class='ocrx_word' id='word_1_759' title='bbox 3479 5071 3568 5127; x_wconf 90' lang='grc'><strong>10.</strong></span> 
     </span>
    </p>
   </div>
   <div class='ocr_carea' id='block_1_97' title="bbox 296 5140 3570 5236">
    <p class='ocr_par' dir='ltr' id='par_1_97' title="bbox 296 5140 3570 5236">
     <span class='ocr_line' id='line_1_98' title="bbox 296 5140 3570 5236; baseline -0.004 -29"><span class='ocrx_word' id='word_1_760' title='bbox 296 5152 339 5184; x_wconf 81' lang='grc'>⁸⁸</span> <span class='ocrx_word' id='word_1_761' title='bbox 370 5140 632 5236; x_wconf 47' lang='lat' dir='ltr'><strong>Inidia-rius</strong></span> <span class='ocrx_word' id='word_1_762' title='bbox 658 5140 802 5236; x_wconf 36' lang='lat'><strong>4:2};</strong></span> <span class='ocrx_word' id='word_1_763' title='bbox 863 5148 1340 5236; x_wconf 40' lang='lat' dir='ltr'><strong>‘tlluthozgiuicum</strong></span> <span class='ocrx_word' id='word_1_764' title='bbox 1371 5147 1423 5236; x_wconf 57' lang='lat' dir='ltr'><strong>4n.</strong></span> <span class='ocrx_word' id='word_1_765' title='bbox 1452 5146 1782 5236; x_wconf 43' lang='lat' dir='ltr'><strong>lu‘dovtvigum</strong></span> <span class='ocrx_word' id='word_1_766' title='bbox 1886 5150 1942 5204; x_wconf 90' lang='lat'><strong>8.</strong></span> <span class='ocrx_word' id='word_1_767' title='bbox 1975 5147 2028 5202; x_wconf 91' lang='lat'><strong>9.</strong></span> <span class='ocrx_word' id='word_1_768' title='bbox 2066 5148 2172 5236; x_wconf 45' lang='grc'>110..</span> <span class='ocrx_word' id='word_1_769' title='bbox 2228 5149 2272 5236; x_wconf 58' lang='grc' dir='ltr'><strong>ξς</strong></span> <span class='ocrx_word' id='word_1_770' title='bbox 2299 5148 2571 5236; x_wconf 44' lang='lat' dir='ltr'><strong>hlethpario</strong></span> <span class='ocrx_word' id='word_1_771' title='bbox 2601 5145 2654 5198; x_wconf 83' lang='lat'><strong>4.</strong></span> <span class='ocrx_word' id='word_1_772' title='bbox 2683 5145 2755 5236; x_wconf 44' lang='lat' dir='ltr'><strong>&#39;5&#39;;Y</strong></span> <span class='ocrx_word' id='word_1_773' title='bbox 2811 5143 2857 5175; x_wconf 81' lang='grc'><strong>⁵⁸</strong></span> <span class='ocrx_word' id='word_1_774' title='bbox 2882 5142 3211 5236; x_wconf 55' lang='lat' dir='ltr'><strong>sanctam}:</strong></span> <span class='ocrx_word' id='word_1_775' title='bbox 3237 5144 3289 5225; x_wconf 63' lang='lat'><strong>8.</strong></span> <span class='ocrx_word' id='word_1_776' title='bbox 3310 5220 3326 5236; x_wconf 45' lang='lat'><strong>‘</strong></span> <span class='ocrx_word' id='word_1_777' title='bbox 3363 5140 3410 5236; x_wconf 62' lang='grc' dir='ltr'><strong>ξ’</strong></span> <span class='ocrx_word' id='word_1_778' title='bbox 3433 5157 3490 5210; x_wconf 92' lang='lat' dir='ltr'><strong>p.</strong></span> <span class='ocrx_word' id='word_1_779' title='bbox 3519 5157 3570 5236; x_wconf 66' lang='grc' dir='ltr'><strong>ι’.</strong></span> 
     </span>
    </p>
   </div>
   <div class='ocr_carea' id='block_1_98' title="bbox 468 5217 1581 5236">
    <p class='ocr_par' dir='ltr' id='par_1_98' title="bbox 468 5217 1581 5236">
     <span class='ocr_line' id='line_1_99' title="bbox 468 5217 1581 5236; baseline 0 0"><span class='ocrx_word' id='word_1_780' title='bbox 468 5223 536 5236; x_wconf 43' lang='grc' dir='ltr'><strong>ν-</strong></span> <span class='ocrx_word' id='word_1_781' title='bbox 587 5224 617 5236; x_wconf 72' lang='grc' dir='ltr'>η</span> <span class='ocrx_word' id='word_1_782' title='bbox 658 5225 684 5236; x_wconf 71' lang='grc' dir='ltr'>ιι</span> <span class='ocrx_word' id='word_1_783' title='bbox 745 5222 802 5236; x_wconf 72' lang='lat' dir='ltr'><strong>In</strong></span> <span class='ocrx_word' id='word_1_784' title='bbox 902 5220 949 5236; x_wconf 64' lang='lat' dir='ltr'><strong>an</strong></span> <span class='ocrx_word' id='word_1_785' title='bbox 1016 5217 1191 5236; x_wconf 58' lang='lat' dir='ltr'><strong>_,_._!IE-</strong></span> <span class='ocrx_word' id='word_1_786' title='bbox 1232 5218 1247 5236; x_wconf 78' lang='grc' dir='ltr'>ι</span> <span class='ocrx_word' id='word_1_787' title='bbox 1306 5220 1335 5236; x_wconf 70' lang='grc' dir='ltr'>ιι</span> <span class='ocrx_word' id='word_1_788' title='bbox 1390 5220 1421 5236; x_wconf 79' lang='lat' dir='ltr'><strong>n</strong></span> <span class='ocrx_word' id='word_1_789' title='bbox 1476 5217 1509 5236; x_wconf 87' lang='lat' dir='ltr'><strong>n</strong></span> <span class='ocrx_word' id='word_1_790' title='bbox 1565 5218 1581 5236; x_wconf 78' lang='grc' dir='ltr'><strong>Ι</strong></span> 
     </span>
    </p>
   </div>
   <div class='ocr_carea' id='block_1_99' title="bbox 2238 5211 3358 5236">
    <p class='ocr_par' dir='ltr' id='par_1_99' title="bbox 2238 5211 3358 5236">
     <span class='ocr_line' id='line_1_100' title="bbox 2238 5211 3358 5236; baseline 0 0"><span class='ocrx_word' id='word_1_791' title='bbox 2238 5219 2267 5236; x_wconf 77' lang='lat' dir='ltr'><strong><em>n</em></strong></span> <span class='ocrx_word' id='word_1_792' title='bbox 2368 5217 2407 5236; x_wconf 78' lang='grc' dir='ltr'><strong>ιι</strong></span> <span class='ocrx_word' id='word_1_793' title='bbox 2438 5217 2479 5236; x_wconf 66' lang='lat' dir='ltr'><strong>1L</strong></span> <span class='ocrx_word' id='word_1_794' title='bbox 2496 5233 2519 5235; x_wconf 33' lang='grc' dir='ltr'><strong>κ-</strong></span> <span class='ocrx_word' id='word_1_795' title='bbox 2540 5233 2549 5235; x_wconf 67' lang='lat'><strong><em>_</em></strong></span> <span class='ocrx_word' id='word_1_796' title='bbox 2570 5231 2625 5236; x_wconf 88' lang='lat'><strong>--.</strong></span> <span class='ocrx_word' id='word_1_797' title='bbox 2690 5212 2825 5236; x_wconf 62' lang='grc' dir='ltr'>1λῖ-..</span> <span class='ocrx_word' id='word_1_798' title='bbox 2863 5228 2983 5236; x_wconf 57' lang='grc' dir='ltr'><strong>---Α</strong></span> <span class='ocrx_word' id='word_1_799' title='bbox 3012 5211 3206 5236; x_wconf 62' lang='grc' dir='ltr'><strong>--Αζλξι</strong></span> <span class='ocrx_word' id='word_1_800' title='bbox 3243 5214 3283 5236; x_wconf 73' lang='lat'><strong>-2</strong></span> <span class='ocrx_word' id='word_1_801' title='bbox 3310 5220 3358 5236; x_wconf 71' lang='grc' dir='ltr'>ι..</span> 
     </span>
    </p>
   </div>
  </div>
