4072 5350
552 306 656 362 975

1546 294 1607 354 S.
1644 286 1960 355 ODILOMS
1998 296 2495 356 CLUNIACENSIS
2531 296 2822 355 ABBATIS
2852 297 2898 355 Υ

3714 302 3829 360 970

549 427 670 468 rum
704 409 818 467 Deo
850 416 1121 467 annuente
1145 406 1462 478 possederat
1489 392 1673 478 regna,
1704 416 1786 464 tot
1810 423 1875 464 ex
1898 407 2133 479 propriis
2159 416 2207 476 Α
2235 416 2482 464 vocatus.
2510 404 2569 463 ln
2607 407 2723 479 ipso
2749 402 2879 463 vero
2917 406 2984 441 ¹⁸¹
3016 407 3343 465 monasterio
3366 407 3666 466 claustrum
3700 425 3827 467 mo-

545 485 865 575 sumptibus
876 503 943 559 ad
978 503 1240 561 honorem
1269 500 1431 572 Regis
1464 515 1647 572 regum
1671 499 1911 556 condidit
1944 514 2134 555 mona-
2231 502 2424 558 nacliis
2457 502 2590 558 satis
2630 510 2815 572 aptum
2848 502 3198 572 praeparavit,
3235 510 3292 557 et
3324 502 3627 558 secundum
3656 519 3826 576 regu-

544 605 761 740 ῃῑῖῒη
791 683 965 753 patris
987 698 1142 746 vero,
1176 681 1387 738 Rodulﬁ
1425 682 1493 713 ¹⁵⁸
1522 680 1773 736 videlicet
1801 681 1869 712 ³⁵⁸
1901 680 2127 737 nobilis-

542 774 665 829 simi
698 773 859 844 regis,
886 780 944 828 et
979 772 1161 827 domni
1192 770 1499 826 Cimonradi
1531 770 1597 801 ¹⁶⁰
1626 769 1814 824 fratris
1837 784 2003 840 regno
2032 768 2125 834 ίθί,

538 865 660 920 loco
686 863 942 920 videlicet
969 862 1295 917 Paterniaco
1325 860 1439 932 (87)
1458 900 1471 924 ,
1505 859 1595 914 ubi
1623 867 1849 912 matrem
1882 859 2126 929 reginam

537 952 800 1013 vocabulo
827 946 898 990 ³⁸³
922 954 1178 1009 Bertham
1213 954 1281 985 ¹⁶³
1310 951 1421 1024 (88)
1449 993 1464 1018 ,
1501 952 1612 1008 Deo
1643 952 1697 1006 in
1722 952 1869 1006 omni
1903 951 2125 1006 humili-

537 1056 650 1101 tate
680 1046 746 1078 ³⁸⁸
771 1046 1046 1110 devotam,
1074 1043 1367 1113 sepultum
1399 1041 1641 1107 tradidit,
1665 1042 1716 1095 in
1740 1042 2000 1096 honorem
2025 1040 2124 1097 Dei

536 1135 819 1204 genitricis
841 1135 1230 1191 monasterium
1250 1132 1512 1199 condidit,
1536 1141 1591 1186 et
1615 1131 1962 1187 sanctissimo
1977 1132 2121 1202 patri

535 1228 732 1285 Maiolo
775 1229 996 1298 suisque
1050 1226 1459 1282 successuribus
1498 1240 1595 1280 sua
1656 1224 2025 1280 muniﬁcentia
2065 1233 2123 1280 et

535 1319 726 1374 fratris
769 1320 852 1375 sui
890 1318 1199 1375 Chuonradi
1238 1317 1382 1388 regis
1422 1325 1694 1387 praecepto
1733 1316 2118 1384 ordinandum,

530 1418 792 1480 perpetuo
814 1408 1087 1465 commisit
1114 1408 1181 1440 ¹⁶⁸
1204 1408 1337 1478 (89).
1368 1407 1718 1463 Postmodum
1765 1405 1879 1477 (an.
1911 1406 2037 1477 98l)
2062 1408 2117 1461 in

529 1500 684 1555 italia
702 1499 859 1568 juxta
891 1498 1232 1554 'l‘iciuensem
1263 1498 1453 1553 urbem
1482 1496 1875 1553 monasterium
1922 1514 1954 1551 a
1991 1496 2116 1552 fun-

529 1590 800 1645 damentis
826 1589 897 1622 “'
918 1590 1118 1659 incepit
1142 1598 1195 1645 et
1223 1590 1290 1644 ad
1314 1589 1577 1645 honorem
1602 1588 1902 1645 Salvatoris
1927 1588 2113 1644 mundi

526 1680 827 1738 honoriﬁce
851 1682 1116 1752 imperiali
1150 1682 1474 1738 auctoritate
1501 1691 1557 1736 et
1580 1697 1676 1737 sua
1713 1681 2017 1753 largissima
2043 1682 2109 1714 ⁸⁸⁷

2230 590 2338 646 lam
2365 592 2538 647 sancti
2565 592 2839 647 Benedicti
2870 593 3126 647 ordinare
3147 591 3406 648 decrevit.
3438 594 3707 650 Abbatem
3739 594 3823 650 ibi

2228 682 2471 752 praefecit
2513 683 2732 738 nomine
2776 683 3171 754 Eccemagnum
3213 684 3279 715 η’
3309 682 3456 752 (95),
3488 684 3620 739 boni
3661 685 3824 740 testi-

2231 774 2396 829 monii
2444 773 2652 839 virum,
2706 774 2943 828 humana
2976 773 3202 828 scientia
3240 784 3297 828 et
3325 774 3504 828 divina
3541 774 3817 845 sapientia

2226 866 2467 932 doctum,
2494 881 2653 937 quem
2688 865 2739 920 in
2769 866 2966 921 divinis
2993 865 3190 921 litteris
3224 866 3428 922 habere
3463 866 3634 921 voluit
3664 868 3816 922 assi-

2225 955 2331 1010 due
2360 964 2770 1026 praeceptorem.
2805 954 2980 1025 lpsum
3010 956 3143 1010 vero
3171 956 3558 1011 monaSIerium
3582 954 3653 989 ⁸⁸³
3674 957 3817 1013 adeo

2225 1046 2418 1100 ditavit
2452 1054 2507 1100 et
2537 1045 2842 1101 nobilitavit
2866 1046 3110 1115 prazdiis,
3136 1047 3399 1111 :ediliciis,
3425 1061 3559 1101 auro
3586 1057 3642 1101 et
3664 1062 3811 1117 gem-

2218 1133 2346 1200 mis,
2365 1142 2434 1213 _et
2478 1133 2548 1167 ³⁸⁸
2584 1135 2829 1190 vestibus
2871 1136 3287 1205 preciosissimis
3312 1177 3326 1201 ,
3369 1136 3595 1206 aliisque
3638 1138 3813 1192 variis

2220 1234 2510 1281 ornatuum
2548 1226 2969 1297 supellectilibus
2990 1222 3088 1294 η’,
3122 1237 3182 1281 ut
3207 1227 3370 1281 nichil
3391 1229 3604 1284 deesset
3628 1227 3722 1282 illo
3751 1228 3806 1282 in

2216 1314 2338 1372 loco
2370 1316 2482 1372 Deo
2529 1316 2942 1373 famulantibus.
2980 1317 3248 1385 Quattuor
3281 1317 3395 1389 (96)
3436 1318 3581 1388 quod
3620 1318 3695 1352 ¹⁶⁶
3718 1335 3811 1374 su-

2217 1408 2529 1478 pervixerat
2552 1398 2623 1441 ⁵⁸⁷
2650 1424 2824 1465 annos
2847 1409 3091 1465 Creatori
3122 1425 3223 1466 suo
3257 1425 3354 1465 sua
3386 1420 3554 1481 seque
3589 1407 3803 1473 dando,

2217 1512 2484 1568 pauperes
2504 1496 2707 1554 Christi
2736 1508 2793 1554 et
2821 1513 3009 1555 servos
3029 1499 3133 1555 sibi
3164 1498 3458 1569 adquisivit
3485 1501 3716 1565 amicos,
3739 1507 3799 1553 ut

2216 1604 2342 1643 cum
2383 1588 2451 1620 ¹⁸⁸
2480 1588 2797 1660 temporalia
2841 1589 3158 1657 deﬁcerent,
3207 1589 3262 1644 in
3299 1597 3505 1645 aeterna
3538 1587 3804 1646 taberna-

2214 1681 2335 1736 cula
2366 1678 2432 1715 ³⁸³
2460 1690 2580 1737 eam
2609 1682 2919 1753 reciperent
2942 1667 3035 1737 θ’.

529 1773 820 1829 donatione
842 1772 1089 1843 perfecit,
1107 1773 1325 1842 praediis
1348 1781 1404 1827 et
1424 1773 1761 1828 ornamentis
1780 1772 2116 1844 amplissime
2143 1764 2193 1824 B
2291 1773 2380 1827 11.
2411 1772 2546 1829 Cum
2574 1773 2741 1845 igitur
2764 1772 2990 1828 summis
3014 1784 3091 1827 rei
3112 1770 3343 1843 publica:
3361 1769 3603 1829 fascibus
3625 1770 3808 1842 impli-

526 1863 719 1918 ditavit
744 1862 811 1896 ¹⁶³
830 1903 846 1928 ,
877 1878 940 1919 ac
959 1863 1072 1933 iam
1102 1864 1245 1918 dicto
1270 1863 1413 1933 patri
1444 1863 1511 1896 ¹⁶⁹
1534 1862 1731 1919 Maiolo
1750 1863 2115 1920 ordinandum

524 1953 852 2024 regulariter
880 1952 1103 2009 tradidit
1132 1954 1268 2025 (90).
1300 1954 1359 2008 in
1390 1953 1629 2010 Saxonia
1675 1968 1805 2010 vero
1833 1963 1959 2026 post
2000 1954 2114 2010 dis-

524 2058 740 2100 cessum
790 2045 861 2078 "°
904 2042 1019 2113 jam
1064 2033 1194 2099 dicti
1242 2044 1320 2100 rei
1376 2045 1605 2114 publica!
1674 2045 1967 2116 principis,
2021 2060 2115 2102 co-

522 2144 794 2205 operante
853 2137 1011 2191 unica
1060 2136 1124 2167 ¹⁷¹
1155 2135 1555 2206 sapientissima
1601 2145 1656 2190 et
1694 2136 2114 2206 prudentissima

521 2226 633 2282 filia
654 2227 768 2299 (9i)
783 2269 797 2293 ,
825 2226 1317 2283 sanctimonialium
1337 2226 1604 2283 ccenobiis
1627 2226 1858 2297 plurima
1880 2225 2114 2282 contulit

524 2317 687 2371 dona.

588 2408 679 2464 1ο.
709 2409 851 2464 Ante
892 2410 1270 2466 duodecimum
1310 2408 1540 2466 circiter
1560 2410 1748 2466 obitus
1784 2410 1868 2467 sui
1906 2424 2109 2468 annum

519 2505 631 2576 (an.
664 2504 821 2575 987),
850 2504 902 2558 in
932 2508 1052 2559 loco
1084 2504 1178 2573 qui
1206 2504 1409 2559 dicitur
1443 2502 1596 2559 Salsa
1630 2504 1765 2576 (92),
1795 2505 1984 2561 urbem
2016 2504 2111 2561 de-

518 2595 692 2650 crevit
723 2595 840 2650 ﬁeri
872 2595 972 2650 sub
1000 2595 1254 2650 iibertate
1283 2594 1529 2651 Romana
1567 2596 1720 2667 (25),
1747 2612 1908 2667 quem
1947 2596 2109 2653 allec-

516 2693 633 2737 tum
666 2693 851 2753 postea
880 2685 952 2738 ad
980 2681 1282 2753 perfectum
1314 2683 1565 2753 perduxit
1591 2684 1868 2742 eﬂcctum.
1897 2686 1956 2741 in
1988 2686 2109 2757 ipso

516 2774 680 2829 etiam
699 2775 768 2805 ¹⁷²
791 2774 910 2829 loco
932 2774 1321 2830 monasterium
1343 2789 1376 2829 a
1397 2773 1764 2832 fundamentis
1779 2776 1917 2833 miro
1936 2782 2105 2848 opere

516 2864 776 2928 condidit,
810 2872 865 2919 et
892 2863 961 2919 ad
997 2863 1256 2919 honorem
1284 2864 1378 2920 Dei
1403 2873 1459 2921 et
1505 2866 1871 2936 apostolorum
1902 2867 2107 2938 princi-

516 2958 631 3024 pis,
664 2956 826 3011 tertio
851 2956 1156 3026 imperante
1186 2955 1384 3012 Ottone
1416 2966 1615 3028 nepote
1657 2959 1725 2991 ‘7'
1754 2973 1854 3015 suo
1879 2958 1936 3013 in
1961 2974 2105 3030 prae-

515 3050 811 3104 scntiarum
840 3063 1026 3104 secum
1052 3049 1120 3081 ⁸⁷⁸
1143 3057 1388 3106 asstante
1418 3049 1487 3081 "'
1503 3088 1520 3117 ,
1542 3059 1742 3121 quarto
1760 3050 1974 3107 decimo
1995 3051 2104 3107 Kas

2214 1873 2337 1919 cata
2363 1872 2657 1931 teneretur,
2689 1864 2860 1920 variis
2883 1864 3205 1919 miserorum
3229 1874 3284 1918 et
3304 1863 3526 1934 inopum
3556 1864 3808 1919 anxieta-

2217 1955 2361 2011 tibus
2403 1953 2643 2009 subsidia
2683 1953 2924 2023 praebere
2962 1969 3069 2009 non
3101 1953 3514 2023 dedignabatur.
3557 1950 3807 2022 Cumque

2214 2042 2490 2110 miriﬁcis,
2532 2049 2591 2097 ut
2633 2041 2903 2113 imperiali
2939 2042 3190 2115 dignitati
3236 2041 3603 2112 congruebat,
3646 2042 3801 2095 vale-

2212 2145 2297 2190 ret
2331 2132 2396 2166 ¹⁹¹
2425 2149 2621 2205 corpus
2648 2134 2909 2191 decorare
2930 2133 3264 2190 indumentis
3288 2142 3345 2189 et
3374 2132 3805 2203 preciosissimis

2210 2235 2373 2291 caput
2405 2225 2661 2280 redimire
2701 2224 2767 2257 ¹⁹¹
2795 2225 3052 2296 gemmis,
3087 2224 3285 2280 talibus
3327 2223 3540 2280 uolebat
3571 2225 3635 2279 se
3669 2237 3797 2293 gra-

2208 2333 2339 2373 vare
2358 2317 2425 2349 ¹⁹³
2448 2318 2893 2389 implicamentis;
2918 2318 3011 2374 sed
3034 2300 3139 2373 aut‘
3160 2318 3488 2388 pauperibus
3513 2316 3796 2387 largienda

2210 2409 2556 2472 decernebat,
2581 2415 2673 2462 aut
2693 2408 2979 2464 dominica:
2998 2407 3180 2464 crucis
3201 2407 3398 2463 vexilla
3425 2408 3493 2440 ⁸⁸⁵
3511 2416 3568 2462 et
3589 2406 3800 2462 Christi

2209 2495 2497 2571 Erangelia
2529 2492 2596 2531 ⁸⁸⁸
2617 2500 2815 2557 exinde
2839 2500 3098 2556 adornari
3134 2500 3202 2534 ⁸⁸⁸
3222 2500 3450 2571 parabat
3474 2499 3541 2532 ¹⁹⁷
3567 2516 3585 2566 ;
3609 2498 3797 2555 sedula

2209 2589 2472 2644 imitatrix
2506 2590 2589 2645 sui
2633 2590 2878 2647 existens
2913 2589 3328 2661 Redemptoris;
3357 2588 3452 2658 qui
3488 2598 3616 2643 cum
3651 2596 3798 2642 esset

2198 2684 2448 2740 omnium
2477 2682 2798 2751 altissimus,
2827 2682 3185 2739 humanitatis
3227 2682 3434 2753 alsjecta
3473 2680 3688 2753 perpeti
3726 2679 3799 2713 ¹⁹⁸

2208 2789 2313 2831 non
2341 2783 2425 2831 est
2447 2775 2790 2846 dedignatus.
2821 2774 3130 2831 innumeris
3149 2782 3409 2846 praeterea
3433 2782 3544 2828 tam
3569 2772 3795 2828 canoni-

2205 2881 2392 2920 corum
2420 2881 2585 2936 quam
2609 2866 2774 2922 etiam
2801 2867 3191 2923 monachorum
3220 2865 3791 2922 etsanctimdnialium

2205 2959 2501 3025 cteriobiis,
2537 2960 2962 3032 circumquaque
3000 2974 3098 3030 per
3132 2960 3376 3016 diversas
3417 2960 3568 3014 Orbis
3608 2968 3798 3028 partes

2204 3051 2541 3117 constitutis,
2574 3052 2806 3123 plurima
2837 3052 3169 3123 largiebatur
3194 3049 3455 3106 beneﬁcia
3486 3042 3586 3116 *”;
3615 3050 3799 3119 quati-

513 3142 701 3197 lendas
727 3140 1042 3197 Decembris
1066 3140 1180 3213 (94)
1208 3141 1589 3212 augustissime
1614 3153 1672 3197 et
1704 3142 2049 3202 devotissime
2069 3159 2100 3199 a
2129 3129 2174 3191 C
2208 3157 2310 3201 nus
2342 3145 2454 3200 Deo
2482 3143 2856 3200 famulantium
2887 3145 3101 3217 agmina
3138 3144 3256 3214 ejus
3286 3142 3538 3199 muniﬁca
3566 3142 3789 3213 dapsili-

516 3230 829 3288 Wideraldo
859 3233 927 3265 ιη
973 3233 1284 3305 Argentinae
1337 3234 1576 3290 civitatis
1632 3235 1888 3308 episcOpo
1916 3252 2106 3295 conse-

514 3325 657 3379 crari
684 3324 753 3358 ""
776 3326 940 3397 jussit
967 3326 1078 3398 (an.
1113 3325 1244 3391 996,
1280 3324 1415 3381 Nov.
1442 3326 1552 3395 18).
1578 3327 1647 3382 Et
1690 3335 1750 3383 ut
1775 3326 1968 3397 majori
2006 3345 2104 3384 au-

507 3417 769 3474 ctoritate
791 3432 890 3489 per
925 3418 1268 3474 succedentia
1301 3417 1369 3450 ¹⁷⁸
1400 3426 1702 3490 temporum
1743 3418 1811 3452 ’⁷³
1840 3428 1985 3477 esset
2013 3421 2103 3478 ille

512 3522 671 3563 sacer
701 3507 856 3563 locus
902 3508 1167 3564 subnixus
1199 3508 1298 3576 1”,
1341 3526 1463 3565 cum
1510 3509 1738 3582 prtel‘ato
1772 3527 1976 3569 caesare
2015 3524 2099 3570 est

508 3599 677 3654 etiam
706 3600 1085 3671 episc0porum
1112 3610 1411 3656 conventus
1446 3616 1476 3655 a
1514 3616 1659 3671 smpe
1685 3602 1828 3658 dicta
1873 3611 1928 3657 et
1959 3619 2101 3676 srepe

504 3691 739 3747 dicenda
770 3692 1068 3748 Adalhcida
1092 3702 1339 3762 augusta,
1365 3692 1535 3764 ipsius
1555 3694 1776 3749 caesaris
1801 3695 1945 3759 avia,
1972 3710 2100 3750 con-

2208 3244 2319 3290 tate
2346 3243 2614 3302 recreata,
2642 3235 2869 3291 liberius
2897 3236 2998 3291 sibi
3044 3236 3231 3306 reique
3264 3232 3493 3304 publicae
3529 3233 3794 3288 divinitus

2205 3325 2534 3382 conferenda
2561 3324 2913 3393 implorarent
2939 3324 3194 3393 suﬁ‘ragia
3227 3324 3365 3397 (97).

2278 3420 2365 3475 l2.
2397 3418 2453 3473 In
2496 3419 2706 3473 cunctis
2746 3417 2890 3473 enim
2930 3433 3049 3487 quae
3081 3418 3248 3488 geSsit
3280 3416 3515 3486 justicite
3553 3414 3789 3469 formam

2206 3511 2780 3577 tenuit,communem
2807 3507 3182 3563 liberalitatem
3242 3507 3513 3572 servavit;
3554 3506 3790 3562 credens

2206 3621 2330 3663 eum
2355 3603 2542 3675 procul
2564 3601 2727 3657 dubio
2746 3600 2981 3671 iudicem
3015 3600 3275 3664 futurum,
3299 3609 3460 3671 Quem
3490 3607 3549 3655 et
3572 3597 3786 3654 occulta

2208 3713 2314 3752 non
2349 3696 2538 3751 fallant
2569 3688 2639 3728 ⁶⁰⁶
2671 3703 2725 3750 et
2756 3695 3009 3751 indecora
3041 3693 3319 3749 offendant
3351 3699 3407 3748 et
3435 3694 3662 3748 honesta
3690 3690 3790 3747 de-

1785 3810 2017 3866 VARUE
2054 3810 2462 3868 LECTIONES.

510 3938 515 3943 ,
583 3879 651 3911 ³⁸⁸
680 3879 933 3935 ruotholﬁ
979 3880 1031 3933 ὦ.

506 3951 559 4005 7.
594 3951 646 4006 9.
680 3950 768 4006 10.
868 3951 933 3982 ²⁶²
958 3950 1178 4006 nomine
1203 3950 1257 4004 5.
1365 3949 1433 3981 ’³³
1474 3951 1687 4004 bertam
1740 3951 1792 4004 1.

509 4092 576 4125 ’τ’
603 4092 748 4148 enim
801 4093 889 4147 10.

507 4162 658 4218 raldo
708 4162 798 4216 10.

1135 3879 1206 3911 *⁸⁸
1235 3896 1285 3934 v.
1331 3895 1388 3933 ιι.
1417 3895 1464 3933 r.
1506 3888 1560 3935 et
1596 3880 1650 3934 d.
1690 3879 1750 3935 C.
1796 3882 1835 3933 l'.
1876 3898 1920 3935 r.
1964 3882 2084 3937 loco
2108 3883 2294 3937 desunt
2320 3882 2372 3938 8.
2399 3898 2449 3936 v.
2480 3891 2611 3937 etn.
2638 3880 2689 3935 7.
2717 3882 2770 3937 9.
2802 3881 2888 3937 10.

1897 3952 1962 3983 ’⁸³
1998 3952 2243 4008 bonitate
2279 3953 2335 4007 2.
2366 3952 2483 4007 4-6.

511 4021 573 4052 ¹⁶⁷
605 4021 894 4093 largissimi
924 4022 975 4074 1.
1054 4018 1125 4052 ³⁸⁸
1150 4036 1203 4091 p.
1229 4030 1356 4075 elo.
1392 4035 1442 4073 a.
1469 4022 1521 4075 d.
1553 4021 1739 4075 desunt
1768 4021 1837 4075 5?
1867 4021 2015 4076 7-10.
2092 4022 2157 4057 ¹⁸⁹
2179 4025 2319 4079 deest
2342 4024 2414 4079 5?
2442 4024 2591 4078 7-10.
2673 4024 2742 4056 ¹⁷⁰
2783 4018 3066 4078 decessum
3089 4022 3141 4076 6.

511 4092 576 4125 ’τ’
603 4092 748 4148 enim
801 4093 889 4147 10.
1007 4090 1073 4122 ¹⁷³
1132 4099 1331 4149 nepote
1399 4090 1651 4146 videlicet
1706 4106 1806 4146 suo
1868 4093 2025 4147 codd.
2081 4092 2236 4149 4-l0.
2366 4094 2434 4128 ‘7‘
2485 4110 2706 4148 suarum
2748 4093 2804 4149 4.
2884 4094 2950 4125 ’⁷⁸
3007 4094 3141 4148 adst:

959 4105 1073 4153 _“°
1132 4105 1331 4160 nepote
1399 4105 1651 4146 videlicet
1706 4106 1806 4146 suo
1868 4105 2025 4147 coda.
2081 4105 2236 4149 4-1υ.
2366 4105 2402 4128 υ

900 4162 967 4195 ⁸⁷⁷
1024 4176 1349 4217 consecrare
1405 4159 1555 4216 7—l0.
1600 4200 1603 4203 ‹
1654 4161 1721 4192 ’⁷⁸
1765 4162 2172 4218 succedentium
2232 4166 2407 4220 7-10.

3258 3879 3357 3947 fadi
3386 3878 3439 3931 4.
3466 3948 3469 3949 ν
3537 3876 3604 3908 ⁸⁸⁸
3630 3877 3787 3949 regni

3252 3949 3318 3982 ⁸⁵⁸
3347 3948 3711 4004 fundamento
3725 3948 3782 4001 3.

3236 4020 3299 4052 ¹⁷¹
3329 4037 3381 4074 ιι.
3425 4020 3480 4075 δι
3522 4033 3570 4073 s.
3623 4017 3785 4073 7-10.

3462 4087 3532 4121 ⁸⁷⁸
3586 4089 3781 4141 wilde-
3829 4096 3833 4101 ’

2989 3875 3054 3913 ¹⁶⁰
3093 3879 3357 3943 clmnt‘adi
3386 3878 3439 3931 4.

2598 3953 2663 3985 ⁵⁸⁸
2700 3971 2753 4006 ο.
2803 3952 3051 4024 permisit
3092 3956 3142 4024 1.

2366 4094 2434 4128 ίτ⁸
2485 4110 2706 4148 suarum
2748 4093 2804 4152 4.
2884 4094 2950 4125 ’⁷⁸
3007 4094 3255 4148 adstante
3293 4090 3350 4145 2.

2514 4165 2580 4196 ¹⁷⁰
2644 4173 2684 4219 1.
2754 4163 3137 4220 curricula'9.
3265 4162 3333 4195 ³⁸⁸
3367 4158 3654 4214 subnixius
3724 4157 3779 4211 1.

506 4233 575 4266 ⁸⁸¹
601 4235 769 4289 etiam
793 4234 943 4289 7-10.
1024 4233 1092 4264 ’⁸³
1113 4245 1251 4304 ecce
1270 4233 1607 4304 magnumil.
1635 4232 1699 4304 2.
1718 4234 1777 4304 ὅ.
1803 4247 2160 4304 eccmanmnn
2192 4234 2327 4304 4.76.
2355 4251 2708 4304 et‘enmgnum
2747 4235 2801 4290 5.
2831 4248 3210 4289 essemannum
3239 4233 3291 4287 8.
3326 4243 3686 4304 cremannum
3723 4228 3776 4304 7.

505 4319 896 4359 ezzemaunum
931 4305 982 4357 9.
1024 4305 1108 4357 10.
1188 4302 1256 4335 ⁸⁸³
1299 4303 1438 4357 deest
1467 4302 1611 4357 7-10.
1689 4303 1756 4335 ’⁸⁸
1800 4304 1942 4357 deest
1975 4303 2126 4358 4-10.

505 4373 655 4449 ‘_7;_l0.
736 4374 1034 4449 "'_vi_xc_rat
1067 4375 1148 4449 5.“
1200 4373 1268 4449 ’_"
1298 4388 1402 4449 non
1439 4372 1578 4449 10.--
1608 4373 1674 4408 ¹⁸⁹
1699 4373 1860 4449 deest.
1879 4374 1931 4427 1.
1950 4375 2050 4449 -.Μ
2075 4372 2420 4449 susciperent
2448 4376 2597 4449 7:“).
2623 4445 2635 4449 Α
2659 4374 2722 4449 ﬁ"
2749 4375 2959 4431 valebat
2977 4374 3016 4449 _2

2207 4303 2277 4387 ξ⁸⁸
2304 4297 2615 4378 ειιρνρ11.”1.
2639 4305 2701 4367 4.,
2724 4306 2777 4361 6.
2857 4305 2924 4338 ⁸⁵⁸
2952 4307 2990 4358 i.
3018 4312 3261 4404 ququot;
3284 4332 3355 4385 :—
3377 4298 3515 4370 qttos
3551 4297 3607 4380 2..
3635 4299 3691 4354 3.
3721 4297 3777 4352 4.

2207 4388 2416 4427 merent
2448 4376 2597 4427 7-10,
2659 4374 2722 4407 ¹⁹¹
2749 4375 2959 4427 valebat
2982 4374 3036 4427 2.
3093 4374 3109 4404 ¹
3141 4373 3161 4403 ³
3185 4374 3298 4427 redi
3321 4387 3458 4427 corr.
3486 4370 3699 4424 radiare
3724 4366 3777 4421 1.

509 4444 576 4517 ff?
602 4445 818 4517 gravari
862 4445 1041 4517 μω.
1078 4444 1161 4517 Af“
1186 4445 1327 4517 deest
1380 4445 1432 4497 1.
1510 4444 1579 4477 ⁸³⁸
1606 4445 1918 4515 evangelica
1948 4442 2003 4500 δε
2083 4445 2151 4477 ¹⁹⁶
2176 4438 2445 4507 adornare
2486 4446 2542 4501 5.
2619 4442 2686 4481 ’⁸⁷
2726 4446 3069 4517 praeparabat
3116 4444 3268 4498 7-10.
3342 4440 3411 4474 ¹⁹⁸
3440 4441 3580 4495 deest
3622 4438 3775 4495 7-10.

508 4514 574 4546 ¹⁹⁹
604 4513 743 4569 dona
773 4514 829 4569 4.
906 4515 977 4545 ²⁰⁰
1021 4514 1211 4570 fallunt
1251 4513 1307 4568 4.

1959 4667 1963 4671 .
2007 4609 2240 4667 NOTAE;

576 4697 688 4769 (87)
723 4697 1086 4771 Pcterlingen,
1116 4698 1185 4753 ab
1218 4700 1497 4771 Occidente
1527 4697 1772 4771 Frihurgi
1808 4699 2087 4755 llclvetici.

503 4768 735 4825 Cbartas
759 4772 936 4839 regias
959 4768 1080 4824 inde
1112 4771 1179 4823 ab
1208 4786 1258 4824 a.
1290 4769 1393 4824 974
1430 4773 1480 4824 in
1512 4768 1752 4825 favorem
1779 4774 2090 4826 monasterii

504 4840 675 4896 editas
696 4856 746 4896 v.
773 4842 826 4896 in
851 4840 1172 4910 Schoepliini
1198 4841 1400 4895 Alsatia
1439 4842 1563 4911 dipi.
1593 4841 1632 4895 Ι.
1673 4842 1939 4897 Caeterum
1978 4858 2092 4896 mo-

504 4914 803 4967 nasterium
832 4928 974 4968 anno
1011 4912 1106 4967 961
1142 4928 1172 4966 a
1206 4911 1404 4967 Bertha
1430 4912 1741 4969 Adalheidte
1769 4920 1942 4967 matre
1969 4914 2093 4966 fun-

504 4983 686 5105 datlum
725 4992 878 5049 erat;
914 4998 966 5037 v.
998 4985 1243 5039 chartam
1286 4984 1342 5038 in
1377 4982 1693 5039 Guichenon
1725 4982 1864 5037 Bibl.
1890 4983 2084 5038 Sebus.

504 5068 555 5105 υ.
629 5068 747 5105 sua.

500 5068 555 5120 Ρ·
584 5068 599 5105 ¹
629 5068 747 5123 500·
838 5112 843 5115 ,

574 5122 685 5191 (88)
714 5122 910 5179 Filiam
947 5124 1263 5190 Burchardi,
1302 5124 1453 5180 ducis
1484 5122 1835 5179 Alamannis:

576 5192 687 5263 (89)
727 5196 809 5250 Cf.
853 5194 1066 5251 Ottonis
1109 5196 1150 5251 ll
1194 5197 1439 5251 chartam
1489 5197 1541 5250 d.
1591 5194 1663 5249 25
1702 5192 1828 5248 Julii
1869 5208 1920 5247 a.
1963 5192 2087 5259 979,

505 5264 1070 5350 amastissspiinme
1094 5267 1205 5350 Als-
1230 5266 1358 5350 ιὲίριτ
1390 5266 1430 5330 ιν
1468 5266 1568 5320 ιει

1655 5335 1749 5350 Ληι
1813 5334 1846 5350 ιε
1926 5342 1938 5350 .
2000 5332 2064 5350 Ἀ

2193 4717 2313 4772 sqq.
2353 4692 2526 4772 eidem
2558 4696 2845 4757 concessas
2872 4713 2924 4755 ν.
2956 4696 3093 4772 apud
3126 4693 3521 4772 Schr-(ptimum
3561 4692 3599 4745 Ι.
3640 4707 3690 4772 c.

2266 4761 2377 4843 ('93)
2419 4770 2493 4844 EAx
2536 4773 2741 4844 chartis
2776 4761 3104 4844 monasterio
3132 4761 3402 4844 enefssis
3438 4770 3662 4844 apparet
3698 4761 3778 4844 lo.

2193 4838 2316 4916 cum
2345 4843 2413 4898 ab
2438 4841 2636 4916 Ottone
2678 4840 2740 4916 [ιι
2784 4852 2839 4896 et
2880 4839 3131 4916 "cingor
3176 4838 3596 4916 _ll_iiii!iiutiitate
3624 4838 3776 4916 regia.

2190 4913 2469 4977 donatum,
2510 4922 2566 4966 ct
2597 4912 2627 4965 ‘a
2671 4910 2879 4976 Joanne
2923 4909 3042 4965 XVI
3081 4906 3438 4976 jur'slictioni
3480 4902 3781 4977 episcopali

2190 4973 2811 5055 exemptum,llomana:
2836 4973 3096 5036 Ecclesia}
3128 4996 3147 5030 ι
3179 4996 3281 5055 non
3300 4973 3778 5055 ‘potestategdpna-

2190 5048 2211 5106 ι
2233 5040 2482 5125 onis',scd
2497 5040 2762 5125 libertatis
2783 5062 2987 5125 tantum
3012 5066 3171 5125 causa
3197 5040 3490 5125 subii-ctum
3520 5063 3540 5097 ι
3564 5040 3772 5125 fuisse;

2190 5137 2243 5194 v.
2272 5121 2576 5194 Schoepllin
2618 5122 2656 5178 Ι.
2693 5141 2742 5180 c.
2773 5121 3012 5194 p.139,
3044 5120 3164 5194 145.
3223 5120 3549 5194 Libertatem
3606 5120 3779 5194 igiluﬁr

2188 5184 2488 5270 Romanam
2526 5195 2593 5270 de
2632 5184 3099 5270 immunitate'locj
3135 5192 3277 5270 regia
3310 5186 3573 5270 intelligo.-
3594 5214 3661 5270 _—
3683 5184 3780 5270 Cf;

2186 5263 2372 5350 sthCl'.
2429 5265 2702 5320 Eichhom
2750 5262 3090 5320 Staats-uud
3140 5255 3651 5329 Réchtsgeschichte
3678 5293 3694 5319 ,
3756 5256 3785 5327 δ
