4072 5350
316 251 431 308 971

1213 249 1636 323 EPITAPHIUM
1674 248 2092 307 ADALIIEIDAS
2132 245 2671 313 IMPERA'I‘RICIS.~

3477 241 3582 315 ωε

314 371 525 441 lactent
570 370 663 423 ”‘.
715 366 1059 440 Quapropter
1102 367 1321 437 justicla
1354 371 1680 427 cernebatur
1707 369 1777 402 '“
1807 385 1898 424 ex-
1928 369 1979 429 Δ
2008 383 2168 439 rupes
2198 368 2265 400 “’
2295 367 2610 425 felicissima
2637 373 2936 435 martyrum
2977 360 3121 417 milia
3157 361 3227 392 ³⁸⁸
3252 357 3595 416 τειίιιθιροτ-

313 460 463 533 celsa
480 496 497 526 ,
524 457 849 515 liberalitate
876 458 1207 528 gratissima,
1237 458 1609 516 beneficentia:
1634 474 1801 529 opera
1826 459 1907 514 lo-

312 563 450 617 cans
498 561 665 617 super
705 545 778 578 ’⁸³
821 545 1136 611 Christum,
1179 560 1342 618 quem
1393 548 1588 604 beatus
1630 547 1906 618 apostolus

309 637 469 713 ponit
505 636 578 670 ὀδ
613 636 1028 693 fundamentum
1081 637 1199 704 m;
1253 637 1564 708 intelligens
1611 638 1906 709 prudenter

308 728 474 799 fidem
488 741 614 801 esse
628 726 1044 799 fundamentum
1061 726 1304 797 omnium
1318 729 1389 762 ’“
1405 729 1687 797 virtutum.
1708 727 1812 786 Usa
1832 728 1903 761 ’"

308 826 395 874 est
432 832 565 899 ergo
610 816 852 900 perfecta
889 817 1245 884 liberalitate,
1284 829 1346 873 ut
1381 818 1621 881 silentio,
1643 828 1905 889 quantum

306 902 544 983 valeret,
569 923 706 979 opus
732 924 890 964 suum
922 915 1131 978 tegeret
1170 908 1242 941 ’⁸⁸
1267 917 1321 964 et
1347 907 1765 969 necessitatibus
1790 909 1905 963 sin-

308 998 574 1070 gulome
590 1006 815 1070 cuperet
843 996 1134 1068 subvenire
1156 998 1457 1071 ;_quatinus
1482 1013 1601 1065 eam
1628 1014 1736 1057 non
1762 998 1905 1053 labia

308 1103 429 1156 sua,
450 1088 564 1167 sed
590 1088 794 1161 Christi
826 1103 1122 1159 pauperum
1150 1088 1431 1145 laudarent
1455 1104 1574 1157 ora,
1624 1096 1685 1144 ut
1710 1088 1822 1159 jam
1850 1090 1905 1144 in

308 1192 374 1233 ea
401 1177 681 1249 impletum
704 1177 1104 1245 “videretur,
1147 1177 1291 1248 quod
1312 1178 1457 1233 beati
1485 1178 1586 1234 Job
1618 1194 1750 1234 voce
1775 1193 1904 1249 pro-

310 1267 486 1331 fertur
530 1284 547 1322 :
605 1266 910 1322 Benedictio
971 1267 1195 1338 perituri
1246 1268 1305 1322 in
1363 1284 1447 1322 me
1498 1268 1729 1322 veniebat
1782 1266 1904 1337 (Job

309 1374 465 1427 xxix,
497 1358 609 1428 15).
657 1358 907 1430 Diligenti
936 1358 1067 1431 illud
1106 1358 1540 1427 consideratione
1568 1362 1904 1432 perpendere

310 1450 567 1506 studebat
588 1449 744 1521 juxta
777 1448 949 1519 ipsius
974 1449 1116 1505 vatis
1140 1451 1520 1516 assertionem,
1571 1457 1632 1505 ut
1673 1450 1741 1507 ab
1786 1451 1905 1524 ejus

309 1548 458 1617 tecto
485 1554 763 1612 nunquam
810 1540 882 1573 ³³⁸
929 1556 1101 1596 vacuo
1126 1541 1246 1596 sinu
1276 1556 1481 1613 pauper
1504 1541 1681 1597 exiret
1708 1540 1900 1616 (Eccli.

310 1645 465 1695 xxix,
498 1630 584 1703 l2)
614 1648 629 1696 ;
654 1624 729 1686 ‘ut
760 1629 954 1687 talibus
998 1633 1204 1687 intenta
1232 1634 1575 1689 commerciis
1614 1633 1901 1703 adquirere

2008 474 2160 530 pora.
2208 459 2423 527 Quanta
2460 474 2584 514 cum
2612 455 2915 519 devotione.
2947 459 3149 523 quanta
3180 452 3251 483 η’
3274 465 3396 506 cum
3443 466 3594 507 revc.

2005 549 2183 604 rentia
2236 550 2417 620 magni
2465 548 2723 620 martyris
2772 544 3016 601 Mauricii
3069 542 3452 613 sociorumque
3480 542 3597 612 ejus

2006 638 2369 709 expostulavit
2418 636 2717 708 sutlragia?
2752 633 2893 703 Quot
2939 633 3173 705 gemitus
3227 629 3463 699 mejus
3523 630 3594 683 ilvi

2009 728 2267 791 fuerunt?
2316 729 2459 798 Quot
2488 729 2561 771 ἠ
2586 727 2865 800 suspiria?
2895 725 3041 794 Quot
3066 721 3288 779 luctus?
3334 721 3478 790 Quot
3527 720 3595 751 ”’

2007 819 2354 875 lacrimarum
2403 818 2669 874 ﬂumina?
2717 815 3003 887 Nunquam
3047 815 3400 879 fuerunt,-ut
3450 826 3590 873 reor,

2005 912 2114 968 ulla
2143 914 2478 984 peccamina,
2529 927 2649 983 quae
2692 920 2821 967 tunc
2871 926 2977 967 non
3027 918 3369 966 mererentur
3392 917 3593 965 interna

2006 1003 2264 1059 remedia.
2304 1002 2360 1058 Si
2388 1002 2529 1059 enim
2560 1002 2860 1073 respiceres
2900 1009 3143 1072 augusta:
3174 999 3391 1067 (aciem,
3437 1013 3592 1054 exce-

2006 1097 2135 1152 dere
2181 1097 2392 1151 diceres
2447 1097 2519 1128 ’³⁸
2570 1097 2858 1152 humanam
2906 1093 3162 1165 effigiem;
3216 1109 3376 1164 quam
3426 1092 3518 1154 ω,
3550 1089 3592 1147 si

2007 1185 2151 1241 aliud
2192 1186 2393 1257 aliquid
2429 1186 2587 1243 labiis
2614 1194 2910 1259 promeret,
2942 1185 3107 1241 nichil
3134 1184 3275 1239 aliud
3318 1183 3627 1250 crederes,_

2007 1290 2166 1346 quam
2194 1287 2254 1332 ut
2279 1279 2346 1309 ⁸³³
2370 1278 2742 1349 propheticum
2774 1277 2903 1331 illud
2926 1276 3197 1333 evolveret
3225 1274 3327 1328 ’3':
3363 1271 3597 1345 Eiundo

2009 1373 2063 1441 in
2094 1382 2369 1439 conspectu
2398 1370 2512 1441 ejus
2540 1371 2827 1424 oralionem
2857 1385 3027 1423 nteant
3064 1368 3134 1398 "7
3159 1384 3176 1429 ;
3206 1364 3607 1425 tribulationene

2006 1478 2174 1516 meam
2202 1472 2323 1515 ante
2344 1463 2512 1533 ipsum
2554 1461 2835 1529 pronuntio
2859 1457 3031 1529 (Psal.
3056 1473 3207 1521 ,cxu,
3236 1456 3313 1526 5).
3342 1456 3473 1524 Quae
3496 1451 3609 1515 fuit

2004 1553 2240 1610 maxima
2254 1552 2370 1623 ejus
2393 1552 2667 1607 tribulatio
2694 1552 3010 1622 procunctis
3031 1566 3059 1605 a
3079 1550 3194 1619 lege
3216 1548 3309 1603 Dei
3325 1546 3600 1602 declinan-

2006 1645 2150 1700 tibus
2183 1644 2468 1699 caritativa
2499 1643 2826 1714 compassio,
2877 1652 2936 1697 ut
2962 1650 3142 1713 posset
3168 1641 3350 1696 dicere
3377 1637 3448 1674 ⁸⁸³
3469 1653 3605 1693 cunt

308 1723 519 1777 valeret
569 1722 624 1777 in
676 1731 821 1779 terra
879 1723 1180 1779 viventium
1237 1724 1594 1781 hereditatem
1656 1740 1905 1796 superna:

2006 1732 2278 1805 Propheta
2307 1751 2319 1787 :
2363 1732 2597 1801 Defectio
2626 1734 2787 1786 lenuit
2811 1747 2891 1785 me
2915 1747 3010 1801 pro
3037 1722 3393 1801 peccatoribus
3420 1724 3595 1798 (Psal.

308 1814 479 1875 sortis
501 1814 591 1867 ²¹¹.

364 1880 475 1958 15.
514 1901 669 1972 Jamj
688 1920 872 1989 imque
894 1904 1085 1961 ultimo
1108 1906 1283 1962 aetatis
1306 1922 1418 1962 sua:
1444 1923 1585 1961 anno
1612 1907 1722 1978 (an.
1752 1907 1929 1981 999),_

308 2010 436 2063 cum
490 1995 561 2028 ἠ
604 2011 711 2050 non
762 1997 956 2053 lateret
1001 2014 1144 2064 eam,
1193 2009 1251 2053 ut
1300 2001 1482 2065 credo,
1516 2000 1786 2056 exituram
1836 2001 1904 2056 de

310 2085 515 2152 seculo,
540 2087 690 2157 pacis
714 2096 772 2141 ut
807 2102 1022 2161 semper
1050 2088 1244 2154 amica,
1270 2090 1421 2160 pacis
1451 2091 1521 2123 ²¹³
1551 2091 1905 2167 caritatisquc
1932 2140 1935 2143 η

309 2191 473 2251 causa
504 2186 791 2252 paternum
819 2179 994 2249 solum
1024 2178 1096 2212 ἰδ
1120 2180 1280 2247 adiit,
1306 2179 1561 2255 fidelibus
1586 2182 1799 2253 nepotis
1822 2186 1905 2240 sui

313 2267 526 2324 llodulll
557 2269 626 2301 ’⁸⁸
658 2269 801 2341 regis
830 2271 972 2325 inter
1006 2286 1067 2327 se
1087 2271 1446 2343 litigantibus,
1477 2273 1677 2343 quibus
1703 2274 1903 2344 potuit,

308 2363 463 2435 pacis
491 2362 695 2419 fmdera
720 2366 966 2435 contulit,
1011 2368 1209 2438 quibus
1249 2384 1355 2423 non
1385 2370 1579 2440 potuit,
1609 2385 1760 2425 more
1802 2370 1937 2441 sitni_

308 2453 604 2525 solitoDeo
626 2465 794 2511 totum
817 2459 1109 2515 commisit.
1135 2460 1213 2515 De
1235 2469 1432 2516 caetero
1456 2476 1616 2532 quam
1641 2462 1904 2529 studiose,

309 2558 476 2613 quam
505 2545 853 2604 devotissime
889 2548 1005 2604 loca
1048 2559 1361 2606 sanctorum
1406 2552 1617 2617 curavit
1656 2552 1904 2620 visitare,

310 2649 422 2707 non
450 2640 546 2706 est
574 2636 645 2668 ⁹¹⁶
684 2636 959 2694 facultatis
984 2640 1254 2705 evolvere.
1285 2641 1341 2697 In
1368 2642 1482 2714 ipso
1527 2660 1743 2716 quoque
1769 2656 1906 2701 tem—

310 2741 447 2809 ρρτε
507 2732 903 2807 monasterium
955 2732 1341 2791 Paterniacum
1402 2737 1572 2803 adiit,
1642 2740 1787 2809 quod
1837 2740 1946 2772 ’"~

310 2798 430 2888 ipsa
472 2820 542 2875 ad
573 2821 832 2907 honorem
864 2823 956 2879 Dei
981 2825 1283 2907 genitricis,
1321 2842 1420 2897 pro
1448 2829 1687 2885 remedio
1711 2830 1907 2886 animze

2006 1839 2198 1893 cum,
2230 1824 2344 1895 55),
2380 1831 2583 1879 etcum
2623 1821 2824 1878 Paulo:
2872 1821 3003 1888 Quis
3043 1821 3366 1885 inﬁrmatur.
3408 1828 3459 1874 et
3504 1834 3607 1889 ego.

2008 1932 2112 1971 non
2160 1916 2229 1949 “’
2258 1915 2541 1985 inﬁrmor?
2590 1914 2662 1946 ³⁸⁸
2719 1913 2805 1986 (II
2852 1912 2976 1969 Cor.
3018 1929 3097 1980 xl,
3132 1913 3248 1982 29.)
3296 1910 3369 1966 Ita
3414 1909 3601 1980 deplo-

2007 2007 2167 2062 rabat
2216 2006 2285 2041 ³⁸⁸
2351 2006 2582 2062 aliorum
2629 2013 2873 2076 peccata,
2932 2004 3165 2075 qualiter
3217 2018 3323 2058 non
3373 2007 3602 2072 possunt

2007 2096 2165 2154 multi
2214 2095 2446 2166 propria,
2482 2095 2765 2164 deplorare
2814 2094 3146 2148 discrimina.
3198 2092 3510 2147 Leetabatur
3541 2089 3598 2144 in

2007 2188 2274 2260 gravitate
2323 2200 2379 2243 et
2422 2186 2756 2257 profectibus
2800 2186 3238 2257 praeteritorum;
3286 2186 3601 2245 Iristabatur

2007 2282 2206 2339 cotidie
2258 2280 2329 2313 ’δ’
2384 2281 2439 2336 in
2492 2279 2795 2337 defectibus
2846 2277 3196 2350 praesentium
3251 2277 3597 2346 maximeque

2007 2369 2334 2426 futurorum.
2377 2368 2513 2426 Cum
2543 2369 2686 2426 enim
2734 2367 2803 2425 de
2848 2368 3048 2423 futuris
3102 2367 3247 2431 dico,
3300 2366 3600 2438 prophetiae

2007 2460 2258 2531 spiritum
2317 2460 2508 2531 procul
2565 2461 2730 2520 dubio
2794 2475 2914 2516 eam
2977 2458 3234 2547 habuisse
3306 2454 3596 2547 denuncio.

2006 2553 2236 2611 Adesset
2282 2553 2354 2586 ³⁸³
2398 2554 2544 2610 enim
2597 2553 2653 2611 in
2699 2568 2950 2609 sermone
2994 2545 3259 2617 defectus,
3313 2548 3498 2606 sinon
3528 2545 3602 2584 '“

2007 2661 2185 2703 essem
2222 2644 2437 2717 publico
2464 2647 2791 2703 documento
2821 2654 3109 2715 expertus..
3411 2685 3414 2688 .

2082 2723 2171 2797 I6:
2209 2737 2345 2800 Cum
2372 2737 2518 2794 enim
2545 2751 2693 2793 esset
2719 2736 2787 2792 ab
2820 2736 2917 2795 illo,
2938 2751 3096 2790 sacro
3128 2733 3253 2798 loco
3281 2745 3596 2801 egressura,

2007 2837 2065 2890 et
2091 2844 2277 2885 secum
2302 2834 2475 2885 staret
2502 2827 2559 2883 in
2600 2828 2796 2898 angulo
2820 2826 3083 2883 aecclesiae
3103 2823 3369 2880 orationis
3398 2821 3600 2895 gratia,
3629 2883 3632 2886 ,

311 2925 442 2987 sua;
476 2913 667 2968 matris
711 2901 795 2970 ibi.
832 2901 1245 2987 requiescentis,
1274 2990 1279 2993 Ι
1306 2926 1415 2974 tam
1467 2935 1535 2976 ex
1587 2921 1701 2978 suis
1741 2938 1918 2994 quam
2012 2920 2233 2990 quidam
2265 2919 2496 2975 nuncius
2524 2919 2771 2981 venitlad
2798 2933 2919 2975 eam
2960 2916 3029 2983 de
3053 2915 3226 2979 Italia,
3258 2913 3596 2971 Franconem

308 3018 379 3073 ex
406 3004 479 3037 ¹¹⁸
509 3008 772 3062 maternis
803 3009 965 3065 rebus
1000 3010 1251 3069 nobiliter
1273 3014 1341 3046 ²¹⁹
1371 3015 1643 3083 condidit;
1672 3025 1728 3073 et
1762 3019 1909 3089 quod
1936 3067 1980 3089 η
2010 3000 2470 3084 Wangiunensem
2511 3009 2936 3082 “‘“episcOpum
2986 3007 3256 3064 nuntiavit
3296 3005 3365 3039 ’“
3408 3005 3597 3061 Romm

309 3097 733 3169 ωηαιεηιροτῑε
772 3098 827 3154 in
852 3102 1151 3171 ,lemporali
1178 3107 1500 3175 necessitate
1528 3067 1793 3165 fratribusI
1827 3108 1905 3175 ibi
1932 3067 1981 3132 Ο
2013 3067 2186 3159 fuisse
2226 3101 2541 3158 defunctum
2573 3067 2708 3173 (99.).
2850 3100 2976 3169 quia
3021 3099 3104 3152 vir
3136 3097 3263 3153 boni
3303 3095 3597 3153 testimonii

307 3186 425 3243 Deo
448 3187 836 3253 famulantibus
856 3190 1045 3259 defuit,
1073 3203 1142 3249 ut
1155 3207 1518 3268 semperrerat.
1537 3199 1719 3267 solita,
1746 3217 1911 3257 manu

306 3278 612 3352 largissima
633 3285 1083 3342 sumministravit
1103 3290 1199 3344 ²²⁹.

378 3372 471 3428 14.
512 3373 723 3430 Accidit
774 3377 844 3408 ¹³¹
894 3385 1026 3435 tunc
1070 3379 1271 3451 aliquid
1314 3397 1536 3449 novum,
1589 3384 1736 3454 quod
1779 3386 1909 3443 huic

304 3463 463 3535 operi
492 3462 854 3535 indicavimus
882 3468 1247 3525 inserendum.
1299 3470 1550 3543 Fatigata
1595 3489 1660 3529 ex
1711 3475 1907 3531 itinere

305 3573 419 3621 non
468 3559 646 3628 potuit
694 3575 846 3631 more
881 3560 1038 3622 solito
1079 3578 1241 3618 manu
1289 3565 1507 3635 propria
1551 3566 1921 3639 elemosinam,

306 3649 439 3717 dare
477 3650 801 3720 pauperibus
832 3650 968 3724 (98),
1000 3655 1304 3727 etvocavit
1335 3666 1506 3725 unum‘
1531 3656 1598 3712 de
1646 3656 1906 3713 fratribus

306 3741 400 3812 qui
455 3743 573 3797 vice
622 3758 718 3798 sua
769 3760 1018 3801 nummos
1065 3746 1219 3802 daret
1268 3750 1612 3817 pauperibus.
1662 3750 1790 3818 Ejus
1835 3753 1905 3784 m

300 3833 459 3904 jussu
496 3844 716 3890 ventum
758 3844 842 3891 est
868 3838 934 3891 ad
965 3854 1251 3909 pauperes.
1283 3841 1532 3898 Excessit
1552 3844 1624 3876 ”³
1650 3862 1907 3902 numerus

303 3940 610 4015 ppuperum
667 3926 1011 3983 denariorum
1070 3946 1376 3987 numerum.
1427 3933 1631 3990 Timuit
1659 3938 1906 3992 minister

304 4017 489 4071 minus
522 4018 723 4075 habere
778 4034 940 4090 quam
992 4021 1363 4095 indigentibus
1405 4026 1900 4097 possetsullicere.

306 4106 447 4174 Quid
482 4108 647 4164 multa
673 4111 698 4163 ἲ

302 4198 474 4252 All'uit
508 4199 579 4231 m
613 4202 870 4274 Augustae
900 4206 1108 4263 meritis
1131 4208 1305 4263 virtus
1334 4209 1474 4263 illius
1501 4210 1592 4278 qui

303 4290 552 4363 Quinque
586 4294 658 4326 ’³⁸
684 4310 749 4351 ex
780 4298 1007 4366 panibus
1049 4301 1275 4355 saciavit
1300 4301 1449 4356 milia
1485 4303 1679 4372 plebis.

2010 3204 2154 3275 erat,
2184 3194 2379 3250 domna
2410 3201 2641 3264 augusta
2678 3189 2830 3247 valde
2872 3188 3020 3251 illum
3048 3187 3117 3225 "7
3147 3188 3424 3257 diligebat,
3455 3187 3599 3241 sicut

2008 3292 2069 3339 et
2100 3299 2295 3342 omnes
2332 3284 2504 3339 bonos
2545 3281 2775 3351 diligere
2818 3280 2978 3343 solita
3023 3278 3266 3345 crat.,.Et
3310 3276 3507 3334 statim.
3537 3286 3631 3337 ut,

2012 3377 2132 3449 ejus
2173 3377 2383 3434 obitum
2433 3375 2659 3441 audivit,
2708 3389 2776 3430 ex
2824 3373 3183 3429 familiaribus
3231 3370 3321 3443 qui
3367 3371 3629 3429 aderant.

2008 3484 2178 3524 unum
2202 3467 2439 3533 vocavit,
2476 3475 2531 3522 et
2563 3476 2623 3522 ut
2650 3479 2751 3537 pro
2791 3479 2858 3521 eo
2901 3463 2972 3496 ³⁸⁸
3000 3464 3228 3519 Domino
3253 3476 3444 3533 preces
3473 3460 3598 3515 fun-

2009 3557 2258 3629 deret,m
2285 3557 2565 3623 humiliter
2590 3557 2827 3626 rogavit,
2856 3563 2912 3611 et
2935 3554 3089 3626 quasi
3115 3553 3167 3608 in
3192 3568 3417 3608 excessu
3444 3566 3595 3606 men-

2009 3654 2079 3710 tis
2110 3655 2185 3710 ita
2230 3667 2427 3709 exorsa
2452 3658 2538 3708 est
2569 3651 2793 3706 dicens:
2847 3668 2865 3701 ι
2898 3648 3037 3718 Quid
3081 3647 3298 3713 faciam,
3341 3644 3591 3712 Domine,

2006 3746 2093 3802 vel
2122 3746 2250 3817 quid
2289 3745 2466 3800 dicam
2505 3744 2573 3799 de
2614 3742 2707 3798 illo
2745 3742 2958 3798 seniore
3003 3748 3190 3796 nostro
3216 3747 3272 3795 et
3296 3737 3368 3772 ³⁸⁸
3397 3749 3596 3809 nepote

2008 3840 2168 3896 meo?
2204 3837 2469 3894 Peribunt
2516 3836 2569 3891 in
2612 3834 2785 3899 Italia,
2830 3842 2889 3889 ut
2929 3834 3114 3899 credo,
3149 3832 3303 3888 multi
3332 3846 3454 3888 cum
3494 3847 3592 3897 eo;

2004 3929 2207 4002 peribit
2233 3936 2353 3999 post
2384 3927 2534 3996 ipsos
2561 3925 2652 3989 ⁹⁸¹,
2691 3934 2751 3979 ut
2781 3923 2965 3989 timeo,
2999 3923 3123 3984 heu,
3152 3922 3381 3979 misera!
3416 3937 3590 3994 augu—

2007 4031 2105 4087 stae
2137 4018 2339 4077 indolis.
2360 4018 2521 4086 Otto;
2552 4016 2849 4089 remanebo
2874 4016 3021 4073 omni
3056 4015 3297 4071 humano
3335 4016 3594 4071 destituta

2006 4114 2228 4172 solacio.
2254 4111 2431 4176 Absit,
2451 4127 2485 4168 ο
2505 4112 2723 4167 domine
2746 4125 2836 4165 rex
2862 4107 3167 4164 seculorum
3184 4106 3277 4174 ³⁸³,
3300 4116 3362 4162 ut
3378 4105 3593 4163 videam

2005 4214 2280 4277 superstes
2299 4215 2408 4261 tam
2433 4204 2657 4276 lugubre
2674 4201 3040 4273 dispendium!
3078 4220 3097 4254 ι
3124 4198 3276 4256 Tunc
3300 4200 3595 4257 videres'“

2005 4306 2288 4369 augustam
2334 4304 2447 4352 toto
2485 4309 2712 4365 corpore
2766 4292 2882 4349 solo
2928 4292 3001 4325 ’⁸⁵
3049 4298 3376 4363 prostratam
3403 4333 3419 4358 ,
3481 4307 3594 4348 non

302 4381 668 4443 Muliioticaus
716 4390 788 4431 ἠ
822 4390 1058 4448 denariis
1092 4405 1431 4463 recesserunt
1460 4411 1724 4467 pauperes
1768 4414 1893 4455 cum
1924 4420 1976 4485 υ
2005 4393 2186 4447 minus
2227 4389 2484 4446 crederes
2510 4387 2581 4419 ’⁸⁸
2606 4400 2725 4440 eam
2768 4393 2879 4440 toto
2907 4383 2979 4416 "°
3006 4382 3204 4438 mentis
3232 4383 3423 4438 adnisu
3451 4383 3609 4438 emlo.

1486 4483 1734 4556 [munere
1759 4486 1889 4544 laeti.
1924 4473 1971 4489 ““
2003 4485 2267 4541 intentam
2309 4490 2364 4538 et
2409 4480 2562 4550 quasi
2603 4479 2714 4550 jam
2768 4476 3024 4548 martyris
3069 4473 3316 4530 Mauricii
3360 4474 3593 4546 vestigia

374 4564 465 4621 15.
504 4566 737 4625 Ερτεεεε
770 4569 912 4635 inde,
947 4570 1125 4637 locum
1157 4572 1561 4643 Agaunensium
1594 4578 1770 4646 petiit,
1802 4581 1894 4636 ubi

2004 4577 2280 4633 invenisse
2326 4588 2392 4628 ac
2434 4571 2724 4639 lacrimoso
2764 4569 2833 4601 ’⁸⁷
2881 4583 2976 4624 ore
3007 4567 3309 4649 perlingere
3338 4565 3430 4621 ⁸⁸⁵.
3465 4565 3598 4622 Post

1603 4685 1688 4741 VA
1700 4687 1836 4746 BHE
1869 4689 2275 4750 LECTIONES.

383 4767 456 4801 '“
495 4768 770 4822 delectant
815 4773 865 4825 1.
909 4773 960 4824 5.

298 4848 423 4893 sunt
448 4838 502 4894 7.
577 4840 648 4871 ³⁸⁸
669 4856 722 4894 ο.
756 4841 892 4896 dixit
932 4860 983 4898 v.
1015 4844 1068 4897 5.

299 4920 422 4965 sunt
450 4909 505 4985 1.
586 4911 755 4985 _’“_c.
780 4912 894 4985 jam
929 4930 985 4971 n.
1018 4913 1073 4969 4.
1168 4913 1239 4946 ²¹³
1263 4918 1406 4971 deest
1454 4918 1506 4970 6.
1553 4914 1606 4973 9.
1655 4909 1742 4976 1οξ

297 4988 429 5037 ιιι-ω
466 4980 944 5057 facultatiscodd.
989 4984 1181 5057 4-1οη
1244 4986 1313 5057 ξιτ
1354 5003 1409 5057 q.
1438 4987 1569 5049 abi.
1598 4990 1745 5048 7-10.

1080 4773 1148 4803 ’θ’
1188 4772 1475 4828 videbatur
1515 4774 1667 4829 7-10-

1770 4779 1840 4811 ²⁰³
1879 4797 2042 4854 supra
2084 4781 2227 4854 2.5.

1160 4844 1238 4920 ’1"
1259 4860 1411 4920 versa
1438 4844 1491 4920 5.
1560 4846 1639 4920 ξοδ
1664 4855 1853 4920 tegere
1892 4844 2045 4909 5:10.
2120 4852 2192 4885 ’θ’
2224 4850 2262 4904 i.
2293 4851 2345 4906 ὃ.
2390 4863 2444 4920 v_.
2483 4848 2536 4920 1.

1840 4918 1913 4956 ’⁸⁸
1948 4924 2122 4980 solum
2168 4938 2306 4979 corr.
2361 4916 2459 4973 sol.
2494 4918 2546 4973 1.

1852 4995 1924 5028 ²¹⁸
1953 4995 2097 5051 deest
2125 4992 2275 5047 7-10.

2347 4775 2417 4811 ¹⁰⁴
2446 4776 2588 4837 deest
2627 4775 2681 4829 1.
2717 4772 2772 4828 2.
2806 4772 2860 4830 5.
2955 4775 3027 4809 ’⁸⁸
3070 4772 3111 4828 f.
3152 4772 3192 4828 i.
3242 4787 3296 4841 p.
3327 4770 3367 4825 f.
3421 4782 3473 4825 e.
3505 4772 3597 4841 de-

2633 4846 2702 4877 “°
2738 4860 3035 4914 numquam
3077 4842 3134 4914 2.
3230 4838 3305 4914 “‘_
3333 4856 3382 4897 s.
3427 4838 3596 4895 s.de-

2654 4917 2724 4948 ¹¹³
2776 4911 3033 4970 rnolholfi
3075 4912 3129 4966 4.
3236 4911 3308 4944 ³⁸⁸
3360 4915 3444 4965 eSt
3498 4924 3598 4963 n0-

2372 4989 2443 5023 ’³⁸
2472 4987 2701 5042 άεεειιίῖ
2723 4985 2879 5039 7--10.
2955 4985 3025 5014 ²¹⁰
3066 4981 3249 5036 subm.
3297 4982 3354 5036 2.
3429 4979 3501 5009 “‘
3531 4979 3599 5033 Α.

299 5053 619 5127 ειυςβηιζτβ.
701 5054 773 5127 Ψ
792 5064 848 5127 et
885 5055 938 5113 ὅ.
971 5057 1049 5114 Ex
1075 5072 1128 5112 e.
1153 5055 1298 5111 7—10.
1371 5049 1445 5093 5"
1472 5061 1685 5115 excedit
1712 5060 1863 5120 7-I0.
1944 5049 2163 5120 "lt—adf.
2206 5063 2261 5116 2.
2339 5059 2409 5091 ³⁸⁸
2434 5058 2616 5127 quinis
2638 5055 2800 5127 1-11).
2876 5053 2949 5127 {ff
2982 5050 3344 5127 multiplicati
3351 5049 3601 5127 denarii;

288 5138 338 5181 r.
372 5123 429 5179 5.
506 5125 573 5158 ³³⁷
597 5125 757 5191 rupis
781 5126 834 5180 4.
867 5126 919 5183 5.
995 5127 1068 5162 ²¹⁸
1090 5127 1231 5180 deest
1257 5128 1311 5183 3.
1382 5130 1454 5163 “’
1482 5129 1621 5183 deest
1647 5131 1792 5190 7-10.
1871 5136 1946 5169 ¹³⁰
1974 5136 2116 5191 deest
2147 5132 2297 5188 7-10.
2377 5123 2613 5181 ⁸³¹Ὴεεεε
2636 5124 2792 5187 7-10.

2882 5121 2952 5154 ’³³
2978 5122 3118 5176 deest
3140 5118 3237 5176 '10.
3325 5118 3395 5153 ⁸⁸³
3416 5122 3604 5173 crede-

291 5210 378 5265 τρε
418 5194 568 5265 7-10.
644 5188 722 5229 ⁸³⁵
746 5198 888 5265 Quod
929 5198 985 5254 2.
1065 5196 1137 5228 "'
1164 5196 1305 5252 deest
1349 5201 1403 5257 9.
1450 5198 1537 5253 10.
1613 5199 1682 5232 ’³⁸
1713 5188 2110 5264 evolverem.—
2161 5204 2229 5236 ’³⁷
2266 5217 2346 5258 ιη.
2392 5205 2447 5254 et
2492 5204 2533 5250 ι.
2581 5194 2737 5265 7-1οε
2812 5189 2976 5265 “'__d-_
2997 5188 3502 5265 βοωίηοηαυιιὶρ·
3540 5188 3606 5265 ,δε

288 5263 357 5299 ⁵³⁸
392 5264 537 5319 deest
563 5268 616 5320 I.

697 5256 1075 5320 "‘inﬁrmor?
1104 5273 1159 5320 et
1178 5276 1395 5320 caetera.
1428 5268 1507 5320 Ita
1538 5270 1691 5320 codd.
1719 5256 2019 5320 ὶζῖὸίἯῖιῖ
2038 5256 2299 5320 donlnrat
2317 5272 2370 5320 1.
2446 5265 2517 5298 ’δ’
2546 5265 2686 5319 deest
2712 5262 2769 5317 4.
2850 5260 2921 5295 ’⁸⁸
2956 5260 3013 5314 Id
3044 5269 3195 5313 esset
3224 5262 3313 5316 10.
3389 5256 3462 5290 ⁸⁴⁵⁴⁵
3499 5259 3612 5319 nisi
