4072 5350
477 276 586 334 979

1432 263 1494 327 s.
1531 264 1850 326 ooiLoms
1886 263 2384 346 cwmacna’sis
2420 236 2713 345 ABBATIS
2746 263 2787 343 ν

3645 271 3751 347 980

490 387 778 462 paululum,
801 399 932 460 vero
970 384 1038 441 ab
1064 383 1310 455 oratione
1354 382 1625 451 surrexit;
1659 396 1884 451 munera
1920 395 2065 458 mar-
2090 383 2141 443 Δ
2168 382 2304 455 chus
2340 381 2457 452 qui,
2488 380 2615 438 licet
2655 364 2803 439 esset
2828 369 3081 461 indignus
3109 381 3278 452 abbas
3301 378 3534 442 vocitari
3560 386 3655 455 m,
3684 394 3752 458 an

489 481 711 552 tyribus,
737 477 1088 533 elemosinam
1113 474 1259 531 dedit
1287 472 1631 544 pauperibus.

562 570 650 625 1⁸7.
688 569 899 636 Dehinc
934 567 1306 623 Genevensem
1348 566 1419 597 ’⁸³
1448 565 1582 621 adiit
1614 565 1823 631 urbem,
1854 563 2065 628 deside-

486 674 616 715 rans
643 658 827 713 videre
856 654 1290 712 victoriosissimi
1321 653 1556 710 Victoris
1582 652 1835 725 martyris
1863 652 2063 706 aulam.

486 740 617 805 Inde
654 747 963 821 Lausonam
991 746 1062 779 “°
1092 745 1262 812 venit,
1293 744 1476 815 ibique
1503 742 1819 799 memoriam
1850 742 1945 796 Dei
1975 755 2065 811 ge-

483 840 698 898 nitricis
734 839 1082 896 devotissime
1110 838 1376 895 adoravit.
1406 837 1613 905 Quibus
1641 835 1695 890 in
1725 835 1861 891 locis
1884 850 1913 888 a
1942 850 2068 908 rege

484 934 543 990 et
601 933 670 989 ab
717 932 1014 1005 episcopis,
1059 932 1174 987 suis
1224 929 1474 985 videlicet
1527 927 1838 998 nepotibus,
1896 926 2066 981 hono-

484 1010 735 1079 rabiliter
780 1031 1053 1092 suscepta,
1111 1021 1325 1077 devenit
1375 1020 1429 1074 in
1473 1019 1651 1083 vicum
1700 1017 1791 1090 qui
1845 1026 2071 1083 vocatur

485 1114 632 1171 Urba
660 1113 831 1186 (100).
876 1112 931 1167 1η
970 1112 1087 1183 ipso
1116 1113 1259 1166 enim
1292 1111 1358 1143 ²⁶¹
1392 1110 1511 1165 vico
1536 1108 1846 1180 aliquandiu
1888 1107 2069 1163 demo-

482 1214 626 1272 rata,
669 1204 857 1275 egenis
897 1203 1406 1275 supervenientibus
1447 1209 1503 1257 et.
1545 1200 1761 1263 miseris
1804 1208 2070 1275 quotquot

482 1296 661 1369 potuit
690 1295 879 1351 tribuit
923 1294 993 1327 ³⁸³
1019 1295 1346 1374 necessaria.
1389 1293 1523 1350 Cum
1566 1308 1692 1363 rege
1718 1302 1772 1347 et
1817 1292 1886 1324 ³⁸³
1916 1293 2067 1363 prin-

483 1388 696 1460 cipibus
724 1389 916 1459 patria:
955 1388 1105 1459 pacis
1139 1395 1196 1447 et
1235 1387 1539 1466 honestatis
1570 1385 1855 1441 conferens
1896 1400 2066 1455 nego-

482 1481 599 1548 cia;
625 1481 750 1537 inde
780 1481 947 1536 etiam
983 1480 1157 1536 sacris
1196 1478 1330 1535 locis
1358 1479 1567 1536 diversa
1595 1488 1653 1533 et
1680 1477 1829 1535 varia
1865 1477 2067 1532 direxit

483 1574 728 1631 donaria.
759 1573 890 1642 Quae
913 1574 1056 1629 enim
1088 1572 1348 1644 mcclesia,
1380 1588 1501 1645 quae
1530 1573 1917 1647 monachorum
1949 1585 2064 1627 cce-

479 1665 666 1732 nobia,
702 1664 804 1722 sibi
849 1664 1109 1721 afﬁnitate
1147 1664 1233 1733 vel
1270 1664 1548 1737 vicinitate
1593 1664 1902 1735 conjuncta,
1943 1680 2064 1737 quae

2170 465 2232 529 ea
2263 481 2443 547 tamen
2474 474 2771 544 putabatur
2791 470 3019 542 alieujus
3044 487 3167 529 esse
3194 474 3267 507 ³⁸⁸
3290 478 3550 533 momenti
3581 470 3748 551 (104),

2170 562 2340 631 Quem
2377 581 2499 621 cum
2528 564 2616 620 illa
2647 563 2947 636 respiceret
2992 565 3085 641 ⁸⁸⁸,
3111 574 3167 635 et
3195 566 3311 639 ipse
3345 583 3469 623 eam
3508 581 3657 631 esset
3679 572 3753 628 in-

2170 657 2362 722 tuitus,
2393 657 2559 729 coepit
2597 666 2831 728 uterque
2875 656 3005 728 flere
3032 657 3271 724 uberius.
3309 659 3496 729 Dicam
3528 676 3650 716 eam
3684 661 3755 711 "9

2168 747 2290 823 plus
2320 746 2533 813 fecisse,
2562 763 2726 822 quam
2753 748 2799 804 si
2836 747 3075 811 dicerem
3104 747 3174 797 “Y
3229 763 3351 819 eam
3380 750 3583 815 multos
3607 752 3755 821 infir-

2171 854 2290 893 mos
2318 853 2562 913 sanasse.
2594 837 2813 909 Vestem
2840 838 2984 905 enim
3029 839 3165 909 satis
3194 838 3475 908 incultam,
3504 858 3612 913 qua
3638 853 3757 911 erat

2174 914 2424 997 indutus,
2485 927 2768 996 humiliter
2831 928 3218 1000 apprehendit,
3272 938 3331 987 et
3396 933 3756 1002 sanctissimis

2170 1020 2342 1076 oculis
2365 1030 2420 1087 et
2443 1020 2803 1089 serenissima:
2825 1037 2937 1077 suae
2963 1021 3123 1091 faciei
3153 1022 3448 1093 osculando
3476 1024 3756 1100 inpressit,

2169 1112 2328 1187 eique
2354 1113 2424 1145 ²⁸⁶
2450 1112 2732 1183 humiliter
2757 1114 2827 1147 ¹⁸⁹
2869 1123 2927 1171 et
2964 1129 3088 1175 cum
3117 1115 3335 1172 silentio
3373 1116 3553 1173 dixit:
3592 1137 3613 1170 ι
3651 1118 3760 1175 Meo

2170 1212 2355 1261 mento
2382 1204 2510 1269 mei,
2541 1204 2616 1258 fili
2660 1204 2751 1271 ²⁹⁰,
2786 1204 2838 1260 in
2884 1206 3347 1277 eontemplativis,
3394 1217 3451 1264 et
3495 1210 3647 1283 scias
3673 1226 3759 1267 me

2168 1311 2276 1351 non
2322 1297 2555 1367 amplius
2614 1304 2666 1351 te
2720 1298 2965 1353 visurum
3011 1299 3082 1332 πί
3141 1301 3516 1371 corporalibus
3561 1301 3757 1358 oculis.

2168 1386 2303 1442 Cum
2338 1388 2483 1443 enim
2507 1389 2578 1420 ²⁹¹
2608 1388 2860 1449 humanis
2896 1390 3059 1446 rebus
3085 1405 3393 1465 excessero,
3418 1393 3763 1465 orationibus

2164 1477 2395 1564 fratrum
2442 1482 2677 1538 animam
2713 1498 2890 1559 meam
2933 1485 3233 1552 committo.
3271 1506 3291 1538 ι
3344 1486 3476 1543 lude
3505 1504 3603 1558 per
3630 1488 3759 1558 iter,

2167 1586 2276 1651 quo
2302 1581 2547 1649 venerat,
2575 1575 2825 1647 pervenit
2851 1575 2919 1639 ad
2943 1576 3124 1644 locum
3151 1575 3323 1648 (103),
3356 1578 3449 1633 ubi
3469 1578 3763 1641 ordinante

2169 1662 2281 1733 Deo
2311 1663 2628 1733 decreverat
2658 1666 2759 1721 sibi
2785 1680 2982 1741 parare
3002 1666 3078 1705 η²⁹³
3100 1666 3469 1739 sepulchrum.
3502 1734 3507 1739 ο

479 1772 589 1812 non
618 1767 959 1812 merereinur
977 1757 1049 1789 ’⁸⁸
1070 1757 1272 1831 habere
1293 1756 1365 1789 ’⁸⁵
1385 1756 1608 1830 donaria
1635 1755 1719 1825 vel
1745 1757 1935 1829 exenia
1959 1757 2066 1813 '6‘?
2094 1746 2140 1806 Β
2237 1754 2327 1809 20.
2370 1754 2427 1810 ln
2476 1756 2597 1827 ipso
2640 1758 2806 1827 igitur
2846 1757 3040 1814 ultimo
3075 1760 3161 1814 sui
3206 1759 3523 1830 temporalis
3564 1774 3768 1827 cursus

476 1848 549 1904 Et
574 1858 632 1905 ut
658 1864 833 1920 pauca
856 1850 925 1882 ³⁸⁷
951 1849 1019 1905 de
1046 1849 1229 1906 multis
1254 1850 1450 1919 dicam,
1481 1850 1535 1905 in
1562 1850 1631 1882 ’⁵⁸
1658 1850 1773 1922 ipso
1796 1857 2059 1920 tempore,

477 1955 587 2011 quo
634 1940 875 1996 instabat
917 1941 1022 1997 sibi
1063 1941 1177 2013 dies
1223 1955 1509 2013 supremus
1550 1941 1650 2007 ἐν,
1689 1940 2061 2009 beatissimum

473 2038 691 2101 patrem
735 2029 1085 2087 Benedictum
1119 2030 1287 2102 (101),
1313 2030 1441 2101 licet
1468 2030 1698 2101 exiguis,
1737 2040 1911 2085 tamen
1938 2046 2065 2100 pro-

474 2112 613 2191 priis
632 2120 875 2176 visitavit
906 2120 1253 2199 muneribus;
1288 2135 1498 2177 necnon
1531 2129 1586 2176 et
1608 2121 1779 2191 beatae
1809 2121 2064 2190 recorda-

476 2212 646 2269 tionis
671 2221 881 2285 patrem
918 2212 1193 2281 Maiolum,
1234 2213 1444 2283 caelesti
1489 2212 1657 2285 gloria
1683 2214 1798 2285 jam
1839 2229 2066 2288 corona-

475 2312 614 2371 tum,
646 2319 829 2377 quem,
861 2304 989 2363 dum
1018 2304 1075 2373 in
1106 2305 1209 2375 hac
1246 2303 1460 2380 mortali
1487 2319 1653 2373 carne
1681 2305 1751 2357 ξτθ
1798 2304 2063 2374 subsiste-

478 2405 586 2466 ret,
608 2413 721 2469 prae
738 2399 952 2469 cunctis
970 2399 1287 2466 mortalibus
1307 2400 1361 2453 in
1383 2398 1451 2449 *τί
1469 2396 1561 2453 illo
1576 2397 1766 2466 ordine
1787 2397 2065 2473 diligebat.

475 2485 596 2545 Non
619 2489 764 2545 enim
780 2490 849 2521 ’τ’
869 2489 1036 2557 oblita
1057 2490 1129 2522 ³⁷³
1144 2488 1485 2563 Cluniacum,
1510 2487 1646 2543 adeo
1668 2487 1770 2562 sibi
1793 2485 2064 2547 familiare

474 2581 807 2638 cmnobium.
828 2580 928 2639 ’Ad
962 2583 1377 2655 restaurandum
1415 2581 1582 2655 igitur
1610 2579 1911 2637 beatissimi
1941 2596 2066 2648 con-

482 2673 710 2731 fessoris
755 2673 961 2743 Christi
1015 2674 1231 2745 Martini
1263 2671 1414 2747 (109.)
1444 2672 1867 2744 monasterium,
1920 2672 2063 2743 quod

476 2783 586 2824 non
635 2768 708 2801 ⁸⁷⁸
753 2768 926 2827 multo
968 2780 1094 2841 ante
1133 2770 1280 2842 (105)
1308 2768 1488 2825 fuerat
1533 2769 1656 2842 igne
1686 2769 2061 2841 combustum,

478 2862 774 2918 destinavit
803 2864 1177 2933 transmittere
1207 2864 1280 2896 ³⁷⁵
1311 2878 1419 2919 non
1450 2863 1720 2918 modicum
1760 2870 2065 2934 argentum,

476 2960 533 3010 et
557 2953 626 3009 ad
668 2953 929 3011 honorem
970 2954 1158 3023 altaris
1189 2966 1399 3025 partem
1426 2954 1496 2987 ⁸⁷⁸
1526 2956 1671 3015 unici
1713 2955 1808 3009 lilii
1841 2955 1923 3010 sui
1967 2953 2065 3019 Ot-

478 3045 628 3101 tonis
657 3047 871 3118 augusti
909 3046 1156 3117 clamidis
1186 3047 1279 3099 ³⁷⁷.

2167 1844 2363 1906 itinere
2391 1845 2462 1887 "lt
2490 1847 2731 1918 erigebat
2762 1862 2839 1913 se,
2870 1849 2923 1904 in
2959 1858 3228 1921 quantum
3253 1849 3448 1922 valuit,
3475 1865 3647 1922 super
3676 1867 3759 1923 se,

2165 1945 2226 1992 ut
2246 1937 2446 1993 divinae
2467 1939 2933 2011 contemplationi,
2957 1948 3141 2013 spreto
3169 1940 3496 2005 secularium
3520 1942 3762 2015 turbine,

2165 2027 2336 2084 libere
2358 2038 2540 2101 posset
2576 2031 2846 2087 insistere.
2878 2031 3190 2089 Familiaris
3226 2034 3299 2065 ³⁸⁵
3343 2033 3424 2089 rei
3464 2019 3757 2105 negocium

2164 2126 2285 2173 erat
2311 2119 2415 2174 sibi
2457 2120 2624 2175 etiam
2662 2120 3055 2192 importunum.
3100 2120 3600 2194 Transegeratjam
3627 2132 3762 2183 stre:

2164 2225 2273 2277 nne
2297 2210 2367 2242 ²⁹⁸
2393 2210 2504 2287 Lis:
2543 2221 2601 2267 et.
2638 2212 2863 2267 Marthae
2895 2212 3031 2269 satis
3070 2211 3396 2270 laudabilem
3437 2214 3508 2248 ἠ
3543 2223 3757 2281 actum;

2164 2301 2389 2370 Optabat
2415 2312 2669 2373 appetere
2706 2303 2778 2336 ’⁸⁸
2808 2302 3065 2377 BacheIis
3086 2313 3143 2359 et
3187 2302 3373 2373 Mariae
3399 2304 3762 2371 desiderabile

2164 2392 2356 2449 otium.
2382 2391 2567 2464 [taque
2591 2394 2661 2427 ²⁹⁹
2683 2394 3010 2463 lectionibus
3030 2394 3258 2461 intenta,
3288 2396 3510 2451 assidua
3533 2395 3605 2432 '°-'
3630 2412 3755 2457 ora-~

2167 2482 2435 2553 tionibus,
2484 2486 2773 2556 respuebat
2823 2493 3076 2553 terrena,
3135 2486 3356 2557 inhians
3410 2496 3521 2543 tota
3577 2496 3763 2545 mente

2166 2573 2500 2649 coelestibus.
2528 2574 2595 2649 Et
2634 2575 2680 2643 si
2726 2576 2925 2647 aliquis
2952 2591 3076 2639 eam
3119 2578 3186 2643 de
3212 2576 3552 2651 secularibus
3592 2591 3762 2650 nego:

2166 2666 2268 2724 ciis
2299 2666 2693 2736 interpellaret,
2726 2684 2832 2724 non
2865 2670 2932 2724 ad
2963 2670 3065 2731 hoc
3093 2685 3415 2745 responsum
3445 2670 3633 2737 dabat,
3661 2671 3757 2733 sed

2168 2755 2523 2827 apostolicum
2569 2757 2699 2829 illud
2740 2758 2927 2830 lugens
2958 2759 3011 2814 in
3057 2760 3220 2831 corde
3254 2760 3545 2817 volvebat:
3594 2758 3759 2829 Miser

2167 2864 2259 2919 ego
2287 2847 2459 2915 homo,
2500 2849 2616 2920 quis
2645 2866 2726 2904 me
2757 2842 2996 2911 liberabit
3025 2851 3089 2921 de
3114 2867 3329 2923 corpore
3353 2851 3534 2919 ηιρνώ
3558 2850 3756 2920 hujus!

2170 2940 2239 2994 Et
2259 2955 2452 2995 secura
2480 2942 2547 2996 de
2573 2957 2668 3011 spe
2691 2942 2888 2998 divina:
2915 2943 3289 3015 retributionis
3313 2943 3495 3013 aiebat
3520 2961 3535 2999 :
3566 2942 3761 3013 Gratia

2170 3029 2269 3097 Dei
2287 3049 2381 3102 per
2393 3030 2575 3091 Iesum
2597 3032 2865 3103 Christum
2889 3033 3061 3106 (Rom.
3085 3050 3181 3102 vn,
3201 3035 3318 3105 24.)
3341 3035 3542 3091 Deinde
3562 3034 3755 3099 edocui

552 3096 1405 3201 "ﬁmogam
1444 3138 1765 3198 reducamus
1798 3096 1914 3207 eius
1950 3137 2068 3200 du].
2095 3096 2140 3161 (ἶ
2171 3096 2381 3178 ctnlesti
2409 3098 2747 3198 magisterio,
2789 3096 3006 3181 devenit
3039 3126 3109 3181 ad
3137 3096 3336 3192 locum,
3363 3125 3455 3181 ubi
3503 3096 3754 3192 ultimum

482 3229 705 3286 cissima
746 3230 913 3287 verba
953 3232 1020 3295 ad
1043 3246 1165 3288 cum
1196 3230 1348 3301 cujus
1390 3232 1743 3303 mittebantur
1765 3234 1837 3266 ³⁷⁸
1864 3231 2065 3300 otlicio,

482 3325 562 3381 ait
587 3325 733 3381 inter
772 3332 969 3382 caetera
998 3344 1012 3379 :
1050 3343 1069 3377 ι
1102 3324 1364 3403 Obsecro,
1394 3326 1698 3391 karissimc,
1731 3328 1978 3394 obsecro,
2006 3336 2069 3389 ut

482 3416 562 3473 ita
583 3416 880 3490 alloquaris
902 3418 1305 3481 sanctissimum
1331 3419 1755 3476 sacerdotem"?
1785 3436 1800 3474 :
1829 3438 1850 3479 ι
1892 3437 1912 3472 ‹
1945 3418 2065 3476 Meo

484 3528 504 3561 ι
548 3512 810 3583 obsequio
835 3513 1041 3583 accipe,
1078 3512 1333 3569 sacerdos
1363 3513 1482 3579 Dei,
1513 3528 1679 3584 parva
1718 3513 2060 3583 munuscula,

484 3619 505 3652 s
543 3616 666 3672 qua:
698 3602 795 3658 tibi
841 3603 1106 3676 delegavit
1141 3604 1468 3671 Adalheida,
1517 3620 1797 3660 servorum
1838 3604 1934 3661 Dei
1966 3620 2066 3659 an—

481 3711 501 3744 s
539 3693 684 3761 cilla,
710 3708 776 3750 es
803 3709 861 3751 se
882 3695 1184 3764 peccatrix,
1207 3695 1349 3750 dono
1375 3695 1470 3750 Dei
1498 3694 1836 3765 imperatris.
1860 3695 2065 3766 Accipe

482 3803 503 3837 s
540 3785 685 3842 unici
717 3786 822 3843 mei
851 3786 1065 3845 Ottonis
1088 3786 1314 3859 Augusti
1347 3786 1593 3843 clamidis
1618 3795 1852 3856 partem,
1883 3796 1939 3843 et
1965 3803 2061 3841 ora

478 3893 500 3926 α
538 3889 638 3946 pro
675 3892 741 3933 eo
785 3876 854 3931 ad
903 3877 1101 3948 ipsum,
1146 3890 1308 3948 quem
1344 3885 1498 3934 veste
1535 3876 1708 3934 divisa
1747 3876 1961 3933 vestisti
2008 3876 2067 3941 in

481 3985 501 4018 ι
538 3981 802 4044 paupere,
826 3967 1122 4024 Christum.
1156 3988 1176 4020 ι
1206 3968 1264 4033 In
1293 3968 1383 4024 illo
1408 3968 1520 4035 die,
1550 3969 1605 4024 in
1639 3985 1749 4040 quo
1774 3970 1842 4025 de
1870 3969 1941 4002 ’⁸ο
1971 3984 2063 4027 su-

475 4059 729 4128 pradicto
764 4060 886 4118 loco
910 4062 977 4094 ¹⁸¹
1021 4068 1140 4117 erat
1166 4061 1400 4135 exitura,
1431 4077 1537 4118 una
1570 4062 1870 4134 eademque
1902 4062 2061 4129 hora,

476 4150 640 4206 nobis
676 4153 1054 4222 peccatoribus
1084 4153 1390 4209 astantibus
1410 4153 1504 4220 η’,
1525 4162 1581 4210 et
1602 4153 1907 4226 exemplum
1936 4169 2064 4225 per-

475 4236 636 4296 fecta:
655 4241 975 4323 humilitatis
1000 4243 1241 4315 reliquit,
1264 4253 1319 4300 et
1337 4244 1632 4316 prophetiae
1655 4245 1926 4315 spiritum,
1952 4258 2061 4303 non

484 4343 807 4402 arroganter
828 4336 920 4392 sed
946 4337 1242 4404 humiliter,
1271 4353 1330 4394 se
1354 4338 1557 4393 habere
1590 4336 1845 4394 ostendit.

2170 3213 2239 3247 ὀί
2267 3215 2518 3286 spiritum
2559 3226 2681 3272 erat
2705 3217 2979 3273 redditura
3010 3218 3141 3274 Deo.
3170 3216 3412 3291 Instabat
3437 3217 3585 3272 enim
3616 3217 3755 3293 dies,

2172 3311 2226 3367 in
2256 3326 2363 3382 qua
2391 3312 2607 3382 devotio
2647 3329 2825 3379 annua
2860 3312 3122 3385 agebatur
3149 3328 3251 3384 pro
3278 3313 3373 3373 filii
3410 3312 3494 3385 sui
3539 3309 3757 3385 Ottonis

2168 3403 2383 3477 angusti
2413 3404 2697 3477 memoria.
2727 3403 3074 3465 Confluxerat
3111 3406 3178 3460 ad
3207 3420 3326 3473 eam
3356 3420 3423 3460 ex
3452 3403 3752 3473 adiacenti-

2172 3495 2272 3551 bus
2299 3494 2452 3566 locis,
2479 3504 2538 3568 ut
2564 3510 2778 3567 semper
2809 3496 3100 3565 faciebant,
3125 3510 3420 3567 pauperum
3450 3494 3659 3565 plebes.

2240 3590 2332 3645 2|.
2371 3589 2503 3645 Erat
2528 3588 2579 3645 ei
2607 3590 2940 3658 consuetudo
2972 3589 3114 3657 talis,
3163 3598 3222 3644 ut
3266 3589 3321 3643 in
3356 3588 3658 3649 amicorum
3698 3593 3756 3657 et

2172 3678 2519 3749 familiarium
2562 3695 2781 3745 suorum
2829 3679 3217 3745 anniversariis
3261 3676 3505 3749 spiritale
3542 3674 3757 3748 donati:

2170 3789 2294 3827 vum
2324 3773 2436 3829 suis
2468 3772 2803 3847 spiritalibus
2843 3782 3096 3841 erogaret
3125 3772 3194 3803 ³⁰¹
3227 3770 3508 3843 militibus,
3551 3768 3754 3831 elemo:

2168 3868 2344 3922 sinam
2376 3867 2498 3929 dico
2541 3866 2743 3933 Christi
2784 3864 3130 3937 pauperibus.
3179 3865 3313 3937 Erat
3354 3873 3536 3919 autem
3574 3862 3645 3897 ³⁸³
3672 3862 3755 3919 in-

2169 3958 2465 4030 digentium
2525 3958 2596 3990 ³⁰⁴
2645 3957 2936 4028 multitudo
2991 3956 3285 4027 ordinatim
3347 3954 3647 4017 constituta
3699 3952 3753 4007 in

2169 4049 2293 4106 loco
2328 4050 2419 4104 δυ’.
2466 4050 2547 4105 Ad
2595 4064 2731 4119 quos
2774 4050 2890 4120 ipsa
2924 4049 3094 4116 venit,
3142 4056 3199 4105 et
3236 4047 3484 4117 exemplo
3520 4044 3755 4109 Abrahze

2168 4140 2495 4212 patriarchae
2520 4140 2591 4171 ³⁰⁶
2619 4139 2786 4195 Deum
2834 4140 2975 4194 inter
3012 4138 3133 4201 illos
3160 4152 3281 4195 esse
3326 4151 3434 4192 non
3474 4133 3753 4195 dubitans,

2169 4231 2754 4299 humiliteradoravit;
2784 4239 2840 4289 et
2871 4230 3035 4286 oblita
3065 4228 3400 4299 infirmitatis
3427 4241 3562 4290 sum,
3591 4237 3757 4293 super

2168 4326 2317 4380 vires
2358 4325 2428 4357 ³⁰⁷
2476 4325 2759 4395 temptavit
2804 4324 2874 4356 ³⁰⁸
2915 4323 3136 4402 aggredi
3164 4323 3265 4387 m;
3316 4319 3544 4395 singulis
3591 4330 3755 4377 manu

544 4424 643 4501 i9.
684 4424 817 4482 Erat
851 4426 1069 4494 quidam
1114 4428 1188 4491 ihi
1235 4428 1288 4487 in
1331 4429 1616 4500 praesentia
1665 4428 1836 4499 ipsius
1875 4441 2061 4485 mona-
2091 4414 2141 4474 D
2166 4422 2387 4494 pr0pria
2419 4419 2629 4493 tribuit,
2675 4429 2730 4476 et
2765 4435 2902 4507 quos
2941 4417 3365 4485 miserabiliores
3405 4413 3560 4477 vidit,
3593 4409 3758 4466 vesti-

1742 4538 1970 4598 VARle
2012 4533 2412 4592 LECTIONES.

556 4661 627 4696 ²⁸⁹
659 4673 950 4734 gevensem
1001 4659 1069 4734 ᾧ.
1110 4661 1495 4734 genevensium
1532 4659 1684 4734 j-lo.
1720 4658 1835 4734 _"_°.
1868 4656 2178 4734 lausoniam
2195 4652 2346 4734 7-10.
2422 4651 2492 4734 '_“_
2520 4650 2707 4734 deest.
2731 4649 2934 4734 tium
2980 4646 3142 4734 deest.
3263 4641 3656 4734 [suppr-ditavit-
3670 4641 3756 4734 l9.

475 4732 546 4804 θ’
567 4742 626 4791 et
645 4730 854 4804 dumip.
877 4730 963 4804 4.;
1007 4730 1080 4804 ’_“-
1103 4730 1393 4804 uterentur
1424 4731 1477 4785 4.

473 4802 529 4857 5.
563 4804 618 4862 8.
646 4803 699 4861 9.
734 4800 822 4860 1οῖ
896 4801 969 4835 ’⁸³
993 4802 1132 4857 deest
1156 4801 1228 4856 Η
1258 4800 1423 4857 9.10.
1500 4801 1569 4833 ²⁶⁹
1598 4814 1922 4870 suppromus
1956 4800 2002 4853 l.

476 4873 551 4907 ’⁷³
580 4890 633 4932 0.
660 4883 745 4933 est
771 4889 821 4930 c.
844 4873 901 4930 3.
981 4873 1051 4906 ""
1077 4873 1217 4927 deest
1241 4872 1297 4929 4.
1361 4871 1431 4907 ⁸⁷⁵
1459 4872 1599 4927 deest
1624 4867 1680 4924 4.
1700 4867 1713 4870 ⁷
1734 4869 1808 4903 ³⁷⁸
1827 4870 1966 4923 deest
2003 4867 2057 4921 4.
2135 4867 2204 4904 ’⁷⁷
2236 4881 2282 4919 a.

472 4945 496 4996 4
514 4982 529 4996 .
560 4946 881 4996 mittebatur
912 4946 997 4996 10.

2083 4796 2153 4828 ³⁷⁸
2186 4797 2290 4855 hac
2315 4793 2423 4849 vita
2456 4791 2601 4848 7-10.
2683 4792 2749 4823 ²⁷¹
2783 4791 2925 4845 deest
2958 4789 3007 4842 L
3041 4788 3153 4843 7-9.
3182 4801 3248 4840 ex
3280 4785 3377 4855 10..
3436 4784 3481 4819 ²²

1102 4944 1171 4976 ’⁷⁸
1211 4958 1261 4996 a.
1284 4936 1337 4996 ἐ.
1369 4941 1573 4996 Christi
1606 4941 1662 4995 4.
1693 4957 1744 4995 a.
1774 4957 1821 4996 s.
1866 4938 2235 4996 confessorem
2265 4933 2414 4989 τ-ἱῦ.

1794 4711 1996 4815 hebet?
2030 4725 2153 4815 eius,
2183 4726 2323 4815 ροηα
2352 4711 2749 4815 sisui-ws.
2776 4720 2848 4815 ’3‘
2876 4719 3133 4815 viii};
3167 4711 3677 4815 iii-(“1.9323,
3700 4711 3759 4815 1·

3533 4783 3677 4836 deest
3703 4781 3758 4849 4.

2318 4874 2529 4933 partem
2555 4862 2624 4916 cl.
2650 4862 2706 4933 4.
2783 4861 2855 4933 ²⁷λ⁸
2883 4850 3761 4933 mittebanturcorfzrnittebatnr

2516 4934 2585 4969 suo
2608 4928 2747 4987 άεέει
2778 4931 2864 4986 ιο,
2955 4930 3022 4963 ²⁸ι
3071 4929 3209 4982 deest
3233 4927 3287 4985 4.
3390 4924 3460 4958 ²⁸¹
3524 4921 3758 4996 MSS-,3-
