4072 5350
282 189 381 249 981

1205 183 1622 243 EPITAPHIUM
1659 181 2076 240 ADALHEIDAE
2116 179 2620 239 lliPERA'l‘RlClS.

3421 178 3526 232 982

282 307 467 357 menta
492 297 563 331 m
589 296 672 352 vel
705 297 808 352 alia
850 297 1162 352 nmnuscula
1198 297 1364 353 dedit;
1395 297 1574 351 Finito
1613 295 1718 351 isto
1745 294 1854 364 spi-
1881 300 1929 357 Λ
1958 292 2072 346 neis
2101 290 2480 344 honestissima
2532 287 2767 358 gravitas
2788 323 2805 351 ,
2860 285 2914 339 in
2942 283 3270 352 pauperibus
3303 297 3435 336 vero
3457 282 3528 314 m

283 389 430 446 ritali
443 389 678 460 negotio,
691 401 721 440 a
736 387 970 456 quodam
984 387 1270 442 venerabili
1284 387 1692 456 archiepiscopo
1707 383 1855 453 (106)

283 480 482 536 missas
507 478 636 533 fecit
658 477 725 508 ³¹¹
748 476 1007 531 celebrari
1031 493 1129 547 pro
1153 477 1280 530 filio.
1306 475 1362 529 In
1394 477 1506 544 ipsa
1531 477 1673 530 enim
1703 484 1858 528 nocte

284 587 316 626 a
363 571 433 602 '“
479 567 629 624 febre
669 567 982 636 corripitur,
1029 575 1085 620 et
1133 581 1228 635 per
1273 566 1478 634 aliquot
1520 566 1638 636 dies
1685 566 1859 633 ingra-

283 661 708 720 vescente-mole
738 659 1090 723 infirmitatis,
1120 659 1188 712 ad
1215 667 1514 713 extremum
1546 669 1714 724 usque
1743 669 1860 723 per.-

285 756 508 811 ducitur
527 753 617 806 ³¹⁸.
644 751 834 806 Adhuc
865 757 1044 804 autem
1073 735 1144 780 “‘
1170 763 1266 818 pro
1296 761 1455 817 posse
1498 746 1700 800 intenta
1744 751 1862 798 erat

285 845 345 900 in
393 842 657 908 oratione,
697 849 750 896 et
779 838 947 894 oculis
990 836 1418 892 desiderantibus
1457 832 1864 897 Christum,.ni-

285 932 395 989 ehil
430 931 575 986 aliud
620 929 942 1000 dignabatur
978 925 1242 997 aspicere.
1274 923 1584 994 Resumptis
1613 921 1861 991 aliquan-

288 1021 461 1077 tulum
508 1019 718 1075 viribus
747 1015 992 1087 corporis
1019 1013 1219 1070 muniri
1249 1027 1308 1068 se
1355 1012 1566 1084 rogavit
1604 1011 1864 1067 attentius

287 1113 566 1186 mysteriis
617 1107 1018 1167 ecclesiasticis.
1075 1104 1213 1160 Tum
1265 1106 1405 1161 sacri
1455 1105 1557 1159 olei
1617 1104 1867 1158 unctione

289 1211 578 1274 peruncta,
609 1205 1005 1256 sacramentum
1035 1194 1288 1250 dominici
1323 1194 1564 1262 corporis
1595 1192 1868 1248 humiliter

290 1303 349 1349 et
384 1291 732 1348 devotissime
763 1287 1036 1344 adoranda
1079 1285 1342 1356 percepit,
1376 1286 1428 1338 in
1469 1299 1627 1355 quem
1656 1299 1870 1355 semper

291 1383 534 1454 speravit
560 1389 614 1437 et
657 1379 904 1436 credidit.
934 1376 1155 1431 Talibus
1185 1375 1376 1430 deinde
1405 1375 1484 1406 ³¹⁵’
1515 1373 1648 1428 fulta
1680 1374 1868 1444 praesi-

291 1476 399 1531 diis
422 1475 622 1544 talique
663 1481 817 1543 pasta
845 1469 1110 1535 convivio,
1143 1468 1296 1523 dixit
1318 1467 1622 1524 senioribus
1648 1468 1738 1536 qui
1787 1483 1871 1521 as-

291 1567 512 1623 stabant
536 1567 685 1621 met
705 1564 874 1630 clero,
897 1573 957 1618 ut
977 1562 1214 1634 psalmos
1237 1560 1632 1630 paenitentiales
1654 1561 1722 1592 ³¹⁷
1747 1575 1875 1615 can-

1961 379 2302 448 infatigabilis
2331 379 2524 447 pietas,
2558 378 2612 430 in
2657 375 2986 432 honorandis
3028 373 3290 427 aecclesiis
3323 372 3418 427 Dei
3453 372 3533 426 af-

1957 470 2305 525 ﬂuentissima
2340 470 2575 539 largitas,
2615 482 2741 537 erga
2781 467 2951 522 honos
2997 478 3352 536 perseverans
3381 465 3534 520 beni-

1959 564 2160 634 gnitas,
2193 571 2380 616 contra
2420 562 2694 631 improbos
2731 561 2800 592 '“
2843 559 3082 616 liberalis
3128 559 3390 615 severitas
3415 600 3428 624 ,
3481 561 3538 615 in

1960 652 2273 723 appetendis
2307 653 2486 716 timor,
2521 647 2580 705 in'
2601 650 2850 721 appetitis
2881 650 2951 682 ’π
2981 649 3154 720 vigor,
3186 649 3240 703 in
3271 650 3540 719 prosperi-

1964 743 2164 796 tatibus
2213 755 2338 794 vcra
2383 741 2704 806 humilitas,
2754 740 2806 794 in
2855 739 3276 796 adversitatibus
3324 740 3540 810 patiens

1963 831 2361 906 longanimitas,
2390 830 2443 884 in
2469 830 2610 884 victu
2638 829 2911 885 cotidiano
2938 829 3224 895 sobrietas,
3253 829 3309 885 in
3338 831 3539 886 vestitu

1963 924 2125 978 etiam
2175 923 2548 989 mediocritas,
2593 923 2648 977 in
2709 923 2778 954 ³³⁸
2824 921 3146 979 lectionibus
3191 931 3246 978 et
3283 923 3546 978 orationi-

1965 1017 2066 1072 bus
2104 1017 2196 1082 ⁸⁸⁷,
2228 1016 2426 1088 vigiliis
2475 1026 2528 1071 et
2569 1015 2791 1086 jejuniis
2850 1016 3179 1084 assiduitas,
3238 1017 3294 1072 in
3344 1017 3542 1072 dandis

1967 1108 2276 1163 elemosinis
2325 1125 2429 1163 una
2475 1109 2771 1178 eademque
2823 1108 3089 1165 voluntas.
3143 1111 3218 1165 De
3268 1109 3546 1166 nobilitate

1931 1245 1936 1250 .
1967 1199 2422 1254 carnisnulla.m
2457 1214 2578 1254 eam
2606 1199 2972 1268 praepediebat
3001 1200 3182 1264 elatio,
3212 1201 3353 1255 nulla
3381 1201 3449 1256 de
3469 1202 3546 1236 ·⁸¹⁹

1970 1289 2214 1344 bonitate
2245 1291 2314 1322 ³³⁰
2344 1290 2450 1345 sibi
2477 1307 2506 1344 a
2540 1291 2650 1346 Deo
2679 1305 2936 1347 concessa
2968 1291 3036 1346 ad
3085 1307 3143 1346 se
3181 1294 3320 1347 trahi
3351 1292 3421 1326 ³³¹
3443 1306 3554 1364 'po-

1972 1387 2113 1433 terat
2141 1381 2390 1435 humana:
2420 1381 2594 1436 laudis
2622 1383 2840 1451 cupido.
2881 1381 3135 1438 Nullam
3167 1385 3232 1439 de
3261 1383 3560 1441 virtutibus

1973 1483 2002 1521 a
2032 1467 2142 1523 Deo
2182 1469 2283 1524 sibi
2331 1471 2608 1527 concessis
2643 1472 3011 1543 praesumptio,
3041 1472 3187 1527 nulla
3209 1473 3281 1528 de
3309 1476 3550 1529 excessi-

1974 1557 2075 1612 bus
2122 1559 2354 1628 propriis
2392 1560 2771 1616 dominabatur
2804 1561 2874 1594 ³³³
2922 1561 2972 1618 ei
3005 1577 3164 1617 suasa
3189 1562 3261 1594 "”
3301 1563 3552 1634 despera-

295 1670 477 1715 tarent
503 1667 556 1714 et
580 1658 800 1713 nomina
824 1664 1136 1712 sanctorum
1161 1655 1528 1710 ecclesiastico
1560 1668 1709 1708 more
1739 1653 1874 1707 reci-
1907 1636 1948 1694 Β
1979 1650 2082 1714 lio;
2124 1650 2266 1704 nulla
2293 1651 2359 1705 de
2383 1652 2698 1719 honoribus,
2726 1653 2931 1709 divitiis
2958 1662 3015 1710 et
3041 1654 3247 1711 deliciis
3277 1655 3345 1687 ³³⁵
3371 1657 3554 1711 mundi

295 1757 497 1805 tarent.
528 1748 646 1816 Quo
691 1747 858 1812 facto,
889 1762 1011 1802 cum
1050 1745 1403 1816 psallentibus
1433 1743 1711 1812 psallebat,
1750 1759 1871 1797 cum

294 1838 580 1894 orantibus
605 1838 818 1902 orabat,
849 1850 1019 1904 usque
1049 1835 1115 1888 ad
1162 1834 1310 1887 illum
1348 1833 1545 1896 locum,
1578 1833 1665 1886 ubi
1708 1833 1872 1886 Dcmn

297 1929 404 1983 sibi
448 1929 638 1982 adesse
667 1925 992 1997 precabatur
1032 1924 1340 1994 propitium.
1385 1922 1514 1976 Erat
1555 1932 1733 1976 autem
1784 1937 1872 1976 ne.

297 2020 480 2074 sciens
522 2019 592 2050 ³⁸⁸
634 2033 756 2072 cum
800 2031 985 2072 sorore
1027 2015 1194 2086 Moysi
1243 2023 1427 2070 tenere
1465 2023 1777 2084 tympanum
1822 2024 1880 2068 et

299 2111 551 2174 chorum,
581 2124 704 2164 cum
751 2092 920 2163 David
957 2107 1189 2162 chordas
1221 2112 1274 2160 et
1303 2119 1601 2176 organum;
1653 2104 1748 2158 sed
1794 2119 1877 2157 as—

300 2202 532 2271 sumptis
565 2200 700 2256 bene
732 2199 1052 2256 sonantibus
1076 2197 1335 2270 cymbalis
1362 2213 1483 2252 cum
1510 2196 1577 2228 ³⁸⁸
1610 2197 1880 2266 sequenti—

300 2292 403 2347 bus
429 2307 646 2362 agnum,
673 2299 782 2348 tota
808 2289 921 2359 jam
951 2291 1270 2346 versabatur
1300 2289 1353 2343 in
1378 2287 1628 2357 jubilum.

372 2383 466 2436 22.
503 2383 660 2436 Anno
707 2382 869 2453 igitur
895 2381 964 2414 '”
994 2380 1228 2435 instante
1268 2379 1335 2433 ab
1377 2376 1748 2432 incarnatione
1783 2376 1883 2430 Do-

300 2472 436 2526 mini
463 2472 770 2538 millesimo,
818 2471 1134 2526 desiderans
1177 2469 1358 2523 videre
1392 2467 1535 2522 diem
1579 2482 1744 2520 unum
1788 2482 1881 2520 ne-

300 2564 563 2620 scientem
615 2579 866 2620 occasum
921 2563 975 2617 in
1026 2562 1176 2617 atriis
1228 2561 1436 2616 Domini
1487 2575 1651 2629 super
1699 2559 1878 2624 milia,

298 2654 520 2709 dicebat
560 2669 701 2724 saepe
747 2669 870 2710 cum
905 2651 1204 2722 Apostolo:
1240 2649 1405 2719 Cupio
1445 2648 1656 2704 dissolvi
1697 2657 1743 2702 et
1773 2664 1882 2702 esse

302 2759 426 2797 eum
471 2743 678 2799 Christo
725 2743 954 2814 (Philip.
1000 2759 1041 2809 ι,
1086 2741 1202 2812 25).
1253 2739 1579 2797 Prwstolans
1619 2739 1781 2794 etiam
1815 2741 1881 2794 -in

301 2833 716 2902 prmsentiarum
774 2849 896 2888 eum
959 2831 1186 2902 spiritali
1242 2831 1428 2885 laetitia
1496 2829 1738 2899 ejusdem
1793 2829 1886 2886 do-

305 2922 439 2977 mini
479 2922 608 2978 Jesu
650 2923 848 2979 Christi
893 2922 1191 2978 nativitatis
1237 2922 1303 2956 ³¹¹
1339 2923 1552 2989 festum,
1597 2938 1718 2976 cmn
1764 2937 1886 2978 sex-

1979 1740 2031 1792 in
2079 1755 2142 1794 ea
2175 1740 2244 1771 ³³⁶
2294 1741 2699 1811 principahatur
2745 1745 3004 1811 ambitio;
3053 1747 3147 1802 sed
3195 1746 3556 1801 comitabatur

1977 1845 2096 1893 eam
2126 1832 2180 1886 in
2213 1831 2279 1863 ³³⁷
2309 1835 2560 1890 omnibus
2585 1837 2827 1891 omnium
2852 1838 3114 1893 virtutum
3150 1848 3322 1893 mater
3352 1839 3555 1893 discre-

1981 1922 2341 1992 tio..Eratque
2375 1925 2424 1978 ei
2456 1926 2509 1977 in
2539 1925 2642 1981 ﬁde
2674 1941 2865 1982 secura
2897 1927 3146 1994 firmitas,
3175 1929 3226 1982 in
3259 1944 3353 1998 spe
3398 1929 3552 1982 firma

1979 2011 2300 2077 securitas,
2337 2013 2390 2066 in
2440 2013 2509 2044 ³³⁸
2556 2014 2846 2071 dilectione
2894 2016 2984 2071 Dei
3028 2025 3103 2072 et»
3129 2018 3366 2088 proximi
3402 2018 3572 2074 radix.

1978 2100 2218 2154 omnium
2244 2100 2506 2157 bonorum
2531 2104 2962 2175 principalisque
2981 2105 3050 2138 ”’
3098 2122 3257 2162 causa
3295 2108 3577 2162 virtutunn

1979 2191 2201 2245 caritas.
2257 2190 2362 2246 Sed
2415 2201 2475 2246 ut
2525 2208 2650 2251 vere
2697 2193 2890 2262 fatear,
2943 2204 3145 2266 quanta
3173 2196 3240 2227 “°
3287 2206 3342 2250 et
3383 2197 3562 2266 qualis

1979 2279 2145 2334 fuerit
2173 2280 2289 2350 ejus
2322 2282 2452 2349 vita,
2493 2276 2918 2340 clarescentibus
2956 2285 3021 2339 ad
3063 2283 3403 2354 sepulchrum
3447 2283 3576 2352 ejus-
3653 2272 3660 2278 ’

1981 2371 2363 2427 miraculorum
2428 2375 2734 2446 prodigiis,
2785 2375 2960 2432 virtus
3025 2374 3288 2445 patefecit
3358 2378 3560 2433 divina.

1981 2463 2112 2531 Qu:c
2138 2463 2204 2495 ³⁸⁸
2236 2464 2283 2518 si
2312 2464 2752 2521 describerentur
2781 2481 2848 2522 ex
2877 2467 3090 2534 ordine,
3119 2468 3340 2540 proprio
3363 2469 3568 2541 indige-

1982 2564 2104 2613 rent
2132 2557 2436 2624 rolumine;
2475 2574 2583 2615 non
2629 2560 2774 2617 enim
2803 2570 3031 2632 possunt
3075 2545 3262 2618 nostro
3304 2561 3568 2634 explicari

1983 2648 2217 2717 eloquio.
2251 2649 2356 2705 Sed
2390 2664 2458 2704 ne
2494 2665 2561 2705 ex
2610 2659 2724 2707 toto
2772 2662 3090 2709 remaneant
3139 2661 3280 2709 tecta
3327 2653 3566 2718 silentio,

1982 2739 2350 2809 prolixitatem
2380 2741 2632 2811 loquendi
2661 2743 2904 2810 vitando,
2928 2744 3078 2800 brevi
3106 2746 3579 2815 comprehendere.

1983 2829 2188 2898 placuit
2220 2830 2478 2902 capitulo.

2053 2920 2144 2976 25.
2167 2920 2248 2981 At]
2275 2923 2615 2993 sepulchrum
2646 2925 2764 2995 ejus
2791 2925 2918 2981 (ξωοί
2951 2927 3150 2983 amissa
3177 2927 3457 2984 oculorum
3488 2928 3581 2982 lu—.

308 3024 420 3067 tum
445 3013 714 3068 decimum
756 3005 897 3069 diem
951 3013 1185 3069 solveret
1227 3013 1522 3070 December
1552 3013 1678 3068 felix
1709 3013 1879 3085 (107),
1910 2995 1956 3058 (ἶ
1988 3014 2131 3068 mina
2181 3016 2448 3086 recipiunt
2475 3057 2490 3083 ,
2537 3017 2800 3088 paralitici
2852 3019 3201 3076 valitudinem
3257 3036 3566 3091 corporum.

307 3113 366 3156 et
417 3102 554 3174 ipsa,
609 3103 835 3159 feliciter
887 3104 1133 3176 deposito
1184 3106 1365 3160 carnis
1415 3119 1613 3171 onere,
1647 3105 1882 3158 evolavit

306 3190 380 3246 ad
412 3206 603 3262 purum
629 3195 899 3264 purissimi
925 3197 1143 3252 aetheris
1175 3195 1435 3267 fulgorem
1460 3196 1548 3250 3“.
1581 3196 1712 3251 Erat
1738 3196 1881 3252 enim

308 3280 363 3338 ei
402 3295 528 3338 cum
571 3282 880 3341 domesticis
923 3285 1102 3358 gravis
1143 3284 1482 3357 jocunditas,
1527 3301 1651 3342 cum
1701 3297 1883 3340 extra-

1989 3105 2384 3162 Febricitantcs
2412 3119 2674 3164 sanantur
2701 3111 2792 3164 ibi.
2823 3109 2900 3166 Ex
2929 3111 2996 3144 m
3027 3112 3251 3168 diversis
3281 3112 3569 3167 infirmita-

1993 3195 2134 3251 tibus
2168 3198 2320 3252 multi
2350 3212 2668 3271 reparantur
2697 3201 2916 3270 infirmi,
2946 3206 3120 3276 gratia
3149 3212 3200 3259 et
3227 3205 3578 3261 miseratione

1993 3286 2201 3342 Domini
2232 3289 2399 3344 nostri
2429 3289 2554 3346 Jesu
2587 3290 2785 3348 Christi
2809 3293 2897 3346 3".

1737 3428 2116 3446 ——-——___

1437 3521 2456 3670 APPENDIX’.

1030 3732 1438 3854 LIBER
1523 3734 2555 3856 MIBACULORUM
2641 3723 2844 3858 (Μ).

1260 3962 1678 4026 PROLOGUS
1720 3966 1802 4027 ΙΝ
1843 3968 2147 4033 LIBRUM
2192 3967 2660 4032 SECUNDUM..

390 4115 530 4210 Quia
580 4122 843 4189 superiori
865 4121 1010 4194 stylo
1034 4122 1310 4179 evidenter
1336 4135 1486 4194 patet
1513 4137 1712 4197 quanta
1741 4129 1898 4182 sedtt-
1927 4133 1974 4192 ι)
2001 4131 2244 4201 proferre
2271 4172 2284 4196 ,
2333 4133 2546 4204 quibus.
2575 4149 2816 4189 sororem
2853 4134 2970 4203 ejus
3019 4135 3246 4194 Mariam
3282 4139 3589 4210 periectius.

319 4204 472 4262 litate
516 4207 727 4263 beatam
773 4211 1036 4268 Martham
1065 4215 1181 4270 haec
1212 4216 1305 4270 Dei
1336 4217 1526 4270 ancilla
1567 4219 1889 4283 imitaretur,

321 4303 536 4365 oportet
553 4300 717 4354 etiam
740 4301 914 4372 aliqua
928 4301 1181 4374 supernae
1201 4305 1580 4375 speculationis
1606 4309 1800 4363 indicia
1825 4311 1894 4341 ³⁵³

2001 4232 2301 4294 assecutam
2332 4227 2600 4294 possimus
2637 4227 2924 4297 conjicere.
2956 4227 3180 4300 Insuper
3205 4231 3349 4287 facili
3381 4234 3580 4291 intelli-

1999 4319 2182 4388 gentia
2226 4335 2419 4390 capere
2466 4321 2739 4389 valemus,
2771 4324 3003 4394 qualiter
3031 4325 3146 4398 ipsa
3173 4342 3370 4402 corpus
3398 4345 3573 4398 suum,

1591 4419 1823 4476 vam/az
1863 4421 2266 4499 LECTJONES.

387 4523 810 4612 ttvesftmenttfs‘
856 4529 1028 4612 influit
1074 4530 1285 4612 aliaque
1311 4496 1391 4612 4...
1441 4533 1685 4612 "f__p_etit
1727 4496 1903 4612 συί-0..
1953 4538 2020 4571 ³¹³
2052 4543 2165 4612 jam
2208 4545 2261 4599 '5.
2315 4547 2696 4604 ““deducitur
2723 4550 2872 4605 6-10:
2950 4553 3177 4611 “enim
3199 4556 3252 4611 4'.
3333 4555 3403 4590 ⁸³³
3441 4558 3581 4611 deest

322 4593 831 4695 3;.123‘3;1.39:s‘t.qa.
875 4593 2261 4695 Ilitgoapiiehtigis.”“ffgrateniﬂisciené‘fil‘toI
2321 4593 2753 4695 εισξιξξᾷἷῇοξ
2794 4593 2898 4655 ’ἶέο
2941 4593 3576 4681 διιιὲἱίἱ’ἓ.”³²ιάεᾶἷ⁹ἑῖ

420 4664 502 4750 hic
526 4663 715 4750 desinit
745 4667 797 4720 7.
969 4663 1108 4750 deest
1141 4672 1254 4750 δι’Δ
1275 4672 1344 4750 3""
1371 4674 1564 4750 impios
1589 4677 1646 4750 ξς
1658 4679 1741 4750 10.
1815 4663 2071 4750 mli?
2094 4663 2362 4742 iii-desunt
2623 4663 2779 4745 "'z‘vi’n
2817 4694 2853 4747 Ι.
2878 4663 3118 4748 et}???
3233 4697 3270 4750 i.
3310 4663 3501 4750 deum

323 4733 392 4804 Ψ
419 4749 475 4804 ρ,
504 4744 561 4791 et
588 4739 641 4793 8.
669 4737 722 4792 9.
755 4752 807 4792 ο.
844 4741 982 4795 etin
1027 4742 1109 4796 10.
1186 4743 1256 4780 ιιι
1297 4733 1529 4798 deest-2.
1605 4747 1671 4778 επ
1711 4764 1773 4802 οι
1817 4751 1900 4804 to.
1939 4733 2052 4786 ’⁷³³6

2090 4765 2353 4821 potestate
2399 4759 2536 4813 8-10.
2631 4762 2696 4792 ³³⁸
2748 4766 3023 4819 attrahere
3064 4765 3119 4818 4.
3164 4768 3380 4820 trahere
3428 4767 3580 4821 8-10.

510 4807 564 4860 d.
588 4822 647 4890 νζ
674 4823 726 4860 a.
751 4807 826 4890 PQ.
852 4826 898 4864 s.
932 4826 979 4864 c.
1009 4812 1280 4890 ριάελδιςῃε
1315 4814 1422 4890 10._
1474 4815 1550 4890 ξ”δ
1584 4802 2034 4890 denominahatnr
2060 4802 2597 4884 27"534Efntésifélta
2627 4831 2679 4884 4.
2715 4802 3380 4888 836.3113];
3428 4802 3579 4890 Ἡί

323 4873 486 4943 hujus
513 4890 587 4928 m.
615 4875 670 4930 5.
749 4878 819 4909 ⁸³⁸
847 4895 966 4932 eam

322 5027 504 5066 amen.
528 5015 583 5068 2.
615 5018 698 5071 cui
730 5015 812 5073 est
844 5019 1014 5072 honor
1040 5029 1094 5074 et

323 5096 458 5156 cum
466 5096 624 5156 patre
641 5099 694 5141 et
717 5088 905 5156 spiritu
950 5098 1102 5142 sanet

323 4880 486 4974 atoljus
513 4890 587 4928 tn.
615 4880 670 4930 5.
749 4880 819 4909 ³³⁸
847 4895 966 4932 eam
997 4880 1114 4934 4-6.
1141 4883 1282 4936 8-10.
1357 4883 1422 4915 ³³⁷
1449 4885 1586 4938 deest
1625 4887 1672 4939 7.
1703 4889 1754 4942 9.
1787 4891 1870 4944 10.
1953 4893 2023 4923 ³³⁸
2054 4895 2103 4946 in
2149 4925 2216 4934 -—
2244 4914 2267 4948 ‹-

418 4943 458 4995 f.
483 4960 604 4995 num
631 4957 686 4995 et
715 4963 769 4995 η.
807 4949 958 4995 8-10-
1019 4949 1086 4983 ³η
1122 4951 1338 4995 Πριίηηη
1365 4955 1732 4995 άρςὶιίρνηηιηι-
1754 4961 1803 4995 ε..
1835 4963 1866 4995 ςι
1911 4961 1943 4995 o
2031 4964 2166 4995 ,πη-..ι
2203 4983 2264 4995 ....

441 4949 604 5021 ulnae
631 4957 769 5021 etAq.
807 4949 958 5021 8710.
1019 4949 1086 4983 ³⁶¹
1117 4951 1338 5021 Reliqua
1365 4955 1732 5010 desiderantur
1754 4961 1803 5012 in
1833 4963 1884 5016 8.
1911 4961 1962 5017 9.
2031 4964 2172 5019 "“et
2203 4983 2266 5020 ex

1123 5021 1698 5116 gl.':i_n:ls.u.s.ha._.aLqui
1727 5032 1862 5100 regit
1899 5033 2158 5115 ambitum
2188 5040 2307 5116 caeli
2334 5021 2429 5106 per
2456 5021 2659 5116 omnia
2688 5021 3592 5116 ééctii'drthii'écfciiili'Siﬁéifi'iiiii

1104 5099 1382 5179 (invitata
1413 5102 1602 5179 regnat
1644 5099 2136 5179 deus’pettmnnia
2163 5099 2347 5161 secula
2377 5109 2680 5179 seculorum
2723 5124 2913 5179 amen.
2955 5111 3188 5179 Explicit
3235 5115 3340 5166 vita
3389 5099 3590 5172 sanc'tte

2275 4900 2460 5020 alt-itas.
2491 4901 2598 4954 Sed
2630 4903 2814 4956 desunt
2840 4905 2986 4958 8-10.
3064 4903 3133 4934 ³³⁸
3175 4904 3490 4973 principalis
3527 4908 3580 4961 4.

2292 4972 2299 4978 ’
2334 4970 2386 5020 ιϐ
2478 4970 2545 5000 ³⁵³
2578 4972 2662 5020 cui
2687 4981 2768 5020 est
2792 4971 2958 5020 gloria
2985 4973 3034 5020 in
3065 4975 3247 5020 secula
3280 4976 3580 5020 seculorum

2334 4970 2386 5022 ιϐ
2478 4970 2545 5000 ³⁵³
2578 4972 2662 5023 cui
2687 4981 2768 5023 est
2792 4971 2958 5038 gloria
2985 4973 3034 5025 in
3065 4970 3249 5028 secula
3280 4970 3589 5032 seculorum

321 5152 634 5209 Adulheidte
658 5152 1019 5226 itnpcratricis
1042 5170 1278 5229 augusta:
1299 5152 1596 5230 compdsita
1622 5181 1651 5218 a
1674 5152 1983 5227 venerando
1999 5152 3588 5250 ηιδίῖίίάἱῖιῖἕ

1835 5283 2067 5340 NOTIE.
