  <div class='ocr_page' id='page_1' title='image "/cluster/home/n/w/nwhite01/storage/ocr_20150623/142/hvd.32044015471808/497.png"; bbox 0 0 4072 5350; ppageno 0'>
   <div class='ocr_carea' id='block_1_1' title="bbox 540 288 640 343">
    <p class='ocr_par' dir='ltr' id='par_1_1' title="bbox 540 288 640 343">
     <span class='ocr_line' id='line_1_1' title="bbox 540 288 640 343; baseline 0.03 -4"><span class='ocrx_word' id='word_1_1' title='bbox 540 288 640 343; x_wconf 66' lang='grc'><strong>983</strong></span> 
     </span>
    </p>
   </div>
   <div class='ocr_carea' id='block_1_2' title="bbox 526 480 2116 580">
    <p class='ocr_par' dir='ltr' id='par_1_2' title="bbox 526 480 2116 580">
     <span class='ocr_line' id='line_1_2' title="bbox 526 480 2116 580; baseline 0.025 -49"><span class='ocrx_word' id='word_1_2' title='bbox 526 480 725 546; x_wconf 76' lang='lat' dir='ltr'><strong>vando,</strong></span> <span class='ocrx_word' id='word_1_3' title='bbox 758 484 1015 555; x_wconf 79' lang='lat' dir='ltr'><strong>templum</strong></span> <span class='ocrx_word' id='word_1_4' title='bbox 1046 488 1141 545; x_wconf 89' lang='lat' dir='ltr'><strong>Dei</strong></span> <span class='ocrx_word' id='word_1_5' title='bbox 1167 492 1238 524; x_wconf 67' lang='lat' dir='ltr'><strong>m</strong></span> <span class='ocrx_word' id='word_1_6' title='bbox 1266 495 1374 551; x_wconf 91' lang='lat' dir='ltr'><strong>vivi</strong></span> <span class='ocrx_word' id='word_1_7' title='bbox 1396 497 1466 531; x_wconf 78' lang='lat'><strong>&#39;“</strong></span> <span class='ocrx_word' id='word_1_8' title='bbox 1493 480 1856 569; x_wconf 79' lang='lat' dir='ltr'><strong>promeruerit</strong></span> <span class='ocrx_word' id='word_1_9' title='bbox 1883 510 2116 580; x_wconf 89' lang='lat' dir='ltr'><strong>pleniter</strong></span> 
     </span>
    </p>
   </div>
   <div class='ocr_carea' id='block_1_3' title="bbox 525 567 2114 673">
    <p class='ocr_par' dir='ltr' id='par_1_3' title="bbox 525 567 2114 673">
     <span class='ocr_line' id='line_1_3' title="bbox 525 567 2114 673; baseline 0.027 -55"><span class='ocrx_word' id='word_1_10' title='bbox 525 567 683 624; x_wconf 67' lang='lat' dir='ltr'><strong>uilici.</strong></span> <span class='ocrx_word' id='word_1_11' title='bbox 718 570 963 644; x_wconf 86' lang='lat' dir='ltr'><strong>Namque</strong></span> <span class='ocrx_word' id='word_1_12' title='bbox 992 576 1058 610; x_wconf 73' lang='lat'><strong>“7</strong></span> <span class='ocrx_word' id='word_1_13' title='bbox 1098 596 1219 637; x_wconf 90' lang='lat' dir='ltr'><strong>cum</strong></span> <span class='ocrx_word' id='word_1_14' title='bbox 1248 600 1348 654; x_wconf 88' lang='lat' dir='ltr'><strong>per</strong></span> <span class='ocrx_word' id='word_1_15' title='bbox 1370 567 1532 646; x_wconf 80' lang='lat' dir='ltr'><strong>omne</strong></span> <span class='ocrx_word' id='word_1_16' title='bbox 1562 594 1686 649; x_wconf 76' lang='lat' dir='ltr'><strong>vitae</strong></span> <span class='ocrx_word' id='word_1_17' title='bbox 1715 567 1924 670; x_wconf 71' lang='lat' dir='ltr'><strong>tempus</strong></span> <span class='ocrx_word' id='word_1_18' title='bbox 1957 617 2114 673; x_wconf 82' lang='lat' dir='ltr'><strong>rega-</strong></span> 
     </span>
    </p>
   </div>
   <div class='ocr_carea' id='block_1_4' title="bbox 521 658 2116 750">
    <p class='ocr_par' dir='ltr' id='par_1_4' title="bbox 521 658 2116 750">
     <span class='ocr_line' id='line_1_4' title="bbox 521 658 2116 750; baseline 0.026 -42"><span class='ocrx_word' id='word_1_19' title='bbox 521 658 667 716; x_wconf 81' lang='lat' dir='ltr'><strong>libus</strong></span> <span class='ocrx_word' id='word_1_20' title='bbox 698 661 902 721; x_wconf 74' lang='lat' dir='ltr'><strong>divitiis</strong></span> <span class='ocrx_word' id='word_1_21' title='bbox 929 676 984 722; x_wconf 89' lang='lat' dir='ltr'><strong>et</strong></span> <span class='ocrx_word' id='word_1_22' title='bbox 1012 668 1191 742; x_wconf 82' lang='lat' dir='ltr'><strong>dignis</strong></span> <span class='ocrx_word' id='word_1_23' title='bbox 1220 690 1319 732; x_wconf 91' lang='lat' dir='ltr'><strong>suo</strong></span> <span class='ocrx_word' id='word_1_24' title='bbox 1352 682 1538 750; x_wconf 81' lang='lat' dir='ltr'><strong>generi</strong></span> <span class='ocrx_word' id='word_1_25' title='bbox 1571 658 1918 745; x_wconf 75' lang='lat' dir='ltr'><strong>facultatibus</strong></span> <span class='ocrx_word' id='word_1_26' title='bbox 1943 658 2116 749; x_wconf 64' lang='lat' dir='ltr'><strong>abun-</strong></span> 
     </span>
    </p>
   </div>
   <div class='ocr_carea' id='block_1_5' title="bbox 521 750 2119 849">
    <p class='ocr_par' dir='ltr' id='par_1_5' title="bbox 521 750 2119 849">
     <span class='ocr_line' id='line_1_5' title="bbox 521 750 2119 849; baseline 0.025 -45"><span class='ocrx_word' id='word_1_27' title='bbox 521 750 586 804; x_wconf 85' lang='lat' dir='ltr'><strong>da</strong></span> <span class='ocrx_word' id='word_1_28' title='bbox 596 761 926 821; x_wconf 86' lang='lat' dir='ltr'><strong>ret,carnem</strong></span> <span class='ocrx_word' id='word_1_29' title='bbox 941 775 969 813; x_wconf 90' lang='lat' dir='ltr'><strong>a</strong></span> <span class='ocrx_word' id='word_1_30' title='bbox 989 762 1245 830; x_wconf 69' lang='lat' dir='ltr'><strong>primaevo</strong></span> <span class='ocrx_word' id='word_1_31' title='bbox 1258 769 1536 829; x_wconf 75' lang='lat' dir='ltr'><strong>viduitatis</strong></span> <span class='ocrx_word' id='word_1_32' title='bbox 1551 783 1793 849; x_wconf 89' lang='lat' dir='ltr'><strong>tempore</strong></span> <span class='ocrx_word' id='word_1_33' title='bbox 1804 782 1980 839; x_wconf 92' lang='lat' dir='ltr'><strong>cilicio</strong></span> <span class='ocrx_word' id='word_1_34' title='bbox 1992 787 2119 842; x_wconf 83' lang='lat' dir='ltr'><strong>edo-</strong></span> 
     </span>
    </p>
   </div>
   <div class='ocr_carea' id='block_1_6' title="bbox 525 855 2114 949">
    <p class='ocr_par' dir='ltr' id='par_1_6' title="bbox 525 855 2114 949">
     <span class='ocr_line' id='line_1_6' title="bbox 525 855 2114 949; baseline 0.025 -52"><span class='ocrx_word' id='word_1_35' title='bbox 525 859 704 914; x_wconf 89' lang='lat' dir='ltr'><strong>mans,</strong></span> <span class='ocrx_word' id='word_1_36' title='bbox 723 855 888 921; x_wconf 84' lang='lat' dir='ltr'><strong>atque</strong></span> <span class='ocrx_word' id='word_1_37' title='bbox 910 857 1198 914; x_wconf 65' lang='lat' dir='ltr'><strong>mundanae</strong></span> <span class='ocrx_word' id='word_1_38' title='bbox 1216 861 1401 932; x_wconf 69' lang='lat' dir='ltr'><strong>glorire</strong></span> <span class='ocrx_word' id='word_1_39' title='bbox 1421 868 1630 927; x_wconf 88' lang='lat' dir='ltr'><strong>culmen</strong></span> <span class='ocrx_word' id='word_1_40' title='bbox 1644 876 1845 931; x_wconf 89' lang='lat' dir='ltr'><strong>mentis</strong></span> <span class='ocrx_word' id='word_1_41' title='bbox 1861 878 2114 949; x_wconf 90' lang='lat' dir='ltr'><strong>despectu</strong></span> 
     </span>
    </p>
   </div>
   <div class='ocr_carea' id='block_1_7' title="bbox 1517 301 2688 380">
    <p class='ocr_par' dir='ltr' id='par_1_7' title="bbox 1517 301 2688 380">
     <span class='ocr_line' id='line_1_7' title="bbox 1517 301 2688 380; baseline 0.02 -23"><span class='ocrx_word' id='word_1_42' title='bbox 1517 301 1579 358; x_wconf 81' lang='lat'><strong>8.</strong></span> <span class='ocrx_word' id='word_1_43' title='bbox 1615 302 1821 363; x_wconf 77' lang='grc' dir='ltr'><strong>οωιο</strong></span> <span class='ocrx_word' id='word_1_44' title='bbox 1859 308 2360 375; x_wconf 80' lang='lat' dir='ltr'><strong>CLUNIACENSIS</strong></span> <span class='ocrx_word' id='word_1_45' title='bbox 2392 319 2614 379; x_wconf 80' lang='lat' dir='ltr'><strong>ABBAS</strong></span> <span class='ocrx_word' id='word_1_46' title='bbox 2653 324 2688 380; x_wconf 77' lang='grc' dir='ltr'>ν</span> 
     </span>
    </p>
   </div>
   <div class='ocr_carea' id='block_1_8' title="bbox 525 392 2568 503">
    <p class='ocr_par' dir='ltr' id='par_1_8' title="bbox 525 392 2568 503">
     <span class='ocr_line' id='line_1_8' title="bbox 525 392 2568 503; baseline 0.023 -60"><span class='ocrx_word' id='word_1_47' title='bbox 525 392 542 458; x_wconf 88' lang='lat' dir='ltr'><strong>j</strong></span> <span class='ocrx_word' id='word_1_48' title='bbox 573 403 677 445; x_wconf 77' lang='lat' dir='ltr'><strong>:x:a</strong></span> <span class='ocrx_word' id='word_1_49' title='bbox 704 394 945 464; x_wconf 79' lang='lat' dir='ltr'><strong>Apostou</strong></span> <span class='ocrx_word' id='word_1_50' title='bbox 990 412 1344 472; x_wconf 68' lang='lat' dir='ltr'><strong>praeceptum,</strong></span> <span class='ocrx_word' id='word_1_51' title='bbox 1373 417 1583 466; x_wconf 85' lang='lat' dir='ltr'><strong>castum</strong></span> <span class='ocrx_word' id='word_1_52' title='bbox 1629 424 1685 472; x_wconf 87' lang='lat' dir='ltr'><strong>et</strong></span> <span class='ocrx_word' id='word_1_53' title='bbox 1719 417 1974 486; x_wconf 89' lang='lat' dir='ltr'><strong>pudicum</strong></span> <span class='ocrx_word' id='word_1_54' title='bbox 2002 436 2118 477; x_wconf 86' lang='lat' dir='ltr'><strong>ser-</strong></span> <span class='ocrx_word' id='word_1_55' title='bbox 2143 429 2193 490; x_wconf 82' lang='grc' dir='ltr'>Α</span> <span class='ocrx_word' id='word_1_56' title='bbox 2221 430 2568 503; x_wconf 85' lang='lat' dir='ltr'><strong>conculcans,</strong></span> 
     </span>
    </p>
   </div>
   <div class='ocr_carea' id='block_1_9' title="bbox 3691 349 3794 411">
    <p class='ocr_par' dir='ltr' id='par_1_9' title="bbox 3691 349 3794 411">
     <span class='ocr_line' id='line_1_9' title="bbox 3691 349 3794 411; baseline 0.029 -2"><span class='ocrx_word' id='word_1_57' title='bbox 3691 349 3794 411; x_wconf 63' lang='lat'><strong>986</strong></span> 
     </span>
    </p>
   </div>
   <div class='ocr_carea' id='block_1_10' title="bbox 2598 437 3798 533">
    <p class='ocr_par' dir='ltr' id='par_1_10' title="bbox 2598 437 3798 533">
     <span class='ocr_line' id='line_1_10' title="bbox 2598 437 3798 533; baseline 0.019 -41"><span class='ocrx_word' id='word_1_58' title='bbox 2598 437 2816 515; x_wconf 86' lang='lat' dir='ltr'><strong>Christo</strong></span> <span class='ocrx_word' id='word_1_59' title='bbox 2857 440 2990 515; x_wconf 82' lang='lat' dir='ltr'><strong>soli,</strong></span> <span class='ocrx_word' id='word_1_60' title='bbox 3034 444 3285 533; x_wconf 74' lang='lat' dir='ltr'><strong>videlicet</strong></span> <span class='ocrx_word' id='word_1_61' title='bbox 3309 450 3379 533; x_wconf 52' lang='grc' dir='ltr'><strong>’ξ’</strong></span> <span class='ocrx_word' id='word_1_62' title='bbox 3416 451 3671 523; x_wconf 67' lang='lat' dir='ltr'><strong>iustitiae,</strong></span> <span class='ocrx_word' id='word_1_63' title='bbox 3702 475 3798 529; x_wconf 87' lang='lat' dir='ltr'><strong>per</strong></span> 
     </span>
    </p>
   </div>
   <div class='ocr_carea' id='block_1_11' title="bbox 2217 520 3800 615">
    <p class='ocr_par' dir='ltr' id='par_1_11' title="bbox 2217 520 3800 615">
     <span class='ocr_line' id='line_1_11' title="bbox 2217 520 3800 615; baseline 0.018 -41"><span class='ocrx_word' id='word_1_64' title='bbox 2217 520 2453 579; x_wconf 85' lang='lat' dir='ltr'><strong>caelestis</strong></span> <span class='ocrx_word' id='word_1_65' title='bbox 2471 529 2939 601; x_wconf 86' lang='lat' dir='ltr'><strong>contemplationis</strong></span> <span class='ocrx_word' id='word_1_66' title='bbox 2959 527 3284 595; x_wconf 77' lang='lat' dir='ltr'><strong>desiderium</strong></span> <span class='ocrx_word' id='word_1_67' title='bbox 3306 528 3361 596; x_wconf 86' lang='lat' dir='ltr'><strong>in</strong></span> <span class='ocrx_word' id='word_1_68' title='bbox 3386 520 3596 600; x_wconf 77' lang='lat' dir='ltr'><strong>tantum</strong></span> <span class='ocrx_word' id='word_1_69' title='bbox 3618 520 3800 615; x_wconf 70' lang='lat' dir='ltr'><strong>astare</strong></span> 
     </span>
    </p>
   </div>
   <div class='ocr_carea' id='block_1_12' title="bbox 2217 617 3797 691">
    <p class='ocr_par' dir='ltr' id='par_1_12' title="bbox 2217 617 3797 691">
     <span class='ocr_line' id='line_1_12' title="bbox 2217 617 3797 691; baseline 0.016 -24"><span class='ocrx_word' id='word_1_70' title='bbox 2217 617 2585 685; x_wconf 86' lang='lat' dir='ltr'><strong>cognoscitur,</strong></span> <span class='ocrx_word' id='word_1_71' title='bbox 2618 627 2675 675; x_wconf 87' lang='lat' dir='ltr'><strong>ut</strong></span> <span class='ocrx_word' id='word_1_72' title='bbox 2715 637 2840 677; x_wconf 90' lang='lat' dir='ltr'><strong>cum</strong></span> <span class='ocrx_word' id='word_1_73' title='bbox 2886 625 3038 681; x_wconf 87' lang='lat' dir='ltr'><strong>suavi</strong></span> <span class='ocrx_word' id='word_1_74' title='bbox 3080 642 3215 683; x_wconf 90' lang='lat' dir='ltr'><strong>voce</strong></span> <span class='ocrx_word' id='word_1_75' title='bbox 3239 629 3546 689; x_wconf 70' lang='lat' dir='ltr'><strong>Psalmistae</strong></span> <span class='ocrx_word' id='word_1_76' title='bbox 3571 650 3797 691; x_wconf 85' lang='lat' dir='ltr'><strong>concor-</strong></span> 
     </span>
    </p>
   </div>
   <div class='ocr_carea' id='block_1_13' title="bbox 2217 700 3797 793">
    <p class='ocr_par' dir='ltr' id='par_1_13' title="bbox 2217 700 3797 793">
     <span class='ocr_line' id='line_1_13' title="bbox 2217 700 3797 793; baseline 0.022 -39"><span class='ocrx_word' id='word_1_77' title='bbox 2217 700 2396 769; x_wconf 86' lang='lat' dir='ltr'><strong>daret,</strong></span> <span class='ocrx_word' id='word_1_78' title='bbox 2421 706 2514 775; x_wconf 91' lang='lat' dir='ltr'><strong>qui</strong></span> <span class='ocrx_word' id='word_1_79' title='bbox 2542 706 2741 765; x_wconf 91' lang='lat' dir='ltr'><strong>bonum</strong></span> <span class='ocrx_word' id='word_1_80' title='bbox 2769 726 2930 768; x_wconf 90' lang='lat' dir='ltr'><strong>suum</strong></span> <span class='ocrx_word' id='word_1_81' title='bbox 2973 730 3082 772; x_wconf 88' lang='lat' dir='ltr'><strong>non</strong></span> <span class='ocrx_word' id='word_1_82' title='bbox 3126 720 3519 793; x_wconf 81' lang='lat' dir='ltr'><strong>regni&#39;deliciis</strong></span> <span class='ocrx_word' id='word_1_83' title='bbox 3543 723 3677 793; x_wconf 92' lang='lat' dir='ltr'><strong>frui,</strong></span> <span class='ocrx_word' id='word_1_84' title='bbox 3704 727 3797 787; x_wconf 81' lang='lat' dir='ltr'><strong>sed</strong></span> 
     </span>
    </p>
   </div>
   <div class='ocr_carea' id='block_1_14' title="bbox 2217 790 3796 860">
    <p class='ocr_par' dir='ltr' id='par_1_14' title="bbox 2217 790 3796 860">
     <span class='ocr_line' id='line_1_14' title="bbox 2217 790 3796 860; baseline 0.016 -13"><span class='ocrx_word' id='word_1_85' title='bbox 2217 790 2330 849; x_wconf 88' lang='lat' dir='ltr'><strong>Deo</strong></span> <span class='ocrx_word' id='word_1_86' title='bbox 2358 793 2624 854; x_wconf 71' lang='lat' dir='ltr'><strong>inhaerere</strong></span> <span class='ocrx_word' id='word_1_87' title='bbox 2654 801 2940 860; x_wconf 84' lang='lat' dir='ltr'><strong>conclusit.</strong></span> <span class='ocrx_word' id='word_1_88' title='bbox 3401 790 3405 793; x_wconf 30' lang='grc'><strong><em>⁷</em></strong></span> <span class='ocrx_word' id='word_1_89' title='bbox 3744 829 3753 835; x_wconf 60' lang='grc'><strong><em>⁵</em></strong></span> <span class='ocrx_word' id='word_1_90' title='bbox 3791 826 3796 835; x_wconf 84' lang='lat'><strong><em>‘</em></strong></span> 
     </span>
    </p>
   </div>
   <div class='ocr_carea' id='block_1_15' title="bbox 1800 987 2546 1087">
    <p class='ocr_par' dir='ltr' id='par_1_15' title="bbox 1800 987 2546 1087">
     <span class='ocr_line' id='line_1_15' title="bbox 1800 987 2546 1087; baseline 0.015 -43"><span class='ocrx_word' id='word_1_91' title='bbox 1800 987 2116 1049; x_wconf 68' lang='lat' dir='ltr'><strong>meum</strong></span> <span class='ocrx_word' id='word_1_92' title='bbox 2153 994 2546 1087; x_wconf 55' lang='lat' dir='ltr'><strong>PROLOGUS.</strong></span> 
     </span>
    </p>
   </div>
   <div class='ocr_carea' id='block_1_16' title="bbox 774 1142 3536 1276">
    <p class='ocr_par' dir='ltr' id='par_1_16' title="bbox 774 1142 3536 1276">
     <span class='ocr_line' id='line_1_16' title="bbox 774 1142 3536 1276; baseline 0.018 -50"><span class='ocrx_word' id='word_1_93' title='bbox 774 1142 1384 1239; x_wconf 83' lang='lat' dir='ltr'><strong>MIRACULA</strong></span> <span class='ocrx_word' id='word_1_94' title='bbox 1453 1155 1993 1253; x_wconf 89' lang='lat' dir='ltr'><strong>EJUSDEM</strong></span> <span class='ocrx_word' id='word_1_95' title='bbox 2068 1164 2800 1276; x_wconf 84' lang='lat' dir='ltr'><strong>ADALHEIDIS</strong></span> <span class='ocrx_word' id='word_1_96' title='bbox 2868 1173 3358 1273; x_wconf 49' lang='lat' dir='ltr'><strong>REGINJE</strong></span> 
     </span>
    </p>
   </div>
   <div class='ocr_carea' id='block_1_17' title="bbox 590 1333 3799 1450">
    <p class='ocr_par' dir='ltr' id='par_1_17' title="bbox 590 1333 3799 1450">
     <span class='ocr_line' id='line_1_17' title="bbox 590 1333 3799 1450; baseline 0.016 -62"><span class='ocrx_word' id='word_1_97' title='bbox 590 1333 647 1388; x_wconf 79' lang='grc'><strong>1.</strong></span> <span class='ocrx_word' id='word_1_98' title='bbox 681 1333 927 1402; x_wconf 79' lang='lat' dir='ltr'><strong>Quadam</strong></span> <span class='ocrx_word' id='word_1_99' title='bbox 957 1351 1089 1395; x_wconf 91' lang='lat' dir='ltr'><strong>vero</strong></span> <span class='ocrx_word' id='word_1_100' title='bbox 1118 1340 1204 1397; x_wconf 93' lang='lat' dir='ltr'><strong>die</strong></span> <span class='ocrx_word' id='word_1_101' title='bbox 1254 1342 1366 1415; x_wconf 84' lang='lat' dir='ltr'><strong>(an.</strong></span> <span class='ocrx_word' id='word_1_102' title='bbox 1406 1347 1532 1420; x_wconf 68' lang='lat'><strong>994)</strong></span> <span class='ocrx_word' id='word_1_103' title='bbox 1582 1366 1704 1406; x_wconf 93' lang='lat' dir='ltr'><strong>cum</strong></span> <span class='ocrx_word' id='word_1_104' title='bbox 1738 1354 1807 1409; x_wconf 88' lang='lat' dir='ltr'><strong>ad</strong></span> <span class='ocrx_word' id='word_1_105' title='bbox 1848 1355 2103 1414; x_wconf 86' lang='lat' dir='ltr'><strong>refectio-</strong></span> <span class='ocrx_word' id='word_1_106' title='bbox 2135 1362 2182 1423; x_wconf 91' lang='lat' dir='ltr'><strong>B</strong></span> <span class='ocrx_word' id='word_1_107' title='bbox 2209 1364 2391 1417; x_wconf 68' lang='lat' dir='ltr'><strong>extitit</strong></span> <span class='ocrx_word' id='word_1_108' title='bbox 2442 1364 2662 1437; x_wconf 90' lang='lat' dir='ltr'><strong>dignum</strong></span> <span class='ocrx_word' id='word_1_109' title='bbox 2689 1407 2706 1435; x_wconf 92' lang='lat'><strong>,</strong></span> <span class='ocrx_word' id='word_1_110' title='bbox 2762 1377 2967 1439; x_wconf 87' lang='lat' dir='ltr'><strong>quanto</strong></span> <span class='ocrx_word' id='word_1_111' title='bbox 3039 1380 3095 1428; x_wconf 90' lang='lat' dir='ltr'><strong>et</strong></span> <span class='ocrx_word' id='word_1_112' title='bbox 3143 1372 3266 1431; x_wconf 91' lang='lat' dir='ltr'><strong>loco</strong></span> <span class='ocrx_word' id='word_1_113' title='bbox 3316 1384 3376 1432; x_wconf 90' lang='lat' dir='ltr'><strong>et</strong></span> <span class='ocrx_word' id='word_1_114' title='bbox 3420 1386 3668 1450; x_wconf 80' lang='lat' dir='ltr'><strong>tempore</strong></span> <span class='ocrx_word' id='word_1_115' title='bbox 3719 1382 3799 1439; x_wconf 84' lang='lat' dir='ltr'><strong>rei</strong></span> 
     </span>
    </p>
   </div>
   <div class='ocr_carea' id='block_1_18' title="bbox 518 1426 2108 1511">
    <p class='ocr_par' dir='ltr' id='par_1_18' title="bbox 518 1426 2108 1511">
     <span class='ocr_line' id='line_1_18' title="bbox 518 1426 2108 1511; baseline 0.017 -34"><span class='ocrx_word' id='word_1_116' title='bbox 518 1436 645 1479; x_wconf 86' lang='lat' dir='ltr'><strong>nem</strong></span> <span class='ocrx_word' id='word_1_117' title='bbox 684 1426 930 1496; x_wconf 88' lang='lat' dir='ltr'><strong>corporis</strong></span> <span class='ocrx_word' id='word_1_118' title='bbox 958 1443 1082 1484; x_wconf 90' lang='lat' dir='ltr'><strong>cum</strong></span> <span class='ocrx_word' id='word_1_119' title='bbox 1124 1430 1426 1492; x_wconf 81' lang='lat' dir='ltr'><strong>honorabili</strong></span> <span class='ocrx_word' id='word_1_120' title='bbox 1471 1439 1774 1511; x_wconf 80' lang='lat' dir='ltr'><strong>frequentia</strong></span> <span class='ocrx_word' id='word_1_121' title='bbox 1808 1454 1915 1501; x_wconf 92' lang='lat' dir='ltr'><strong>tam</strong></span> <span class='ocrx_word' id='word_1_122' title='bbox 1944 1446 2108 1503; x_wconf 91' lang='lat' dir='ltr'><strong>cleri-</strong></span> 
     </span>
    </p>
   </div>
   <div class='ocr_carea' id='block_1_19' title="bbox 520 1518 2111 1610">
    <p class='ocr_par' dir='ltr' id='par_1_19' title="bbox 520 1518 2111 1610">
     <span class='ocr_line' id='line_1_19' title="bbox 520 1518 2111 1610; baseline 0.019 -43"><span class='ocrx_word' id='word_1_123' title='bbox 520 1529 710 1571; x_wconf 89' lang='lat' dir='ltr'><strong>corum</strong></span> <span class='ocrx_word' id='word_1_124' title='bbox 737 1531 901 1585; x_wconf 89' lang='lat' dir='ltr'><strong>quam</strong></span> <span class='ocrx_word' id='word_1_125' title='bbox 933 1518 1194 1578; x_wconf 89' lang='lat' dir='ltr'><strong>laicorum</strong></span> <span class='ocrx_word' id='word_1_126' title='bbox 1223 1529 1551 1597; x_wconf 85' lang='lat' dir='ltr'><strong>consideret,</strong></span> <span class='ocrx_word' id='word_1_127' title='bbox 1585 1542 1804 1605; x_wconf 85' lang='lat' dir='ltr'><strong>tamque</strong></span> <span class='ocrx_word' id='word_1_128' title='bbox 1834 1538 1903 1570; x_wconf 79' lang='lat'><strong>&quot;°</strong></span> <span class='ocrx_word' id='word_1_129' title='bbox 1931 1541 2111 1610; x_wconf 89' lang='lat' dir='ltr'><strong>puris-</strong></span> 
     </span>
    </p>
   </div>
   <div class='ocr_carea' id='block_1_20' title="bbox 519 1606 2108 1696">
    <p class='ocr_par' dir='ltr' id='par_1_20' title="bbox 519 1606 2108 1696">
     <span class='ocr_line' id='line_1_20' title="bbox 519 1606 2108 1696; baseline 0.018 -36"><span class='ocrx_word' id='word_1_130' title='bbox 519 1606 675 1661; x_wconf 79' lang='lat' dir='ltr'><strong>simae</strong></span> <span class='ocrx_word' id='word_1_131' title='bbox 702 1608 875 1677; x_wconf 70' lang='lat' dir='ltr'><strong>epulae</strong></span> <span class='ocrx_word' id='word_1_132' title='bbox 923 1614 1235 1671; x_wconf 83' lang='lat' dir='ltr'><strong>necessitati</strong></span> <span class='ocrx_word' id='word_1_133' title='bbox 1283 1620 1523 1676; x_wconf 91' lang='lat' dir='ltr'><strong>omnium</strong></span> <span class='ocrx_word' id='word_1_134' title='bbox 1567 1626 1981 1696; x_wconf 80' lang='lat' dir='ltr'><strong>satisfacerent,</strong></span> <span class='ocrx_word' id='word_1_135' title='bbox 2028 1632 2108 1688; x_wconf 91' lang='lat' dir='ltr'><strong>uti</strong></span> 
     </span>
    </p>
   </div>
   <div class='ocr_carea' id='block_1_21' title="bbox 518 1706 2109 1787">
    <p class='ocr_par' dir='ltr' id='par_1_21' title="bbox 518 1706 2109 1787">
     <span class='ocr_line' id='line_1_21' title="bbox 518 1706 2109 1787; baseline 0.018 -37"><span class='ocrx_word' id='word_1_136' title='bbox 518 1711 639 1753; x_wconf 87' lang='lat' dir='ltr'><strong>mos</strong></span> <span class='ocrx_word' id='word_1_137' title='bbox 665 1706 751 1753; x_wconf 81' lang='lat' dir='ltr'><strong>est</strong></span> <span class='ocrx_word' id='word_1_138' title='bbox 775 1710 1092 1759; x_wconf 86' lang='lat' dir='ltr'><strong>sanctarum</strong></span> <span class='ocrx_word' id='word_1_139' title='bbox 1120 1709 1405 1778; x_wconf 88' lang='lat' dir='ltr'><strong>mentium,</strong></span> <span class='ocrx_word' id='word_1_140' title='bbox 1438 1728 1540 1784; x_wconf 92' lang='lat' dir='ltr'><strong>pro</strong></span> <span class='ocrx_word' id='word_1_141' title='bbox 1566 1715 1890 1777; x_wconf 87' lang='lat' dir='ltr'><strong>declinando</strong></span> <span class='ocrx_word' id='word_1_142' title='bbox 1925 1721 2109 1787; x_wconf 81' lang='lat' dir='ltr'><strong>favore</strong></span> 
     </span>
    </p>
   </div>
   <div class='ocr_carea' id='block_1_22' title="bbox 519 1787 2109 1884">
    <p class='ocr_par' dir='ltr' id='par_1_22' title="bbox 519 1787 2109 1884">
     <span class='ocr_line' id='line_1_22' title="bbox 519 1787 2109 1884; baseline 0.019 -43"><span class='ocrx_word' id='word_1_143' title='bbox 519 1787 628 1844; x_wconf 82' lang='lat' dir='ltr'><strong>alia</strong></span> <span class='ocrx_word' id='word_1_144' title='bbox 676 1788 812 1846; x_wconf 88' lang='lat' dir='ltr'><strong>foris</strong></span> <span class='ocrx_word' id='word_1_145' title='bbox 858 1797 1146 1854; x_wconf 89' lang='lat' dir='ltr'><strong>ostendere</strong></span> <span class='ocrx_word' id='word_1_146' title='bbox 1176 1810 1230 1856; x_wconf 89' lang='lat' dir='ltr'><strong>et</strong></span> <span class='ocrx_word' id='word_1_147' title='bbox 1258 1802 1362 1857; x_wconf 86' lang='lat' dir='ltr'><strong>alia</strong></span> <span class='ocrx_word' id='word_1_148' title='bbox 1401 1805 1549 1861; x_wconf 91' lang='lat' dir='ltr'><strong>intus</strong></span> <span class='ocrx_word' id='word_1_149' title='bbox 1574 1822 1756 1879; x_wconf 89' lang='lat' dir='ltr'><strong>agere,</strong></span> <span class='ocrx_word' id='word_1_150' title='bbox 1797 1813 1911 1884; x_wconf 91' lang='lat' dir='ltr'><strong>ipsa</strong></span> <span class='ocrx_word' id='word_1_151' title='bbox 1940 1816 2109 1870; x_wconf 81' lang='lat' dir='ltr'><strong>simu-</strong></span> 
     </span>
    </p>
   </div>
   <div class='ocr_carea' id='block_1_23' title="bbox 517 1877 2106 1978">
    <p class='ocr_par' dir='ltr' id='par_1_23' title="bbox 517 1877 2106 1978">
     <span class='ocr_line' id='line_1_23' title="bbox 517 1877 2106 1978; baseline 0.019 -46"><span class='ocrx_word' id='word_1_152' title='bbox 517 1877 631 1934; x_wconf 88' lang='lat' dir='ltr'><strong>lata</strong></span> <span class='ocrx_word' id='word_1_153' title='bbox 660 1881 962 1942; x_wconf 91' lang='lat' dir='ltr'><strong>intentione</strong></span> <span class='ocrx_word' id='word_1_154' title='bbox 982 1889 1213 1957; x_wconf 89' lang='lat' dir='ltr'><strong>edentis,</strong></span> <span class='ocrx_word' id='word_1_155' title='bbox 1236 1894 1469 1951; x_wconf 89' lang='lat' dir='ltr'><strong>cultrum</strong></span> <span class='ocrx_word' id='word_1_156' title='bbox 1495 1877 1657 1956; x_wconf 79' lang='lat' dir='ltr'><strong>manu</strong></span> <span class='ocrx_word' id='word_1_157' title='bbox 1682 1903 1883 1961; x_wconf 86' lang='lat' dir='ltr'><strong>diutius</strong></span> <span class='ocrx_word' id='word_1_158' title='bbox 1907 1911 2106 1978; x_wconf 73' lang='lat' dir='ltr'><strong>tenuit;</strong></span> 
     </span>
    </p>
   </div>
   <div class='ocr_carea' id='block_1_24' title="bbox 518 1972 2110 2057">
    <p class='ocr_par' dir='ltr' id='par_1_24' title="bbox 518 1972 2110 2057">
     <span class='ocr_line' id='line_1_24' title="bbox 518 1972 2110 2057; baseline 0.019 -31"><span class='ocrx_word' id='word_1_159' title='bbox 518 1972 713 2043; x_wconf 84' lang='lat' dir='ltr'><strong>sicque</strong></span> <span class='ocrx_word' id='word_1_160' title='bbox 737 1992 846 2033; x_wconf 90' lang='lat' dir='ltr'><strong>non</strong></span> <span class='ocrx_word' id='word_1_161' title='bbox 879 1980 948 2034; x_wconf 88' lang='lat' dir='ltr'><strong>ad</strong></span> <span class='ocrx_word' id='word_1_162' title='bbox 977 1996 1130 2038; x_wconf 88' lang='lat' dir='ltr'><strong>suam</strong></span> <span class='ocrx_word' id='word_1_163' title='bbox 1163 1986 1514 2057; x_wconf 89' lang='lat' dir='ltr'><strong>voluptatem,</strong></span> <span class='ocrx_word' id='word_1_164' title='bbox 1541 1995 1636 2048; x_wconf 90' lang='lat' dir='ltr'><strong>sed</strong></span> <span class='ocrx_word' id='word_1_165' title='bbox 1662 1996 1728 2051; x_wconf 92' lang='lat' dir='ltr'><strong>ad</strong></span> <span class='ocrx_word' id='word_1_166' title='bbox 1758 1997 1987 2055; x_wconf 90' lang='lat' dir='ltr'><strong>aliorum</strong></span> <span class='ocrx_word' id='word_1_167' title='bbox 2016 2017 2110 2057; x_wconf 85' lang='lat' dir='ltr'><strong>vo-</strong></span> 
     </span>
    </p>
   </div>
   <div class='ocr_carea' id='block_1_25' title="bbox 516 2061 2110 2151">
    <p class='ocr_par' dir='ltr' id='par_1_25' title="bbox 516 2061 2110 2151">
     <span class='ocr_line' id='line_1_25' title="bbox 516 2061 2110 2151; baseline 0.021 -33"><span class='ocrx_word' id='word_1_168' title='bbox 516 2061 785 2123; x_wconf 88' lang='lat' dir='ltr'><strong>luntatem</strong></span> <span class='ocrx_word' id='word_1_169' title='bbox 814 2072 1122 2129; x_wconf 86' lang='lat' dir='ltr'><strong>convivium</strong></span> <span class='ocrx_word' id='word_1_170' title='bbox 1153 2081 1446 2147; x_wconf 85' lang='lat' dir='ltr'><strong>protraxit,</strong></span> <span class='ocrx_word' id='word_1_171' title='bbox 1474 2099 1597 2138; x_wconf 88' lang='lat' dir='ltr'><strong>cum</strong></span> <span class='ocrx_word' id='word_1_172' title='bbox 1627 2087 1695 2119; x_wconf 79' lang='grc'><strong>¹⁸¹</strong></span> <span class='ocrx_word' id='word_1_173' title='bbox 1720 2089 1899 2146; x_wconf 90' lang='lat' dir='ltr'><strong>subito</strong></span> <span class='ocrx_word' id='word_1_174' title='bbox 1928 2093 2110 2151; x_wconf 87' lang='lat' dir='ltr'><strong>colore</strong></span> 
     </span>
    </p>
   </div>
   <div class='ocr_carea' id='block_1_26' title="bbox 515 2157 2110 2246">
    <p class='ocr_par' dir='ltr' id='par_1_26' title="bbox 515 2157 2110 2246">
     <span class='ocr_line' id='line_1_26' title="bbox 515 2157 2110 2246; baseline 0.018 -34"><span class='ocrx_word' id='word_1_175' title='bbox 515 2157 676 2215; x_wconf 74' lang='lat' dir='ltr'><strong>faciei</strong></span> <span class='ocrx_word' id='word_1_176' title='bbox 723 2176 845 2218; x_wconf 89' lang='lat' dir='ltr'><strong>cum</strong></span> <span class='ocrx_word' id='word_1_177' title='bbox 898 2165 1097 2223; x_wconf 89' lang='lat' dir='ltr'><strong>mentis</strong></span> <span class='ocrx_word' id='word_1_178' title='bbox 1147 2169 1337 2226; x_wconf 90' lang='lat' dir='ltr'><strong>habitu</strong></span> <span class='ocrx_word' id='word_1_179' title='bbox 1385 2187 1735 2246; x_wconf 88' lang='lat' dir='ltr'><strong>permutato,</strong></span> <span class='ocrx_word' id='word_1_180' title='bbox 1787 2182 1991 2239; x_wconf 89' lang='lat' dir='ltr'><strong>ferrum</strong></span> <span class='ocrx_word' id='word_1_181' title='bbox 2042 2188 2110 2241; x_wconf 92' lang='lat' dir='ltr'><strong>de</strong></span> 
     </span>
    </p>
   </div>
   <div class='ocr_carea' id='block_1_27' title="bbox 514 2263 2106 2341">
    <p class='ocr_par' dir='ltr' id='par_1_27' title="bbox 514 2263 2106 2341">
     <span class='ocr_line' id='line_1_27' title="bbox 514 2263 2106 2341; baseline 0.019 -38"><span class='ocrx_word' id='word_1_182' title='bbox 514 2265 681 2305; x_wconf 86' lang='lat' dir='ltr'><strong>manu</strong></span> <span class='ocrx_word' id='word_1_183' title='bbox 710 2268 877 2324; x_wconf 85' lang='lat' dir='ltr'><strong>super</strong></span> <span class='ocrx_word' id='word_1_184' title='bbox 901 2272 1143 2315; x_wconf 89' lang='lat' dir='ltr'><strong>mensam</strong></span> <span class='ocrx_word' id='word_1_185' title='bbox 1174 2263 1375 2320; x_wconf 89' lang='lat' dir='ltr'><strong>cecidit</strong></span> <span class='ocrx_word' id='word_1_186' title='bbox 1403 2266 1472 2299; x_wconf 82' lang='grc'><strong>³⁸²</strong></span> <span class='ocrx_word' id='word_1_187' title='bbox 1501 2285 1516 2334; x_wconf 86' lang='grc'><strong>;</strong></span> <span class='ocrx_word' id='word_1_188' title='bbox 1571 2279 1737 2341; x_wconf 90' lang='lat' dir='ltr'><strong>atque</strong></span> <span class='ocrx_word' id='word_1_189' title='bbox 1768 2274 1822 2328; x_wconf 90' lang='lat' dir='ltr'><strong>in</strong></span> <span class='ocrx_word' id='word_1_190' title='bbox 1853 2275 1957 2332; x_wconf 91' lang='lat' dir='ltr'><strong>hoc</strong></span> <span class='ocrx_word' id='word_1_191' title='bbox 1999 2294 2106 2333; x_wconf 82' lang='lat' dir='ltr'><strong>non</strong></span> 
     </span>
    </p>
   </div>
   <div class='ocr_carea' id='block_1_28' title="bbox 516 2341 2111 2439">
    <p class='ocr_par' dir='ltr' id='par_1_28' title="bbox 516 2341 2111 2439">
     <span class='ocr_line' id='line_1_28' title="bbox 516 2341 2111 2439; baseline 0.018 -43"><span class='ocrx_word' id='word_1_192' title='bbox 516 2341 822 2400; x_wconf 82' lang='lat' dir='ltr'><strong>insolentiae</strong></span> <span class='ocrx_word' id='word_1_193' title='bbox 867 2358 1053 2405; x_wconf 91' lang='lat' dir='ltr'><strong>notam</strong></span> <span class='ocrx_word' id='word_1_194' title='bbox 1101 2354 1388 2422; x_wconf 89' lang='lat' dir='ltr'><strong>accidisse,</strong></span> <span class='ocrx_word' id='word_1_195' title='bbox 1440 2360 1533 2415; x_wconf 89' lang='lat' dir='ltr'><strong>sed</strong></span> <span class='ocrx_word' id='word_1_196' title='bbox 1567 2363 1705 2418; x_wconf 91' lang='lat' dir='ltr'><strong>mira</strong></span> <span class='ocrx_word' id='word_1_197' title='bbox 1735 2369 1980 2435; x_wconf 58' lang='lat' dir='ltr'><strong>quaedam</strong></span> <span class='ocrx_word' id='word_1_198' title='bbox 2011 2385 2111 2439; x_wconf 85' lang='lat' dir='ltr'><strong>per</strong></span> 
     </span>
    </p>
   </div>
   <div class='ocr_carea' id='block_1_29' title="bbox 2211 1457 3801 1541">
    <p class='ocr_par' dir='ltr' id='par_1_29' title="bbox 2211 1457 3801 1541">
     <span class='ocr_line' id='line_1_29' title="bbox 2211 1457 3801 1541; baseline 0.013 -31"><span class='ocrx_word' id='word_1_199' title='bbox 2211 1462 2409 1511; x_wconf 90' lang='lat' dir='ltr'><strong>eventu</strong></span> <span class='ocrx_word' id='word_1_200' title='bbox 2457 1457 2634 1515; x_wconf 89' lang='lat' dir='ltr'><strong>fuerat</strong></span> <span class='ocrx_word' id='word_1_201' title='bbox 2677 1460 2970 1520; x_wconf 87' lang='lat' dir='ltr'><strong>diversum.</strong></span> <span class='ocrx_word' id='word_1_202' title='bbox 3021 1465 3196 1524; x_wconf 91' lang='lat' dir='ltr'><strong>Filius</strong></span> <span class='ocrx_word' id='word_1_203' title='bbox 3237 1486 3471 1541; x_wconf 85' lang='lat' dir='ltr'><strong>namque</strong></span> <span class='ocrx_word' id='word_1_204' title='bbox 3517 1472 3667 1529; x_wconf 84' lang='lat' dir='ltr'><strong>illius</strong></span> <span class='ocrx_word' id='word_1_205' title='bbox 3692 1473 3801 1530; x_wconf 76' lang='lat' dir='ltr'><strong>Ro-‘</strong></span> 
     </span>
    </p>
   </div>
   <div class='ocr_carea' id='block_1_30' title="bbox 2210 1549 3799 1625">
    <p class='ocr_par' dir='ltr' id='par_1_30' title="bbox 2210 1549 3799 1625">
     <span class='ocr_line' id='line_1_30' title="bbox 2210 1549 3799 1625; baseline 0.014 -26"><span class='ocrx_word' id='word_1_206' title='bbox 2210 1561 2387 1605; x_wconf 71' lang='lat' dir='ltr'><strong>mana:</strong></span> <span class='ocrx_word' id='word_1_207' title='bbox 2415 1549 2493 1605; x_wconf 88' lang='lat' dir='ltr'><strong>rei</strong></span> <span class='ocrx_word' id='word_1_208' title='bbox 2524 1550 2753 1622; x_wconf 87' lang='lat' dir='ltr'><strong>publicae</strong></span> <span class='ocrx_word' id='word_1_209' title='bbox 2782 1555 3033 1625; x_wconf 86' lang='lat' dir='ltr'><strong>princeps</strong></span> <span class='ocrx_word' id='word_1_210' title='bbox 3062 1557 3291 1625; x_wconf 87' lang='lat' dir='ltr'><strong>electus,</strong></span> <span class='ocrx_word' id='word_1_211' title='bbox 3313 1560 3439 1616; x_wconf 91' lang='lat' dir='ltr'><strong>dum</strong></span> <span class='ocrx_word' id='word_1_212' title='bbox 3468 1577 3697 1620; x_wconf 79' lang='lat' dir='ltr'><strong>uxorem</strong></span> <span class='ocrx_word' id='word_1_213' title='bbox 3726 1563 3799 1625; x_wconf 76' lang='lat'><strong>“‘.</strong></span> 
     </span>
    </p>
   </div>
   <div class='ocr_carea' id='block_1_31' title="bbox 2209 1638 3799 1727">
    <p class='ocr_par' dir='ltr' id='par_1_31' title="bbox 2209 1638 3799 1727">
     <span class='ocr_line' id='line_1_31' title="bbox 2209 1638 3799 1727; baseline 0.011 -34"><span class='ocrx_word' id='word_1_214' title='bbox 2209 1638 2453 1696; x_wconf 75' lang='lat' dir='ltr'><strong>Graecam</strong></span> <span class='ocrx_word' id='word_1_215' title='bbox 2504 1641 2559 1698; x_wconf 93' lang='lat' dir='ltr'><strong>in</strong></span> <span class='ocrx_word' id='word_1_216' title='bbox 2607 1644 2827 1701; x_wconf 88' lang='lat' dir='ltr'><strong>thalami</strong></span> <span class='ocrx_word' id='word_1_217' title='bbox 2881 1649 3215 1705; x_wconf 88' lang='lat' dir='ltr'><strong>consortium</strong></span> <span class='ocrx_word' id='word_1_218' title='bbox 3271 1653 3625 1724; x_wconf 84' lang='lat' dir='ltr'><strong>suscepisset,</strong></span> <span class='ocrx_word' id='word_1_219' title='bbox 3677 1656 3799 1727; x_wconf 83' lang='lat' dir='ltr'><strong>ejus</strong></span> 
     </span>
    </p>
   </div>
   <div class='ocr_carea' id='block_1_32' title="bbox 2209 1730 3803 1814">
    <p class='ocr_par' dir='ltr' id='par_1_32' title="bbox 2209 1730 3803 1814">
     <span class='ocr_line' id='line_1_32' title="bbox 2209 1730 3803 1814; baseline 0.013 -34"><span class='ocrx_word' id='word_1_220' title='bbox 2209 1742 2378 1801; x_wconf 87' lang='lat' dir='ltr'><strong>pravo</strong></span> <span class='ocrx_word' id='word_1_221' title='bbox 2408 1730 2623 1801; x_wconf 87' lang='lat' dir='ltr'><strong>ingenio</strong></span> <span class='ocrx_word' id='word_1_222' title='bbox 2654 1733 2748 1814; x_wconf 53' lang='grc' dir='ltr'><strong>Ὗ,</strong></span> <span class='ocrx_word' id='word_1_223' title='bbox 2799 1736 3055 1795; x_wconf 87' lang='lat' dir='ltr'><strong>deteriori</strong></span> <span class='ocrx_word' id='word_1_224' title='bbox 3086 1740 3310 1796; x_wconf 90' lang='lat' dir='ltr'><strong>consilio</strong></span> <span class='ocrx_word' id='word_1_225' title='bbox 3359 1743 3617 1814; x_wconf 90' lang='lat' dir='ltr'><strong>deceptus</strong></span> <span class='ocrx_word' id='word_1_226' title='bbox 3643 1784 3661 1811; x_wconf 90' lang='lat'><strong>,</strong></span> <span class='ocrx_word' id='word_1_227' title='bbox 3707 1748 3803 1800; x_wconf 45' lang='lat' dir='ltr'><strong>re?</strong></span> 
     </span>
    </p>
   </div>
   <div class='ocr_carea' id='block_1_33' title="bbox 2212 1803 3805 1904">
    <p class='ocr_par' dir='ltr' id='par_1_33' title="bbox 2212 1803 3805 1904">
     <span class='ocr_line' id='line_1_33' title="bbox 2212 1803 3805 1904; baseline 0.011 -33"><span class='ocrx_word' id='word_1_228' title='bbox 2212 1834 2378 1888; x_wconf 86' lang='lat' dir='ltr'><strong>gnum</strong></span> <span class='ocrx_word' id='word_1_229' title='bbox 2409 1803 2722 1878; x_wconf 69' lang='lat' dir='ltr'><strong>Graecorum</strong></span> <span class='ocrx_word' id='word_1_230' title='bbox 2753 1835 2980 1883; x_wconf 82' lang='lat' dir='ltr'><strong>conatus</strong></span> <span class='ocrx_word' id='word_1_231' title='bbox 3014 1837 3097 1884; x_wconf 90' lang='lat' dir='ltr'><strong>est</strong></span> <span class='ocrx_word' id='word_1_232' title='bbox 3123 1830 3371 1900; x_wconf 88' lang='lat' dir='ltr'><strong>adipisci.</strong></span> <span class='ocrx_word' id='word_1_233' title='bbox 3423 1803 3595 1904; x_wconf 79' lang='lat' dir='ltr'><strong>igitur</strong></span> <span class='ocrx_word' id='word_1_234' title='bbox 3641 1842 3805 1891; x_wconf 58' lang='grc' dir='ltr'><strong>εχει-ἐ</strong></span> 
     </span>
    </p>
   </div>
   <div class='ocr_carea' id='block_1_34' title="bbox 2210 1912 3809 1998">
    <p class='ocr_par' dir='ltr' id='par_1_34' title="bbox 2210 1912 3809 1998">
     <span class='ocr_line' id='line_1_34' title="bbox 2210 1912 3809 1998; baseline 0.008 -32"><span class='ocrx_word' id='word_1_235' title='bbox 2210 1912 2320 1967; x_wconf 91' lang='lat' dir='ltr'><strong>citu</strong></span> <span class='ocrx_word' id='word_1_236' title='bbox 2350 1929 2416 1969; x_wconf 79' lang='lat' dir='ltr'><strong>ex</strong></span> <span class='ocrx_word' id='word_1_237' title='bbox 2449 1917 2596 1970; x_wconf 91' lang='lat' dir='ltr'><strong>omni</strong></span> <span class='ocrx_word' id='word_1_238' title='bbox 2625 1918 2780 1987; x_wconf 92' lang='lat' dir='ltr'><strong>copia</strong></span> <span class='ocrx_word' id='word_1_239' title='bbox 2811 1918 2881 1950; x_wconf 80' lang='grc'><strong>³⁸³</strong></span> <span class='ocrx_word' id='word_1_240' title='bbox 2928 1920 3178 1989; x_wconf 83' lang='lat' dir='ltr'><strong>collecto,</strong></span> <span class='ocrx_word' id='word_1_241' title='bbox 3211 1922 3347 1980; x_wconf 81' lang='lat' dir='ltr'><strong>fines</strong></span> <span class='ocrx_word' id='word_1_242' title='bbox 3373 1924 3539 1998; x_wconf 61' lang='lat' dir='ltr'><strong>italiae</strong></span> <span class='ocrx_word' id='word_1_243' title='bbox 3561 1928 3809 1983; x_wconf 78' lang='lat' dir='ltr'><strong>excessit</strong></span> 
     </span>
    </p>
   </div>
   <div class='ocr_carea' id='block_1_35' title="bbox 2210 2001 3797 2086">
    <p class='ocr_par' dir='ltr' id='par_1_35' title="bbox 2210 2001 3797 2086">
     <span class='ocr_line' id='line_1_35' title="bbox 2210 2001 3797 2086; baseline 0.009 -29"><span class='ocrx_word' id='word_1_244' title='bbox 2210 2001 2323 2073; x_wconf 82' lang='lat' dir='ltr'><strong>(an.</strong></span> <span class='ocrx_word' id='word_1_245' title='bbox 2356 2003 2481 2075; x_wconf 72' lang='lat'><strong>982)</strong></span> <span class='ocrx_word' id='word_1_246' title='bbox 2509 2045 2526 2072; x_wconf 94' lang='lat'><strong>,</strong></span> <span class='ocrx_word' id='word_1_247' title='bbox 2574 2014 2739 2076; x_wconf 86' lang='lat' dir='ltr'><strong>atque</strong></span> <span class='ocrx_word' id='word_1_248' title='bbox 2781 2008 2853 2064; x_wconf 91' lang='lat' dir='ltr'><strong>ita</strong></span> <span class='ocrx_word' id='word_1_249' title='bbox 2883 2012 2996 2081; x_wconf 85' lang='lat' dir='ltr'><strong>regi</strong></span> <span class='ocrx_word' id='word_1_250' title='bbox 3025 2008 3336 2073; x_wconf 65' lang='lat' dir='ltr'><strong>(Succorum</strong></span> <span class='ocrx_word' id='word_1_251' title='bbox 3384 2009 3640 2086; x_wconf 84' lang='lat' dir='ltr'><strong>patrandi</strong></span> <span class='ocrx_word' id='word_1_252' title='bbox 3666 2017 3797 2073; x_wconf 82' lang='lat' dir='ltr'><strong>belli</strong></span> 
     </span>
    </p>
   </div>
   <div class='ocr_carea' id='block_1_36' title="bbox 2209 2092 3809 2173">
    <p class='ocr_par' dir='ltr' id='par_1_36' title="bbox 2209 2092 3809 2173">
     <span class='ocr_line' id='line_1_36' title="bbox 2209 2092 3809 2173; baseline 0.009 -27"><span class='ocrx_word' id='word_1_253' title='bbox 2209 2092 2552 2151; x_wconf 88' lang='lat' dir='ltr'><strong>occasionem</strong></span> <span class='ocrx_word' id='word_1_254' title='bbox 2581 2095 2753 2163; x_wconf 89' lang='lat' dir='ltr'><strong>dedit,</strong></span> <span class='ocrx_word' id='word_1_255' title='bbox 2790 2098 2891 2154; x_wconf 90' lang='lat' dir='ltr'><strong>sibi</strong></span> <span class='ocrx_word' id='word_1_256' title='bbox 2921 2115 3052 2158; x_wconf 90' lang='lat' dir='ltr'><strong>vero</strong></span> <span class='ocrx_word' id='word_1_257' title='bbox 3099 2103 3320 2173; x_wconf 90' lang='lat' dir='ltr'><strong>suisque</strong></span> <span class='ocrx_word' id='word_1_258' title='bbox 3360 2095 3519 2161; x_wconf 76' lang='lat' dir='ltr'><strong>fama:</strong></span> <span class='ocrx_word' id='word_1_259' title='bbox 3561 2120 3629 2161; x_wconf 86' lang='lat' dir='ltr'><strong>ac</strong></span> <span class='ocrx_word' id='word_1_260' title='bbox 3675 2107 3809 2161; x_wconf 57' lang='lat' dir='ltr'><strong>vita?</strong></span> 
     </span>
    </p>
   </div>
   <div class='ocr_carea' id='block_1_37' title="bbox 2209 2185 3800 2270">
    <p class='ocr_par' dir='ltr' id='par_1_37' title="bbox 2209 2185 3800 2270">
     <span class='ocr_line' id='line_1_37' title="bbox 2209 2185 3800 2270; baseline 0.009 -29"><span class='ocrx_word' id='word_1_261' title='bbox 2209 2185 2439 2241; x_wconf 91' lang='lat' dir='ltr'><strong>contulit</strong></span> <span class='ocrx_word' id='word_1_262' title='bbox 2488 2187 2857 2246; x_wconf 87' lang='lat' dir='ltr'><strong>amissionem.</strong></span> <span class='ocrx_word' id='word_1_263' title='bbox 2916 2193 3136 2268; x_wconf 86' lang='lat' dir='ltr'><strong>Interim</strong></span> <span class='ocrx_word' id='word_1_264' title='bbox 3188 2197 3278 2270; x_wconf 88' lang='lat' dir='ltr'><strong>pia</strong></span> <span class='ocrx_word' id='word_1_265' title='bbox 3331 2207 3508 2254; x_wconf 85' lang='lat' dir='ltr'><strong>mater</strong></span> <span class='ocrx_word' id='word_1_266' title='bbox 3555 2197 3676 2268; x_wconf 84' lang='lat' dir='ltr'><strong>ejus</strong></span> <span class='ocrx_word' id='word_1_267' title='bbox 3712 2199 3800 2255; x_wconf 90' lang='lat' dir='ltr'><strong>die</strong></span> 
     </span>
    </p>
   </div>
   <div class='ocr_carea' id='block_1_38' title="bbox 2211 2270 3798 2355">
    <p class='ocr_par' dir='ltr' id='par_1_38' title="bbox 2211 2270 3798 2355">
     <span class='ocr_line' id='line_1_38' title="bbox 2211 2270 3798 2355; baseline 0.006 -21"><span class='ocrx_word' id='word_1_268' title='bbox 2211 2270 2483 2352; x_wconf 88' lang='lat' dir='ltr'><strong>noctuque</strong></span> <span class='ocrx_word' id='word_1_269' title='bbox 2536 2282 2605 2355; x_wconf 56' lang='lat'><strong>&#39;9</strong></span> <span class='ocrx_word' id='word_1_270' title='bbox 2676 2283 2876 2340; x_wconf 86' lang='lat' dir='ltr'><strong>divinis</strong></span> <span class='ocrx_word' id='word_1_271' title='bbox 2943 2285 3178 2343; x_wconf 88' lang='lat' dir='ltr'><strong>cultibus</strong></span> <span class='ocrx_word' id='word_1_272' title='bbox 3246 2284 3540 2353; x_wconf 83' lang='lat' dir='ltr'><strong>insistens,</strong></span> <span class='ocrx_word' id='word_1_273' title='bbox 3623 2287 3798 2344; x_wconf 81' lang='lat' dir='ltr'><strong>felicis</strong></span> 
     </span>
    </p>
   </div>
   <div class='ocr_carea' id='block_1_39' title="bbox 2208 2371 3799 2463">
    <p class='ocr_par' dir='ltr' id='par_1_39' title="bbox 2208 2371 3799 2463">
     <span class='ocr_line' id='line_1_39' title="bbox 2208 2371 3799 2463; baseline 0.005 -37"><span class='ocrx_word' id='word_1_274' title='bbox 2208 2371 2380 2426; x_wconf 59' lang='lat' dir='ltr'><strong>Anna!</strong></span> <span class='ocrx_word' id='word_1_275' title='bbox 2408 2372 2479 2404; x_wconf 81' lang='grc'><strong>³⁸⁵</strong></span> <span class='ocrx_word' id='word_1_276' title='bbox 2522 2374 2864 2430; x_wconf 89' lang='lat' dir='ltr'><strong>devotionem</strong></span> <span class='ocrx_word' id='word_1_277' title='bbox 2892 2376 2966 2437; x_wconf 61' lang='grc'><strong>⁸⁸9.</strong></span> <span class='ocrx_word' id='word_1_278' title='bbox 3009 2377 3198 2463; x_wconf 78' lang='lat' dir='ltr'><strong>procul</strong></span> <span class='ocrx_word' id='word_1_279' title='bbox 3245 2378 3408 2435; x_wconf 89' lang='lat' dir='ltr'><strong>dubio</strong></span> <span class='ocrx_word' id='word_1_280' title='bbox 3449 2373 3714 2451; x_wconf 83' lang='lat' dir='ltr'><strong>implevit,</strong></span> <span class='ocrx_word' id='word_1_281' title='bbox 3744 2386 3799 2461; x_wconf 85' lang='lat' dir='ltr'><strong>et</strong></span> 
     </span>
    </p>
   </div>
   <div class='ocr_carea' id='block_1_40' title="bbox 517 2433 3801 2561">
    <p class='ocr_par' dir='ltr' id='par_1_40' title="bbox 517 2433 3801 2561">
     <span class='ocr_line' id='line_1_40' title="bbox 517 2433 3801 2561; baseline 0.014 -82"><span class='ocrx_word' id='word_1_282' title='bbox 517 2433 759 2492; x_wconf 68' lang='lat' dir='ltr'><strong>divinam</strong></span> <span class='ocrx_word' id='word_1_283' title='bbox 808 2440 1192 2499; x_wconf 56' lang='lat' dir='ltr'><strong>revelationem</strong></span> <span class='ocrx_word' id='word_1_284' title='bbox 1224 2461 1284 2502; x_wconf 67' lang='lat' dir='ltr'><strong>se</strong></span> <span class='ocrx_word' id='word_1_285' title='bbox 1318 2448 1391 2481; x_wconf 71' lang='grc' dir='ltr'><strong>ιω</strong></span> <span class='ocrx_word' id='word_1_286' title='bbox 1417 2452 1685 2516; x_wconf 58' lang='lat' dir='ltr'><strong>sensisse,</strong></span> <span class='ocrx_word' id='word_1_287' title='bbox 1717 2433 1841 2511; x_wconf 50' lang='lat' dir='ltr'><strong>cum</strong></span> <span class='ocrx_word' id='word_1_288' title='bbox 1872 2459 2108 2528; x_wconf 85' lang='lat' dir='ltr'><strong>suspirio</strong></span> <span class='ocrx_word' id='word_1_289' title='bbox 2202 2461 2360 2545; x_wconf 81' lang='lat' dir='ltr'><strong>juxta</strong></span> <span class='ocrx_word' id='word_1_290' title='bbox 2397 2465 2713 2521; x_wconf 88' lang='lat' dir='ltr'><strong>canonicam</strong></span> <span class='ocrx_word' id='word_1_291' title='bbox 2754 2467 2995 2549; x_wconf 86' lang='lat' dir='ltr'><strong>regulam</strong></span> <span class='ocrx_word' id='word_1_292' title='bbox 3039 2448 3185 2524; x_wconf 78' lang='lat' dir='ltr'><strong>omni</strong></span> <span class='ocrx_word' id='word_1_293' title='bbox 3231 2469 3509 2538; x_wconf 71' lang='lat' dir='ltr'><strong>diligentia</strong></span> <span class='ocrx_word' id='word_1_294' title='bbox 3549 2469 3801 2561; x_wconf 13' lang='lat' dir='ltr'><strong>exhibuit.</strong></span> 
     </span>
     <span class='ocr_line' id='line_1_41' title="bbox 517 2524 2867 2561; baseline 0 0"><span class='ocrx_word' id='word_1_295' title='bbox 517 2524 747 2561; x_wconf 52' lang='lat' dir='ltr'><strong>Fanni-sin</strong></span> <span class='ocrx_word' id='word_1_296' title='bbox 803 2527 961 2561; x_wconf 58' lang='lat' dir='ltr'><strong>nm“:</strong></span> <span class='ocrx_word' id='word_1_297' title='bbox 1000 2548 1128 2561; x_wconf 64' lang='grc' dir='ltr'><strong>..ιηηι</strong></span> <span class='ocrx_word' id='word_1_298' title='bbox 1163 2538 1313 2561; x_wconf 77' lang='grc' dir='ltr'><strong>.....ι.-</strong></span> <span class='ocrx_word' id='word_1_299' title='bbox 1414 2543 1496 2561; x_wconf 67' lang='lat'><strong>___-,</strong></span> <span class='ocrx_word' id='word_1_300' title='bbox 1522 2544 1535 2561; x_wconf 83' lang='grc'><strong>1</strong></span> <span class='ocrx_word' id='word_1_301' title='bbox 1588 2544 1602 2561; x_wconf 76' lang='grc' dir='ltr'>ι</span> <span class='ocrx_word' id='word_1_302' title='bbox 1842 2557 1851 2561; x_wconf 83' lang='grc'><strong>-</strong></span> <span class='ocrx_word' id='word_1_303' title='bbox 1951 2550 1962 2561; x_wconf 90' lang='grc'><em>.</em></span> <span class='ocrx_word' id='word_1_304' title='bbox 2249 2556 2260 2561; x_wconf 84' lang='grc'><strong>-</strong></span> <span class='ocrx_word' id='word_1_305' title='bbox 2285 2556 2299 2561; x_wconf 89' lang='grc'><strong>-</strong></span> <span class='ocrx_word' id='word_1_306' title='bbox 2345 2556 2356 2561; x_wconf 76' lang='grc'><strong>-</strong></span> <span class='ocrx_word' id='word_1_307' title='bbox 2446 2557 2457 2561; x_wconf 77' lang='lat'><strong>-</strong></span> <span class='ocrx_word' id='word_1_308' title='bbox 2560 2558 2575 2561; x_wconf 90' lang='lat'><strong><em>_</em></strong></span> <span class='ocrx_word' id='word_1_309' title='bbox 2737 2558 2748 2561; x_wconf 71' lang='lat'><strong>-</strong></span> <span class='ocrx_word' id='word_1_310' title='bbox 2856 2560 2867 2561; x_wconf 32' lang='grc' dir='ltr'><em>γ</em></span> 
     </span>
    </p>
   </div>
   <div class='ocr_carea' id='block_1_41' title="bbox 513 2524 3803 2635">
    <p class='ocr_par' dir='ltr' id='par_1_41' title="bbox 513 2524 3803 2635">
     <span class='ocr_line' id='line_1_42' title="bbox 513 2524 3803 2635; baseline 0.012 -54"><span class='ocrx_word' id='word_1_311' title='bbox 513 2524 770 2583; x_wconf 74' lang='lat' dir='ltr'><strong>inuoluit.</strong></span> <span class='ocrx_word' id='word_1_312' title='bbox 803 2527 963 2586; x_wconf 92' lang='lat' dir='ltr'><strong>Omni</strong></span> <span class='ocrx_word' id='word_1_313' title='bbox 1000 2548 1130 2591; x_wconf 89' lang='lat' dir='ltr'><strong>vero</strong></span> <span class='ocrx_word' id='word_1_314' title='bbox 1163 2538 1318 2595; x_wconf 89' lang='lat' dir='ltr'><strong>turba</strong></span> <span class='ocrx_word' id='word_1_315' title='bbox 1346 2583 1360 2608; x_wconf 92' lang='lat'><strong>,</strong></span> <span class='ocrx_word' id='word_1_316' title='bbox 1407 2543 1535 2611; x_wconf 90' lang='lat' dir='ltr'><strong>quid</strong></span> <span class='ocrx_word' id='word_1_317' title='bbox 1588 2544 1691 2600; x_wconf 91' lang='lat' dir='ltr'><strong>hoc</strong></span> <span class='ocrx_word' id='word_1_318' title='bbox 1737 2524 2105 2617; x_wconf 79' lang='lat' dir='ltr'><strong>portenderet,</strong></span> <span class='ocrx_word' id='word_1_319' title='bbox 2202 2524 2491 2612; x_wconf 51' lang='lat' dir='ltr'><strong>viduitatis</strong></span> <span class='ocrx_word' id='word_1_320' title='bbox 2525 2558 2806 2628; x_wconf 91' lang='lat' dir='ltr'><strong>obsequia.</strong></span> <span class='ocrx_word' id='word_1_321' title='bbox 2839 2543 3084 2628; x_wconf 75' lang='lat' dir='ltr'><strong>Quadam</strong></span> <span class='ocrx_word' id='word_1_322' title='bbox 3115 2578 3244 2619; x_wconf 89' lang='lat' dir='ltr'><strong>vero</strong></span> <span class='ocrx_word' id='word_1_323' title='bbox 3277 2563 3365 2618; x_wconf 88' lang='lat' dir='ltr'><strong>die</strong></span> <span class='ocrx_word' id='word_1_324' title='bbox 3391 2562 3698 2619; x_wconf 86' lang='lat' dir='ltr'><strong>devotionis</strong></span> <span class='ocrx_word' id='word_1_325' title='bbox 3724 2557 3803 2635; x_wconf 42' lang='lat' dir='ltr'><strong>“’i</strong></span> 
     </span>
    </p>
   </div>
   <div class='ocr_carea' id='block_1_42' title="bbox 514 2618 3806 2741">
    <p class='ocr_par' dir='ltr' id='par_1_42' title="bbox 514 2618 3806 2741">
     <span class='ocr_line' id='line_1_43' title="bbox 514 2618 3806 2741; baseline 0.012 -70"><span class='ocrx_word' id='word_1_326' title='bbox 514 2618 825 2676; x_wconf 82' lang='lat' dir='ltr'><strong>admirante</strong></span> <span class='ocrx_word' id='word_1_327' title='bbox 851 2637 953 2679; x_wconf 89' lang='lat' dir='ltr'><strong>nec</strong></span> <span class='ocrx_word' id='word_1_328' title='bbox 978 2638 1223 2695; x_wconf 70' lang='lat' dir='ltr'><strong>quaerere</strong></span> <span class='ocrx_word' id='word_1_329' title='bbox 1248 2642 1628 2701; x_wconf 68' lang='lat' dir='ltr'><strong>praesumente,</strong></span> <span class='ocrx_word' id='word_1_330' title='bbox 1662 2635 1751 2690; x_wconf 90' lang='lat' dir='ltr'><strong>illa</strong></span> <span class='ocrx_word' id='word_1_331' title='bbox 1785 2638 1850 2691; x_wconf 89' lang='lat' dir='ltr'><strong>ad</strong></span> <span class='ocrx_word' id='word_1_332' title='bbox 1878 2654 2108 2710; x_wconf 84' lang='lat' dir='ltr'><strong>evange—</strong></span> <span class='ocrx_word' id='word_1_333' title='bbox 2210 2648 2392 2703; x_wconf 88' lang='lat' dir='ltr'><strong>studio</strong></span> <span class='ocrx_word' id='word_1_334' title='bbox 2420 2664 2519 2720; x_wconf 90' lang='lat' dir='ltr'><strong>pro</strong></span> <span class='ocrx_word' id='word_1_335' title='bbox 2565 2650 2712 2706; x_wconf 89' lang='lat' dir='ltr'><strong>unici</strong></span> <span class='ocrx_word' id='word_1_336' title='bbox 2764 2651 2859 2706; x_wconf 83' lang='lat' dir='ltr'><strong>filii</strong></span> <span class='ocrx_word' id='word_1_337' title='bbox 2908 2653 3081 2708; x_wconf 91' lang='lat' dir='ltr'><strong>salute</strong></span> <span class='ocrx_word' id='word_1_338' title='bbox 3129 2655 3401 2725; x_wconf 90' lang='lat' dir='ltr'><strong>totiusque</strong></span> <span class='ocrx_word' id='word_1_339' title='bbox 3448 2654 3601 2737; x_wconf 83' lang='lat' dir='ltr'><strong>regni</strong></span> <span class='ocrx_word' id='word_1_340' title='bbox 3649 2652 3806 2741; x_wconf 1' lang='lat' dir='ltr'><strong>statu,</strong></span> 
     </span>
     <span class='ocr_line' id='line_1_44' title="bbox 516 2709 2501 2741; baseline 0 0"><span class='ocrx_word' id='word_1_341' title='bbox 516 2709 635 2741; x_wconf 71' lang='grc' dir='ltr'><strong>Ἰἶηω</strong></span> <span class='ocrx_word' id='word_1_342' title='bbox 678 2713 1031 2741; x_wconf 61' lang='lat' dir='ltr'><strong>..,...rm.a:-._:-</strong></span> <span class='ocrx_word' id='word_1_343' title='bbox 1088 2720 1323 2741; x_wconf 61' lang='lat'><strong>4--__-,_,</strong></span> <span class='ocrx_word' id='word_1_344' title='bbox 1445 2726 1461 2741; x_wconf 79' lang='grc' dir='ltr'>ι</span> <span class='ocrx_word' id='word_1_345' title='bbox 1538 2728 1570 2741; x_wconf 86' lang='grc'><strong>..</strong></span> <span class='ocrx_word' id='word_1_346' title='bbox 1844 2732 1875 2741; x_wconf 85' lang='grc'><strong>..</strong></span> <span class='ocrx_word' id='word_1_347' title='bbox 2040 2735 2097 2741; x_wconf 82' lang='grc'><strong>--.</strong></span> <span class='ocrx_word' id='word_1_348' title='bbox 2142 2727 2179 2741; x_wconf 65' lang='grc' dir='ltr'><em>η</em></span> <span class='ocrx_word' id='word_1_349' title='bbox 2246 2738 2260 2741; x_wconf 82' lang='lat'>_</span> <span class='ocrx_word' id='word_1_350' title='bbox 2326 2739 2334 2741; x_wconf 75' lang='lat'><strong><em>_</em></strong></span> <span class='ocrx_word' id='word_1_351' title='bbox 2385 2739 2393 2741; x_wconf 95' lang='lat'><em>_</em></span> <span class='ocrx_word' id='word_1_352' title='bbox 2494 2740 2501 2741; x_wconf 61' lang='lat'><strong><em>,</em></strong></span> 
     </span>
    </p>
   </div>
   <div class='ocr_carea' id='block_1_43' title="bbox 516 2709 3807 2810">
    <p class='ocr_par' dir='ltr' id='par_1_43' title="bbox 516 2709 3807 2810">
     <span class='ocr_line' id='line_1_45' title="bbox 516 2709 3807 2810; baseline 0.011 -47"><span class='ocrx_word' id='word_1_353' title='bbox 516 2709 635 2766; x_wconf 59' lang='lat' dir='ltr'><strong>lica;</strong></span> <span class='ocrx_word' id='word_1_354' title='bbox 678 2713 1034 2783; x_wconf 86' lang='lat' dir='ltr'><strong>perfectionis</strong></span> <span class='ocrx_word' id='word_1_355' title='bbox 1080 2720 1331 2777; x_wconf 88' lang='lat' dir='ltr'><strong>decorem</strong></span> <span class='ocrx_word' id='word_1_356' title='bbox 1381 2726 1578 2782; x_wconf 89' lang='lat' dir='ltr'><strong>celavit</strong></span> <span class='ocrx_word' id='word_1_357' title='bbox 1608 2730 2006 2788; x_wconf 87' lang='lat' dir='ltr'><strong>multitudinem</strong></span> <span class='ocrx_word' id='word_1_358' title='bbox 2038 2735 2108 2807; x_wconf 61' lang='lat' dir='ltr'><strong>‘f‘</strong></span> <span class='ocrx_word' id='word_1_359' title='bbox 2137 2727 2181 2790; x_wconf 89' lang='lat' dir='ltr'><strong><em>C</em></strong></span> <span class='ocrx_word' id='word_1_360' title='bbox 2213 2738 2465 2795; x_wconf 80' lang='lat' dir='ltr'><strong>Obnixius</strong></span> <span class='ocrx_word' id='word_1_361' title='bbox 2491 2740 2721 2806; x_wconf 88' lang='lat' dir='ltr'><strong>intenta,</strong></span> <span class='ocrx_word' id='word_1_362' title='bbox 2747 2741 2871 2796; x_wconf 88' lang='lat' dir='ltr'><strong>dum</strong></span> <span class='ocrx_word' id='word_1_363' title='bbox 2898 2756 2958 2797; x_wconf 90' lang='lat' dir='ltr'><strong>se</strong></span> <span class='ocrx_word' id='word_1_364' title='bbox 2978 2743 3154 2799; x_wconf 87' lang='lat' dir='ltr'><strong>vivam</strong></span> <span class='ocrx_word' id='word_1_365' title='bbox 3181 2745 3412 2801; x_wconf 85' lang='lat' dir='ltr'><strong>hostiam</strong></span> <span class='ocrx_word' id='word_1_366' title='bbox 3436 2756 3589 2800; x_wconf 90' lang='lat' dir='ltr'><strong>more</strong></span> <span class='ocrx_word' id='word_1_367' title='bbox 3613 2738 3807 2810; x_wconf 73' lang='lat' dir='ltr'><strong>solito,‘</strong></span> 
     </span>
    </p>
   </div>
   <div class='ocr_carea' id='block_1_44' title="bbox 515 2807 3797 2905">
    <p class='ocr_par' dir='ltr' id='par_1_44' title="bbox 515 2807 3797 2905">
     <span class='ocr_line' id='line_1_46' title="bbox 515 2807 3797 2905; baseline 0.009 -45"><span class='ocrx_word' id='word_1_368' title='bbox 515 2807 719 2863; x_wconf 81' lang='lat' dir='ltr'><strong>secreti</strong></span> <span class='ocrx_word' id='word_1_369' title='bbox 770 2811 1114 2883; x_wconf 86' lang='lat' dir='ltr'><strong>dignitatem,</strong></span> <span class='ocrx_word' id='word_1_370' title='bbox 1145 2818 1431 2891; x_wconf 87' lang='lat' dir='ltr'><strong>solumque</strong></span> <span class='ocrx_word' id='word_1_371' title='bbox 1478 2823 1871 2896; x_wconf 85' lang='lat' dir='ltr'><strong>Augustenscm</strong></span> <span class='ocrx_word' id='word_1_372' title='bbox 1899 2830 2110 2900; x_wconf 90' lang='lat' dir='ltr'><strong>episco-</strong></span> <span class='ocrx_word' id='word_1_373' title='bbox 2212 2838 2365 2884; x_wconf 90' lang='lat' dir='ltr'><strong>stans</strong></span> <span class='ocrx_word' id='word_1_374' title='bbox 2385 2838 2510 2887; x_wconf 87' lang='lat' dir='ltr'><strong>ante</strong></span> <span class='ocrx_word' id='word_1_375' title='bbox 2532 2830 2869 2897; x_wconf 79' lang='lat' dir='ltr'><strong>crucifixum,</strong></span> <span class='ocrx_word' id='word_1_376' title='bbox 2900 2833 3012 2888; x_wconf 86' lang='lat' dir='ltr'><strong>Deo</strong></span> <span class='ocrx_word' id='word_1_377' title='bbox 3039 2840 3323 2901; x_wconf 89' lang='lat' dir='ltr'><strong>macta&#39;ret,</strong></span> <span class='ocrx_word' id='word_1_378' title='bbox 3354 2842 3509 2905; x_wconf 85' lang='lat' dir='ltr'><strong>rapta</strong></span> <span class='ocrx_word' id='word_1_379' title='bbox 3538 2835 3591 2889; x_wconf 90' lang='lat' dir='ltr'><strong>in</strong></span> <span class='ocrx_word' id='word_1_380' title='bbox 3621 2831 3797 2891; x_wconf 80' lang='lat' dir='ltr'><strong>extasi</strong></span> 
     </span>
    </p>
   </div>
   <div class='ocr_carea' id='block_1_45' title="bbox 516 2905 2111 2991">
    <p class='ocr_par' dir='ltr' id='par_1_45' title="bbox 516 2905 2111 2991">
     <span class='ocr_line' id='line_1_47' title="bbox 516 2905 2111 2991; baseline 0.019 -41"><span class='ocrx_word' id='word_1_381' title='bbox 516 2911 671 2966; x_wconf 88' lang='lat' dir='ltr'><strong>pum,</strong></span> <span class='ocrx_word' id='word_1_382' title='bbox 703 2905 922 2961; x_wconf 89' lang='lat' dir='ltr'><strong>nomine</strong></span> <span class='ocrx_word' id='word_1_383' title='bbox 965 2908 1244 2966; x_wconf 81' lang='lat' dir='ltr'><strong>Dudonem</strong></span> <span class='ocrx_word' id='word_1_384' title='bbox 1271 2915 1439 2987; x_wconf 71' lang='lat'><strong>(109),</strong></span> <span class='ocrx_word' id='word_1_385' title='bbox 1472 2918 1572 2974; x_wconf 87' lang='lat' dir='ltr'><strong>sibi</strong></span> <span class='ocrx_word' id='word_1_386' title='bbox 1620 2936 1718 2991; x_wconf 89' lang='lat' dir='ltr'><strong>pro</strong></span> <span class='ocrx_word' id='word_1_387' title='bbox 1747 2922 1872 2978; x_wconf 71' lang='lat' dir='ltr'><strong>vita:</strong></span> <span class='ocrx_word' id='word_1_388' title='bbox 1901 2925 2111 2981; x_wconf 88' lang='lat' dir='ltr'><strong>meritis</strong></span> 
     </span>
    </p>
   </div>
   <div class='ocr_carea' id='block_1_46' title="bbox 520 2986 2108 3088">
    <p class='ocr_par' dir='ltr' id='par_1_46' title="bbox 520 2986 2108 3088">
     <span class='ocr_line' id='line_1_48' title="bbox 520 2986 2108 3088; baseline 0.019 -47"><span class='ocrx_word' id='word_1_389' title='bbox 520 2986 846 3049; x_wconf 87' lang='lat' dir='ltr'><strong>familiarem</strong></span> <span class='ocrx_word' id='word_1_390' title='bbox 863 2994 1091 3069; x_wconf 89' lang='lat' dir='ltr'><strong>jugique</strong></span> <span class='ocrx_word' id='word_1_391' title='bbox 1113 2986 1759 3080; x_wconf 64' lang='lat' dir='ltr'><strong>obsequioinhaerentem,</strong></span> <span class='ocrx_word' id='word_1_392' title='bbox 1776 3015 1867 3069; x_wconf 91' lang='lat' dir='ltr'><strong>tali</strong></span> <span class='ocrx_word' id='word_1_393' title='bbox 1890 3016 2108 3088; x_wconf 86' lang='lat' dir='ltr'><strong>dignata</strong></span> 
     </span>
    </p>
   </div>
   <div class='ocr_carea' id='block_1_47' title="bbox 521 3083 2112 3169">
    <p class='ocr_par' dir='ltr' id='par_1_47' title="bbox 521 3083 2112 3169">
     <span class='ocr_line' id='line_1_49' title="bbox 521 3083 2112 3169; baseline 0.018 -32"><span class='ocrx_word' id='word_1_394' title='bbox 521 3089 607 3137; x_wconf 88' lang='lat' dir='ltr'><strong>est</strong></span> <span class='ocrx_word' id='word_1_395' title='bbox 635 3083 834 3158; x_wconf 92' lang='lat' dir='ltr'><strong>alloqui</strong></span> <span class='ocrx_word' id='word_1_396' title='bbox 865 3088 936 3121; x_wconf 83' lang='grc'><strong><em>⁸⁵⁵</em></strong></span> <span class='ocrx_word' id='word_1_397' title='bbox 976 3093 1293 3160; x_wconf 74' lang='lat' dir='ltr'><strong>praefatione</strong></span> <span class='ocrx_word' id='word_1_398' title='bbox 1326 3116 1340 3153; x_wconf 87' lang='lat'><strong>:</strong></span> <span class='ocrx_word' id='word_1_399' title='bbox 1380 3120 1396 3152; x_wconf 77' lang='grc' dir='ltr'>ι</span> <span class='ocrx_word' id='word_1_400' title='bbox 1428 3100 1601 3169; x_wconf 89' lang='lat' dir='ltr'><strong>Nunc,</strong></span> <span class='ocrx_word' id='word_1_401' title='bbox 1630 3105 1794 3160; x_wconf 85' lang='lat' dir='ltr'><strong>Pater</strong></span> <span class='ocrx_word' id='word_1_402' title='bbox 1825 3083 2112 3164; x_wconf 76' lang='lat' dir='ltr'><strong>venerabi-</strong></span> 
     </span>
    </p>
   </div>
   <div class='ocr_carea' id='block_1_48' title="bbox 522 3173 2113 3270">
    <p class='ocr_par' dir='ltr' id='par_1_48' title="bbox 522 3173 2113 3270">
     <span class='ocr_line' id='line_1_50' title="bbox 522 3173 2113 3270; baseline 0.019 -43"><span class='ocrx_word' id='word_1_403' title='bbox 522 3173 613 3243; x_wconf 89' lang='lat' dir='ltr'><strong>lis,</strong></span> <span class='ocrx_word' id='word_1_404' title='bbox 648 3178 816 3234; x_wconf 91' lang='lat' dir='ltr'><strong>multa</strong></span> <span class='ocrx_word' id='word_1_405' title='bbox 846 3196 981 3253; x_wconf 90' lang='lat' dir='ltr'><strong>opus</strong></span> <span class='ocrx_word' id='word_1_406' title='bbox 1010 3194 1093 3241; x_wconf 85' lang='lat' dir='ltr'><strong>est</strong></span> <span class='ocrx_word' id='word_1_407' title='bbox 1121 3187 1191 3220; x_wconf 83' lang='grc'><strong>³⁵⁸</strong></span> <span class='ocrx_word' id='word_1_408' title='bbox 1239 3192 1630 3268; x_wconf 80' lang='lat' dir='ltr'><strong>consolatione,</strong></span> <span class='ocrx_word' id='word_1_409' title='bbox 1678 3199 1804 3266; x_wconf 89' lang='lat' dir='ltr'><strong>quia</strong></span> <span class='ocrx_word' id='word_1_410' title='bbox 1830 3201 2009 3270; x_wconf 88' lang='lat' dir='ltr'><strong>paries</strong></span> <span class='ocrx_word' id='word_1_411' title='bbox 2039 3202 2113 3234; x_wconf 78' lang='grc'><strong>³⁵⁷</strong></span> 
     </span>
    </p>
   </div>
   <div class='ocr_carea' id='block_1_49' title="bbox 523 3275 2111 3359">
    <p class='ocr_par' dir='ltr' id='par_1_49' title="bbox 523 3275 2111 3359">
     <span class='ocr_line' id='line_1_51' title="bbox 523 3275 2111 3359; baseline 0.018 -39"><span class='ocrx_word' id='word_1_412' title='bbox 523 3277 721 3324; x_wconf 79' lang='lat' dir='ltr'><strong>vestra:</strong></span> <span class='ocrx_word' id='word_1_413' title='bbox 746 3275 1099 3334; x_wconf 88' lang='lat' dir='ltr'><strong>occidentalis</strong></span> <span class='ocrx_word' id='word_1_414' title='bbox 1138 3283 1386 3338; x_wconf 82' lang='lat' dir='ltr'><strong>matrinae</strong></span> <span class='ocrx_word' id='word_1_415' title='bbox 1424 3287 1669 3342; x_wconf 75' lang='lat' dir='ltr'><strong>ecclesia:</strong></span> <span class='ocrx_word' id='word_1_416' title='bbox 1705 3288 1889 3359; x_wconf 84' lang='lat' dir='ltr'><strong>lapsus</strong></span> <span class='ocrx_word' id='word_1_417' title='bbox 1916 3301 1999 3347; x_wconf 89' lang='lat' dir='ltr'><strong>est</strong></span> <span class='ocrx_word' id='word_1_418' title='bbox 2027 3292 2111 3347; x_wconf 84' lang='lat' dir='ltr'><strong>di-</strong></span> 
     </span>
    </p>
   </div>
   <div class='ocr_carea' id='block_1_50' title="bbox 522 3357 2112 3452">
    <p class='ocr_par' dir='ltr' id='par_1_50' title="bbox 522 3357 2112 3452">
     <span class='ocr_line' id='line_1_52' title="bbox 522 3357 2112 3452; baseline 0.016 -40"><span class='ocrx_word' id='word_1_419' title='bbox 522 3357 651 3415; x_wconf 86' lang='lat' dir='ltr'><strong>vina</strong></span> <span class='ocrx_word' id='word_1_420' title='bbox 704 3361 1081 3434; x_wconf 76' lang='lat' dir='ltr'><strong>dispositione.</strong></span> <span class='ocrx_word' id='word_1_421' title='bbox 1137 3370 1310 3427; x_wconf 88' lang='lat' dir='ltr'><strong>Tanta</strong></span> <span class='ocrx_word' id='word_1_422' title='bbox 1364 3390 1490 3431; x_wconf 85' lang='lat' dir='ltr'><strong>vero</strong></span> <span class='ocrx_word' id='word_1_423' title='bbox 1534 3376 1747 3448; x_wconf 87' lang='lat' dir='ltr'><strong>jactura</strong></span> <span class='ocrx_word' id='word_1_424' title='bbox 1784 3396 1890 3435; x_wconf 95' lang='lat' dir='ltr'><strong>non</strong></span> <span class='ocrx_word' id='word_1_425' title='bbox 1939 3382 2112 3452; x_wconf 84' lang='lat' dir='ltr'><strong>magis</strong></span> 
     </span>
    </p>
   </div>
   <div class='ocr_carea' id='block_1_51' title="bbox 522 3455 2110 3545">
    <p class='ocr_par' dir='ltr' id='par_1_51' title="bbox 522 3455 2110 3545">
     <span class='ocr_line' id='line_1_53' title="bbox 522 3455 2110 3545; baseline 0.016 -43"><span class='ocrx_word' id='word_1_426' title='bbox 522 3457 717 3505; x_wconf 65' lang='lat' dir='ltr'><strong>vestrae</strong></span> <span class='ocrx_word' id='word_1_427' title='bbox 749 3455 1052 3519; x_wconf 80' lang='lat' dir='ltr'><strong>prudentia.-</strong></span> <span class='ocrx_word' id='word_1_428' title='bbox 1097 3460 1515 3521; x_wconf 79' lang='lat' dir='ltr'><strong>sollicitudinem</strong></span> <span class='ocrx_word' id='word_1_429' title='bbox 1561 3470 1627 3523; x_wconf 89' lang='lat' dir='ltr'><strong>ad</strong></span> <span class='ocrx_word' id='word_1_430' title='bbox 1657 3472 2110 3545; x_wconf 82' lang='lat' dir='ltr'><strong>restaurationem</strong></span> 
     </span>
    </p>
   </div>
   <div class='ocr_carea' id='block_1_52' title="bbox 525 3539 2111 3622">
    <p class='ocr_par' dir='ltr' id='par_1_52' title="bbox 525 3539 2111 3622">
     <span class='ocr_line' id='line_1_54' title="bbox 525 3539 2111 3622; baseline 0.016 -27"><span class='ocrx_word' id='word_1_431' title='bbox 525 3539 608 3595; x_wconf 82' lang='lat' dir='ltr'><strong>sui</strong></span> <span class='ocrx_word' id='word_1_432' title='bbox 641 3540 868 3614; x_wconf 80' lang='lat' dir='ltr'><strong>ingerit,</strong></span> <span class='ocrx_word' id='word_1_433' title='bbox 901 3564 1064 3619; x_wconf 88' lang='lat' dir='ltr'><strong>quam</strong></span> <span class='ocrx_word' id='word_1_434' title='bbox 1112 3567 1212 3622; x_wconf 91' lang='lat' dir='ltr'><strong>pro</strong></span> <span class='ocrx_word' id='word_1_435' title='bbox 1245 3565 1426 3612; x_wconf 87' lang='lat' dir='ltr'><strong>vestra</strong></span> <span class='ocrx_word' id='word_1_436' title='bbox 1468 3560 1755 3616; x_wconf 80' lang='lat' dir='ltr'><strong>vexatione</strong></span> <span class='ocrx_word' id='word_1_437' title='bbox 1798 3563 1913 3618; x_wconf 79' lang='lat' dir='ltr'><strong>sive</strong></span> <span class='ocrx_word' id='word_1_438' title='bbox 1963 3579 2111 3619; x_wconf 90' lang='lat' dir='ltr'><strong>com-</strong></span> 
     </span>
    </p>
   </div>
   <div class='ocr_carea' id='block_1_53' title="bbox 522 3633 2112 3727">
    <p class='ocr_par' dir='ltr' id='par_1_53' title="bbox 522 3633 2112 3727">
     <span class='ocr_line' id='line_1_55' title="bbox 522 3633 2112 3727; baseline 0.017 -41"><span class='ocrx_word' id='word_1_439' title='bbox 522 3633 676 3689; x_wconf 88' lang='lat' dir='ltr'><strong>muni</strong></span> <span class='ocrx_word' id='word_1_440' title='bbox 704 3636 903 3695; x_wconf 86' lang='lat' dir='ltr'><strong>damno</strong></span> <span class='ocrx_word' id='word_1_441' title='bbox 929 3642 1174 3700; x_wconf 65' lang='lat' dir='ltr'><strong>ecclesia:</strong></span> <span class='ocrx_word' id='word_1_442' title='bbox 1202 3655 1401 3703; x_wconf 67' lang='lat' dir='ltr'><strong>nostra:</strong></span> <span class='ocrx_word' id='word_1_443' title='bbox 1430 3649 1501 3681; x_wconf 78' lang='grc'><strong>³⁸⁸</strong></span> <span class='ocrx_word' id='word_1_444' title='bbox 1549 3652 1712 3727; x_wconf 85' lang='lat' dir='ltr'><strong>menti</strong></span> <span class='ocrx_word' id='word_1_445' title='bbox 1742 3656 1992 3711; x_wconf 78' lang='lat' dir='ltr'><strong>mceroris</strong></span> <span class='ocrx_word' id='word_1_446' title='bbox 2015 3672 2112 3713; x_wconf 87' lang='lat' dir='ltr'><strong>ne-</strong></span> 
     </span>
    </p>
   </div>
   <div class='ocr_carea' id='block_1_54' title="bbox 522 3724 2112 3806">
    <p class='ocr_par' dir='ltr' id='par_1_54' title="bbox 522 3724 2112 3806">
     <span class='ocr_line' id='line_1_56' title="bbox 522 3724 2112 3806; baseline 0.014 -25"><span class='ocrx_word' id='word_1_447' title='bbox 522 3724 707 3782; x_wconf 84' lang='lat' dir='ltr'><strong>bulam</strong></span> <span class='ocrx_word' id='word_1_448' title='bbox 740 3729 942 3788; x_wconf 91' lang='lat' dir='ltr'><strong>intulit.</strong></span> <span class='ocrx_word' id='word_1_449' title='bbox 973 3733 1082 3792; x_wconf 87' lang='lat' dir='ltr'><strong>Sed</strong></span> <span class='ocrx_word' id='word_1_450' title='bbox 1107 3736 1267 3794; x_wconf 88' lang='lat' dir='ltr'><strong>simul</strong></span> <span class='ocrx_word' id='word_1_451' title='bbox 1298 3741 1564 3797; x_wconf 89' lang='lat' dir='ltr'><strong>consolari</strong></span> <span class='ocrx_word' id='word_1_452' title='bbox 1596 3724 1693 3801; x_wconf 75' lang='lat' dir='ltr'><strong>vus</strong></span> <span class='ocrx_word' id='word_1_453' title='bbox 1724 3746 1778 3800; x_wconf 92' lang='lat' dir='ltr'><strong>in</strong></span> <span class='ocrx_word' id='word_1_454' title='bbox 1809 3744 2112 3806; x_wconf 89' lang='lat' dir='ltr'><strong>divinitatis</strong></span> 
     </span>
    </p>
   </div>
   <div class='ocr_carea' id='block_1_55' title="bbox 522 3820 2109 3905">
    <p class='ocr_par' dir='ltr' id='par_1_55' title="bbox 522 3820 2109 3905">
     <span class='ocr_line' id='line_1_57' title="bbox 522 3820 2109 3905; baseline 0.016 -35"><span class='ocrx_word' id='word_1_455' title='bbox 522 3820 915 3888; x_wconf 79' lang='lat' dir='ltr'><strong>tranquillitate</strong></span> <span class='ocrx_word' id='word_1_456' title='bbox 936 3823 1106 3893; x_wconf 83' lang='lat' dir='ltr'><strong>jubco</strong></span> <span class='ocrx_word' id='word_1_457' title='bbox 1134 3836 1188 3883; x_wconf 86' lang='lat' dir='ltr'><strong>et</strong></span> <span class='ocrx_word' id='word_1_458' title='bbox 1217 3834 1538 3899; x_wconf 82' lang='lat' dir='ltr'><strong>persuadeo,</strong></span> <span class='ocrx_word' id='word_1_459' title='bbox 1580 3851 1701 3905; x_wconf 71' lang='lat' dir='ltr'><strong>quae</strong></span> <span class='ocrx_word' id='word_1_460' title='bbox 1729 3838 1847 3892; x_wconf 88' lang='lat' dir='ltr'><strong>sine</strong></span> <span class='ocrx_word' id='word_1_461' title='bbox 1872 3841 2109 3896; x_wconf 56' lang='lat' dir='ltr'><strong>mutabic</strong></span> 
     </span>
    </p>
   </div>
   <div class='ocr_carea' id='block_1_56' title="bbox 522 3906 2110 3990">
    <p class='ocr_par' dir='ltr' id='par_1_56' title="bbox 522 3906 2110 3990">
     <span class='ocr_line' id='line_1_58' title="bbox 522 3906 2110 3990; baseline 0.019 -29"><span class='ocrx_word' id='word_1_462' title='bbox 522 3906 694 3966; x_wconf 90' lang='lat' dir='ltr'><strong>litatis</strong></span> <span class='ocrx_word' id='word_1_463' title='bbox 719 3912 1096 3976; x_wconf 89' lang='lat' dir='ltr'><strong>vicissitudine</strong></span> <span class='ocrx_word' id='word_1_464' title='bbox 1140 3923 1255 3978; x_wconf 88' lang='lat' dir='ltr'><strong>sola</strong></span> <span class='ocrx_word' id='word_1_465' title='bbox 1287 3925 1357 3957; x_wconf 79' lang='grc'><strong>³⁵⁹</strong></span> <span class='ocrx_word' id='word_1_466' title='bbox 1405 3928 1780 3989; x_wconf 88' lang='lat' dir='ltr'><strong>inaccessibile</strong></span> <span class='ocrx_word' id='word_1_467' title='bbox 1811 3932 1990 3990; x_wconf 85' lang='lat' dir='ltr'><strong>lumen</strong></span> <span class='ocrx_word' id='word_1_468' title='bbox 2024 3936 2110 3990; x_wconf 91' lang='lat' dir='ltr'><strong>in-</strong></span> 
     </span>
    </p>
   </div>
   <div class='ocr_carea' id='block_1_57' title="bbox 521 3998 2109 4094">
    <p class='ocr_par' dir='ltr' id='par_1_57' title="bbox 521 3998 2109 4094">
     <span class='ocr_line' id='line_1_59' title="bbox 521 3998 2109 4094; baseline 0.018 -40"><span class='ocrx_word' id='word_1_469' title='bbox 521 3998 804 4069; x_wconf 86' lang='lat' dir='ltr'><strong>habitans,</strong></span> <span class='ocrx_word' id='word_1_470' title='bbox 849 4010 1033 4066; x_wconf 90' lang='lat' dir='ltr'><strong>omuia</strong></span> <span class='ocrx_word' id='word_1_471' title='bbox 1080 4015 1477 4083; x_wconf 89' lang='lat' dir='ltr'><strong>quodammodo</strong></span> <span class='ocrx_word' id='word_1_472' title='bbox 1521 4023 1725 4087; x_wconf 86' lang='lat' dir='ltr'><strong>moveri</strong></span> <span class='ocrx_word' id='word_1_473' title='bbox 1772 4039 1872 4094; x_wconf 91' lang='lat' dir='ltr'><strong>pro</strong></span> <span class='ocrx_word' id='word_1_474' title='bbox 1919 4034 2109 4082; x_wconf 89' lang='lat' dir='ltr'><strong>nostro</strong></span> 
     </span>
    </p>
   </div>
   <div class='ocr_carea' id='block_1_58' title="bbox 519 4100 2105 4185">
    <p class='ocr_par' dir='ltr' id='par_1_58' title="bbox 519 4100 2105 4185">
     <span class='ocr_line' id='line_1_60' title="bbox 519 4100 2105 4185; baseline 0.018 -39"><span class='ocrx_word' id='word_1_475' title='bbox 519 4102 674 4150; x_wconf 85' lang='lat' dir='ltr'><strong>reatu</strong></span> <span class='ocrx_word' id='word_1_476' title='bbox 705 4100 991 4168; x_wconf 89' lang='lat' dir='ltr'><strong>permittit,</strong></span> <span class='ocrx_word' id='word_1_477' title='bbox 1019 4105 1114 4160; x_wconf 91' lang='lat' dir='ltr'><strong>sed</strong></span> <span class='ocrx_word' id='word_1_478' title='bbox 1144 4106 1296 4176; x_wconf 89' lang='lat' dir='ltr'><strong>plura</strong></span> <span class='ocrx_word' id='word_1_479' title='bbox 1327 4109 1397 4141; x_wconf 78' lang='lat'><strong>&quot;°</strong></span> <span class='ocrx_word' id='word_1_480' title='bbox 1441 4112 1508 4165; x_wconf 87' lang='lat' dir='ltr'><strong>ad</strong></span> <span class='ocrx_word' id='word_1_481' title='bbox 1543 4113 1874 4185; x_wconf 83' lang='lat' dir='ltr'><strong>integritatis</strong></span> <span class='ocrx_word' id='word_1_482' title='bbox 1903 4126 2105 4174; x_wconf 89' lang='lat' dir='ltr'><strong>statum</strong></span> 
     </span>
    </p>
   </div>
   <div class='ocr_carea' id='block_1_59' title="bbox 519 4184 2104 4267">
    <p class='ocr_par' dir='ltr' id='par_1_59' title="bbox 519 4184 2104 4267">
     <span class='ocr_line' id='line_1_61' title="bbox 519 4184 2104 4267; baseline 0.016 -26"><span class='ocrx_word' id='word_1_483' title='bbox 519 4184 780 4246; x_wconf 76' lang='lat' dir='ltr'><strong>iueﬂ&#39;abili</strong></span> <span class='ocrx_word' id='word_1_484' title='bbox 805 4206 906 4249; x_wconf 88' lang='lat' dir='ltr'><strong>sua</strong></span> <span class='ocrx_word' id='word_1_485' title='bbox 931 4196 1220 4255; x_wconf 88' lang='lat' dir='ltr'><strong>clementia</strong></span> <span class='ocrx_word' id='word_1_486' title='bbox 1270 4204 1510 4260; x_wconf 90' lang='lat' dir='ltr'><strong>reducet.</strong></span> <span class='ocrx_word' id='word_1_487' title='bbox 1546 4228 1565 4259; x_wconf 74' lang='grc' dir='ltr'><strong><em>ι</em></strong></span> <span class='ocrx_word' id='word_1_488' title='bbox 1608 4184 1813 4264; x_wconf 69' lang='lat' dir='ltr'><strong>Prmsul</strong></span> <span class='ocrx_word' id='word_1_489' title='bbox 1840 4226 1969 4267; x_wconf 89' lang='lat' dir='ltr'><strong>vero</strong></span> <span class='ocrx_word' id='word_1_490' title='bbox 1996 4220 2104 4267; x_wconf 92' lang='lat' dir='ltr'><strong>tam</strong></span> 
     </span>
    </p>
   </div>
   <div class='ocr_carea' id='block_1_60' title="bbox 519 4285 2107 4377">
    <p class='ocr_par' dir='ltr' id='par_1_60' title="bbox 519 4285 2107 4377">
     <span class='ocr_line' id='line_1_62' title="bbox 519 4285 2107 4377; baseline 0.018 -43"><span class='ocrx_word' id='word_1_491' title='bbox 519 4285 786 4355; x_wconf 60' lang='lat' dir='ltr'><strong>praesagio</strong></span> <span class='ocrx_word' id='word_1_492' title='bbox 814 4300 975 4356; x_wconf 87' lang='lat' dir='ltr'><strong>quam</strong></span> <span class='ocrx_word' id='word_1_493' title='bbox 1024 4306 1203 4349; x_wconf 87' lang='lat' dir='ltr'><strong>rerum</strong></span> <span class='ocrx_word' id='word_1_494' title='bbox 1236 4294 1433 4353; x_wconf 89' lang='lat' dir='ltr'><strong>damno</strong></span> <span class='ocrx_word' id='word_1_495' title='bbox 1464 4301 1811 4373; x_wconf 85' lang='lat' dir='ltr'><strong>perturbatus</strong></span> <span class='ocrx_word' id='word_1_496' title='bbox 1833 4344 1849 4369; x_wconf 97' lang='lat'><strong>,</strong></span> <span class='ocrx_word' id='word_1_497' title='bbox 1898 4315 2107 4377; x_wconf 91' lang='lat' dir='ltr'><strong>tempus</strong></span> 
     </span>
    </p>
   </div>
   <div class='ocr_carea' id='block_1_61' title="bbox 519 4372 2106 4465">
    <p class='ocr_par' dir='ltr' id='par_1_61' title="bbox 519 4372 2106 4465">
     <span class='ocr_line' id='line_1_63' title="bbox 519 4372 2106 4465; baseline 0.015 -40"><span class='ocrx_word' id='word_1_498' title='bbox 519 4372 764 4439; x_wconf 66' lang='lat' dir='ltr'><strong>praefatae</strong></span> <span class='ocrx_word' id='word_1_499' title='bbox 807 4380 979 4437; x_wconf 74' lang='lat' dir='ltr'><strong>ruina:</strong></span> <span class='ocrx_word' id='word_1_500' title='bbox 1023 4382 1310 4458; x_wconf 73' lang='lat' dir='ltr'><strong>diligenter</strong></span> <span class='ocrx_word' id='word_1_501' title='bbox 1337 4391 1571 4456; x_wconf 90' lang='lat' dir='ltr'><strong>notavit,</strong></span> <span class='ocrx_word' id='word_1_502' title='bbox 1617 4394 1984 4464; x_wconf 88' lang='lat' dir='ltr'><strong>nunciumque</strong></span> <span class='ocrx_word' id='word_1_503' title='bbox 2006 4372 2106 4465; x_wconf 78' lang='lat' dir='ltr'><strong>pro</strong></span> 
     </span>
    </p>
   </div>
   <div class='ocr_carea' id='block_1_62' title="bbox 522 4467 2105 4556">
    <p class='ocr_par' dir='ltr' id='par_1_62' title="bbox 522 4467 2105 4556">
     <span class='ocr_line' id='line_1_64' title="bbox 522 4467 2105 4556; baseline 0.014 -38"><span class='ocrx_word' id='word_1_504' title='bbox 522 4467 848 4537; x_wconf 82' lang='lat' dir='ltr'><strong>experienda</strong></span> <span class='ocrx_word' id='word_1_505' title='bbox 879 4474 1090 4532; x_wconf 85' lang='lat' dir='ltr'><strong>ratione</strong></span> <span class='ocrx_word' id='word_1_506' title='bbox 1134 4480 1319 4549; x_wconf 82' lang='lat' dir='ltr'><strong>reique</strong></span> <span class='ocrx_word' id='word_1_507' title='bbox 1366 4483 1594 4538; x_wconf 89' lang='lat' dir='ltr'><strong>veritate</strong></span> <span class='ocrx_word' id='word_1_508' title='bbox 1623 4485 1920 4556; x_wconf 76' lang='lat' dir='ltr'><strong>Augusmm</strong></span> <span class='ocrx_word' id='word_1_509' title='bbox 1951 4487 2105 4542; x_wconf 87' lang='lat' dir='ltr'><strong>festi-</strong></span> 
     </span>
    </p>
   </div>
   <div class='ocr_carea' id='block_1_63' title="bbox 518 4559 2104 4646">
    <p class='ocr_par' dir='ltr' id='par_1_63' title="bbox 518 4559 2104 4646">
     <span class='ocr_line' id='line_1_65' title="bbox 518 4559 2104 4646; baseline 0.015 -37"><span class='ocrx_word' id='word_1_510' title='bbox 518 4565 718 4612; x_wconf 91' lang='lat' dir='ltr'><strong>nanter</strong></span> <span class='ocrx_word' id='word_1_511' title='bbox 742 4559 970 4630; x_wconf 79' lang='lat' dir='ltr'><strong>direxit;</strong></span> <span class='ocrx_word' id='word_1_512' title='bbox 1015 4566 1167 4635; x_wconf 84' lang='lat' dir='ltr'><strong>cuius</strong></span> <span class='ocrx_word' id='word_1_513' title='bbox 1196 4570 1473 4636; x_wconf 87' lang='lat' dir='ltr'><strong>relatione,</strong></span> <span class='ocrx_word' id='word_1_514' title='bbox 1516 4589 1700 4628; x_wconf 87' lang='lat' dir='ltr'><strong>casum</strong></span> <span class='ocrx_word' id='word_1_515' title='bbox 1728 4576 2022 4646; x_wconf 80' lang='lat' dir='ltr'><strong>contigisse</strong></span> <span class='ocrx_word' id='word_1_516' title='bbox 2048 4586 2104 4631; x_wconf 89' lang='lat' dir='ltr'><strong>et</strong></span> 
     </span>
    </p>
   </div>
   <div class='ocr_carea' id='block_1_64' title="bbox 513 4647 2099 4739">
    <p class='ocr_par' dir='ltr' id='par_1_64' title="bbox 513 4647 2099 4739">
     <span class='ocr_line' id='line_1_66' title="bbox 513 4647 2099 4739; baseline 0.016 -38"><span class='ocrx_word' id='word_1_517' title='bbox 513 4647 712 4709; x_wconf 80' lang='lat' dir='ltr'><strong>horam</strong></span> <span class='ocrx_word' id='word_1_518' title='bbox 755 4657 1077 4715; x_wconf 83' lang='lat' dir='ltr'><strong>convenisse</strong></span> <span class='ocrx_word' id='word_1_519' title='bbox 1109 4660 1269 4731; x_wconf 85' lang='lat' dir='ltr'><strong>juxta</strong></span> <span class='ocrx_word' id='word_1_520' title='bbox 1301 4663 1395 4719; x_wconf 89' lang='lat' dir='ltr'><strong>Dei</strong></span> <span class='ocrx_word' id='word_1_521' title='bbox 1442 4664 1655 4726; x_wconf 82' lang='lat' dir='ltr'><strong>famulae</strong></span> <span class='ocrx_word' id='word_1_522' title='bbox 1706 4668 2099 4739; x_wconf 65' lang='lat' dir='ltr'><strong>praefationem,</strong></span> 
     </span>
    </p>
   </div>
   <div class='ocr_carea' id='block_1_65' title="bbox 518 4748 1589 4817">
    <p class='ocr_par' dir='ltr' id='par_1_65' title="bbox 518 4748 1589 4817">
     <span class='ocr_line' id='line_1_67' title="bbox 518 4748 1589 4817; baseline 0.016 -19"><span class='ocrx_word' id='word_1_523' title='bbox 518 4748 795 4817; x_wconf 84' lang='lat' dir='ltr'><strong>cognovit.</strong></span> <span class='ocrx_word' id='word_1_524' title='bbox 1500 4762 1509 4770; x_wconf 78' lang='grc'><strong>“</strong></span> <span class='ocrx_word' id='word_1_525' title='bbox 1585 4775 1589 4778; x_wconf 73' lang='lat'><strong>‘</strong></span> 
     </span>
    </p>
   </div>
   <div class='ocr_carea' id='block_1_66' title="bbox 590 4835 2098 4927">
    <p class='ocr_par' dir='ltr' id='par_1_66' title="bbox 590 4835 2098 4927">
     <span class='ocr_line' id='line_1_68' title="bbox 590 4835 2098 4927; baseline 0.015 -36"><span class='ocrx_word' id='word_1_526' title='bbox 590 4835 645 4892; x_wconf 78' lang='lat'><strong>2.</strong></span> <span class='ocrx_word' id='word_1_527' title='bbox 673 4837 797 4896; x_wconf 84' lang='lat' dir='ltr'><strong>Alio</strong></span> <span class='ocrx_word' id='word_1_528' title='bbox 822 4856 1037 4915; x_wconf 89' lang='lat' dir='ltr'><strong>quoque</strong></span> <span class='ocrx_word' id='word_1_529' title='bbox 1064 4854 1306 4918; x_wconf 87' lang='lat' dir='ltr'><strong>tempore</strong></span> <span class='ocrx_word' id='word_1_530' title='bbox 1334 4849 1457 4905; x_wconf 84' lang='lat' dir='ltr'><strong>huic</strong></span> <span class='ocrx_word' id='word_1_531' title='bbox 1481 4855 1739 4926; x_wconf 79' lang='lat' dir='ltr'><strong>praesagio</strong></span> <span class='ocrx_word' id='word_1_532' title='bbox 1769 4855 1943 4912; x_wconf 89' lang='lat' dir='ltr'><strong>simile</strong></span> <span class='ocrx_word' id='word_1_533' title='bbox 1972 4872 2098 4927; x_wconf 74' lang='lat' dir='ltr'><strong>pro~</strong></span> 
     </span>
    </p>
   </div>
   <div class='ocr_carea' id='block_1_67' title="bbox 520 4926 2101 5018">
    <p class='ocr_par' dir='ltr' id='par_1_67' title="bbox 520 4926 2101 5018">
     <span class='ocr_line' id='line_1_69' title="bbox 520 4926 2101 5018; baseline 0.015 -38"><span class='ocrx_word' id='word_1_534' title='bbox 520 4926 722 4999; x_wconf 83' lang='lat' dir='ltr'><strong>digium</strong></span> <span class='ocrx_word' id='word_1_535' title='bbox 744 4932 813 4990; x_wconf 91' lang='lat' dir='ltr'><strong>ab</strong></span> <span class='ocrx_word' id='word_1_536' title='bbox 834 4934 949 5007; x_wconf 89' lang='lat' dir='ltr'><strong>ipsa</strong></span> <span class='ocrx_word' id='word_1_537' title='bbox 980 4940 1178 5008; x_wconf 87' lang='lat' dir='ltr'><strong>patuit,</strong></span> <span class='ocrx_word' id='word_1_538' title='bbox 1202 4943 1344 5011; x_wconf 86' lang='lat' dir='ltr'><strong>quod</strong></span> <span class='ocrx_word' id='word_1_539' title='bbox 1374 4952 1519 5000; x_wconf 90' lang='lat' dir='ltr'><strong>tanto</strong></span> <span class='ocrx_word' id='word_1_540' title='bbox 1546 4947 1714 5018; x_wconf 82' lang='lat' dir='ltr'><strong>magis</strong></span> <span class='ocrx_word' id='word_1_541' title='bbox 1742 4926 2101 5005; x_wconf 86' lang='lat' dir='ltr'><strong>admiratione</strong></span> 
     </span>
    </p>
   </div>
   <div class='ocr_carea' id='block_1_68' title="bbox 2212 2912 3805 2997">
    <p class='ocr_par' dir='ltr' id='par_1_68' title="bbox 2212 2912 3805 2997">
     <span class='ocr_line' id='line_1_70' title="bbox 2212 2912 3805 2997; baseline 0.001 -20"><span class='ocrx_word' id='word_1_542' title='bbox 2212 2921 2464 2979; x_wconf 89' lang='lat' dir='ltr'><strong>humanis</strong></span> <span class='ocrx_word' id='word_1_543' title='bbox 2490 2918 2695 2979; x_wconf 85' lang='lat' dir='ltr'><strong>visibus</strong></span> <span class='ocrx_word' id='word_1_544' title='bbox 2723 2912 3093 2981; x_wconf 65' lang='lat' dir='ltr'><strong>aastimabatur</strong></span> <span class='ocrx_word' id='word_1_545' title='bbox 3116 2935 3465 2997; x_wconf 72' lang='lat' dir='ltr'><strong>prmmortua.</strong></span> <span class='ocrx_word' id='word_1_546' title='bbox 3501 2926 3587 2982; x_wconf 82' lang='lat' dir='ltr'><strong>Ad</strong></span> <span class='ocrx_word' id='word_1_547' title='bbox 3619 2942 3679 2983; x_wconf 88' lang='lat' dir='ltr'><strong>se</strong></span> <span class='ocrx_word' id='word_1_548' title='bbox 3701 2936 3805 2980; x_wconf 86' lang='lat' dir='ltr'><strong>au-‘</strong></span> 
     </span>
    </p>
   </div>
   <div class='ocr_carea' id='block_1_69' title="bbox 2213 3015 3803 3101">
    <p class='ocr_par' dir='ltr' id='par_1_69' title="bbox 2213 3015 3803 3101">
     <span class='ocr_line' id='line_1_71' title="bbox 2213 3015 3803 3101; baseline 0.006 -33"><span class='ocrx_word' id='word_1_549' title='bbox 2213 3022 2320 3068; x_wconf 88' lang='lat' dir='ltr'><strong>tem</strong></span> <span class='ocrx_word' id='word_1_550' title='bbox 2344 3023 2467 3084; x_wconf 91' lang='lat' dir='ltr'><strong>post</strong></span> <span class='ocrx_word' id='word_1_551' title='bbox 2496 3015 2687 3070; x_wconf 90' lang='lat' dir='ltr'><strong>horam</strong></span> <span class='ocrx_word' id='word_1_552' title='bbox 2715 3030 2954 3083; x_wconf 89' lang='lat' dir='ltr'><strong>reversa,</strong></span> <span class='ocrx_word' id='word_1_553' title='bbox 2978 3017 3108 3087; x_wconf 88' lang='lat' dir='ltr'><strong>quid</strong></span> <span class='ocrx_word' id='word_1_554' title='bbox 3137 3017 3333 3073; x_wconf 87' lang='lat' dir='ltr'><strong>viderit</strong></span> <span class='ocrx_word' id='word_1_555' title='bbox 3358 3020 3586 3075; x_wconf 89' lang='lat' dir='ltr'><strong>memori</strong></span> <span class='ocrx_word' id='word_1_556' title='bbox 3614 3026 3803 3101; x_wconf 77' lang='lat' dir='ltr'><strong>mente</strong></span> 
     </span>
    </p>
   </div>
   <div class='ocr_carea' id='block_1_70' title="bbox 2214 3105 3805 3180">
    <p class='ocr_par' dir='ltr' id='par_1_70' title="bbox 2214 3105 3805 3180">
     <span class='ocr_line' id='line_1_72' title="bbox 2214 3105 3805 3180; baseline 0.003 -22"><span class='ocrx_word' id='word_1_557' title='bbox 2214 3105 2450 3172; x_wconf 87' lang='lat' dir='ltr'><strong>tenebat,</strong></span> <span class='ocrx_word' id='word_1_558' title='bbox 2481 3106 2760 3179; x_wconf 90' lang='lat' dir='ltr'><strong>fatumque</strong></span> <span class='ocrx_word' id='word_1_559' title='bbox 2800 3106 3039 3180; x_wconf 80' lang='lat' dir='ltr'><strong>prrefatae</strong></span> <span class='ocrx_word' id='word_1_560' title='bbox 3073 3125 3264 3179; x_wconf 71' lang='lat' dir='ltr'><strong>pugna:</strong></span> <span class='ocrx_word' id='word_1_561' title='bbox 3312 3109 3364 3164; x_wconf 92' lang='lat' dir='ltr'><strong>in</strong></span> <span class='ocrx_word' id='word_1_562' title='bbox 3413 3110 3647 3179; x_wconf 86' lang='lat' dir='ltr'><strong>spiritali</strong></span> <span class='ocrx_word' id='word_1_563' title='bbox 3677 3110 3805 3165; x_wconf 79' lang='lat' dir='ltr'><strong>visu‘</strong></span> 
     </span>
    </p>
   </div>
   <div class='ocr_carea' id='block_1_71' title="bbox 2211 3196 3805 3295">
    <p class='ocr_par' dir='ltr' id='par_1_71' title="bbox 2211 3196 3805 3295">
     <span class='ocr_line' id='line_1_73' title="bbox 2211 3196 3805 3295; baseline 0.002 -44"><span class='ocrx_word' id='word_1_564' title='bbox 2211 3196 2313 3252; x_wconf 83' lang='lat' dir='ltr'><strong>sibi</strong></span> <span class='ocrx_word' id='word_1_565' title='bbox 2343 3208 2840 3268; x_wconf 71' lang='lat' dir='ltr'><strong>prmmoustratum,</strong></span> <span class='ocrx_word' id='word_1_566' title='bbox 2865 3215 2972 3256; x_wconf 91' lang='lat' dir='ltr'><strong>non</strong></span> <span class='ocrx_word' id='word_1_567' title='bbox 2998 3215 3114 3257; x_wconf 90' lang='lat' dir='ltr'><strong>rem</strong></span> <span class='ocrx_word' id='word_1_568' title='bbox 3140 3200 3381 3264; x_wconf 92' lang='lat' dir='ltr'><strong>dicendo,</strong></span> <span class='ocrx_word' id='word_1_569' title='bbox 3408 3200 3504 3255; x_wconf 88' lang='lat' dir='ltr'><strong>sed</strong></span> <span class='ocrx_word' id='word_1_570' title='bbox 3529 3201 3805 3295; x_wconf 74' lang='lat' dir='ltr'><strong>bonorum</strong></span> 
     </span>
    </p>
   </div>
   <div class='ocr_carea' id='block_1_72' title="bbox 2212 3289 3797 3377">
    <p class='ocr_par' dir='ltr' id='par_1_72' title="bbox 2212 3289 3797 3377">
     <span class='ocr_line' id='line_1_74' title="bbox 2212 3289 3797 3377; baseline 0.002 -34"><span class='ocrx_word' id='word_1_571' title='bbox 2212 3289 2413 3345; x_wconf 78' lang='lat' dir='ltr'><strong>caedem</strong></span> <span class='ocrx_word' id='word_1_572' title='bbox 2459 3290 2798 3348; x_wconf 87' lang='lat' dir='ltr'><strong>condolendo</strong></span> <span class='ocrx_word' id='word_1_573' title='bbox 2830 3292 3087 3349; x_wconf 87' lang='lat' dir='ltr'><strong>innotuit.</strong></span> <span class='ocrx_word' id='word_1_574' title='bbox 3136 3293 3214 3377; x_wconf 61' lang='lat' dir='ltr'><strong>Er</strong></span> <span class='ocrx_word' id='word_1_575' title='bbox 3263 3292 3351 3348; x_wconf 90' lang='lat' dir='ltr'><strong>his</strong></span> <span class='ocrx_word' id='word_1_576' title='bbox 3374 3291 3594 3362; x_wconf 90' lang='lat' dir='ltr'><strong>quidem</strong></span> <span class='ocrx_word' id='word_1_577' title='bbox 3626 3290 3797 3363; x_wconf 84' lang='lat' dir='ltr'><strong>signis</strong></span> 
     </span>
    </p>
   </div>
   <div class='ocr_carea' id='block_1_73' title="bbox 2213 3378 3795 3457">
    <p class='ocr_par' dir='ltr' id='par_1_73' title="bbox 2213 3378 3795 3457">
     <span class='ocr_line' id='line_1_75' title="bbox 2213 3378 3795 3457; baseline 0.002 -22"><span class='ocrx_word' id='word_1_578' title='bbox 2213 3390 2462 3451; x_wconf 89' lang='lat' dir='ltr'><strong>patenter</strong></span> <span class='ocrx_word' id='word_1_579' title='bbox 2478 3384 2664 3452; x_wconf 86' lang='lat' dir='ltr'><strong>potest</strong></span> <span class='ocrx_word' id='word_1_580' title='bbox 2694 3382 2870 3456; x_wconf 91' lang='lat' dir='ltr'><strong>colligi</strong></span> <span class='ocrx_word' id='word_1_581' title='bbox 2901 3385 3050 3457; x_wconf 89' lang='lat' dir='ltr'><strong>quali</strong></span> <span class='ocrx_word' id='word_1_582' title='bbox 3086 3385 3323 3456; x_wconf 88' lang='lat' dir='ltr'><strong>puritate</strong></span> <span class='ocrx_word' id='word_1_583' title='bbox 3344 3378 3511 3439; x_wconf 83' lang='lat' dir='ltr'><strong>animi</strong></span> <span class='ocrx_word' id='word_1_584' title='bbox 3540 3383 3795 3454; x_wconf 88' lang='lat' dir='ltr'><strong>fulgeret,</strong></span> 
     </span>
    </p>
   </div>
   <div class='ocr_carea' id='block_1_74' title="bbox 2212 3473 3795 3562">
    <p class='ocr_par' dir='ltr' id='par_1_74' title="bbox 2212 3473 3795 3562">
     <span class='ocr_line' id='line_1_76' title="bbox 2212 3473 3795 3562; baseline 0 -33"><span class='ocrx_word' id='word_1_585' title='bbox 2212 3474 2379 3529; x_wconf 90' lang='lat' dir='ltr'><strong>immo</strong></span> <span class='ocrx_word' id='word_1_586' title='bbox 2405 3482 2607 3544; x_wconf 90' lang='lat' dir='ltr'><strong>quanta</strong></span> <span class='ocrx_word' id='word_1_587' title='bbox 2637 3473 2889 3543; x_wconf 89' lang='lat' dir='ltr'><strong>libertate</strong></span> <span class='ocrx_word' id='word_1_588' title='bbox 2933 3476 3158 3547; x_wconf 89' lang='lat' dir='ltr'><strong>spiritus</strong></span> <span class='ocrx_word' id='word_1_589' title='bbox 3198 3475 3417 3532; x_wconf 89' lang='lat' dir='ltr'><strong>Christo</strong></span> <span class='ocrx_word' id='word_1_590' title='bbox 3442 3476 3676 3562; x_wconf 84' lang='lat' dir='ltr'><strong>serviret</strong></span> <span class='ocrx_word' id='word_1_591' title='bbox 3702 3490 3795 3530; x_wconf 84' lang='lat' dir='ltr'><strong>oc-</strong></span> 
     </span>
    </p>
   </div>
   <div class='ocr_carea' id='block_1_75' title="bbox 2212 3565 3792 3642">
    <p class='ocr_par' dir='ltr' id='par_1_75' title="bbox 2212 3565 3792 3642">
     <span class='ocr_line' id='line_1_77' title="bbox 2212 3565 3792 3642; baseline 0.001 -21"><span class='ocrx_word' id='word_1_592' title='bbox 2212 3565 2430 3632; x_wconf 86' lang='lat' dir='ltr'><strong>cultius,</strong></span> <span class='ocrx_word' id='word_1_593' title='bbox 2453 3566 2538 3622; x_wconf 91' lang='lat' dir='ltr'><strong>cui</strong></span> <span class='ocrx_word' id='word_1_594' title='bbox 2566 3582 2688 3622; x_wconf 92' lang='lat' dir='ltr'><strong>cum</strong></span> <span class='ocrx_word' id='word_1_595' title='bbox 2716 3569 2995 3638; x_wconf 85' lang='lat' dir='ltr'><strong>prophetis</strong></span> <span class='ocrx_word' id='word_1_596' title='bbox 3020 3568 3199 3642; x_wconf 84' lang='lat' dir='ltr'><strong>futura</strong></span> <span class='ocrx_word' id='word_1_597' title='bbox 3232 3568 3491 3633; x_wconf 78' lang='lat' dir='ltr'><strong>Dominus</strong></span> <span class='ocrx_word' id='word_1_598' title='bbox 3514 3568 3792 3633; x_wconf 82' lang='lat' dir='ltr'><strong>revelavit,</strong></span> 
     </span>
    </p>
   </div>
   <div class='ocr_carea' id='block_1_76' title="bbox 2211 3648 3795 3739">
    <p class='ocr_par' dir='ltr' id='par_1_76' title="bbox 2211 3648 3795 3739">
     <span class='ocr_line' id='line_1_78' title="bbox 2211 3648 3795 3739; baseline 0.001 -27"><span class='ocrx_word' id='word_1_599' title='bbox 2211 3672 2336 3712; x_wconf 90' lang='lat' dir='ltr'><strong>cum</strong></span> <span class='ocrx_word' id='word_1_600' title='bbox 2384 3658 2709 3728; x_wconf 87' lang='lat' dir='ltr'><strong>patriarchis</strong></span> <span class='ocrx_word' id='word_1_601' title='bbox 2755 3658 2915 3739; x_wconf 81' lang='lat' dir='ltr'><strong>fidem</strong></span> <span class='ocrx_word' id='word_1_602' title='bbox 2980 3648 3294 3727; x_wconf 84' lang='lat' dir='ltr'><strong>roboravit,</strong></span> <span class='ocrx_word' id='word_1_603' title='bbox 3353 3675 3476 3716; x_wconf 88' lang='lat' dir='ltr'><strong>cum</strong></span> <span class='ocrx_word' id='word_1_604' title='bbox 3535 3658 3795 3729; x_wconf 84' lang='lat' dir='ltr'><strong>apostolis</strong></span> 
     </span>
    </p>
   </div>
   <div class='ocr_carea' id='block_1_77' title="bbox 2210 3747 3799 3843">
    <p class='ocr_par' dir='ltr' id='par_1_77' title="bbox 2210 3747 3799 3843">
     <span class='ocr_line' id='line_1_79' title="bbox 2210 3747 3799 3843; baseline -0.001 -41"><span class='ocrx_word' id='word_1_605' title='bbox 2210 3747 2474 3818; x_wconf 87' lang='lat' dir='ltr'><strong>evangelii</strong></span> <span class='ocrx_word' id='word_1_606' title='bbox 2504 3747 2890 3817; x_wconf 71' lang='lat' dir='ltr'><strong>pcrchtionem</strong></span> <span class='ocrx_word' id='word_1_607' title='bbox 2921 3751 3156 3814; x_wconf 88' lang='lat' dir='ltr'><strong>edocuit,</strong></span> <span class='ocrx_word' id='word_1_608' title='bbox 3185 3764 3307 3804; x_wconf 91' lang='lat' dir='ltr'><strong>cum</strong></span> <span class='ocrx_word' id='word_1_609' title='bbox 3336 3747 3799 3843; x_wconf 29' lang='lat' dir='ltr'><strong>martyrilmstrif</strong></span> 
     </span>
    </p>
   </div>
   <div class='ocr_carea' id='block_1_78' title="bbox 2209 3834 3803 3935">
    <p class='ocr_par' dir='ltr' id='par_1_78' title="bbox 2209 3834 3803 3935">
     <span class='ocr_line' id='line_1_80' title="bbox 2209 3834 3803 3935; baseline -0.001 -40"><span class='ocrx_word' id='word_1_610' title='bbox 2209 3834 2548 3896; x_wconf 83' lang='lat' dir='ltr'><strong>bulationum</strong></span> <span class='ocrx_word' id='word_1_611' title='bbox 2582 3842 2921 3898; x_wconf 88' lang='lat' dir='ltr'><strong>tolerantiam</strong></span> <span class='ocrx_word' id='word_1_612' title='bbox 2973 3842 3201 3906; x_wconf 91' lang='lat' dir='ltr'><strong>tribuit,</strong></span> <span class='ocrx_word' id='word_1_613' title='bbox 3250 3855 3372 3896; x_wconf 91' lang='lat' dir='ltr'><strong>cum</strong></span> <span class='ocrx_word' id='word_1_614' title='bbox 3417 3836 3803 3935; x_wconf 40' lang='lat' dir='ltr'><strong>sacerdotibus:</strong></span> 
     </span>
    </p>
   </div>
   <div class='ocr_carea' id='block_1_79' title="bbox 2210 3928 3791 4029">
    <p class='ocr_par' dir='ltr' id='par_1_79' title="bbox 2210 3928 3791 4029">
     <span class='ocr_line' id='line_1_81' title="bbox 2210 3928 3791 4029; baseline -0.003 -45"><span class='ocrx_word' id='word_1_615' title='bbox 2210 3931 2459 3985; x_wconf 77' lang='lat' dir='ltr'><strong>ecclesia:</strong></span> <span class='ocrx_word' id='word_1_616' title='bbox 2493 3947 2680 3987; x_wconf 89' lang='lat' dir='ltr'><strong>curam</strong></span> <span class='ocrx_word' id='word_1_617' title='bbox 2734 3933 2949 3999; x_wconf 91' lang='lat' dir='ltr'><strong>indidit,</strong></span> <span class='ocrx_word' id='word_1_618' title='bbox 2982 3947 3104 3987; x_wconf 90' lang='lat' dir='ltr'><strong>cum</strong></span> <span class='ocrx_word' id='word_1_619' title='bbox 3136 3930 3439 4001; x_wconf 87' lang='lat' dir='ltr'><strong>virginibus</strong></span> <span class='ocrx_word' id='word_1_620' title='bbox 3468 3928 3641 3984; x_wconf 84' lang='lat' dir='ltr'><strong>sacris</strong></span> <span class='ocrx_word' id='word_1_621' title='bbox 3665 3942 3791 4029; x_wconf 52' lang='lat' dir='ltr'><strong>san:</strong></span> 
     </span>
    </p>
   </div>
   <div class='ocr_carea' id='block_1_80' title="bbox 2210 4020 3795 4088">
    <p class='ocr_par' dir='ltr' id='par_1_80' title="bbox 2210 4020 3795 4088">
     <span class='ocr_line' id='line_1_82' title="bbox 2210 4020 3795 4088; baseline -0.002 -10"><span class='ocrx_word' id='word_1_622' title='bbox 2210 4023 2466 4079; x_wconf 67' lang='lat' dir='ltr'><strong>ctissimm</strong></span> <span class='ocrx_word' id='word_1_623' title='bbox 2510 4025 2707 4079; x_wconf 90' lang='lat' dir='ltr'><strong>mentis</strong></span> <span class='ocrx_word' id='word_1_624' title='bbox 2736 4025 3104 4087; x_wconf 85' lang='lat' dir='ltr'><strong>sinceritatem</strong></span> <span class='ocrx_word' id='word_1_625' title='bbox 3152 4024 3322 4088; x_wconf 77' lang='lat' dir='ltr'><strong>auxit,</strong></span> <span class='ocrx_word' id='word_1_626' title='bbox 3358 4020 3679 4075; x_wconf 85' lang='lat' dir='ltr'><strong>familiarem</strong></span> <span class='ocrx_word' id='word_1_627' title='bbox 3709 4020 3795 4075; x_wconf 85' lang='lat' dir='ltr'><strong>sui</strong></span> 
     </span>
    </p>
   </div>
   <div class='ocr_carea' id='block_1_81' title="bbox 2210 4103 3793 4186">
    <p class='ocr_par' dir='ltr' id='par_1_81' title="bbox 2210 4103 3793 4186">
     <span class='ocr_line' id='line_1_83' title="bbox 2210 4103 3793 4186; baseline -0.004 -17"><span class='ocrx_word' id='word_1_628' title='bbox 2210 4114 2557 4186; x_wconf 69' lang='lat' dir='ltr'><strong>prmsentiam</strong></span> <span class='ocrx_word' id='word_1_629' title='bbox 2584 4103 2707 4170; x_wconf 83' lang='lat' dir='ltr'><strong>cum</strong></span> <span class='ocrx_word' id='word_1_630' title='bbox 2736 4106 3020 4172; x_wconf 81' lang='lat' dir='ltr'><strong>monachis</strong></span> <span class='ocrx_word' id='word_1_631' title='bbox 3043 4110 3281 4171; x_wconf 81' lang='lat' dir='ltr'><strong>Ostendit</strong></span> <span class='ocrx_word' id='word_1_632' title='bbox 3303 4112 3393 4178; x_wconf 81' lang='grc'><strong><em>⁸⁸³,</em></strong></span> <span class='ocrx_word' id='word_1_633' title='bbox 3430 4128 3552 4168; x_wconf 91' lang='lat' dir='ltr'><strong>cum</strong></span> <span class='ocrx_word' id='word_1_634' title='bbox 3577 4118 3793 4183; x_wconf 87' lang='lat' dir='ltr'><strong>aposto-</strong></span> 
     </span>
    </p>
   </div>
   <div class='ocr_carea' id='block_1_82' title="bbox 2211 4196 3794 4302">
    <p class='ocr_par' dir='ltr' id='par_1_82' title="bbox 2211 4196 3794 4302">
     <span class='ocr_line' id='line_1_84' title="bbox 2211 4196 3794 4302; baseline -0.005 -42"><span class='ocrx_word' id='word_1_635' title='bbox 2211 4196 2334 4260; x_wconf 83' lang='lat' dir='ltr'><strong>licis</strong></span> <span class='ocrx_word' id='word_1_636' title='bbox 2360 4205 2748 4276; x_wconf 86' lang='lat' dir='ltr'><strong>discipulabus,</strong></span> <span class='ocrx_word' id='word_1_637' title='bbox 2780 4205 2903 4261; x_wconf 91' lang='lat' dir='ltr'><strong>dico</strong></span> <span class='ocrx_word' id='word_1_638' title='bbox 2930 4206 3108 4261; x_wconf 86' lang='lat' dir='ltr'><strong>viduis</strong></span> <span class='ocrx_word' id='word_1_639' title='bbox 3133 4220 3164 4259; x_wconf 91' lang='lat' dir='ltr'><strong>a</strong></span> <span class='ocrx_word' id='word_1_640' title='bbox 3194 4203 3357 4302; x_wconf 82' lang='lat' dir='ltr'><strong>Petro</strong></span> <span class='ocrx_word' id='word_1_641' title='bbox 3394 4211 3450 4302; x_wconf 78' lang='lat' dir='ltr'><strong>ct</strong></span> <span class='ocrx_word' id='word_1_642' title='bbox 3488 4198 3794 4302; x_wconf 41' lang='lat' dir='ltr'><strong>PIauloele-</strong></span> 
     </span>
    </p>
   </div>
   <div class='ocr_carea' id='block_1_83' title="bbox 2211 4292 3795 4393">
    <p class='ocr_par' dir='ltr' id='par_1_83' title="bbox 2211 4292 3795 4393">
     <span class='ocr_line' id='line_1_85' title="bbox 2211 4292 3795 4393; baseline -0.006 -40"><span class='ocrx_word' id='word_1_643' title='bbox 2211 4299 2312 4353; x_wconf 93' lang='lat' dir='ltr'><strong>ctis</strong></span> <span class='ocrx_word' id='word_1_644' title='bbox 2340 4308 2396 4353; x_wconf 88' lang='lat' dir='ltr'><strong>et</strong></span> <span class='ocrx_word' id='word_1_645' title='bbox 2425 4299 2700 4369; x_wconf 89' lang='lat' dir='ltr'><strong>religionis</strong></span> <span class='ocrx_word' id='word_1_646' title='bbox 2721 4296 2895 4353; x_wconf 87' lang='lat' dir='ltr'><strong>oilicio</strong></span> <span class='ocrx_word' id='word_1_647' title='bbox 2920 4297 3214 4368; x_wconf 90' lang='lat' dir='ltr'><strong>deputatis,</strong></span> <span class='ocrx_word' id='word_1_648' title='bbox 3238 4296 3296 4393; x_wconf 82' lang='lat' dir='ltr'><strong>in</strong></span> <span class='ocrx_word' id='word_1_649' title='bbox 3324 4294 3484 4393; x_wconf 80' lang='lat' dir='ltr'><strong>terris</strong></span> <span class='ocrx_word' id='word_1_650' title='bbox 3505 4292 3795 4393; x_wconf 62' lang='lat' dir='ltr'><strong>devotione</strong></span> 
     </span>
    </p>
   </div>
   <div class='ocr_carea' id='block_1_84' title="bbox 2209 4383 3793 4460">
    <p class='ocr_par' dir='ltr' id='par_1_84' title="bbox 2209 4383 3793 4460">
     <span class='ocr_line' id='line_1_86' title="bbox 2209 4383 3793 4460; baseline -0.004 -17"><span class='ocrx_word' id='word_1_651' title='bbox 2209 4390 2516 4459; x_wconf 70' lang='lat' dir='ltr'><strong>prmditavit</strong></span> <span class='ocrx_word' id='word_1_652' title='bbox 2544 4391 2637 4460; x_wconf 55' lang='grc'><strong>³9,</strong></span> <span class='ocrx_word' id='word_1_653' title='bbox 2670 4392 2721 4445; x_wconf 92' lang='lat' dir='ltr'><strong>in</strong></span> <span class='ocrx_word' id='word_1_654' title='bbox 2745 4400 2948 4446; x_wconf 59' lang='lat' dir='ltr'><strong>aeterna</strong></span> <span class='ocrx_word' id='word_1_655' title='bbox 2977 4389 3145 4460; x_wconf 87' lang='lat' dir='ltr'><strong>gloria</strong></span> <span class='ocrx_word' id='word_1_656' title='bbox 3178 4384 3509 4443; x_wconf 88' lang='lat' dir='ltr'><strong>sublimavit.</strong></span> <span class='ocrx_word' id='word_1_657' title='bbox 3541 4383 3793 4438; x_wconf 85' lang='lat' dir='ltr'><strong>Curatio-</strong></span> 
     </span>
    </p>
   </div>
   <div class='ocr_carea' id='block_1_85' title="bbox 2211 4456 3791 4574">
    <p class='ocr_par' dir='ltr' id='par_1_85' title="bbox 2211 4456 3791 4574">
     <span class='ocr_line' id='line_1_87' title="bbox 2211 4456 3791 4574; baseline -0.006 -39"><span class='ocrx_word' id='word_1_658' title='bbox 2211 4456 2338 4535; x_wconf 79' lang='lat' dir='ltr'><strong>num</strong></span> <span class='ocrx_word' id='word_1_659' title='bbox 2368 4497 2497 4535; x_wconf 88' lang='lat' dir='ltr'><strong>vero</strong></span> <span class='ocrx_word' id='word_1_660' title='bbox 2528 4456 2592 4535; x_wconf 36' lang='lat' dir='ltr'><strong>in‘</strong></span> <span class='ocrx_word' id='word_1_661' title='bbox 2612 4492 2815 4538; x_wconf 86' lang='lat' dir='ltr'><strong>tantam</strong></span> <span class='ocrx_word' id='word_1_662' title='bbox 2860 4482 3087 4551; x_wconf 81' lang='lat' dir='ltr'><strong>gratiam</strong></span> <span class='ocrx_word' id='word_1_663' title='bbox 3137 4495 3233 4551; x_wconf 87' lang='lat' dir='ltr'><strong>per</strong></span> <span class='ocrx_word' id='word_1_664' title='bbox 3258 4474 3647 4574; x_wconf 63' lang='lat' dir='ltr'><strong>benevolentia</strong></span> <span class='ocrx_word' id='word_1_665' title='bbox 3671 4486 3791 4574; x_wconf 76' lang='lat' dir='ltr'><strong>me-</strong></span> 
     </span>
    </p>
   </div>
   <div class='ocr_carea' id='block_1_86' title="bbox 2209 4563 3793 4655">
    <p class='ocr_par' dir='ltr' id='par_1_86' title="bbox 2209 4563 3793 4655">
     <span class='ocr_line' id='line_1_88' title="bbox 2209 4563 3793 4655; baseline -0.006 -30"><span class='ocrx_word' id='word_1_666' title='bbox 2209 4574 2319 4629; x_wconf 83' lang='lat' dir='ltr'><strong>ruit</strong></span> <span class='ocrx_word' id='word_1_667' title='bbox 2344 4587 2563 4642; x_wconf 88' lang='lat' dir='ltr'><strong>operam</strong></span> <span class='ocrx_word' id='word_1_668' title='bbox 2588 4572 2676 4646; x_wconf 51' lang='lat'><strong>&#39;7’,</strong></span> <span class='ocrx_word' id='word_1_669' title='bbox 2704 4580 2762 4626; x_wconf 92' lang='lat' dir='ltr'><strong>ut</strong></span> <span class='ocrx_word' id='word_1_670' title='bbox 2790 4571 2928 4627; x_wconf 90' lang='lat' dir='ltr'><strong>sicut</strong></span> <span class='ocrx_word' id='word_1_671' title='bbox 2952 4585 3243 4649; x_wconf 79' lang='lat' dir='ltr'><strong>egenorum</strong></span> <span class='ocrx_word' id='word_1_672' title='bbox 3277 4567 3511 4655; x_wconf 83' lang='lat' dir='ltr'><strong>inopiam</strong></span> <span class='ocrx_word' id='word_1_673' title='bbox 3540 4563 3793 4618; x_wconf 71' lang='lat' dir='ltr'><strong>elemosio</strong></span> 
     </span>
    </p>
   </div>
   <div class='ocr_carea' id='block_1_87' title="bbox 2211 4656 3793 4743">
    <p class='ocr_par' dir='ltr' id='par_1_87' title="bbox 2211 4656 3793 4743">
     <span class='ocr_line' id='line_1_89' title="bbox 2211 4656 3793 4743; baseline -0.008 -19"><span class='ocrx_word' id='word_1_674' title='bbox 2211 4672 2402 4724; x_wconf 86' lang='lat' dir='ltr'><strong>narum</strong></span> <span class='ocrx_word' id='word_1_675' title='bbox 2433 4669 2682 4743; x_wconf 84' lang='lat' dir='ltr'><strong>largitate</strong></span> <span class='ocrx_word' id='word_1_676' title='bbox 2710 4667 3033 4734; x_wconf 80' lang='lat' dir='ltr'><strong>sublevavit,</strong></span> <span class='ocrx_word' id='word_1_677' title='bbox 3066 4658 3139 4720; x_wconf 85' lang='lat' dir='ltr'><strong>ita</strong></span> <span class='ocrx_word' id='word_1_678' title='bbox 3166 4656 3328 4720; x_wconf 77' lang='lat' dir='ltr'><strong>etiam</strong></span> <span class='ocrx_word' id='word_1_679' title='bbox 3368 4660 3793 4727; x_wconf 62' lang='lat' dir='ltr'><strong>infirmorumet</strong></span> 
     </span>
    </p>
   </div>
   <div class='ocr_carea' id='block_1_88' title="bbox 2211 4747 3790 4832">
    <p class='ocr_par' dir='ltr' id='par_1_88' title="bbox 2211 4747 3790 4832">
     <span class='ocr_line' id='line_1_90' title="bbox 2211 4747 3790 4832; baseline -0.008 -15"><span class='ocrx_word' id='word_1_680' title='bbox 2211 4760 2466 4817; x_wconf 89' lang='lat' dir='ltr'><strong>debilium</strong></span> <span class='ocrx_word' id='word_1_681' title='bbox 2495 4762 2807 4832; x_wconf 88' lang='lat' dir='ltr'><strong>sospitatem</strong></span> <span class='ocrx_word' id='word_1_682' title='bbox 2834 4760 3039 4832; x_wconf 91' lang='lat' dir='ltr'><strong>potenti</strong></span> <span class='ocrx_word' id='word_1_683' title='bbox 3062 4771 3283 4814; x_wconf 88' lang='lat' dir='ltr'><strong>munere</strong></span> <span class='ocrx_word' id='word_1_684' title='bbox 3305 4760 3656 4810; x_wconf 84' lang='lat' dir='ltr'><strong>restauraret.</strong></span> <span class='ocrx_word' id='word_1_685' title='bbox 3682 4747 3790 4805; x_wconf 88' lang='lat' dir='ltr'><strong>Sed</strong></span> 
     </span>
    </p>
   </div>
   <div class='ocr_carea' id='block_1_89' title="bbox 2176 4841 3789 4921">
    <p class='ocr_par' dir='ltr' id='par_1_89' title="bbox 2176 4841 3789 4921">
     <span class='ocr_line' id='line_1_91' title="bbox 2176 4841 3789 4921; baseline -0.01 -11"><span class='ocrx_word' id='word_1_686' title='bbox 2176 4855 2406 4910; x_wconf 81' lang='lat' dir='ltr'><strong>&#39;mirum</strong></span> <span class='ocrx_word' id='word_1_687' title='bbox 2456 4856 2510 4910; x_wconf 90' lang='lat' dir='ltr'><strong>in</strong></span> <span class='ocrx_word' id='word_1_688' title='bbox 2560 4857 2775 4911; x_wconf 90' lang='lat' dir='ltr'><strong>modum</strong></span> <span class='ocrx_word' id='word_1_689' title='bbox 2825 4855 3117 4908; x_wconf 88' lang='lat' dir='ltr'><strong>humanam</strong></span> <span class='ocrx_word' id='word_1_690' title='bbox 3166 4841 3789 4921; x_wconf 33' lang='lat' dir='ltr'><strong>cognitionem‘vitandae</strong></span> 
     </span>
    </p>
   </div>
   <div class='ocr_carea' id='block_1_90' title="bbox 2212 4934 3787 5018">
    <p class='ocr_par' dir='ltr' id='par_1_90' title="bbox 2212 4934 3787 5018">
     <span class='ocr_line' id='line_1_92' title="bbox 2212 4934 3787 5018; baseline -0.008 -18"><span class='ocrx_word' id='word_1_691' title='bbox 2212 4947 2510 5003; x_wconf 79' lang='lat' dir='ltr'><strong>insolentia:</strong></span> <span class='ocrx_word' id='word_1_692' title='bbox 2554 4963 2720 5003; x_wconf 90' lang='lat' dir='ltr'><strong>causa</strong></span> <span class='ocrx_word' id='word_1_693' title='bbox 2769 4946 2998 5018; x_wconf 86' lang='lat' dir='ltr'><strong>fugiens,</strong></span> <span class='ocrx_word' id='word_1_694' title='bbox 3034 4944 3169 5001; x_wconf 89' lang='lat' dir='ltr'><strong>tanti</strong></span> <span class='ocrx_word' id='word_1_695' title='bbox 3197 4943 3275 5009; x_wconf 58' lang='lat'><strong>‘7‘,</strong></span> <span class='ocrx_word' id='word_1_696' title='bbox 3309 4938 3550 4997; x_wconf 87' lang='lat' dir='ltr'><strong>muneris</strong></span> <span class='ocrx_word' id='word_1_697' title='bbox 3579 4936 3651 4970; x_wconf 78' lang='grc'><strong>³⁷³</strong></span> <span class='ocrx_word' id='word_1_698' title='bbox 3682 4934 3787 4991; x_wconf 85' lang='lat' dir='ltr'><strong>lar-</strong></span> 
     </span>
    </p>
   </div>
   <div class='ocr_carea' id='block_1_91' title="bbox 1792 5058 2472 5119">
    <p class='ocr_par' dir='ltr' id='par_1_91' title="bbox 1792 5058 2472 5119">
     <span class='ocr_line' id='line_1_93' title="bbox 1792 5058 2472 5119; baseline 0.001 -5"><span class='ocrx_word' id='word_1_699' title='bbox 1792 5058 2028 5119; x_wconf 71' lang='lat' dir='ltr'><strong>VAIll/E</strong></span> <span class='ocrx_word' id='word_1_700' title='bbox 2069 5059 2472 5118; x_wconf 81' lang='lat' dir='ltr'><strong>LECTlONES.</strong></span> 
     </span>
    </p>
   </div>
  </div>
