4072 5350
275 275 382 331 985

867 269 1160 328 APPEND.
1197 271 1290 327 AD
1327 270 1645 329 EPITAPH.
1679 273 2115 331 [.DALllElDlS.
2153 303 2226 314 —
2260 269 2616 330 MIRACULA
2655 271 2985 357 EJUSDEM.

3439 275 3543 333 986

276 391 440 469 gitori
485 393 698 440 secreto
736 384 934 439 mentis
963 384 1178 456 placere
1225 386 1478 457 gestiens,
1518 395 1611 442 aut
1637 387 1708 419 ⁸⁷³
1739 403 1856 442 om-
1883 393 1935 452 Α
1960 387 2155 443 orandi
2190 387 2371 442 studio
2400 386 2468 440 ad
2510 360 2854 457 sepulchrum
2883 386 2998 456 ejus
3027 385 3274 453 veniens,
3308 387 3361 442 in
3393 389 3547 458 adju-
3587 420 3592 425 -

278 465 410 552 nino
444 476 514 508 ³⁷⁷⁵
553 469 752 529 furtiva
799 475 1077 530 celeritate
1121 475 1395 546 signorum
1440 475 1732 531 efﬁcaciam
1779 493 1864 531 ra-

283 564 430 640 puit,
463 576 555 620 aut
597 565 641 620 si
693 580 798 635 qua
851 559 1078 620 suorum
1120 566 1404 621 scientiam
1447 568 1726 638 praeterire
1756 584 1864 622 non

281 657 477 733 pctuit,
501 657 676 712 edicto
697 656 803 728 egit
828 656 918 722 ³⁷⁸,
943 671 1010 711 ne
1035 673 1262 727 usquam
1283 657 1386 712 levi
1410 650 1864 733 sermocinatione

281 750 593 809 dilatarent,
625 747 768 801 illam
806 747 1060 800 nimirum
1113 748 1437 801 sententiam
1482 749 1721 815 gentium
1767 749 1864 802 do-

277 838 449 894 ctoris
478 837 639 909 vigili
679 837 779 892 sub
819 835 985 891 corde
1035 837 1318 893 revolvens
1346 839 1415 902 ³⁷9
1444 840 1590 909 (HO)
1631 857 1646 893 :
1681 838 1864 894 Gloria

279 931 461 984 nostra
505 931 615 983 lucc
645 936 741 992 est,
789 927 1142 980 testimonium
1183 929 1510 992 conscientia:
1547 940 1757 984 nostris.
1797 930 1866 983 Et

279 1019 423 1088 quod
465 1018 581 1086 ipse
625 1016 885 1071 Dominus
937 1017 1140 1071 dextrae
1181 1032 1317 1086 opus
1364 1031 1392 1070 a
1431 1017 1654 1072 sinistra
1700 1017 1864 1072 celari

279 1109 535 1179 przeeepit
556 1108 726 1179 (Ill),
751 1107 980 1177 simplici
1001 1109 1287 1178 prudentia
1313 1109 1363 1163 in
1397 1109 1542 1163 omni
1571 1125 1864 1164 conversa-

280 1203 428 1258 tione
456 1194 792 1273 adimplevit.
833 1201 1036 1256 Tamen
1079 1203 1208 1255 urbs
1235 1217 1395 1270 super
1419 1212 1654 1256 montem
1687 1195 1863 1270 posita

280 1294 423 1349 haud
453 1295 626 1364 potuit
654 1308 775 1348 esse
805 1293 1058 1348 omnibus
1084 1293 1150 1325 ³⁷⁷
1199 1292 1467 1346 occultata
1491 1293 1664 1363 (112).
1692 1291 1864 1347 Unius

279 1399 516 1454 namque
556 1385 693 1454 signi
737 1383 1018 1454 ﬂagrantia
1050 1385 1115 1439 ad
1147 1393 1386 1439 nostram
1437 1386 1682 1454 pervenit
1725 1386 1865 1438 noti-

281 1477 435 1540 tiam,
456 1475 611 1544 cujus
634 1476 881 1545 patrandi
905 1477 1200 1546 potentiam
1223 1476 1580 1546 plurimarum
1605 1477 1864 1530 virtutum

279 1567 540 1621 docemur
575 1567 807 1620 existere
833 1581 1074 1622 causam.

351 1657 406 1712 3.
445 1657 686 1723 Quodam
713 1673 839 1711 vero
866 1668 1104 1727 tempore
1133 1675 1256 1713 cum
1282 1658 1489 1714 cmlesti
1518 1659 1865 1714 meditatione

1966 480 2163 535 torium
2212 493 2368 534 suum
2415 479 2668 555 precibus
2710 487 2767 534 et
2811 477 3027 534 fletibus
3054 494 3175 534 eam
3201 479 3542 536 invitaverat.

1963 566 2206 638 Cumque
2222 559 2330 637 per
2367 582 2582 623 omnem
2626 567 2983 637 septimanam
3019 569 3160 624 sacri
3189 570 3435 640 corporis
3463 570 3545 626 lo—

1963 649 2085 715 cum
2115 660 2507 714 obsecrationis
2543 660 2801 714 instantia
2833 661 3240 730 frequentaret,
3287 678 3394 716 una
3426 663 3547 718 vice

1964 751 2140 806 fessus
2189 760 2245 806 et
2286 751 2458 805 tristis
2501 767 2664 820 super
2692 751 3060 820 pavimentum
3111 752 3389 819 residens,
3438 771 3548 823 pra:

1965 843 2126 897 taedio
2151 842 2453 912 languentis
2479 843 2673 894 animae
2699 841 2947 911 perfusus
2973 852 3058 896 est
3093 843 3267 898 somni
3296 843 3546 898 humore.

1965 931 2099 984 Tum
2133 930 2205 984 illi
2248 939 2433 984 sancta
2463 930 2777 985 Adallieidis
2803 923 2900 1000 per
2929 932 3220 996 somnium,
3255 932 3549 988 admodum

1966 1020 2260 1076 reverenda
2305 1020 2454 1073 vultu
2500 1019 2639 1073 ultra
2686 1021 2974 1073 humanam
3021 1021 3257 1088 speciem
3312 1021 3548 1088 decora,

1966 1097 2247 1163 manifesta
2280 1109 2553 1178 apparuit;
2595 1123 2764 1178 quare
2810 1109 3060 1164 dominus
3106 1110 3225 1178 ejus
3271 1111 3552 1166 Heriman-

1965 1216 2066 1253 nus
2103 1199 2343 1268 privatas
2371 1214 2455 1253 res
2486 1199 2852 1267 apostolorum
2877 1215 2987 1253 sure
3021 1200 3234 1270 injustm
3267 1202 3457 1257 ditioni
3481 1201 3549 1234 ³⁸⁹

1965 1299 2290 1363 usurparet,
2325 1290 2553 1346 terribili
2585 1305 2717 1362 voce
2753 1291 3020 1359 quaesivit.
3053 1292 3145 1347 Illa
3174 1302 3355 1348 autem
3386 1293 3543 1366 igno-

1965 1380 2195 1436 rantiam
2224 1379 2537 1446 conﬁtente,
2568 1381 2651 1435 vel
2683 1381 2862 1450 potius
2911 1383 3243 1452 tyrannidem
3279 1385 3432 1440 ducis
3457 1388 3551 1440 ad-

1965 1477 2215 1524 nectente
2245 1489 2257 1523 :
2290 1488 2308 1521 ι
2341 1468 2498 1536 Vide,
2523 1470 2719 1540 inquit,
2751 1483 2829 1537 ut,
2864 1472 2908 1526 si
2940 1473 3142 1528 nostris
3171 1475 3381 1530 meritis
3412 1477 3547 1529 sani-

1969 1569 2138 1615 tatem
2182 1561 2463 1616 oculorum
2513 1562 2785 1643 recipias,
2833 1559 3034 1621 nostrae
3074 1565 3236 1619 etiam
3267 1563 3552 1635 legationis

1967 1653 2108 1709 ﬁdus
2149 1654 2414 1728 interpres
2444 1641 2742 1726 principem
2783 1656 2974 1720 adeas,
3005 1655 3276 1727 planoque
3303 1671 3556 1712 sermone

280 1757 543 1815 occupata
581 1747 633 1798 in
679 1745 920 1800 conclavi
976 1748 1243 1802 resideret
1278 1749 1346 1782 ³⁷⁸
1382 1749 1668 1818 omnisque
1718 1749 1863 1802 arbi-
1895 1737 1936 1794 Β
1965 1746 2268 1815 hujusmodi
2300 1747 2626 1817 pravitatem
2667 1747 2887 1803 omnino
2925 1747 3197 1816 deponere
3242 1764 3366 1804 cum
3399 1749 3554 1819 signo

281 1848 366 1892 ter
396 1836 465 1868 ³⁷⁸
496 1845 723 1906 excepto
750 1837 940 1891 claudo
967 1839 1205 1903 abesset,
1228 1839 1438 1893 villicus
1468 1839 1683 1893 nomine
1706 1837 1865 1892 Ilice-

280 1911 516 1983 inanuus
536 1929 606 1960 m
657 1929 761 1984 ﬁde
802 1939 857 1984 et
902 1931 1276 1986 taciturnitate
1319 1930 1394 1985 illi
1433 1940 1710 2001 acceptus,
1748 1931 1864 2001 pul-

280 2020 534 2074 chrorum
581 2021 844 2076 malorum
888 2023 1066 2076 attulit
1132 2039 1348 2079 munus.
1412 2023 1567 2090 Quod
1633 2024 1865 2080 serenis-

281 2105 424 2167 simo
446 2111 512 2143 ³⁸¹
544 2113 710 2178 vultu,
735 2123 793 2167 ut
815 2113 1107 2170 hilaritatis
1129 2115 1300 2170 amica
1325 2125 1445 2170 erat
1465 2117 1863 2186 °",accipiens,

279 2211 450 2255 unum
496 2217 561 2255 ex
611 2202 791 2258 multis
829 2204 1058 2274 excepit,
1094 2214 1318 2260 caeteros
1365 2207 1634 2260 servatori
1674 2204 1864 2274 hujus-

281 2292 429 2348 modi
476 2285 1029 2362 reruin"pr:esentari
1070 2297 1345 2366 praecepit.
1393 2295 1500 2350 Sed
1549 2310 1678 2351 casu
1724 2296 1868 2350 acci-

281 2374 444 2444 dente
474 2403 691 2463 pomum
719 2404 747 2442 a
778 2403 940 2441 manu
977 2386 1187 2456 longius
1223 2386 1531 2457 prolapsum
1562 2395 1676 2452 est;
1723 2385 1864 2456 quod

282 2473 468 2538 statim
499 2475 722 2538 claudus
755 2488 1032 2550 reportare
1072 2477 1285 2546 jussus,
1316 2480 1635 2548 obsequium
1672 2494 1868 2536 renue-

281 2575 400 2639 bat,
433 2575 558 2645 quia
606 2573 840 2630 scabella
865 2563 886 2638 ,i
927 2570 1121 2644 quibus
1159 2589 1402 2643 gressum
1434 2573 1505 2605 ⁸⁸⁸
1552 2573 1863 2640 simulabat,

283 2665 503 2719 domina
531 2664 602 2698 ³⁸⁸
642 2665 928 2718 retinebat.
956 2653 1061 2718 ~Illo
1088 2677 1218 2717 vero
1248 2664 1545 2718 reluctante
1576 2664 1867 2718 rationem-

286 2746 394 2822 que
437 2755 732 2809 debilitatis
773 2733 1163 2830 rationabiliter
1204 2769 1303 2824 pro
1347 2754 1706 2809 inohedientia
1747 2755 1868 2808 red-

286 2845 474 2909 dente,
505 2845 720 2898 ta‘ndem
753 2837 1065 2898 sanctorum
1105 2842 1401 2898 domestica
1427 2843 1499 2876 ⁸⁸⁸
1532 2851 1659 2898 ante
1704 2857 1867 2898 vene-

282 2935 484 2990 rabiles
520 2936 796 3006 reliquias,
835 2949 972 3004 quas
995 2935 1066 2967 ³⁸⁶
1112 2918 1177 2990 ἰιῖ
1215 2944 1504 3006 conspectu
1549 2951 1647 2990 suo
1668 2936 1869 3006 jugiter

282 3025 491 3098 positas
515 3010 751 3080 habebat
772 3026 863 3091 ³⁸⁷,
887 3033 1044 3096 caput
1068 3035 1378 3082 reverenter
1399 3026 1690 3090 inclinavit,
1715 3041 1867 3080 suos-

287 3095 395 3186 que
443 3117 693 3173 dominos
729 3133 912 3174 secum
949 3118 1084 3173 velle
1113 3158 1128 3186 ,
1175 3126 1234 3172 ut
1277 3118 1497 3174 claudus
1544 3119 1863 3185 ambularet,
1894 3089 1939 3151 Ο

287 3207 595 3263 afﬁrmavit.

360 3300 483 3356 Mox
511 3299 674 3354 citius
702 3299 846 3355 dicto
882 3300 1122 3355 surrexit
1149 3299 1372 3356 claudus
1407 3307 1474 3355 ab
1505 3301 1650 3367 imo;

358 3389 564 3448 Parens
587 3382 867 3461 obsequio,
907 3392 964 3444 ﬁt
995 3407 1160 3446 sanus
1183 3405 1410 3461 corpore
1443 3399 1572 3456 toto;

362 3476 638 3551 Etjussus
671 3485 800 3539 tanti
833 3484 1065 3540 retinere
1101 3484 1316 3539 silentia
1345 3484 1510 3555 signi,

360 3575 565 3629 Gaudia
593 3576 882 3644 prodebat;
923 3590 1021 3629 nec
1051 3576 1225 3647 gratia
1257 3585 1406 3631 tanta
1438 3576 1640 3631 latebat

357 3660 416 3717 4.
455 3662 622 3734 Igitur
664 3678 730 3719 eo
764 3672 1004 3736 tempore
1051 3681 1158 3735 quo
1203 3666 1361 3721 beata
1415 3667 1668 3737 migravit
1708 3681 1736 3720 a
1786 3681 1871 3722 se-

289 3755 452 3820 culo,
502 3755 864 3812 llcrimannus
891 3758 1021 3812 ‘dux
1062 3757 1272 3813 Suevim
1300 3798 1314 3824 ,
1365 3758 1456 3827 qui
1501 3758 1688 3814 fratris
1728 3758 1871 3812 illius

288 3848 600 3916 Chuonradi
642 3849 802 3904 ﬁliam
850 3850 902 3905 in
957 3851 1266 3922 conjugium
1314 3860 1620 3923 acceperat,
1659 3853 1873 3907 heredi-

288 3938 430 3992 tario
450 3937 569 4006 jure
596 3954 684 3994 res
707 3939 916 3994 ancillae
941 3939 1035 3995 Dei
1064 3942 1130 3995 ad
1157 3942 1544 3996 monasterium
1575 3941 1721 4013 (U5)
1745 3957 1871 4011 per-

293 4028 527 4084 tinentes
571 4046 835 4102 occupare
878 4031 1110 4107 volebat.
1149 4032 1256 4088 Sed
1289 4033 1403 4104 ipsa
1442 4033 1516 4088 illi
1567 4043 1623 4089 et
1665 4033 1874 4090 cunctis

292 4120 346 4173 in
398 4121 627 4175 circuitu
670 4122 989 4192 degentibus
1033 4124 1336 4178 manifestis
1381 4124 1592 4180 indiciis
1629 4139 1875 4191 comprov

287 4210 420 4272 bat,
477 4213 618 4279 quod
674 4203 879 4268 nullum
937 4215 1189 4270 heredem
1239 4225 1437 4284 praeter
1495 4216 1770 4286 apostolos
1819 4224 1874 4269 et

290 4295 371 4356 eis
418 4303 718 4359 servientes
767 4305 1062 4360 monachos
1135 4306 1488 4376 relinquebat.
1552 4307 1682 4361 Erat
1745 4315 1874 4362 tunc

289 4396 550 4465 temporis
582 4396 719 4451 forte
757 4398 898 4467 apud
937 4400 1166 4453 eundem
1206 4399 1394 4452 ducem
1423 4401 1638 4469 quidam
1677 4415 1871 4454 recen-

290 4493 377 4540 ter
417 4487 533 4542 visu
577 4489 837 4558 privatus,
880 4491 970 4559 qui
1005 4491 1133 4546 olim
1172 4499 1288 4546 arte
1327 4492 1705 4546 llebotomandi
1743 4491 1872 4546 edo-

290 4577 433 4640 etus,
465 4585 518 4632 et
563 4593 627 4632 ea
672 4594 834 4634 causa
881 4581 1056 4636 beata:
1107 4581 1306 4651 regina:
1354 4583 1526 4651 gratia
1565 4582 1766 4651 largius
1792 4590 1874 4636 est

288 4679 441 4721 usus.
503 4667 640 4734 Quia
699 4686 831 4727 vero
889 4665 1029 4727 illius
1094 4665 1466 4729 beneficentiae
1535 4674 1870 4729 nimietatem

225 4821 234 4828 _
289 4759 705 4832 sanctitatisque
735 4762 1038 4820 claritatem
1078 4767 1445 4838 experimento
1471 4764 1540 4796 ³⁸³
1587 4766 1868 4831 didicerat,

1965 1837 2210 1892 edoceas.
2246 1836 2340 1891 Sin
2383 1846 2564 1892 autem
2590 1838 2694 1902 πο,
2737 1853 2822 1892 me
2867 1853 3128 1909 meosque
3156 1838 3409 1894 dominos
3439 1840 3552 1894 bis-

1967 1946 2129 1986 senos
2176 1931 2468 2000 apostolos,
2517 1932 2684 1987 totius
2715 1931 2924 1988 scilicet
2962 1933 3174 2002 judices
3217 1933 3400 1996 orbis,
3429 1949 3557 2002 pro-

1964 2020 2143 2088 prium
2169 2020 2261 2088 jus
2307 2020 2581 2090 persequi,
2617 2005 2770 2074 sciat
2798 2061 2813 2086 ,
2869 2019 3203 2090 ultionisque
3233 2018 3555 2076 incvitabili

1966 2111 2074 2164 ictu
2106 2125 2226 2166 sese
2254 2126 2376 2164 cum
2407 2111 2520 2167 suis
2548 2110 2929 2182 ﬂagellandum
2963 2112 3271 2181 pricdiscat.
3298 2132 3316 2164 ι
3362 2112 3458 2167 llis
3481 2113 3548 2145 ⁸⁸⁸

1967 2202 2128 2256 dictis
2153 2241 2168 2267 ,
2196 2203 2385 2257 statim
2417 2203 2579 2257 homo
2609 2203 2891 2272 cvigilans,
2932 2203 3153 2258 visionis
3184 2214 3239 2260 ct
3269 2203 3554 2259 allocutio-

1967 2294 2051 2348 nis
2075 2294 2336 2348 memoria
2378 2293 2682 2348 lzctiﬁcatus
2706 2335 2720 2358 ,
2751 2294 2913 2364 pedes
2948 2295 3256 2360 recedentis
3284 2309 3456 2365 usque
3484 2295 3554 2348 ad

1967 2383 2314 2454 sepulchrum
2361 2391 2445 2437 est
2491 2393 2836 2453 prosecutus;
2871 2384 2958 2438 ubi
2995 2393 3108 2438 toto
3149 2369 3378 2456 corpore
3422 2398 3554 2452 pro-

1967 2483 2194 2540 stratus,
2225 2473 2431 2528 tamdiu
2471 2473 2707 2529 orationi
2757 2473 2973 2528 deditus
3013 2473 3223 2543 jaeuit,
3269 2467 3554 2542 quousque

1968 2571 2170 2626 chorus
2214 2568 2602 2624 monachorum
2655 2569 2834 2623 missze
2884 2567 3056 2622 oﬁicia
3119 2565 3432 2621 celebravit.
3480 2564 3555 2620 Ut

1967 2678 2098 2718 vero
2149 2663 2382 2732 primum
2441 2669 2631 2715 cantor
2680 2660 2963 2715 introitum
3013 2658 3325 2724 inchoavit,
3377 2670 3559 2715 caicus

1969 2754 2148 2809 lumen
2194 2752 2400 2822 recepit
2451 2759 2612 2822 atque
2643 2749 2834 2820 gaudia
2884 2764 2981 2804 sua
3023 2747 3372 2803 cantantibus
3409 2760 3572 2826 comi

1968 2845 2206 2900 miscuit.
2246 2843 2545 2900 Confestim
2593 2841 2858 2896 miraculo
2907 2856 3004 2911 per
3058 2840 3293 2894 sonitum
3338 2853 3559 2906 campa-

1969 2951 2163 2990 narum
2187 2933 2459 2999 intimato,
2499 2933 2567 2988 ab
2597 2932 2744 2986 omni
2774 2930 2971 3001 populo
2995 2929 3360 2994 concurritur,
3393 2917 3566 3008 homo

1970 3025 2280 3096 recognitus
2320 3026 2445 3080 inde
2472 3024 2704 3078 miratur
2733 3023 2803 3055 ³⁹¹
2829 3063 2846 3088 ,
2882 3023 2975 3078 Dei
3001 3021 3201 3077 famula
3232 3029 3550 3086 veneratur,

1971 3121 2218 3192 lucisque
2252 3131 2515 3192 repertor,
2546 3121 2712 3175 immo
2734 3121 2803 3152 ³³³
2829 3119 3051 3176 factura:
3084 3119 3436 3175 conﬁrmator
3456 3117 3554 3182 m,

1972 3215 2040 3270 ab
2071 3215 2216 3269 omni
2257 3229 2386 3270 sexu
2417 3223 2470 3269 et
2512 3213 2826 3269 conditione
2853 3213 3234 3269 conlaudatur.
3274 3211 3404 3267 Post.
3441 3211 3560 3266 haec

1972 3304 2192 3359 luminis
2232 3304 2456 3374 adeptor
2508 3304 2804 3359 testimonii
2855 3303 3248 3374 legationisque
3297 3301 3558 3372 injuncte

1969 3411 2076 3451 non
2126 3395 2446 3462 immemor,
2499 3397 2777 3450 dominum
2831 3411 2987 3450 suum
3051 3393 3341 3464 gratulanti
3392 3406 3558 3448 cursu

1970 3486 2179 3552 revisit,
2211 3486 2340 3555 quid
2390 3487 2444 3540 in
2493 3501 2686 3541 sonmo
2716 3485 3070 3556 praemonitus
3114 3483 3346 3540 foret'"
3385 3482 3558 3552 expli-

1971 3577 2124 3642 cuit,
2173 3577 2369 3645 suique
2414 3576 2880 3632 inluminationem
2932 3577 3232 3630 testabatur
3280 3575 3349 3609 ⁸⁹⁶
3386 3574 3557 3628 divini

1971 3666 2241 3721 examinis
2279 3682 2402 3721 esse
2447 3675 2860 3737 argumentum;
2893 3665 2937 3721 si
2977 3667 3089 3734 ipse
3113 3673 3206 3719 aut
3235 3663 3430 3734 aliquis
3461 3679 3559 3733 po-

1973 3763 2179 3811 tentum
2228 3755 2341 3810 sive
2381 3755 2633 3824 quaelibet
2669 3769 2901 3825 persona
2938 3754 3164 3808 ulterius
3201 3755 3253 3808 in
3295 3752 3559 3808 ecclesia-

1972 3848 2108 3904 stica
2139 3847 2396 3902 beneﬁcia
2438 3847 2688 3915 gloriosae
2732 3847 2784 3900 in
2833 3845 3062 3900 Domino
3111 3845 3326 3900 femina:
3354 3858 3562 3914 praesu-

1973 3947 2146 3992 meret
2174 3937 2430 3991 damnum
2479 3937 2698 3991 inl'erre.
2736 3936 2811 3990 lla
2846 3937 2952 3990 dux
3005 3937 3200 3990 timore
3233 3933 3514 4004 perculsus
3539 3973 3556 3999 ,

1973 4030 2234 4100 quidquid
2288 4030 2486 4099 injuste
2533 4030 2747 4099 incepto
2777 4041 2967 4085 contra
3006 4028 3101 4083 Dei
3129 4029 3464 4084 voluntatem
3503 4027 3556 4080 in

1973 4121 2070 4175 Dei
2101 4121 2314 4176 famula:
2351 4122 2514 4176 rebus
2540 4121 2774 4191 desipuit
2801 4162 2816 4186 ,
2849 4120 3140 4176 emendare
3184 4119 3436 4186 curavit,
3466 4118 3561 4174 ad-

1976 4212 2220 4282 diditque
2271 4212 2527 4283 pracdicto
2581 4213 2914 4268 monasterio
2966 4213 3226 4283 praedium
3277 4212 3343 4266 ad
3392 4209 3564 4266 conti-

1976 4309 2224 4364 eiendum
2257 4309 2336 4363 sal
2365 4308 2514 4373 utile,
2544 4308 2707 4363 situm
2733 4309 2986 4364 videlicet
3024 4309 3092 4363 ad
3139 4307 3395 4378 oppidum
3419 4304 3563 4359 Mar-

1981 4399 2080 4454 sile
2108 4397 2280 4470 (ιη).

2051 4493 2104 4547 5.
2136 4494 2365 4562 Dignum
2394 4507 2526 4547 vero
2552 4491 2813 4546 relatione
2841 4494 2999 4546 nobis
3023 4493 3256 4555 videtur,
3292 4491 3564 4560 quomodo

1981 4584 2264 4638 lleinricus
2295 4585 2364 4618 "7
2404 4601 2534 4648 rex,
2565 4584 2740 4639 sancti
2780 4585 2850 4619 3”
2889 4583 3104 4654 Georgii
3156 4581 3413 4652 martyris
3455 4578 3567 4633 siu-

1978 4676 2178 4746 gularis
2206 4676 2410 4740 cultor,
2457 4676 2620 4744 hujus
2652 4675 3014 4731 sanctissima:
3043 4674 3208 4728 etiam
3236 4672 3412 4726 vidua:
3439 4683 3568 4735 sup-

1978 4766 2100 4836 plex
2151 4766 2316 4824 fuerit.
2366 4766 2435 4798 ³⁸⁸
2497 4767 2774 4821 adorator.
2821 4764 2953 4820 Nam
2994 4779 3118 4820 cum
3171 4762 3239 4816 ad
3280 4756 3567 4831 praefatum

1537 4877 1773 4933 VARI/li
1815 4877 2222 4934 LECTIONES.

373 4989 444 5021 ³⁸1³
471 4999 527 5042 ιη
555 4990 609 5045 8.
697 4988 773 5022 ⁸⁷⁸
807 4991 1115 5047 omnimodo
1150 4992 1204 5046 9.
1238 4995 1324 5047 10.

282 5073 334 5108 0.
373 5059 426 5113 9.
465 5061 547 5113 10.
640 5061 714 5094 ³⁷⁸
743 5062 955 5116 sederet
981 5064 1035 5117 9.
1065 5063 1151 5114 10.
1243 5065 1312 5097 ³⁷³
1338 5062 1565 5118 arbitrio
1593 5079 1645 5115 θ.
1687 5079 1737 5116 a.
1771 5065 1822 5117 8.

285 5128 354 5158 ³⁸³
395 5130 696 5200 ingressum
732 5129 896 5200 9.}0.
975 5131 1045 5164 ³⁸¹⁵
1069 5133 1206 5184 dona
1248 5133 1299 5186 8-

287 5197 484 5230 vnn-all:
517 5203 578 5230 ,11
787 5197 988 5230 ἶιιοοῖίξη
1026 5201 1056 5230 4“
1119 5200 1370 5230 ιῘῘΛσ-Ιο---ι
1406 5201 1789 5230 εισι-ἶοιίῖηίῖικαιῖὶ
1823 5208 1850 5230 ο

1429 4995 1498 5028 ⁸⁷⁵
1536 4992 1708 5048 edidit
1745 5011 1881 5046 corr.
1918 4995 2027 5062 egit
2055 4995 2106 5049 8.
2141 5010 2193 5050 e.
2225 5011 2274 5052 e.
2307 4997 2492 5051 desunt
2524 4993 2578 5047 9.
2615 4992 2702 5047 10.

1907 5065 1975 5096 ³⁸³
2006 5066 2416 5123 huozemannus
2434 5065 2486 5118 9.
2514 5064 2601 5134 lt),
2707 5064 2775 5091 ³⁵³
2809 5064 3084 5134 sincer-iss.
3109 5064 3166 5134 ξςζ
3249 5064 3453 5134 τςῆιυιι
3481 5064 3551 5134 tu

1377 5134 1448 5164 ³⁸⁸⁵
1479 5132 1761 5187 domestici
1786 5135 1840 5187 8.
1919 5135 1989 5167 ³⁸⁸⁵
2023 5135 2164 5188 deest
2191 5122 2246 5194 97.
2322 5136 2392 5168 ³⁸⁷
2430 5149 2482 5203 p.
2518 5131 2752 5185 adorare
2783 5127 3007 5180 solebat.
3050 5138 3100 5176 c.
3136 5125 3190 5178 9.
3265 5122 3336 5154 ³⁸⁸
3359 5122 3587 5200 experi-

1406 5201 1789 5230 :....:...i:...:....:\
1823 5208 1850 5230 0
1969 5203 2038 5230 ano
2067 5204 2282 5230 ..Η--..Λ
2342 5206 2406 5230 ιη
2502 5201 2565 5230 ast
2605 5217 2637 5230 η
2689 5199 2819 5230 rum
2844 5197 2876 5230 1.
2933 5196 2966 5230 (δ
3013 5193 3079 5230 In
3167 5194 3234 5226 an
3261 5191 3295 5230 ιι
3352 5205 3396 5230 νγ
3433 5204 3470 5230 ι-
3503 5205 3558 5230 m

2804 4989 2875 5021 ³⁷⁸
2919 4988 3144 5040 volvens
3175 4983 3263 5038 10.
3323 4981 3392 5014 ⁸⁷⁷
3419 4995 3471 5032 e.
3517 4982 3574 5036 in

2707 5061 2775 5091 ³⁸⁸
2809 5057 3084 5111 sinceriss.
3109 5057 3164 5109 8.
3249 5050 3318 5085 ³³¹
3351 5050 3453 5104 ίυίῐ
3481 5049 3579 5106 1οο

1969 5203 2038 5230 ano
2067 5189 2282 5230 -I:.-:'n
2342 5189 2449 5230 ιη’
2502 5201 2565 5230 aut
2605 5217 2637 5230 η
2689 5199 2819 5230 an
2844 5197 2876 5230 l‘
2933 5196 2966 5230 (δ
3013 5193 3079 5230 In
3167 5191 3295 5230 ιειιι
3352 5205 3396 5230 r,
3433 5189 3470 5230 ἰ-
3503 5205 3558 5230 In
