4072 5350
546 328 651 385 98¹1

542 537 723 607 posito
760 536 900 594 lecto
929 551 1183 610 pausaret
1203 584 1218 609 ,
1248 545 1340 601 ubi
1369 549 1711 606 sanctissima
1736 555 1915 609 anima
1943 556 2126 613 carnis

500 696 511 714 Ι
540 626 817 696 ergastulo
865 630 1041 686 soluta
1071 641 1174 687 est.
1207 632 1396 715 Itaque
1441 638 1738 710 imperator
1784 650 1946 700 tantae
1977 645 2127 701 infir-

539 716 750 773 mitatis
791 720 935 776 mole
979 723 1264 793 perculsus
1304 735 1408 794 est,
1458 738 1518 783 ut
1565 731 1705 787 lecto
1749 748 1973 805 surgere
2017 751 2126 791 non

536 808 748 877 valens.
778 825 999 868 suorum
1045 815 1258 874 diversa
1309 819 1525 890 ingenia
1577 824 1965 895 conquireret,
1998 829 2124 899 quid

535 899 607 957 de
630 901 1013 974 tanti‘tamque'
1028 907 1191 961 subiti
1216 907 1419 964 doloris
1445 925 1573 967 casu
1605 916 1890 970 sentirent.
1924 916 2124 979 Omnes

537 990 755 1061 quidem
787 993 839 1048 in
868 994 943 1034 ινδ
977 1012 1084 1051 una
1132 1012 1268 1054 voce
1315 998 1572 1056 dicebant
1622 1003 1765 1060 iilius
1820 1007 1962 1062 sacri
2016 1006 2123 1064 loci

534 1084 899 1163 reverentiam
966 1087 1089 1142 talis
1143 1087 1472 1146 incommodi
1535 1107 1777 1149 causam.
1831 1095 1981 1151 llaec.
2008 1097 2124 1168 ipse

534 1185 722 1228 secum
752 1172 841 1229 diu
863 1173 1141 1244 volutans,
1164 1186 1219 1234 et
1245 1179 1288 1234 si
1317 1195 1424 1251 qtto
1451 1180 1558 1238 alio
1575 1183 1734 1239 modo
1758 1188 2122 1246 venerandam

532 1263 833 1334 Augustam
885 1264 1188 1324 on‘enderet
1257 1281 1560 1329 retractans
1591 1314 1607 1340 ,
1667 1285 1724 1330 et
1796 1278 2122 1347 pmnitentia

534 1352 765 1415 ductus.
799 1354 865 1408 ad
900 1354 1173 1426 sepulchri
1216 1358 1470 1414 sacellum
1508 1376 1567 1417 se
1603 1364 1807 1431 portari
1845 1363 2027 1432 jussit.
2060 1365 2125 1420 Et

533 1440 662 1508 quia
709 1439 853 1496 iliius
901 1443 1095 1498 merita
1141 1445 1261 1501 sine
1290 1448 1572 1518 apostolici
1621 1450 1844 1506 decreto
1884 1453 2124 1523 clerique

529 1530 801 1589 consensu
831 1536 1092 1593 celebrari
1122 1527 1226 1596 non
1256 1541 1427 1606 licuit,
1453 1542 1711 1613 praedicto
1734 1545 1786 1598 in
1806 1542 1930 1601 loco
1951 1547 2124 1605 beatae

535 1621 721 1678 Mariae
749 1629 1048 1683 oratorium
1081 1645 1140 1685 se
1168 1640 1605 1689 constructurum
1643 1635 1931 1706 promisit,
1961 1645 2124 1708 atque

535 1715 787 1773 abbatem
814 1717 958 1775 illius
984 1725 1239 1790 emnobii,
1271 1726 1415 1781 sicut
1446 1727 1561 1797 ipsa
1592 1727 1660 1759 ⁸⁹¹
1721 1726 2026 1797 consuluit,
2052 1733 2122 1789 ab

535 1811 884 1879 Imperatoria
915 1813 1177 1870 servitute
1201 1815 1434 1873 absolvit
1458 1818 1631 1888 (115).

603 1897 660 1955 6.
703 1898 817 1961 Sub
870 1902 1012 1959 idem
1063 1915 1272 1976 tempus
1317 1908 1429 1979 (an.
1468 1911 1626 1981 1008)
1675 1912 1825 1968 venit
1871 1913 1938 1968 ad
1990 1928 2124 1971 eun-

535 1988 657 2045 dem
686 1992 860 2049 locum
887 1997 1112 2067 quidam
1139 2014 1307 2070 eques
1333 2004 1684 2069 temerarius;
1715 2005 1808 2075 qui
1833 2005 1960 2061 dum
1991 2023 2125 2078 pan.-

532 2087 681 2158 peris
699 2088 976 2158 cujusdam
1002 2093 1144 2149 bene
1180 2104 1428 2166 receptus
1459 2098 1692 2177 hospitio
1711 2109 1876 2167 esset,
1900 2115 2124 2172 parvam

531 2174 652 2246 ejus
696 2175 1082 2250 supellectilem
1131 2184 1355 2257 diaboli
1384 2174 1645 2259 instinctu
1698 2188 1839 2245 male
1887 2197 2123 2258 tractare

529 2281 819 2349 aggressus
849 2279 951 2326 est.
981 2271 1126 2327 Inter
1159 2273 1296 2330 alias
1320 2275 1536 2345 quidem
1570 2276 1818 2345 injurias,
1852 2295 1989 2350 quas
2019 2283 2119 2336 ho-

531 2345 657 2426 spiti
685 2372 785 2414 suo
814 2359 1057 2432 ingessit,
1081 2378 1210 2419 aves
1231 2356 1556 2421 domesticas
1579 2366 1649 2400 m
1674 2345 1892 2435 occidit“,
1919 2369 2122 2424 aliena-

526 2466 637 2520 que
661 2454 961 2510 substantia
995 2455 1123 2512 fecit
1149 2458 1250 2513 sibi
1279 2462 1571 2531 praeparari
1600 2461 1672 2500 W
1698 2463 1923 2518 cibaria.
1954 2462 2122 2535 Magi-

526 2551 644 2597 ster
668 2558 796 2599 vero
833 2546 1025 2603 domus
1052 2547 1105 2603 in
1134 2563 1327 2618 preces
1348 2550 1619 2622 ﬂetusque
1646 2568 1769 2609 cum
1797 2569 1967 2609 uxore
1989 2570 2119 2624 pro-

526 2631 703 2701 fusus,
749 2641 953 2709 rogavit
987 2642 1038 2695 in
1077 2642 1281 2721 primis
1309 2644 1582 2721 hominem
1622 2661 1849 2716 parcere
1882 2646 1985 2702 sibi
2020 2662 2120 2717 per

527 2724 777 2784 abbatem
806 2718 1095 2789 dominum.
1111 2718 1299 2802 suum;
1328 2718 1605 2815 postremo
1620 2754 1716 2822 per
1736 2750 1937 2795 sanctae
1957 2740 2120 2797 Adal-

522 2816 701 2874 heidis
734 2825 1097 2879 reverentiam
1130 2826 1435 2899 imploravit
1463 2816 1733 2900 deponere
1764 2841 1967 2887 tantam
1994 2848 2119 2901 pro-

523 2911 774 2965 terviam.
836 2911 931 2968 llle
959 2917 1306 2984 procacitatis
1336 2918 1551 2988 incepto
1584 2921 1920 2989 perdurans,
1949 2922 2116 2977 immo

522 2997 730 3066 majora
753 3000 893 3054 mala
916 3004 1265 3061 accumulans
1293 3022 1310 3062 :
1354 3005 1487 3077 Ego,
1521 3008 1715 3079 inquit,
1760 3011 1903 3064 rivus
1931 3011 1984 3062 in
2016 3011 2116 3064 hac

524 3096 675 3143 nocte
688 3090 765 3144 tui
783 3094 1095 3164 tuorumque
1116 3096 1360 3150 dominor
1384 3088 1497 3164 δοες
1516 3099 1813 3153 Adalheida
1835 3115 1952 3153 vero
1975 3116 2115 3155 mor-

523 3186 619 3230 tua
661 3179 913 3249 impotens
947 3192 1024 3237 est
1064 3184 1156 3237 tibi
1189 3196 1445 3254 prwslare
1485 3189 1766 3243 tulamina.
1798 3188 1909 3244 Nec
1935 3205 2109 3255 mora,
2138 3191 2183 3252 C

522 3281 624 3337 pro
668 3268 820 3325 tanta
865 3273 1133 3330 calumnia
1181 3291 1415 3349 superne
1458 3277 1780 3350 ﬂagellatus,
1809 3282 1934 3336 dum
1973 3282 2113 3338 male

522 3364 741 3427 partum
768 3359 950 3416 cibum
976 3364 1260 3422 festinaret
1282 3384 1516 3435 sumere,
1542 3371 1706 3441 cmpit
1727 3373 1888 3427 etiam
1920 3388 2119 3432 manus

520 3457 580 3504 et
598 3458 809 3507 caetera
825 3456 1069 3512 membra
1094 3460 1371 3516 mandere.
1397 3461 1591 3517 Statim
1614 3479 1714 3534 pro
1737 3464 1817 3519 sui
1846 3465 2106 3535 impoten-

524 3540 598 3599 tia
628 3553 686 3598 et
717 3541 921 3601 furoris
957 3562 1097 3602 nona
1129 3548 1346 3618 ligatus,
1380 3568 1479 3623 per
1512 3551 1751 3622 ejusdem
1783 3557 1957 3610 noctis
1988 3572 2111 3627 spa-

521 3633 655 3688 tium
685 3636 884 3692 mentis
916 3647 972 3692 et
1006 3641 1251 3710 corporis
1288 3630 1482 3698 durum
1536 3643 1761 3714 pertulit
1812 3646 2105 3701 vinculum.

523 3724 628 3781 Sed
655 3741 779 3782 eum
815 3729 991 3798 prima
1032 3731 1153 3787 luce
1182 3733 1432 3788 manibus
1464 3734 1794 3790 trahentium
1830 3736 1901 3791 ad
1929 3736 2109 3807 sepul-

519 3814 713 3873 chrum
750 3815 955 3875 Christi
1000 3818 1216 3877 famulte
1261 3822 1430 3884 invite
1477 3825 1761 3889 adductus,
1816 3825 2141 3881 sanitatem‘

520 3921 778 3963 sensuum
806 3909 860 3964 in
888 3908 1118 3966 fratrum
1141 3902 1426 3983 pmsentia
1456 3916 1682 3986 recepit,
1704 3916 1831 3987 quia
1860 3916 1951 3971 illa
1979 3917 2111 3987 piis-

519 3998 657 4053 sima
694 3994 1078 4083 offensionem,
1117 4020 1281 4076 quam
1311 4006 1620 4063 vindicabat
1647 4016 1929 4078 potenter,
1958 4018 2107 4080 post-

518 4094 738 4149 modum
770 4095 1045 4165 ptnnituro
1068 4096 1291 4179 indulsit
1319 4098 1637 4155 liberaliter.
1862 4174 1867 4179 ι

586 4186 639 4239 7.
681 4187 940 4255 Quasdam
976 4176 1407 4247 sanctimonialis
1441 4192 1641 4247 femina
1679 4176 1942 4249 vocabulo
1968 4192 2105 4249 Fro-

518 4292 694 4335 wessa
731 4279 825 4346 m,
852 4296 977 4336 cum
1005 4297 1036 4335 a
1073 4283 1248 4353 prima
1293 4294 1455 4341 aetate
1501 4285 1835 4342 claudicaret
1877 4294 2108 4358 utroque

516 4368 674 4436 pede,
697 4368 750 4422 in
766 4371 1016 4440 proximo
1038 4386 1182 4429 anno
1196 4375 1561 4432 memorabilis
1584 4377 1849 4431 transitus
1866 4383 2107 4447 augustae

521 4472 644 4512 sera
677 4457 947 4516 laztilicata
973 4472 1057 4517 est
1086 4463 1279 4519 salute.
1318 4465 1388 4521 Et
1411 4466 1539 4536 quia
1563 4464 1725 4535 hujus
1750 4466 1963 4522 virtutis
1983 4466 2104 4538 opi-

519 4542 614 4605 nio
654 4552 944 4623 populares
980 4570 1140 4613 aures
1179 4558 1436 4628 attigerat
1478 4560 1679 4629 prima,
1728 4559 1894 4616 totius
1931 4558 2104 4629 plebis

515 4650 818 4698 conventus
846 4642 1070 4701 effectus
1093 4656 1177 4703 est
1212 4649 1499 4705 admodum
1529 4649 1707 4717 laetus,
1741 4665 1807 4705 ac
1836 4664 2009 4721 usque
2033 4649 2105 4683 επ

517 4731 663 4791 illius
707 4735 959 4793 manibus
1009 4729 1228 4796 crucem
1269 4728 1324 4796 et
1374 4756 1592 4797 cereum
1640 4742 1951 4813 imponens,
2007 4757 2107 4812 per

512 4825 764 4884 diversas
792 4827 1147 4888 discurrendo
1175 4830 1437 4889 ecclesias
1458 4833 1644 4890 laudes
1666 4833 1962 4891 celebravit
1990 4833 2107 4889 dei—

516 4920 670 4977 fieas.

1448 409 1459 423 ο
1568 337 1632 399 s.
1668 341 1875 403 θυιιο
1911 343 2409 412 CLUNIACENSIS
2448 354 2671 416 senas
2708 360 2772 418 v.

545 445 725 558 locum
752 444 946 558 adepto
971 447 1200 520 imperio
1224 451 1494 558 venisset,
1527 458 1678 558 forte
1705 462 1931 535 contigit
1959 471 2020 519 ut
2053 464 2126 558 ibi
2154 469 2205 529 Α
2233 477 2342 537 tur,
2387 475 2530 545 quod
2558 475 2629 532 ob
2659 476 2802 532 illius
2827 476 3103 536 dilatanda
3131 482 3325 539 merita
3368 484 3583 541 cuidam
3626 486 3807 558 ignoto

3711 375 3807 433 988

2226 563 2432 619 homini
2481 567 2771 638 contigisse
2819 568 3140 626 dinoscitur.
3189 570 3291 640 Qui
3319 573 3448 628 dum
3478 591 3575 645 per
3605 579 3807 649 sylvam

2226 651 2333 709 iter
2360 656 2588 714 haberet
2623 674 2745 730 quae
2783 661 2986 717 rustico
3039 662 3298 719 vocabulo
3342 676 3689 737 nuncupatur
3724 670 3810 723 Bi-

2224 744 2356 799 walt
2381 744 2474 812 “'7,
2510 746 2653 804 forte
2693 749 2764 804 ab
2793 764 2933 819 equo
2956 748 3113 819 juxta
3147 762 3402 821 pascente
3429 770 3604 826 usque
3624 748 3691 812 ad
3715 773 3810 827 op-

2224 833 2408 904 pidum
2453 835 2707 895 Salsense
2743 839 3032 896 comitatus
3082 851 3184 898 est.
3233 843 3403 910 Quam
3433 846 3504 902 ob
3535 862 3646 901 rem
3672 850 3810 917 apud

2224 926 2492 993 quendam
2524 935 2797 998 potentem
2848 931 3067 987 nomine
3104 931 3419 990 Heimonem
3457 936 3529 970 ⁸⁸⁸
3556 936 3687 993 furti
3723 955 3814 995 ac-

2224 1023 2446 1073 cusatus
2468 1026 2574 1083 est,
2596 1019 2687 1090 qui
2717 1020 2905 1077 eodem
2930 1030 3177 1095 tempore
3204 1040 3329 1083 cum
3357 1027 3618 1095 praedicto
3644 1029 3811 1101 impe-

2225 1113 2405 1162 ratore
2442 1107 2696 1165 lleinrico
2727 1110 2854 1167 illuc
2880 1123 3124 1170 venerat.
3153 1114 3247 1173 ille
3270 1116 3335 1171 de
3364 1116 3587 1175 incertis
3606 1131 3810 1176 certam

2223 1189 2555 1256 sententiam
2579 1192 2881 1268 proferens,
2909 1202 3071 1271 jussit
3102 1200 3617 1264 hominem'miseris
3642 1211 3815 1266 modis

2224 1282 2507 1355 ﬂagellari,
2550 1288 2790 1359 spoliari,
2840 1293 3122 1348 excaecari.
3157 1294 3281 1351 Mox
3322 1298 3528 1353 advena
3558 1309 3812 1368 emeatus,

2225 1372 2412 1429 levans
2454 1372 2520 1428 ad
2561 1376 2759 1432 coelum
2813 1389 3050 1439 mentem
3086 1391 3143 1439 et
3179 1398 3372 1441 manus
3404 1403 3419 1440 :
3454 1386 3515 1441 Si
3558 1405 3678 1459 ego,
3716 1386 3813 1456 ait,

2224 1462 2353 1533 furti
2382 1462 2592 1537 dolique
2628 1465 2877 1527 innocens
2900 1464 3160 1528 immerito
3188 1482 3338 1529 tanta
3366 1475 3508 1531 mala
3538 1495 3813 1548 perpessus

2223 1568 2360 1620 sum,
2393 1562 2450 1607 tu
2477 1564 2662 1610 sancta
2686 1556 3004 1627 Adalheida,
3039 1562 3196 1617 redde
3223 1564 3353 1617 mihi
3373 1567 3477 1620 tuis
3500 1569 3744 1636 precibus
3765 1579 3815 1624 et

2225 1645 2426 1699 meritis
2455 1647 2658 1707 visum!
2679 1647 2808 1705 Post
2833 1650 2949 1706 haec
2974 1651 3256 1722 cujusdam
3293 1657 3395 1711 viri
3426 1659 3653 1715 nomine
3675 1659 3817 1715 Ben-

2224 1736 2383 1792 nonis
2409 1737 2568 1793 domo
2591 1748 2648 1795 et
2675 1755 2805 1796 cura
2833 1751 3107 1813 receptus,
3139 1753 3263 1816 post
3281 1760 3484 1816 paucos
3508 1749 3627 1804 dies
3649 1749 3815 1806 lenito

2155 1826 2203 1888 B
2230 1826 2419 1890 dolore
2448 1831 2515 1884 ad
2550 1831 2775 1908 pretiosi
2817 1832 3058 1888 thesauri
3093 1834 3301 1890 thecam
3339 1837 3591 1904 accessit,
3627 1838 3816 1894 testiﬁ-

2225 1933 2462 1989 cansque
2490 1921 2573 1976 sui
2611 1920 2999 1990 innocentiam,
3029 1924 3310 1981 oculorum
3337 1928 3628 1982 sanitatem
3669 1945 3818 1985 rece-

2223 2010 2323 2080 pit.
2364 2010 2511 2067 ldem
2539 2020 2717 2068 tamen
2746 2015 3036 2073 medietate
3064 2017 3343 2074 oculorum
3368 2021 3585 2091 pupilla:
3619 2022 3813 2086 divisa,

2223 2115 2367 2157 verse
2394 2103 2656 2161 caecitatis
2685 2107 3031 2177 postmodum
3062 2108 3298 2168 ostendit
3322 2110 3575 2181 vestigia.

2293 2234 2346 2292 9.
2370 2235 2716 2293 luterczctera
2729 2250 2860 2293 vero
2874 2238 3119 2306 donaria,
3134 2253 3254 2309 qua:
3275 2248 3464 2295 sancto
3484 2240 3647 2297 Petro
3662 2243 3708 2311 (l
3723 2242 3812 2309 16)

2221 2324 2451 2383 contulit
2484 2325 2603 2381 ιιωο
2634 2328 2948 2382 sanctorum
2989 2327 3320 2394 domestica,
3358 2330 3632 2385 existebat
3670 2346 3814 2400 quaa-

2222 2416 2346 2470 dam
2370 2417 2573 2471 familia
2602 2416 2694 2483 m,
2719 2419 2841 2488 pagi
2871 2416 3160 2490 Nortgowe
3183 2421 3476 2490 nuncupati
3502 2421 3691 2477 accola
3716 2422 3807 2474 “‘.

2220 2496 2394 2578 Quam
2426 2511 2552 2567 dum
2575 2511 2795 2582 quidam
2820 2520 3074 2582 proterva
3104 2515 3520 2584 praesumptione
3539 2514 3643 2569 sibi
3669 2516 3808 2570 suis-

2219 2617 2325 2673 que
2373 2604 2603 2673 posteris
2632 2603 2943 2675 mancipare
2993 2613 3306 2677 temptaret,
3356 2604 3611 2675 nulloque
3653 2616 3812 2676 pacto

2220 2704 2606 2767 repugnantem
2630 2696 3097 2765 quismedomare
3125 2697 3415 2765 sufﬁceret,
3436 2714 3603 2753 unum
3626 2699 3813 2754 istius-

2221 2788 2366 2843 modi
2397 2789 2615 2859 generis
2644 2788 2948 2844 Benzonem
2985 2788 3056 2820 δι’
3092 2789 3296 2845 dictum
3325 2790 3599 2845 incautius
3628 2804 3809 2845 excae-

2218 2879 2361 2933 cavit
2386 2879 2803 2948 apprehensum.
2831 2879 3001 2946 Quem
3027 2888 3151 2949 post
3177 2878 3484 2950 aliquantus
3506 2880 3624 2936 dies
3647 2880 3807 2950 quid-

2219 2968 2342 3023 dam
2403 2969 2587 3025 videre
2636 2970 2957 3037 resciscens,
2993 2969 3175 3026 denuo
3227 2970 3526 3042 eaptivans,
3589 2971 3808 3027 tandem

2218 3061 2380 3119 altius
2416 3076 2632 3119 omnem
2655 3063 2799 3118 eruit
2818 3062 3015 3120 visum.
3042 3062 3156 3120 Nec
3179 3078 3352 3131 mora,
3382 3079 3558 3121 caseus
3579 3074 3808 3120 cruento

2219 3154 2637 3224 miserandoque
2664 3154 2820 3210 vultu
2867 3162 3136 3226 turpatus,
3168 3156 3347 3212 adhuc
3375 3157 3546 3213 crudo
3578 3157 3807 3212 vulnere

2215 3248 2509 3304 monachos
2535 3250 2687 3317 adiit,
2713 3249 2942 3305 domina:
2964 3265 3071 3307 suae
3116 3249 3418 3307 venerabile
3453 3250 3803 3321 sepulchrum

2211 3339 2386 3408 petiit,
2402 3340 2615 3411 rituque
2641 3341 2863 3397 rusticae
2881 3341 3245 3412 simplicitatis
3276 3339 3611 3412 exprobrare
3635 3340 3803 3409 cepit

2210 3428 2533 3486 illicausam
2566 3439 2737 3489 tantas
2755 3429 3100 3501 calamitatis.
3133 3431 3276 3503 Ergo
3304 3445 3412 3486 non
3448 3438 3576 3486 ante
3605 3445 3637 3484 a
3673 3429 3799 3485 fletu

2209 3527 2267 3575 et
2293 3519 2514 3592 planctu
2541 3535 2663 3576 eam
2692 3521 2993 3578 incusanda
3022 3521 3276 3589 cessavit,
3316 3535 3478 3590 quam
3516 3519 3803 3592 integrita-

2210 3618 2319 3667 tem
2366 3611 2694 3684 pupillarum
2742 3628 2867 3670 cum
2908 3612 3244 3671 lucidissime
3283 3613 3562 3669 oculorum
3600 3610 3797 3677 cilicio,

2209 3704 2353 3773 quod
2378 3719 2486 3760 non
2513 3704 2832 3764 inusitatum
2857 3704 2953 3762 sed
2976 3704 3157 3776 potius
3187 3718 3368 3759 rarum
3397 3717 3428 3757 a
3457 3702 3665 3760 sanctis
3687 3702 3797 3758 sei-

2209 3811 2351 3863 mus,
2383 3796 2608 3868 recepit.

2282 3926 2367 3983 1ὀ.
2410 3927 2571 3984 Venit
2597 3929 2761 3983 etiam
2803 3928 2870 3984 de
2898 3926 3175 3984 territorio
3212 3925 3462 3984 Mettensi
3511 3924 3697 3996 aliqua
3727 3924 3795 3957 ⁸⁸⁸

2206 4019 2409 4074 femina
2441 4022 2552 4091 (an.
2588 4018 2768 4091 1038),
2808 4019 2895 4074 cui
2925 4019 3108 4076 divino
3153 4028 3284 4073 nutu
3320 4017 3587 4073 excitatis
3615 4017 3796 4072 increo

2206 4115 2282 4167 vit
2310 4113 2599 4169 cammnia.
2628 4111 2752 4167 ﬂare
2774 4127 2896 4168 cum
2924 4127 3021 4184 per
3041 4112 3253 4167 diversa
3289 4113 3402 4165 loca
3431 4108 3796 4178 adipiscenda:

2206 4207 2396 4261 salutis
2434 4204 2672 4274 appetitu
2719 4205 3074 4277 discurreret,
3126 4204 3279 4258 istius
3309 4214 3509 4256 sancm:
3549 4214 3796 4269 maerere

2207 4298 2445 4353 subsidia
2473 4311 2571 4368 per
2600 4284 2811 4350 somnia
2855 4295 3132 4350 admonita
3160 4305 3244 4349 est
3265 4293 3333 4348 ab
3366 4295 3500 4363 ipsa.
3534 4292 3674 4346 Dum
3699 4304 3797 4343 au-

2208 4379 2317 4445 tem
2336 4368 2506 4444 solam
2526 4386 2806 4444 oculorum
2827 4395 3108 4458 appeteret
3125 4386 3376 4448 salutem,
3403 4384 3639 4453 gratiam
3666 4382 3797 4437 ade-

2204 4485 2295 4551 pta
2340 4486 2427 4533 est
2473 4476 2763 4549 duplicem.
2820 4476 2957 4533 Nam
3021 4478 3210 4533 eodem
3274 4486 3513 4543 tempore
3565 4472 3796 4543 contigit

2204 4566 2586 4623 Chuonradum
2627 4566 2859 4622 Romani
2898 4567 3113 4639 imperii
3156 4566 3447 4638 gloriosum
3489 4563 3792 4634 principem

2207 4674 2332 4716 cum
2361 4650 2793 4731 thoriregnique
2816 4668 3069 4716 consorte
3097 4658 3265 4716 Gisila
3294 4658 3601 4713 advenisse.
3628 4654 3793 4712 Cum-

2208 4766 2314 4822 que
2367 4749 2695 4807 venerabilis
2741 4750 2928 4822 regina
2982 4749 3678 4833 mulierem’illuminatam
3734 4746 3788 4800 in

2207 4841 2620 4914 praesentiarum
2641 4850 2905 4908 cerneret,
2926 4841 3094 4896 Deum
3117 4842 3380 4896 honorum
3405 4849 3686 4895 auctorem
3711 4837 3789 4892 di-

2207 4934 2328 5006 gnis
2355 4928 2607 4989 laudibus
2636 4933 3009 5004 magnificans,
3038 4934 3251 5004 sibique
3274 4932 3344 4965 δίδ
3372 4930 3789 5001 consanguineae

583 5014 641 5073 8.
678 5014 792 5075 Nec
819 5020 924 5080 hoc
959 5023 1332 5082 taciturnitate
1356 5027 1794 5095 praetereundum
1814 5041 1936 5083 esse
1961 5026 2108 5083 vide-
2210 5034 2452 5098 augustae
2489 5025 2767 5084 sanctitati
2796 5025 3213 5097 eongratulans,
3236 5036 3525 5095 personam
3556 5034 3590 5075 a
3614 5019 3789 5077 beati-

809 5219 878 5234 .ﬁ
946 5222 986 5234 In

1802 5137 2038 5193 VARLE
2070 5135 2521 5234 LECTIONES...
2577 5225 2593 5234 -
2690 5225 2704 5234 .

3108 5226 3203 5234 ——
3394 5222 3409 5234 ο
3486 5222 3515 5234 Α
3580 5220 3641 5234 Ἀ
