4072 5350
262 272 369 330 989

838 278 1133 337 APPEND.
1175 284 1267 340 AD
1305 285 1623 345 EPITAPH.
1660 288 2094 350 ADALHEIDIS.
2131 313 2206 348 τε
2241 295 2593 355 MIRACULA
2633 299 2962 358 EIUSDEM.

3439 303 3543 366 990

267 395 456 492 tudine
481 393 599 464 eius
623 394 826 456 lumine
852 399 1123 456 visitatam
1153 401 1208 458 in
1242 418 1354 459 sua:
1388 404 1728 464 liberalitatis
1758 423 1854 464 su-
1879 417 1932 477 Α
1959 409 2107 478 Iutis,
2134 413 2359 484 adeptus
2386 409 2469 471 est
2516 417 2880 486 integritatem
2933 419 3131 474 mentis
3178 429 3233 475 et
3275 423 3541 492 corporis.

270 489 442 560 scepit
469 503 678 544 curam.

339 581 426 646 11.
469 578 836 638 Fuitetiamin
861 586 1105 654 partibus
1127 586 1314 644 Gallia:
1338 600 1530 659 potens
1557 595 1858 664 comittssa,

266 671 404 731 muti
434 670 530 728 ﬁlii
564 681 738 729 mater
781 675 952 730 tristis
999 677 1211 733 ell‘ecta.
1244 679 1350 736 Pro
1394 681 1494 737 hac
1538 697 1668 754 ergo
1693 701 1860 740 causa

270 762 396 818 dum
424 762 582 834 plura
612 764 868 818 circuiret
896 765 1086 822 devote
1114 771 1464 837 monasteria,
1516 780 1662 826 tanta
1693 775 1863 830 virtu-

271 865 388 910 tum
419 856 674 927 opinione
713 857 919 924 audita,
955 873 1170 914 sacrum
1209 860 1385 916 locum
1432 863 1864 921 desiderabiliter

270 946 450 1017 petiit,
482 947 645 1002 trium
673 948 884 1003 dierum
913 950 1089 1020 spatio
1119 951 1250 1008 inibi
1274 953 1612 1010 orationibus
1643 971 1862 1026 operam

268 1028 450 1098 dedit.
465 1035 595 1092 Post
627 1039 742 1094 haec
764 1055 793 1092 a
815 1041 956 1096 dono
979 1043 1277 1098 curationis
1300 1043 1366 1076 ⁸⁸⁸
1393 1046 1701 1114 prolixitate
1731 1058 1864 1103 tem-

269 1129 421 1201 poris
460 1130 770 1204 desperata,
810 1148 932 1187 cum
965 1133 1032 1187 ad
1068 1137 1284 1205 propria
1322 1137 1500 1192 redire
1531 1138 1862 1208 disponeret,

271 1230 446 1275 semet
475 1221 646 1290 ipsam
668 1238 788 1277 cum
817 1239 984 1295 puero
1013 1233 1139 1280 ante
1177 1226 1349 1280 altare
1377 1229 1690 1297 prostravit,
1721 1231 1865 1298 quod

272 1315 341 1383 ad
371 1323 534 1383 caput
573 1315 774 1370 viviﬁci
820 1317 1066 1392 corporis
1116 1327 1496 1376 consecratum
1543 1328 1646 1374 est.
1695 1318 1867 1375 Mater

274 1417 403 1460 vero
429 1401 746 1459 lacrimabili
776 1395 946 1480 prece.
966 1405 1194 1472 intenta,
1224 1422 1283 1461 se
1311 1406 1481 1462 solam
1510 1407 1783 1478 indignam
1813 1415 1870 1464 et

275 1503 554 1567 expertem
597 1493 818 1559 fatetur,
863 1509 958 1576 spe
997 1497 1173 1552 laetam
1220 1497 1457 1563 venisse,
1506 1498 1601 1554 sed
1657 1500 1864 1556 tristem

277 1585 458 1654 redire
488 1594 698 1656 narrat.
727 1585 871 1640 Puer
894 1596 1074 1642 autem
1106 1588 1177 1619 “°
1201 1589 1414 1644 interim
1446 1589 1626 1645 subita
1655 1591 1867 1660 soporis

276 1675 456 1742 quiete
485 1675 692 1731 solutus
719 1685 820 1732 est.
844 1677 944 1744 Qui
967 1687 1236 1733 transacta
1258 1679 1389 1734 hora
1419 1690 1610 1749 sponte
1635 1697 1730 1736 sua
1751 1682 1865 1736 evi-

1959 500 2079 572 lpse
2110 511 2290 557 tamen
2335 515 2455 573 post
2509 506 2814 576 aliquantos
2878 509 2993 563 dies
3041 520 3222 566 mutus
3271 510 3543 578 eﬂ'ectus,

1961 592 2028 645 ad
2055 593 2404 660 sepulchrum
2453 593 2694 672 ejusdem
2736 598 3067 654 beatissima:
3119 602 3311 656 matris
3349 601 3548 675 linqu

1960 682 2166 751 recepit
2195 697 2344 738 usus.

2033 793 2121 848 15.
2163 793 2520 866 Temporibus
2557 814 2686 854 vero
2728 800 2881 863 tercii
2923 800 3161 860 lieinrici
3204 803 3276 836 “’
3304 804 3547 876 impera-

1963 883 2100 939 toris
2125 885 2284 940 unius
2307 886 2446 956 signi
2477 887 2737 944 miriﬁcus
2760 890 2956 944 claruit
2983 902 3238 957 eventus,
3269 909 3366 963 per
3387 910 3551 965 quem

1966 974 2018 1027 in
2072 987 2386 1032 sanctorum
2443 994 2674 1036 numero
2705 981 3005 1051 spiritalem
3048 985 3346 1053 potentiam
3399 986 3550 1042 illam

1963 1065 2249 1120 verissima
2291 1071 2765 1137 argumentatione
2817 1075 3158 1143 agnovimus.
3208 1076 3438 1143 Quidam
3469 1078 3554 1132 vir

1966 1158 2184 1213 nomine
2221 1158 2569 1217 Burchardus
2594 1163 2684 1228 “°,
2738 1164 2790 1218 in
2837 1165 3140 1221 ministerio
3170 1167 3452 1239 Liudpoldi
3480 1169 3552 1201 ⁸³⁸

1968 1247 2363 1320 Magunciensis
2406 1254 2799 1325 archiepiscopi
2851 1256 3004 1328 (118)
3048 1258 3281 1314 ﬁdeliter
3330 1260 3550 1329 degens,

1966 1344 2262 1410 parentcla:
2296 1359 2407 1398 sua:
2435 1346 2619 1399 servili
2643 1348 2956 1415 conditione
3005 1349 3149 1416 cedit
3180 1350 3420 1412 dominio
3458 1367 3553 1405 ve-

1969 1433 2226 1494 nerabilis
2245 1437 2691 1507 augustze.Cujus
2719 1440 3097 1501 liberalissima
3123 1441 3191 1478 δ”
3223 1443 3558 1512 benignitate

1970 1523 2227 1579 donatum
2278 1524 2576 1594 majoribus
2615 1528 2730 1584 suis
2772 1531 3035 1599 praedium
3076 1532 3405 1586 hereditario
3437 1531 3562 1602 jure

1969 1616 2176 1685 absque
2223 1619 2473 1690 ambigua
2530 1619 2626 1674 lite
2671 1622 3006 1690 possidebat,
3060 1623 3289 1693 ideoque
3347 1608 3558 1678 summa

1971 1708 2257 1772 devotione
2275 1710 2615 1765 donatricem
2639 1711 2912 1776 dominam
2935 1713 3262 1768 omnimodis
3309 1715 3561 1768 venerari

275 1768 476 1864 ξίῖθηεν
508 1767 664 1864 uiuis
686 1771 946 1837 δίπτθκίιν
973 1781 1205 1834 matrem
1237 1783 1388 1839 V35"
1417 1775 1788 1844 apprehendi“
1821 1778 1865 1832 εί
1899 1785 1943 1842 Β
1973 1767 2439 1856 δοιρικιιξΑερίάὶι
2463 1807 2666 1864 autem,
2691 1808 2746 1852 ut
2775 1767 3331 1859 dux-Alamannorum
3352 1767 3563 1859 de

275 1859 382 1923 hoc
433 1861 780 1931 sepulchrum
834 1873 1040 1919 sanetae
1096 1865 1410 1921 Adalheidae
1457 1877 1635 1936 esset,
1695 1870 1868 1938 prima

277 1967 418 2007 voce
445 1955 716 2024 quaesivit,
770 1971 890 2025 quae
946 1957 1048 2012 sibi
1097 1957 1150 2012 in
1209 1973 1401 2013 somno
1449 1974 1718 2030 apparens
1766 1961 1870 2015 lin-

275 2060 395 2114 gua:
457 2045 732 2100 vinculum
783 2047 1088 2103 resolverit.
1135 2049 1213 2103 Eo
1262 2050 1430 2104 modo
1481 2061 1727 2106 matrona
1759 2068 1869 2122 prae

277 2137 658 2204 desperatione
713 2137 1017 2194 discessura
1043 2179 1059 2204 ,
1111 2140 1381 2210 reliquum
1428 2141 1534 2196 diei
1565 2143 1719 2197 duxit
1759 2144 1868 2199 illic

278 2227 333 2281 in
374 2227 579 2295 ltetitia,
622 2237 677 2284 et
739 2244 836 2299 pro
883 2230 1142 2300 sospitate
1190 2231 1283 2292 ﬁlii
1340 2232 1532 2286 devota
1587 2242 1641 2286 et
1690 2243 1867 2302 grata,

280 2321 546 2394 fratribus
569 2323 620 2378 in
651 2323 856 2388 sanctis
879 2324 991 2379 suis
1024 2323 1190 2380 Deum
1217 2325 1650 2388 collaudantibus
1678 2327 1871 2382 obtulit

278 2414 624 2473 munuscula.

351 2528 444 2585 12.
481 2527 711 2596 Quidam
754 2529 916 2584 homo
947 2530 1015 2585 de
1055 2530 1366 2600 Burgundia
1415 2530 1750 2602 progenitus,
1802 2531 1870 2586 ab

275 2629 443 2678 utero
470 2621 663 2680 matris
707 2621 782 2676 ita
811 2621 1023 2676 exstitit
1050 2621 1276 2678 claudus
1299 2630 1355 2676 et
1383 2637 1600 2687 curvus,
1628 2631 1689 2677 ut
1715 2622 1868 2692 plan-

275 2722 348 2769 tas
394 2712 594 2783 pedum
637 2714 705 2768 ad
749 2721 946 2779 nates,
981 2729 1178 2768 manus
1227 2728 1358 2769 vero
1408 2714 1476 2769 ad
1517 2730 1691 2785 genua
1741 2730 1872 2769 con-

278 2803 562 2876 glutinata:
611 2803 954 2867 viderentur.
987 2803 1089 2870 Qui
1121 2804 1248 2858 dum
1280 2804 1348 2858 ab
1395 2804 1498 2860 hoc
1541 2803 1872 2858 inﬁrmitatis

278 2893 632 2968 incommodo
658 2909 757 2965 per
785 2895 956 2950 sancti
985 2893 1202 2963 Sulpitii
1242 2894 1392 2965 (117)
1425 2894 1681 2949 meritum
1740 2895 1871 2950 libe-

278 2995 521 3054 raretur,
554 2988 697 3042 idem
723 2987 826 3042 alia
860 2986 1130 3042 calumnia
1159 2987 1346 3042 divino
1375 2997 1508 3042 nutu
1535 3002 1719 3043 vexari
1747 3003 1869 3066 per-

277 3079 482 3148 missus
510 3086 614 3145 est,
647 3087 705 3132 ut
729 3075 859 3132 dum
890 3075 1050 3149 hujus
1097 3077 1357 3147 piissimae
1381 3086 1546 3148 atque
1585 3077 1870 3137 sanctissi-

1974 1887 2288 1943 Swinvorth
2313 1889 2483 1959 (119),
2509 1890 2637 1944 licet
2660 1890 2886 1958 iustitia:
2927 1891 3262 1961 aliarumque
3298 1891 3563 1948 virtutum

1971 1994 2132 2047 quam
2159 1979 2388 2048 plurima
2425 1979 2670 2049 exempla
2711 1989 3041 2046 sectaretur,
3078 1991 3254 2037 tamen
3288 1983 3565 2037 insaciatae

1969 2071 2286 2142 cupiditatis
2312 2070 2522 2126 facibus
2551 2085 2837 2137 accensus,
2865 2072 3183 2143 przedictum
3213 2075 3527 2144 prmdiolutn
3546 2115 3563 2142 ,

1971 2177 2082 2216 sua:
2115 2162 2395 2216 latissima:
2418 2147 2744 2230 possessioni
2770 2161 2840 2192 ⁸²³
2872 2163 3186 2231 contiguum
3215 2163 3380 2232 forte,
3412 2180 3566 2220 more

1969 2254 2157 2308 Achab
2171 2254 2251 2308 vel
2275 2253 2452 2322 potius
2465 2253 2753 2318 JeZabelis,
2769 2255 2999 2324 propria:
3013 2255 3203 2308 ditioni
3228 2256 3422 2325 injuste
3435 2271 3567 2310 ven-.-

1971 2347 2089 2400 dica
2100 2361 2157 2400 re
2172 2355 2258 2400 est
2278 2361 2584 2416 aggressus.
2601 2346 2742 2415 Ergo
2761 2348 2919 2399 homo
2939 2345 3097 2399 talem
3115 2345 3392 2413 jacturam
3406 2361 3564 2416 agro-

1972 2452 2092 2492 rum
2113 2437 2398 2504 violenter,
2418 2454 2523 2493 non
2539 2436 2783 2507 legaliter
2799 2436 2868 2467 ἠδ
2890 2449 3202 2506 perpessus,
3217 2437 3344 2489 dum
3365 2437 3560 2490 huma-

1975 2544 2102 2583 num
2131 2529 2438 2599 praesidium
2464 2537 2653 2583 contra
2673 2537 2834 2582 tanta!
2855 2528 3110 2597 potentia.-
3140 2527 3351 2583 culmen
3373 2529 3567 2598 despe-

1973 2628 2143 2687 raret,
2184 2618 2434 2675 recolens
2466 2619 2649 2674 animo
2680 2619 2927 2673 liberalis
2949 2619 3075 2673 doni
3105 2618 3472 2689 privilegium,
3500 2619 3570 2674 ad

1973 2709 2228 2766 donantis
2255 2710 2486 2766 dominae
2519 2709 2753 2764 ﬁdeliter
2779 2709 3012 2764 accessit
3034 2708 3418 2778 patrocinium,
3451 2724 3571 2763 car-

1974 2799 2142 2854 tulam
2178 2814 2392 2870 quoque
2409 2799 2460 2853 in
2483 2797 2764 2867 praefatam
2785 2798 3184 2868 possessionem
3206 2797 3570 2866 conseriptam

1975 2889 2270 2945 miserabili
2297 2889 2446 2944 cultu
2472 2889 2727 2956 allerens,
2780 2897 3014 2944 sacrata:
3042 2889 3241 2942 tumba:
3268 2887 3525 2957 imposuit
3553 2905 3569 2954 ;

1973 2983 2260 3043 commodo
2284 2982 2462 3037 sonitu
2497 2996 2886 3051 campanarum
2939 2979 3342 3051 querulosaque
3373 2979 3444 3012 ⁸⁸⁸
3471 2978 3570 3032 ad-

1972 3073 2296 3147 clamatione
2328 3072 2604 3127 dominam
2623 3087 2785 3142 suam
2808 3072 2912 3127 sibi
2935 3071 3298 3126 dormientem
3331 3070 3572 3124 excitare

275 3181 385 3224 me
412 3167 627 3228 femina;
656 3167 910 3236 precibus
933 3177 1243 3234 curaretur,
1279 3168 1454 3224 virtus
1483 3167 1867 3238 przeclarissmi
1897 3153 1942 3216 C
1973 3182 2032 3222 se
2063 3166 2267 3222 rustico
2301 3181 2454 3222 more
2474 3166 2723 3221 asseruit
2748 3205 2762 3231 ,
2803 3164 3144 3235 fratrumque
3196 3162 3574 3234 congregatio-

277 3256 616 3314 eonfessoris
643 3265 970 3328 aequaretur.
1020 3257 1261 3330 Contigit
1308 3273 1442 3312 vero
1472 3258 1540 3302 δι’
1565 3257 1874 3327 lmjnsmodi

281 3350 564 3412 hominem
615 3350 759 3420 apud
812 3349 1025 3420 praefati
1071 3350 1175 3406 loci
1239 3351 1488 3407 abbatem
1527 3351 1873 3420 Gerbertum,

281 3439 387 3510 piae
436 3439 718 3507 memoria:
763 3440 964 3506 virum,
1017 3457 1139 3497 cum
1192 3441 1874 3512 reliquorum'egenorum

282 3529 446 3596 turba
483 3528 716 3600 degere,
751 3531 1145 3603 matutinisque
1193 3531 1448 3590 laudibus
1484 3532 1536 3586 in
1577 3533 1876 3588 festivitate

282 3620 433 3690 beati
469 3621 616 3676 Petri
663 3622 892 3692 apostoli
921 3638 1061 3678 vano
1091 3623 1278 3678 auditu
1308 3623 1594 3678 interesse.
1632 3621 1878 3694 Namque

284 3710 554 3776 malorum
580 3720 635 3766 et
683 3711 950 3770 bonorum
974 3712 1284 3779 immemor,
1316 3711 1482 3768 etiam
1517 3712 1778 3782 temporis
1821 3723 1878 3768 et

285 3802 392 3858 loci
427 3803 720 3858 venerandi
749 3812 1114 3874 contemptor,
1142 3804 1305 3874 erepit
1329 3819 1452 3859 cum
1481 3805 1612 3860 viris
1636 3814 1691 3860 et
1721 3805 1879 3861 femi:-

284 3900 374 3969 nis
401 3899 631 3954 miscere
660 3898 827 3954 verba
857 3899 1230 3969 turpitudinis,
1275 3899 1462 3970 sicque
1513 3915 1635 3954 cum
1679 3900 1878 3956 stulto-

288 4008 412 4056 rum
442 3993 840 4050 conventiculis
885 3993 1014 4052 fecit
1046 3993 1430 4064 impedimenta
1462 3992 1656 4047 divinae
1681 3992 1876 4060 laudis.

289 4083 429 4138 Tum
461 4083 640 4138 subito
670 4085 808 4138 mira
837 4083 1117 4140 celeritate
1139 4093 1369 4154 utraque
1394 4084 1618 4139 brachia
1647 4077 1896 4142 strictim'

289 4178 345 4234 in
412 4185 563 4249 terga
599 4178 932 4244 resilierunt,
990 4179 1271 4247 ambaeque
1319 4192 1512 4237 manus
1558 4177 1675 4247 ejus
1731 4184 1880 4234 tanta

287 4269 344 4324 vi
378 4270 433 4324 in
463 4285 524 4325 se
563 4268 778 4330 reﬂexae
804 4279 949 4335 sunt,
986 4278 1049 4324 ut
1073 4269 1334 4340 disruptis
1389 4268 1684 4340 digitorum
1713 4268 1885 4325 nodu~

290 4365 393 4436 iis,
450 4374 694 4421 astantes
741 4366 1023 4424 maderent
1077 4363 1360 4434 aspergine
1417 4361 1714 4431 sanguinis.
1773 4359 1885 4416 Nec

291 4468 475 4516 tamen
503 4460 703 4515 minori
731 4461 876 4516 intus
899 4473 1191 4530 percussus
1219 4465 1305 4511 est
1351 4453 1635 4527 supplicio,
1691 4461 1882 4524 utpote

292 4559 546 4620 arreptus
597 4551 843 4606 dzcmone
897 4548 1170 4618 pessimo,
1228 4546 1416 4614 sicque
1471 4543 1671 4614 duplici
1725 4557 1885 4614 poena

295 4643 607 4709 devinctus,
640 4642 936 4698 miserabili
967 4639 1280 4712 spectaculo
1310 4638 1476 4694 totius
1505 4636 1686 4708 populi
1717 4636 1889 4693 movit

292 4737 453 4792 ﬁctus
493 4735 565 4768 ’⁵η
613 4743 669 4791 et
697 4735 964 4805 planctus.
1011 4733 1118 4790 Sed
1169 4734 1297 4788 dum
1345 4733 1546 4787 chorus
1586 4732 1886 4788 monacho-

293 4846 415 4886 rum
460 4829 554 4885 Dei
585 4829 775 4886 laudes
822 4844 920 4899 per
954 4829 1174 4884 missam
1212 4829 1549 4891 celebraret,
1598 4828 1889 4898 omnisque

295 4922 454 4993 plebs
537 4923 750 4979 muastis
821 4922 998 4978 modis
1052 4932 1254 4976 sanctae
1318 4919 1624 4975 Adalheidze
1696 4920 1889 4976 merita

292 5013 553 5084 precibus
581 5022 923 5084 provocaret,
957 5013 1174 5067 tandem
1200 5012 1354 5068 nodis
1399 5010 1752 5067 brachiorum
1805 5028 1891 5068 so-

1975 3274 2098 3312 nem
2121 3273 2277 3313 suum
2308 3274 2495 3314 casum
2531 3259 2778 3314 misereri
2799 3259 2868 3290 ⁸²⁶
2894 3259 2963 3314 ob
2993 3259 3061 3292 ’δ”
3091 3259 3342 3315 solatium
3376 3258 3447 3291 ’⁸⁸⁸
3476 3272 3578 3329 pa-

1977 3358 2148 3405 trona:
2191 3350 2294 3419 piae
2340 3349 2608 3405 incitavit.
2649 3350 2822 3420 Igitur
2881 3349 3138 3406 fraterna:
3186 3348 3576 3405 consolationis

1975 3443 2259 3513 promissis
2288 3443 2582 3508 delibutus,
2622 3444 2862 3498 anchora
2892 3443 3008 3512 spei
3049 3443 3103 3496 in
3147 3451 3309 3496 tanta:
3332 3441 3578 3495 adversi-

1981 3535 2106 3590 tatis
2134 3533 2577 3591 iluctuationibus
2628 3535 2846 3590 domum
2893 3535 3054 3588 rediit
3086 3535 3390 3588 roboratus.
3448 3531 3578 3585 Post

1980 3626 2096 3680 haec
2117 3639 2247 3679 vero
2275 3624 2537 3694 priedicto
2558 3623 2683 3678 duci
2707 3623 3042 3695 gravissimae
3059 3621 3389 3676 inﬁrmitatis
3414 3621 3574 3691 plaga

1979 3730 2260 3785 percusso,
2291 3713 2447 3770 beata
2479 3714 2802 3780 Adalheida,
2835 3723 2944 3768 tam
2979 3727 3170 3768 severo
3209 3729 3372 3784 quant
3406 3714 3577 3768 hone-

1981 3815 2065 3863 sto
2116 3808 2317 3874 vultu,
2372 3816 2640 3862 nocturno
2695 3805 2913 3861 silentio
2947 3821 3237 3875 apparens,
3284 3805 3576 3860 horribiles

1981 3899 2161 3954 minas
2184 3897 2464 3953 infernalis
2488 3897 2722 3952 incendii
2746 3905 3000 3967 potenter
3020 3897 3235 3962 indixit,
3257 3896 3359 3952 nisi
3373 3896 3579 3952 fanmlo

1982 4004 2082 4045 suo
2104 3989 2302 4059 injuste
2327 3987 2572 4054 ablatum,
2596 3986 2758 4043 citius
2779 3987 3090 4042 restitueret
3113 3987 3396 4056 praedium.
3421 3985 3582 4042 Prin-

1983 4095 2113 4152 ceps
2149 4095 2302 4146 vero,
2330 4089 2438 4138 tam
2463 4089 2714 4135 sensatus
2761 4094 2926 4150 quam
2953 4078 3280 4135 venerabilis
3331 4091 3580 4148 personae

1984 4173 2256 4229 invectiva
2303 4173 2730 4230 comminatione
2762 4171 3139 4234 tremefactus,
3191 4170 3444 4242 injuriam
3479 4183 3580 4238 pa-

1986 4264 2213 4320 tientem
2263 4262 2701 4331 calumniamque
2764 4261 3161 4317 intolerabilem
3227 4257 3580 4315 sustinentem

1987 4355 2180 4412 festina
2212 4354 2758 4427 legatione,adduxit,
2793 4354 2952 4425 eique
2981 4354 3196 4409 amissa:
3225 4351 3584 4422 possessionis

1982 4445 2094 4516 jus,
2125 4447 2373 4516 exposita
2396 4446 2548 4516 prius
2567 4445 2816 4502 miranda
2836 4445 3043 4500 visione
3070 4453 3134 4498 et
3157 4443 3446 4499 admodum
3476 4451 3584 4498 trc-

1991 4539 2187 4595 menda
2216 4538 2554 4596 minitatione
2579 4538 2771 4595 subita:
2799 4538 2991 4594 mortis
3018 4547 3075 4593 et
3099 4537 3351 4607 perennis
3378 4535 3585 4607 suppli-

1993 4633 2084 4699 cii,
2114 4640 2368 4704 prompto
2393 4631 2576 4686 animo
2599 4629 2900 4685 redonavit.
2928 4628 3213 4696 Extemplo
3240 4628 3404 4681 homo
3435 4633 3582 4678 tanta

1991 4722 2186 4778 damna
2220 4730 2479 4793 expertus
2511 4729 2565 4776 et
2603 4720 2729 4775 talia
2765 4719 2835 4752 ’δ”
2902 4718 3187 4774 commoda
3237 4723 3581 4778 consecutus,

1992 4817 2212 4874 domino
2239 4818 2349 4874 Deo
2379 4825 2436 4871 et
2463 4822 2666 4874 sanctae
2689 4813 3001 4868 Adalheida:
3055 4809 3352 4878 condignas
3405 4813 3588 4872 grates

1995 4910 2257 4972 referens,
2285 4910 2352 4965 ad
2395 4907 2514 4976 ejus
2537 4905 2924 4960 monasterium
2969 4895 3402 4969 gratulabundus
3430 4892 3587 4948 festi-

1995 5004 2169 5069 navit,
2200 5001 2483 5074 complura
2515 4996 2771 5057 donativa
2827 4986 3216 5049 ecclesiasticis
3252 4983 3593 5040 ornamentis

1578 5143 1668 5198 VA
1677 5145 1820 5202 RIAL
1859 5139 2259 5198 LEC'I‘IONES.

329 5251 334 5255 ’
501 5262 1067 5350 detinerent-iane.
1089 5261 1142 5315 8-
1162 5261 1485 5350 “fides”.
1512 5258 1595 5310 ὀυ
1617 5257 1972 5350 η⁸¹ῗετείὶ.εὶ·
1995 5258 2134 5310 dte“
2161 5255 2247 5338 ‘9-
2309 5252 2371 5336 θ*

2377 5251 2401 5282 ⁸
2429 5245 2612 5300 ﬂetum
2637 5240 2692 5296 9.
2718 5237 2805 5298 10.
2879 5236 2947 5269 δί’
2978 5233 3186 5290 hcnrici
3230 5232 3284 5291 9.
3360 5228 3433 5261 “°
3463 5244 3600 5286 our-

2309 5305 2364 5350 ιη’
2389 5299 2489 5350 rh,
2556 5300 2626 5344 ιιέ»
2660 5310 2674 5350 1
2733 5317 2814 5350 per.
2849 5324 2900 5350 n.
2937 5305 3023 5350 10-
3102 5305 3174 5335 δη
3206 5299 3605 5350 atterelosamta
