4072 5350
270 267 374 324 995

1701 248 2094 310 EERMONES.

3448 248 3554 306 99$

271 376 454 433 divina
481 373 761 444 majestate
785 368 1110 426 sublimitas.
1151 365 1323 434 Quam
1355 365 1604 422 sublimis
1638 364 1691 419 in
1724 365 1858 427 suis,
1889 366 1939 424 Α
1967 359 2037 411 lia
2108 356 2453 426 antiquorum
2502 365 2684 412 vatum
2760 355 3067 411 testimonia
3127 357 3194 410 de
3245 359 3554 415 aeternitate

269 483 434 538 quam
460 465 682 520 humilis
713 465 764 518 in
791 462 1010 525 nostris,
1036 460 1089 514 in
1123 457 1618 529 praesepejacebat,
1641 456 1696 510 in
1723 454 1862 508 ctelo

269 558 570 613 residebat.
584 554 780 610 Jacens
795 554 848 607 in
866 553 987 608 sinu
1006 551 1217 614 matris,
1233 549 1491 604 sedensin
1519 548 1743 601 dextera
1765 545 1862 598 Pa.

273 649 394 705 tris.
410 648 545 703 Cum
560 645 812 701 essetDei
836 643 1014 697 Patris
1032 652 1158 697 ante
1185 651 1427 708 tempora
1453 639 1666 700 unicus,
1691 635 1862 689 factus

271 737 612 807 estVirginis
629 737 680 790 in
697 747 942 803 tempore
965 732 1127 788 ﬁlius.
1146 731 1263 786 Non
1280 729 1535 783 amittens
1557 726 1700 796 quod
1717 734 1858 790 erat,

275 829 452 884 factus
485 837 570 882 est
602 827 746 897 quod
775 841 883 880 non
918 832 1054 879 erat.
1085 822 1288 876 Factus
1308 829 1390 874 est
1418 818 1693 888 particeps
1720 831 1866 870 mor-

275 922 504 977 talitatis
551 928 771 984 nostraz,
804 925 864 972 ut
913 932 1012 972 nos
1052 914 1178 969 vita:
1222 928 1334 968 suae
1371 911 1667 982 participes
1718 909 1864 963 face-

277 1023 381 1068 ret.
447 1011 619 1066 llodie
678 1009 961 1081 impletum
1021 1019 1104 1062 est
1153 1005 1473 1060 vaticinium
1531 1003 1660 1056 illud
1714 1000 1865 1056 Isaia:

276 1104 555 1175 propheta:
583 1102 811 1156 dicentis
838 1117 851 1154 :
886 1098 1200 1169 Egredietur
1228 1096 1372 1165 virga
1393 1095 1459 1148 de
1485 1093 1661 1146 radice
1690 1091 1860 1157 Iesse,

274 1206 321 1248 et
346 1196 446 1263 ﬂos
473 1194 536 1246 de
550 1192 725 1246 radice
736 1192 851 1260 ejus
875 1189 1140 1245 ascendet.
1159 1187 1290 1242 Item
1304 1201 1420 1257 ipse
1437 1185 1680 1256 apertius
1699 1199 1712 1237 :
1729 1182 1865 1238 Ecce

275 1288 419 1356 virgo
449 1285 702 1355 concipiet
724 1294 772 1339 et
793 1285 960 1354 pariet
990 1283 1182 1352 lilium.
1215 1281 1339 1336 Item
1388 1280 1535 1334 idem
1579 1279 1694 1347 ipse
1738 1290 1862 1346 pro-

277 1376 473 1444 pheta:
503 1371 767 1428 Parvulas
793 1382 947 1426 natus
973 1383 1047 1426 est
1067 1373 1232 1432 nobis,
1264 1369 1408 1437 [ilius
1421 1369 1579 1422 datus
1593 1377 1666 1421 cst
1692 1365 1860 1419 nobis.

279 1465 449 1519 Nimis
480 1463 636 1518 dulce
659 1463 801 1532 quod
853 1471 1014 1515 natus
1047 1469 1159 1525 est;
1202 1459 1427 1512 nimium
1476 1457 1691 1511 salubre
1721 1454 1864 1524 quod

275 1558 436 1611 datus
464 1564 570 1610 est.
595 1553 731 1608 Cum
774 1553 928 1607 audis
969 1551 1244 1606 Christum
1290 1549 1385 1601 tibi
1430 1555 1637 1609 natum,
1668 1545 1860 1615 gaude.

273 1645 412 1700 Cum
453 1645 608 1700 audis
650 1645 816 1698 etiam
859 1642 953 1697 tibi
999 1643 1204 1704 datum,
1238 1640 1408 1694 multo
1436 1638 1607 1708 magis
1657 1637 1861 1691 laetare.

1965 447 2166 505 Christi
2189 446 2412 516 ejusque
2442 448 2625 501 divina
2650 456 2702 500 et
2727 447 3204 518 ineircumscripta
3235 449 3547 516 prtesentia,

1963 538 2184 592 ductilis
2214 538 2299 591 illa
2337 539 2575 593 caelestis
2598 541 2915 609 magnivoee
2941 553 3235 610 concrepat
3267 543 3418 598 tuba.
3449 542 3550 597 Je-

1963 645 2053 684 sus
2080 630 2338 695 Christus,
2393 630 2586 698 inquit,
2614 633 2726 684 heri
2758 642 2806 684 et
2835 632 3010 695 hodie,
3043 632 3151 701 ipse
3172 642 3219 687 et
3249 633 3305 686 in
3331 634 3550 690 sa'cula.

1963 722 2115 776 Et-in
2145 723 2252 775 alio
2282 721 2400 776 loco
2431 721 2688 777 Davidico
2721 739 2849 778 usus
2878 724 3207 778 testimonio.
3243 722 3321 777 Tu
3351 735 3549 791 autem,

1966 814 2163 882 inquit,
2196 814 2335 866 idem
2363 813 2470 882 ipse
2500 830 2575 878 es,
2597 824 2643 866 et
2675 813 2802 867 anni
2834 815 2912 867 tui
2941 830 3044 868 non
3059 813 3321 881 deﬁcient.
3348 814 3415 869 Et
3439 815 3556 885 ipse

1966 902 2217 959 Salvator
2240 904 2291 958 in
2315 903 2608 975 Evangelia
2629 905 2695 958 ad
2717 903 2948 959 Iudaeos.
2977 907 3269 974 Antequam
3284 904 3552 960 Abraham

1963 993 2109 1061 ﬁeret
2153 1010 2246 1063 ego
2296 1010 2431 1048 sum.
2476 993 2582 1048 Sed
2613 996 2738 1063 quia
2779 1005 2906 1049 ante
2954 995 3252 1057 Abraham,
3295 1006 3348 1049 ct
3376 1005 3437 1050 ut
3463 1012 3558 1050 ve-

1966 1085 2080 1138 rius
2101 1084 2298 1149 dicam,
2324 1093 2450 1139 ante
2474 1099 2690 1138 omnem
2712 1094 3018 1140 creaturam
3048 1101 3262 1154 semper
3293 1101 3416 1141 cum
3443 1087 3558 1141 Deo

1963 1173 2127 1230 Patre
2174 1191 2294 1232 esse
2345 1177 2676 1232 :eternaliter
2718 1178 2945 1239 habuit.
3004 1181 3072 1234 de
3120 1181 3326 1234 semine
3373 1191 3556 1237 tamen

1961 1267 2196 1323 Abrahae
2227 1270 2374 1325 nasci
2409 1271 2779 1342 temporaliter
2827 1271 3016 1327 voluit.
3044 1271 3276 1327 Abrahae
3317 1288 3556 1344 namque

1965 1375 1995 1413 a
2035 1358 2146 1414 Deo
2166 1359 2326 1415 Patre
2357 1360 2562 1416 dictum
2597 1371 2721 1417 est:
2753 1361 2822 1416 In
2856 1362 3052 1416 semine
3083 1371 3172 1416 tuo
3195 1363 3562 1418 benedicentur

1965 1467 2144 1504 omnes
2167 1461 2342 1520 gentes
2369 1461 2546 1506 terrte.

2038 1539 2420 1610 I-lujusccmodi
2465 1543 2632 1596 etiam
2691 1543 3070 1611 promissionis
3130 1543 3341 1612 insigne
3390 1544 3560 1614 privi-

1966 1630 2165 1701 legium
2227 1633 2416 1688 beatus
2483 1634 2652 1688 David
2721 1634 3033 1703 patriarcha
3101 1633 3424 1703 promeruit,
3471 1634 3557 1688 cui

274 1734 384 1791 Sed
411 1735 554 1790 inter
582 1743 792 1805 patrem
818 1740 874 1787 et
895 1742 1102 1795 natum,
1131 1740 1188 1785 et
1219 1731 1361 1785 inter
1401 1730 1643 1783 datorem
1681 1736 1737 1782 et
1765 1727 1862 1780 da-
1898 1723 1940 1782 Β
1969 1726 2112 1780 Deus
2149 1724 2333 1790 Pater,
2376 1724 2584 1780 incerta
2625 1735 2680 1780 et
2723 1725 2935 1780 occulta
2983 1725 3259 1794 sapientia:
3309 1725 3420 1779 suae
3444 1741 3554 1779 ma-

274 1834 419 1892 tum,
451 1825 746 1882 secundum
774 1822 1014 1878 divinam
1044 1832 1293 1876 naturam
1324 1835 1430 1876 non
1463 1819 1743 1889 contingat
1771 1817 1866 1871 tibi

273 1917 441 1971 ullam
488 1916 583 1971 tibi
627 1915 852 1970 credere
902 1913 1285 1969 differentiam.
1334 1912 1505 1968 Unius
1541 1911 1688 1965 enim
1736 1909 1866 1964 sub-

273 2009 492 2062 stantia:
533 2016 661 2062 sunt
693 2005 993 2061 secundum
1025 2005 1244 2060 deitatis
1284 2003 1583 2057 essentiam
1632 2008 1786 2070 pater
1813 2006 1870 2054 et

269 2106 458 2162 natus,
490 2097 648 2151 dator
676 2108 731 2151 et
753 2093 934 2150 datus.
967 2093 1173 2148 Tantus
1213 2099 1296 2145 est
1339 2091 1430 2145 ille
1466 2090 1556 2158 qui
1597 2089 1757 2142 datus
1785 2094 1869 2141 est

273 2196 514 2260 quantus
546 2197 631 2242 est
660 2187 749 2242 ille
777 2203 808 2242 a
856 2199 966 2256 quo
995 2185 1155 2239 datus
1183 2190 1285 2237 est.
1336 2181 1402 2234 Et
1431 2180 1608 2249 qualis
1653 2187 1737 2233 est
1778 2176 1869 2230 ille

273 2282 368 2352 qui
390 2280 607 2352 genitus
638 2289 742 2343 est,
783 2277 905 2332 talis
927 2284 1013 2332 est
1045 2274 1136 2329 ille
1169 2290 1200 2327 a
1227 2287 1336 2342 quo
1371 2271 1586 2342 genitus
1611 2277 1714 2323 est.
1750 2266 1867 2319 Non

272 2371 556 2442 prtecessit
589 2379 827 2440 tempore
854 2367 1098 2440 genitor;
1127 2378 1233 2419 non
1264 2373 1346 2417 est
1373 2362 1618 2432 genitore
1655 2358 1868 2428 genitus

275 2463 530 2519 inferior.
562 2463 926 2533 Ejusdemque
953 2468 1183 2521 naturae,
1210 2454 1463 2526 potentia:
1486 2461 1541 2507 et
1571 2449 1870 2520 maiestatis

272 2555 524 2611 creditur
551 2562 606 2609 et
636 2552 966 2623 praedicatur
999 2548 1238 2619 Spiritus
1272 2553 1512 2609 sanctus,
1543 2557 1651 2612 quo
1685 2554 1870 2611 super-

274 2645 532 2700 veniente
557 2644 798 2714 suscepit
822 2642 1058 2698 Verbum
1086 2639 1180 2694 Dei
1207 2637 1564 2694 sanctissima:
1579 2643 1634 2690 et
1654 2647 1870 2702 semper

275 2735 520 2806 Virginis
549 2743 756 2798 uterus,
784 2733 940 2802 cujus
965 2731 1295 2801 singularem
1319 2735 1535 2798 partum
1587 2726 1870 2779 unirersus

275 2830 441 2884 hodie
466 2830 658 2884 recolit
687 2828 937 2882 mundus.
967 2825 1156 2879 Tanta:
1215 2823 1358 2878 enim
1387 2822 1464 2876 rei
1529 2831 1747 2890 tamque
1789 2819 1870 2873 di-

279 2921 553 2976 vinissimi
587 2921 829 2990 mystcrii
852 2927 907 2973 et
959 2916 1244 2971 inell'abilis
1279 2915 1604 2969 sacramenti
1658 2913 1866 2983 gratia,

279 3013 388 3068 non
415 3013 590 3068 solum
619 3012 671 3065 in
707 3011 867 3066 terris
910 3009 1362 3078 exsultantjusti;
1395 3006 1488 3060 sed
1530 3005 1693 3059 etiam
1724 3019 1870 3058 smn-

279 3113 385 3159 tnze
413 3103 717 3159 divinitatis
757 3103 809 3157 in
850 3102 1080 3157 excelsis
1103 3101 1400 3170 tripudiant
1431 3098 1688 3153 ministri.

351 3193 462 3249 Nos
486 3208 619 3264 ergo
667 3193 796 3247 licet
835 3191 1070 3263 propriis
1112 3190 1425 3245 excessibus
1465 3189 1693 3258 gravati,
1735 3203 1870 3256 prae.

279 3297 619 3353 occupemus
643 3282 836 3336 faciem
861 3281 913 3335 in
937 3278 1279 3335 confessione
1314 3278 1549 3342 Domini,
1576 3287 1626 3330 et
1653 3277 1704 3329 in
1733 3277 1872 3345 psal-

281 3372 392 3428 mis
410 3371 706 3441 jubilemus
759 3371 831 3426 ei.
882 3372 1216 3426 Assistamus
1256 3369 1304 3422 ei
1335 3368 1526 3422 humili
1563 3367 1868 3431 devotione,

287 3473 346 3517 ut
376 3464 494 3532 ipse
529 3465 686 3518 nobis
718 3463 862 3517 adsit
910 3463 998 3532 pia
1033 3461 1405 3525 miseratione,
1431 3469 1486 3514 ut
1521 3459 1752 3514 ﬁdenter
1792 3459 1872 3512 di-

282 3572 494 3611 camus.
528 3557 696 3610 Adest
732 3557 916 3625 utique
941 3555 1096 3610 nobis
1136 3555 1252 3624 qui,
1294 3563 1353 3607 ut
1389 3553 1593 3608 dictum
1634 3562 1736 3619 est,
1778 3570 1873 3606 na-

287 3658 375 3702 tus
425 3657 481 3702 et
531 3649 688 3701 datus
735 3655 815 3700 est
867 3647 1040 3700 nobis.
1077 3645 1267 3700 Aderit
1295 3644 1482 3713 procul
1505 3643 1670 3698 dubio
1720 3645 1874 3698 nobis

289 3739 572 3804 Dominus,
619 3739 868 3807 idemque
912 3747 1052 3792 totus
1082 3737 1282 3806 ubique
1311 3737 1608 3790 secundum
1637 3738 1872 3792 divinam

287 3841 541 3885 naturam
605 3831 860 3884 omnibus
929 3830 1158 3884 habetur
1216 3829 1269 3882 in
1341 3828 1492 3882 locis.
1563 3829 1665 3896 Qui
1729 3829 1872 3883 enim

289 3920 591 3976 secundum
651 3921 1176 3990 incircumscriptam
1238 3919 1599 3996 substantiam
1662 3933 1876 3988 semper

289 4011 458 4066 habet
506 4025 677 4076 esse...
716 4026 824 4066 non
889 4020 1070 4080 potest
1120 4011 1276 4065 nobis
1327 4009 1714 4064 famulantibus
1768 4024 1875 4063 non

290 4103 502 4169 adesse,
561 4103 699 4158 sicut
748 4103 860 4173 ipse
902 4102 1178 4172 discipulis
1223 4102 1338 4156 suis
1390 4102 1574 4157 dixit:
1609 4099 1742 4154 Ecce
1784 4115 1876 4170 ego

289 4195 555 4249 vobiscum
607 4211 746 4258 sum,
774 4195 1012 4249 omnibus
1040 4195 1219 4248 diebus
1266 4210 1425 4264 usque
1445 4193 1514 4246 ad
1541 4208 1878 4248 consummad

290 4289 488 4340 tionem
513 4286 718 4340 surculi.
755 4286 811 4340 Si
843 4287 1094 4340 omnibus
1123 4285 1335 4350 diebus,
1389 4283 1636 4340 ﬁdelibus
1685 4285 1798 4339 suis
1821 4298 1880 4337 se

1971 1822 2300 1888 nifestando,
2349 1823 2518 1878 dixit:
2559 1821 2632 1876 De
2660 1822 2833 1891 [ructu
2861 1823 3050 1876 uentris
3079 1822 3156 1874 tui
3183 1838 3374 1890 ponam
3404 1838 3562 1893 super

1970 1914 2144 1967 sedem
2196 1929 2383 1967 meam.
2444 1913 2560 1968 Hoc
2609 1913 2782 1982 ipsum
2827 1912 3094 1968 Jeremias
3139 1915 3399 1984 propheta
3465 1929 3556 1969 as-

1970 2005 2140 2061 seruit
2192 2005 2282 2060 ubi
2328 2005 2504 2060 dicit:
2541 2005 2677 2060 Ecce
2722 2007 2835 2060 dies
2890 2006 3122 2070 veniunt,
3184 2005 3316 2061 dicit
3378 2005 3563 2060 Domi-

1970 2113 2094 2161 nus,
2148 2105 2197 2150 et
2265 2098 2527 2150 suscitabo
2585 2097 2758 2151 David
2808 2113 3016 2167 germen
3079 2096 3306 2166 justum.
3391 2095 3562 2164 Hujus

1969 2191 2113 2244 enim
2148 2189 2470 2244 nobilissimi
2503 2189 2762 2259 germinis
2805 2188 3286 2260 magniﬁcentiam,
3335 2200 3393 2244 et
3443 2189 3563 2241 dul-

1969 2282 2174 2337 cissimi
2211 2281 2417 2336 fructus
2451 2281 2838 2336 sublimitatem
2874 2291 2927 2336 et
2960 2281 3360 2342 excellentiam,
3395 2278 3563 2333 Isaias

1968 2373 2229 2444 propheta
2251 2373 2624 2437 considerans,
2654 2371 2857 2442 Spiritu
2888 2380 3078 2428 sancto
3095 2379 3400 2441 praeventus
3427 2387 3562 2440 prmo

1970 2467 2303 2529 nuntiabat,
2347 2465 2533 2520 dicetis
2566 2478 2580 2517 :
2609 2464 2675 2518 In
2719 2464 2802 2518 die
2846 2463 2941 2517 illa
2985 2465 3082 2518 erit
3120 2479 3328 2534 germen
3376 2463 3562 2515 domus

1965 2553 2182 2611 Domini
2230 2558 2284 2610 in
2321 2555 2711 2624 magniﬁcentia
2753 2564 2801 2608 et
2849 2555 3055 2624 fructus
3093 2565 3248 2608 terrte
3298 2551 3559 2608 sublimis.

1970 2647 2034 2701 lli
2067 2661 2196 2701 vero
2221 2646 2350 2710 duo,
2378 2645 2470 2716 qui
2503 2661 2614 2715 pra:
2644 2644 2854 2700 caneris
2906 2644 3152 2713 patribus
3211 2644 3277 2698 de
3331 2643 3563 2698 adventu

1970 2737 2272 2792 Salvatoris
2295 2735 2710 2806 promissionem
2741 2735 3083 2804 apertissime
3116 2741 3462 2802 acceperunt,
3509 2734 3563 2788 in

1970 2830 2333 2899 descriptione
2358 2828 2649 2883 Dominica:
2672 2827 3056 2898 generationis,
3083 2828 3376 2882 secundum
3403 2840 3566 2880 evan-

1971 2923 2217 2992 gelistam
2245 2915 2576 2980 Matthamm,
2616 2919 2847 2989 primum
2887 2926 2943 2973 et
2972 2917 3332 2988 principalem
3382 2917 3565 2970 locum

1974 2996 2135 3083 digne
2191 3020 2628 3080 promeruerunt,
2677 3009 2828 3078 cujus
2877 3009 3160 3064 exordium
3191 3009 3299 3063 tale
3326 3017 3445 3064 est:
3475 3007 3568 3061 Li-

1896 3070 1942 3134 C
1974 3070 2062 3159 be;
2081 3070 2431 3174 generationis
2449 3101 2575 3155 Iesu
2599 3070 2814 3165 Christi,
2841 3102 2938 3170 filii
2961 3101 3564 3168 Darid,ﬁliiAbraham.

1972 3195 2067 3249 Ilis
2089 3194 2258 3248 sacris
2290 3192 2636 3263 evangelista:
2667 3191 2846 3246 verbis
2873 3191 3202 3245 conveniunt
3227 3199 3283 3244 et
3334 3191 3568 3260 prophe-

1974 3297 2149 3339 tarum
2182 3282 2401 3338 oracula
2435 3291 2488 3335 et
2521 3281 2819 3350 apostolica
2853 3281 3040 3334 verba.
3105 3278 3259 3346 Quod
3291 3277 3560 3335 Mediator

1973 3378 2066 3432 Dei
2097 3386 2151 3430 et
2178 3375 2461 3430 hominum
2499 3389 2561 3428 ex
2597 3374 2808 3428 semine
2837 3374 3069 3428 Abrahm
3113 3371 3410 3428 secundum
3443 3383 3568 3427 car-

1975 3483 2093 3521 nem
2134 3478 2292 3520 natus
2323 3467 2416 3530 sit,
2449 3466 2615 3519 Isaias
2647 3467 2906 3534 propheta
2943 3465 3386 3520 manifestissime
3413 3479 3567 3518 com-

1973 3559 2230 3612 mendare
2248 3557 2475 3620 studuit,
2504 3572 2568 3609 ex
2598 3571 2828 3625 persona
2863 3555 2953 3609 Dei
2999 3555 3179 3609 Patris
3217 3555 3402 3609 dit-ens
3443 3571 3454 3605 :
3501 3552 3569 3605 Et

1973 3652 2069 3711 sic,
2095 3648 2284 3712 Israel,
2309 3665 2450 3702 serve
2469 3663 2633 3708 meus,
2667 3647 2830 3700 Jacob
2857 3663 3006 3717 quem
3029 3646 3181 3716 elegi,
3205 3661 3376 3701 semen
3401 3644 3568 3696 Abra-

1974 3744 2095 3795 ham
2125 3741 2281 3794 amici
2310 3741 2427 3801 mei,
2481 3739 2533 3792 in
2575 3755 2676 3807 quo
2723 3739 3042 3807 apprehendi
3090 3749 3157 3791 te.
3218 3737 3284 3790 Et
3320 3737 3570 3807 egregius

1976 3833 2300 3903 praulicator
2339 3831 2390 3882 in
2427 3824 2669 3900 Epistolzi
2701 3829 2765 3882 ad
2802 3828 3055 3881 Ilebrzeos
3104 3828 3174 3879 ita
3229 3826 3441 3888 scribit,
3491 3826 3573 3877 di-

1975 3941 2105 3980 cens
2128 3939 2142 3977 :
2165 3920 2438 3994 Nusquam
2455 3923 2665 3992 angelos
2679 3921 3037 3992 apprehendit.
3052 3920 3141 3973 sed
3157 3933 3327 3972 semen
3350 3917 3573 3970 Abrahte

1979 4016 2338 4086 apprehendit.
2374 4015 2439 4068 Et
2461 4013 2603 4083 quod
2629 4013 2694 4068 de
2724 4012 2928 4067 semine
2958 4010 3123 4063 David
3159 4017 3316 4062 natus
3344 4008 3434 4068 sit,
3459 4006 3575 4074 ipse

1979 4107 2171 4160 doctor
2194 4104 2442 4174 egregius
2490 4103 2555 4157 ad
2612 4103 2890 4156 Romanos
2943 4101 3190 4155 scribens
3229 4099 3301 4152 ita
3347 4112 3574 4153 exorsus

1981 4207 2081 4262 est,
2126 4198 2413 4267 inquiens:
2442 4194 2667 4259 Pan/us,
2710 4211 2887 4250 servus
2928 4192 3055 4245 Jesu
3087 4189 3303 4253 Christi,
3360 4195 3576 4242 uocatus

1982 4286 2271 4357 apostolus,
2295 4295 2597 4355 segregatus
2627 4287 2680 4338 in
2710 4281 3052 4352 lfrangelium
3105 4279 3222 4343 Dei,
3270 4276 3411 4350 quod
3457 4286 3577 4328 ante

289 4379 545 4449 promisit
595 4377 933 4442 adfuturum,
978 4388 1182 4446 quanto
1229 4393 1404 4447 magis
1433 4377 1521 4432 die
1551 4377 1634 4431 sui
1682 4375 1880 4430 natalis
1913 4420 1958 4476 υ
1983 4379 2292 4445 promiserat
2314 4392 2406 4444 per
2430 4377 2711 4444 prophetas
2737 4388 2858 4451 suos
2883 4371 2934 4424 in
2971 4368 3264 4438 Scripturis
3283 4367 3480 4422 sanctis
3513 4369 3580 4418 de

292 4469 451 4524 nobis
472 4469 578 4522 erit
609 4470 948 4539 prmsentior,
979 4470 1022 4524 si
1055 4469 1223 4524 nostri
1261 4468 1626 4522 latnulaminis
1647 4467 1883 4522 servitus

292 4559 344 4614 ei
389 4558 554 4613 fuerit
599 4561 937 4629 promptior!
973 4559 1072 4626 Qui
1105 4576 1201 4629 per
1239 4560 1582 4614 Salomonem
1612 4559 1884 4630 loquitur:

293 4649 409 4721 Ego
433 4668 497 4706 es
519 4669 607 4705 ore
630 4651 886 4706 Altissimt’
905 4654 1134 4722 prodiri,
1153 4653 1496 4723 primogenita
1538 4664 1657 4707 ante
1680 4671 1883 4707 onmem

293 4754 632 4808 creaturam;
689 4743 753 4797 Et
799 4744 1026 4800 iterum:
1065 4743 1316 4798 Dominus
1346 4743 1572 4814 possedit
1614 4759 1694 4797 me
1734 4745 1884 4797 initio

294 4837 502 4889 ciarum
523 4853 765 4900 suarum,
793 4848 1069 4908 antequam
1096 4837 1380 4907 quidquam
1411 4835 1602 4906 faceret
1642 4853 1672 4888 a
1697 4837 1890 4906 princia

294 4929 402 4996 pio,
426 4938 545 4981 ante
575 4929 793 4992 sa'cula,
841 4932 1085 4984 ordinata
1121 4945 1259 4984 sum.
1309 4930 1374 4983 Et
1407 4930 1498 5000 qui
1553 4945 1649 5000 per
1688 4931 1884 4986 Isaiam

297 5019 430 5074 dicit
472 5035 486 5071 :
541 5017 741 5073 Caelum
773 5030 818 5072 et
873 5031 1065 5075 terram
1114 5037 1206 5089 ego
1236 5019 1442 5090 impleo,
1501 5019 1738 5076 mirabili
1779 5039 1890 5080 sua:

295 5113 676 5183 dispositionis
700 5114 957 5184 mysterio
988 5124 1150 5169 natus
1185 5115 1345 5168 hodie
1368 5112 1587 5183 ponitur
1614 5114 1665 5167 in
1690 5131 1892 5184 praese-

1985 4467 2128 4522 Filio
2149 4485 2264 4533 suo,
2289 4469 2378 4537 qui
2401 4468 2572 4534 factus
2600 4476 2672 4518 est
2697 4465 2748 4518 ei
2774 4481 2836 4518 ex
2858 4463 3054 4516 semine
3081 4460 3249 4514 David
3290 4456 3579 4512 secundum

1985 4579 2215 4617 carnem.
2241 4561 2307 4613 Et
2342 4557 2412 4613 ad
2440 4558 2779 4612 Timotheum
2818 4555 3064 4610 scribens
3090 4553 3168 4607 ait
3191 4565 3206 4604 :
3237 4547 3442 4604 Memor
3469 4555 3584 4600 este

1987 4653 2271 4707 Dominum
2311 4653 2493 4706 Iesum
2549 4651 2895 4704 resnrrexisse
2939 4665 2971 4702 a
3011 4645 3231 4701 mortuis
3279 4659 3346 4698 ea:
3386 4639 3587 4695 semine

1989 4744 2184 4810 David,
2212 4743 2498 4798 secundum
2529 4741 2871 4812 Ecangelium
2902 4755 3095 4793 meum.
3149 4734 3405 4803 Quisquis
3436 4732 3586 4800 iguo~

1991 4837 2179 4890 rantize
2209 4836 2450 4891 tenebris
2497 4834 2756 4889 liberatus
2786 4843 2840 4889 et
2872 4832 2994 4886 ﬁdei
3028 4829 3228 4883 lumine
3259 4821 3584 4886 illustratus,

1993 4930 2045 4984 in
2076 4929 2367 5002 Evangelia
2394 4927 2594 4983 Filium
2621 4928 2714 4982 Dei
2748 4927 2914 4980 lilium
2946 4921 3114 4977 David
3139 4917 3456 4990 appellavit,
3480 4929 3590 4968 non

1995 5027 2165 5082 solum
2199 5026 2504 5099 Spirituale,
2532 5025 2624 5080 sed
2669 5023 2835 5078 etiam
2890 5015 3174 5087 corporale
3216 5015 3399 5071 lumen
3450 5010 3594 5066 reci-
3649 5007 3652 5009 Α

1999 5135 2124 5188 pere
2157 5121 2373 5176 meruit.
2445 5118 2572 5171 Vult
2600 5131 2658 5170 se
2689 5114 2950 5168 Dominus
2973 5110 3224 5165 Christus
3252 5108 3344 5164 tali
3375 5103 3596 5161 nomine
