4072 5350
576 205 683 262 995

1205 313 1440 371 SE-HMO
1475 313 1540 370 ll.

1053 421 1119 461 DE
1157 422 1438 462 EPIPHANIA
1473 422 1680 463 ΒΟΜΙΝΙ.

653 504 698 561 0
725 503 968 557 fraterna
998 500 1098 555 cha
1109 501 1243 554 ritas
1262 509 1318 554 et
1340 499 1450 554 Deo
1476 510 1626 569 grata
1645 500 1898 566 societas,
1920 501 2059 556 scire
2072 516 2170 558 nos

577 600 794 666 oportet
816 592 941 662 quia
963 578 1250 661 praesentis
1276 590 1381 644 diei
1405 590 1690 655 festivitas,
1747 606 1866 660 quae
1891 591 1956 646 de
1974 590 2170 647 affectu

580 689 856 756 Magorum
880 684 1223 740 devotionem
1243 681 1353 750 jam
1378 683 1688 738 declarabat
1707 682 2008 752 gentilium,
2051 683 2172 739 aliis

577 787 662 834 est
686 776 853 832 etiam
884 777 1136 830 decorata
1163 773 1454 844 mysteriis,
1501 789 1567 828 ac
1609 773 1995 844 multiplicibus
2047 776 2174 830 sub—

580 867 705 922 nixa
732 863 1054 936 privilegiis,
1086 871 1140 917 et
1165 863 1285 918 ideo
1310 867 1406 930 per
1430 866 1600 916 totum
1617 862 1802 916 orbem
1823 861 2016 924 merito
2037 873 2174 931 pra-

579 956 796 1011 dicatur
820 953 1071 1010 celebris.
1096 952 1266 1007 Hodie
1299 967 1534 1021 namque
1558 953 1922 1006 ministerium
1948 952 2175 1022 virginei

581 1056 813 1116 partus,
868 1053 926 1100 et
974 1044 1232 1113 gaudium
1280 1043 1545 1097 Dominici
1607 1042 1804 1096 natalis
1867 1034 2176 1098 declaratur

581 1149 787 1211 aperte,
812 1141 966 1211 signo
995 1138 1114 1194 novi
1148 1147 1202 1194 et
1235 1137 1499 1207 perspicui
1531 1135 1748 1191 sideris;
1779 1135 2010 1190 Claritas
2027 1136 2173 1191 enim

581 1231 700 1296 Dei,
732 1247 875 1302 quae.
907 1230 1048 1286 sicut
1073 1229 1428 1299 Evangelium
1466 1227 1723 1296 loquitur,
1779 1237 1908 1282 nato
1955 1226 2174 1282 Christo

581 1332 830 1394 pastores
858 1321 1242 1386 circumfulsit,
1264 1321 1330 1375 de
1366 1321 1590 1375 remotis
1613 1329 1771 1375 terra:
1808 1320 2052 1389 partibus
2107 1320 2174 1374 ad

582 1414 906 1485 prmsepium
955 1412 1084 1467 illud
1110 1412 1268 1466 hodie
1294 1409 1473 1480 Magos
1501 1411 1742 1475 adduxit,
1775 1410 1827 1464 in
1859 1425 1966 1479 quo
2013 1408 2175 1478 Virgo

583 1517 847 1574 puerpera
879 1504 1047 1558 Deum
1076 1502 1336 1556 Infantem
1363 1500 1556 1568 posuit.
1592 1500 1734 1554 Deus
1777 1508 1863 1556 est
1906 1498 1998 1569 qui
2049 1507 2175 1553 tunc

584 1599 642 1653 in
667 1596 886 1652 homine
916 1596 1264 1657 nascebatur,
1299 1593 1461 1648 homo
1493 1600 1578 1646 est
1621 1591 1714 1660 qui
1747 1607 1777 1644 a
1803 1591 1914 1646 Deo
1960 1597 2172 1645 assum-

485 1692 494 1703 '
584 1695 728 1756 ptas,-
760 1684 918 1740 hodie
947 1700 977 1738 a
1008 1684 1174 1752 Magis
1190 1683 1464 1738 aduratur.
1491 1681 1704 1735 Miraris
1720 1680 1946 1736 forsitan
1972 1680 2174 1735 dixisse

583 1793 673 1832 me
705 1778 871 1831 Deum
901 1775 952 1830 iu
981 1774 1200 1829 homine
1233 1781 1438 1837 natum,
1471 1773 1554 1827 vel
1588 1773 1861 1827 hominem
1889 1786 1921 1826 a
1949 1771 2058 1827 Deo
2087 1787 2175 1826 as-

586 1876 882 1938 sumptum.
915 1866 1049 1920 Audi
1071 1865 1384 1935 Apostolum
1410 1865 1706 1929 dicentem,
1737 1864 1841 1918 Vas
1888 1864 2175 1920 electionis

585 1960 697 2013 Deo
725 1956 965 2027 plenum.
996 1957 1132 2009 Deus
1157 1966 1268 2009 erat
1299 1955 1351 2008 in
1375 1954 1605 2019 Christo,
1639 1958 1891 2012 mwtdum
1943 1955 2174 2008 reconci-

585 2046 724 2102 lians
752 2046 868 2100 sibi.
903 2047 977 2100 De
1007 2046 1107 2100 hoc
1137 2044 1196 2098 Β.
1229 2044 1561 2115 Augustinus
1589 2045 1664 2098 ita
1694 2044 1878 2110 sentit,
1901 2052 1955 2099 et
1983 2045 2036 2111 iu
2065 2045 2177 2100 suis

585 2135 784 2194 litteris
806 2136 1069 2207 scriptum
1089 2135 1332 2206 reliquit.
1361 2136 1508 2192 Deus
1525 2143 1654 2191 erat
1679 2135 1736 2190 in
1757 2135 1993 2200 Christo,
2022 2151 2180 2190 mun-

588 2229 720 2284 dum
751 2226 1268 2283 reconcilians‘sibi.
1302 2225 1446 2281 Deus
1467 2226 1714 2281 occultus
1742 2240 1810 2279 ex
1842 2227 1952 2280 Deo
1981 2225 2175 2289 Patre;

586 2321 750 2376 homo
775 2319 1091 2373 manifestus
1113 2333 1181 2372 ex
1205 2318 1421 2372 homine
1453 2316 1677 2386 virgine.
1707 2316 1876 2382 Quem
1906 2330 2179 2385 cognosc-'-

588 2418 716 2463 runt
750 2418 1015 2477 pastores,
1073 2405 1263 2478 angelo
1297 2407 1545 2470 docente,
1599 2406 1964 2475 adoraverunt
2019 2405 2178 2477 Magi,

587 2497 741 2552 stella
771 2513 907 2552 nova
934 2498 1184 2552 ducente.
1219 2495 1373 2563 Quod
1426 2505 1672 2566 pastores
1703 2497 1927 2567 angelos
1972 2497 2178 2564 vident,

588 2588 866 2644 Bethleem
894 2589 1119 2654 adeunt,
1140 2587 1429 2653 infantem,
1453 2596 1512 2642 ut
1539 2589 1620 2642 eis
1667 2587 1873 2643 dictum
1898 2587 2098 2653 funerat,
2126 2589 2178 2644 in

589 2679 852 2750 praesepio
904 2679 1139 2749 positum
1168 2687 1224 2734 et
1269 2678 1463 2748 pannis
1503 2679 1804 2734 involutum
1861 2679 2177 2748 inveniunt;

589 2771 846 2826 admonet
875 2780 935 2825 ut
963 2771 1038 2825 illi
1066 2771 1156 2840 qui
1175 2780 1422 2839 pastores
1446 2781 1574 2826 sunt
1593 2770 1953 2840 spiritualium
1972 2771 2179 2837 ovium,

591 2875 688 2930 per
717 2860 955 2916 ccelestis
983 2861 1107 2914 vitae
1133 2859 1666 2929 contemplationem,
1712 2874 1930 2929 semper
1957 2860 2069 2916 Deo
2090 2861 2184 2916 ad-

1504 199 1564 255 S.
1601 194 1922 258 ODlLONlS
1961 193 2463 253 CLUNIACENSIS
2495 194 2790 252 ABBATIS
2830 178 2869 245 ν

3758 203 3862 261 996

2192 310 2392 376 Ahus,
2445 309 2665 364 advenit
2705 323 2895 380 ingens
2939 323 3139 366 mceror
3187 317 3352 382 atque
3393 317 3640 369 tristitia.-
3694 317 3864 383 Quale

2272 400 2376 456 fuit
2395 401 2672 470 gaudium,
2695 400 3033 456 dilectissimi
3061 401 3280 472 fratres,
3329 404 3398 459 de
3425 405 3664 461 adventu
3715 408 3864 464 Chri-

2270 501 2338 548 su
2363 491 2550 560 justis,
2581 499 2635 547 et
2665 493 2980 560 exsultatio,
3032 493 3078 549 si
3107 493 3271 550 vultis
3307 496 3377 550 ad
3428 497 3647 566 plenum
3698 502 3862 567 scire,

2270 584 2414 640 be.tti
2453 585 2612 640 Luca:
2636 586 2986 656 evangelista
3015 585 3330 642 ﬁdelissima
3363 598 3417 642 et
3449 590 3668 646 sincera
3719 606 3857 662 prte-

2271 676 2598 730 monstrabit
2653 675 2967 747 descriptio.
3017 676 3206 744 Qualis
3231 693 3264 734 e
3289 679 3505 736 diverso
3530 683 3730 737 accidit
3783 683 3865 738 in-

2267 761 2432 831 justis
2457 775 2512 820 et
2561 765 2764 835 iniquis
2797 765 2878 820 ira
2911 775 2968 822 et
2994 766 3316 838 indignatio,
3375 770 3636 826 hodierna
3689 767 3865 828 sancti

2273 854 2546 925 Evangelii
2573 871 2728 911 sacra
2765 855 3080 912 manifestat
3103 857 3286 914 lectio.
3322 860 3492 928 Quam
3532 861 3720 916 timida
3764 862 3865 917 fuit

2275 943 2341 997 de
2399 958 2526 1013 rege
2563 953 2691 1000 nato
2723 945 2953 1000 Herodis
2981 947 3153 1017 iniqui
3175 955 3230 1002 et
3255 949 3449 1003 anhela
3475 951 3738 1020 suspicio,
3789 961 3865 1006 te-

2276 1047 2452 1093 statur
2472 1039 2535 1093 ad
2559 1039 2742 1110 Magos
2772 1040 2942 1109 ipsius
2966 1041 3185 1098 nefandi
3208 1042 3437 1099 subdola
3487 1053 3544 1098 et
3593 1045 3858 1100 formido-

2275 1128 2389 1184 losa
2418 1130 2636 1186 locutio.
2673 1131 2895 1188 Dicebat
2945 1132 3025 1188 eis
3057 1153 3073 1188 :
3100 1133 3182 1188 Ite
3207 1145 3254 1189 et
3283 1136 3601 1206 interrogate
3642 1137 3863 1208 diligen-

2275 1228 2352 1272 ter
2388 1221 2453 1274 de
2477 1238 2663 1291 puero,
2697 1232 2804 1278 etc.
2858 1223 3140 1280 Promittit
3170 1241 3228 1280 se
3278 1226 3553 1282 Christum
3603 1228 3861 1283 subdolus

2277 1311 2523 1377 adorare,
2563 1329 2724 1382 quem
2749 1315 2962 1371 occulte
2990 1316 3318 1371 moliebatur
3345 1318 3612 1381 occidere,
3666 1334 3868 1388 quare-

2278 1399 2372 1453 bat
2411 1401 2608 1469 impius
2645 1403 2973 1468 interﬁcere,
3003 1419 3097 1473 per
3123 1421 3285 1474 quem
3337 1407 3516 1462 omnis
3546 1407 3732 1476 justus
3778 1410 3864 1463 dc-

2278 1491 2478 1545 siderat
2507 1493 2686 1548 vivere
2711 1504 2766 1548 et
2794 1493 2912 1548 sine
2967 1511 3076 1564 quo
3125 1490 3301 1551 nemo.
3329 1507 3507 1567 potest
3548 1501 3862 1556 subsistere.

2244 1641 2250 1662 ξ
2279 1580 2474 1637 Multos
2499 1583 2862 1639 interimendo
2892 1587 3143 1656 perdidit,
3177 1587 3270 1643 sed
3311 1605 3476 1644 unum
3509 1605 3674 1660 quem
3723 1608 3864 1662 qure-

2206 1651 2249 1710 Β
2279 1673 2434 1725 rebat
2467 1673 2709 1727 invenire
2753 1688 2860 1728 non
2892 1651 3106 1744 “potuit,
3156 1691 3266 1731 non
3312 1651 3640 1749 intelligens,
3683 1651 3865 1744 miser,

2281 1769 2472 1816 contra
2501 1777 2559 1817 se
2581 1763 2784 1818 dictum
2816 1784 2829 1818 :
2858 1763 2981 1819 Non
3003 1775 3078 1820 est
3105 1768 3383 1838 sapientia,
3417 1786 3521 1824 non
3538 1780 3616 1825 est
3638 1775 3866 1841 pruden-

2279 1853 2374 1918 tia,
2407 1869 2509 1906 non
2537 1863 2612 1908 est
2642 1855 2921 1909 consilium
2968 1867 3150 1912 contra
3200 1857 3498 1914 Dominum.
3557 1861 3630 1917 Et
3682 1864 3869 1918 beatus

2281 1959 2418 2014 papa
2442 1945 2736 2016 Gregorius
2753 1947 2887 2003 adeo
2901 1950 3252 2006 concionator
3275 1950 3529 2018 festivus,
3553 1954 3611 2008 in
3641 1955 3864 2014 humilia

2283 2035 2569 2104 praesentis
2583 2037 2780 2102 diei,ad
2798 2039 3229 2106 exprobrandam
3259 2042 3608 2100 calliditatem
3637 2044 3867 2100 Herodis

2281 2140 2608 2197 suorumque
2625 2129 2900 2195 similium,
2918 2131 2990 2185 ita
3007 2130 3202 2187 affatus
3215 2141 3321 2198 est,
3353 2135 3568 2191 dicens:
3585 2135 3690 2204 Qui
3707 2137 3866 2193 Deum

2283 2218 2407 2272 ﬁcte
2421 2229 2689 2287 quaerunt,
2708 2221 2949 2277 invenire
2963 2222 3186 2278 minime
3209 2234 3456 2294 possunt.
3491 2225 3779 2292 Quomodo
3792 2229 3872 2283 ille

2283 2307 2472 2362 ilusus
2484 2324 2510 2360 a
2521 2307 2676 2376 ngelo
2689 2319 2962 2376 monente,
2994 2326 3092 2381 per
3105 2310 3264 2368 aliam
3280 2314 3418 2368 viam
3433 2314 3681 2370 declarat
3703 2317 3876 2388 Mage-

2284 2413 2404 2452 rum
2424 2399 2647 2455 reditus.
2669 2399 2916 2466 Qualiter
2939 2411 3062 2472 post
3087 2403 3390 2460 illusionem
3420 2405 3871 2476 iratus,parvulo-

2284 2507 2405 2546 rum
2421 2507 2483 2546 ac
2493 2501 2727 2546 matrum
2744 2493 3052 2549 manifestat
3073 2497 3305 2552 luctuset
3327 2497 3582 2568 gemitus.
3603 2499 3780 2566 Quam
3795 2510 3875 2555 tu-

2284 2580 2430 2635 mide
2476 2596 2537 2636 se
2577 2582 2773 2637 ex-tulit
2822 2593 3010 2638 contra
3063 2585 3374 2650 Hominum,-
3432 2587 3682 2644 declarat
3731 2605 3877 2647 mors

2284 2671 2523 2739 pretiosa
2559 2681 2894 2728 sanctorum.
2934 2673 3209 2742 Quantum
3235 2677 3338 2732 sibi
3369 2681 3568 2745 malus,
3609 2691 3872 2752 quantum

2285 2763 2399 2818 suis
2427 2763 2714 2833 pessimus,
2737 2766 2822 2820 sui
2859 2782 3212 2837 suorumque,
3263 2779 3324 2822 ut
3358 2779 3572 2840 patrum
3614 2773 3761 2829 dicta
3788 2789 3874 2829 re-

2255 2854 2482 2922 feram,
2535 2855 2947 2915 infelicissimus
2999 2863 3336 2916 demonstrat
3380 2864 3582 2918 exitus.
3635 2862 3873 2919 Testium

591 2951 858 3018 haereant,-
887 2960 942 3008 et
973 2953 1039 3006 de
1069 2950 1216 3006 Pane
1245 2951 1337 3006 illo
1378 2952 1468 3022 qui
1501 2951 1554 3004 in
1584 2951 1862 3006 Bethleem
1893 2959 2054 3007 nattts
2102 2961 2186 3008 est
2212 2991 2262 3061 α
2291 2947 2494 3004 Christi
2531 2950 2796 3015 laetitiam,
2826 2961 2881 3005 et
2929 2952 3138 3021 piorum
3179 2954 3527 3010 innocentum
3554 2957 3878 3011 exsultatio-

592 3041 786 3106 edant,
809 3049 867 3097 et
912 3042 1145 3098 subditis
1199 3043 1372 3112 ipsum
1425 3056 1617 3111 panem
1673 3041 1797 3096 vitae
1852 3042 2186 3098 ministrent.

592 3130 747 3198 Quod
776 3131 916 3202 Magi
957 3147 1156 3186 novum
1190 3132 1340 3187 sidus
1388 3140 1674 3187 cernentes
1724 3133 1792 3186 ab
1840 3133 2052 3189 oriente
2093 3150 2185 3190 ve-

594 3222 768 3289 niunt,
800 3222 1008 3294 Regem
1034 3233 1224 3278 natum
1253 3209 1526 3295 quierunt,
1557 3227 1850 3295 quierendo
1870 3242 1992 3282 cum
2018 3228 2186 3283 Maria

596 3324 774 3370 matre
805 3314 922 3383 ejus
941 3316 1226 3372 inveniunt
1251 3325 1308 3371 et
1336 3317 1541 3386 apertis
1589 3318 1862 3374 thesauris
1908 3320 2022 3376 suis
2069 3337 2187 3376 mu-

593 3418 724 3458 nera
749 3402 998 3469 olferunt,
1028 3405 1280 3460 admouet
1309 3415 1366 3460 ut
1391 3405 1575 3461 fideles
1598 3422 1786 3462 omnes
1835 3423 1932 3478 per
1988 3420 2188 3464 saneta:

592 3495 1024 3551 conversationis
1051 3497 1445 3553 exhibitionem‘
1463 3505 1518 3553 et
1547 3499 1738 3554 activae
1766 3499 1892 3554 vitae
1940 3511 2186 3557 sanctam

591 3586 966 3656 operationem
995 3603 1211 3657 semper
1237 3589 1349 3644 Deo
1379 3588 1594 3659 placere
1625 3590 1902 3646 studeant.

663 3674 996 3742 Succedunt,
1023 3668 1356 3734 dilectisSimi
1387 3679 1619 3742 fratres,
1643 3681 2014 3750 spiritualibus
2051 3697 2184 3752 gau-

593 3761 702 3823 diis
725 3768 1028 3838 spiritualia
1081 3770 1302 3840 gaudia,
1352 3772 1525 3826 sacris
1567 3770 1868 3842 junguntur
1905 3774 2187 3831 solemuiis

593 3875 755 3917 sacra
783 3863 1063 3918 solemnia.
1095 3862 1222 3916 lude
1264 3863 1610 3919 cumulantur
1659 3865 1928 3932 fidelibus,
1973 3867 2016 3921 si
2050 3868 2186 3923 bene

594 3953 985 4020 considera-nt,
1022 3953 1252 4009 virtutes
1300 3963 1356 4010 et
1390 3956 1632 4024 praunia.
1686 3957 2040 4025 Doctissimus
2095 3959 2185 4013 ille

591 4041 906 4117 Gregorius,
939 4045 1029 4115 qui
1057 4046 1197 4114 apud
1219 4043 1439 4101 Griecos
1469 4055 1693 4101 vocatur
1721 4047 2046 4118 Thcologus,
2072 4065 2185 4104 ser-

594 4149 811 4190 monem
848 4134 1054 4191 faciens
1099 4136 1168 4190 de
1207 4135 1308 4191 hac
1359 4137 1723 4203 solemnitate,
1768 4139 1838 4193 ita
1887 4140 2180 4204 inchoavit,

594 4228 813 4283 dicens:
845 4226 1002 4284 Jesus
1025 4243 1199 4294 meus,
1228 4237 1285 4283 et
1313 4229 1506 4294 iterum
1541 4231 1879 4302 mysterium.
1913 4231 2029 4287 Non
2058 4242 2184 4287 ante

2293 3055 2415 3093 nem
2443 3051 2497 3095 et
2523 3041 2796 3111 gaudium,
2831 3041 3059 3098 Herodis
3093 3043 3257 3098 etiam
3309 3044 3732 3116 iniquorumque
3767 3062 3879 3100 ont-

2293 3129 2440 3183 nium
2470 3143 2660 3199 pmnas
2681 3141 2736 3186 et
2763 3131 3042 3186 interi-tum
3063 3132 3231 3197 Isaias
3253 3134 3518 3202 prepheta
3551 3135 3874 3202 praevidens.

2291 3221 2444 3275 brevi
2473 3221 2738 3276 sententia
2781 3221 3218 3300 comprehendit,-
3243 3223 3450 3276 diceus.
3497 3222 3708 3276 Addent
3732 3224 3878 3276 mites

2291 3311 2348 3366 in
2382 3311 2606 3367 Domino
2653 3313 2984 3379 lwtitiam,-et
3031 3325 3284 3383 pauperes
3333 3305 3566 3368 homines
3615 3315 3677 3369 in
3702 3326 3879 3368 saneto

2292 3401 2464 3456 Israel
2505 3401 2862 3468 exsultabant,
2895 3405 3145 3474 quoniam
3180 3404 3368 3474 defecit
3425 3404 3516 3474 qui
3541 3405 3876 3473 prwralebat.

2293 3492 2556 3562 Confusus
2585 3504 2660 3548 est
2711 3494 2919 3562 illqsor,
2958 3503 3006 3548 et
3032 3495 3220 3549 succisi
3274 3504 3393 3548 sunt
3426 3511 3606 3550 omnes
3627 3496 3722 3565 qui
3751 3496 3882 3566 vigi-

2293 3585 2469 3638 labant
2498 3603 2656 3655 super
2677 3586 3026 3657 iniquitatem

2362 3676 2533 3743 Quam
2555 3677 2688 3732 felix
2707 3688 2857 3733 vates
2881 3679 2970 3747 qui
2997 3677 3318 3749 prophetica
3331 3678 3662 3734 auctoritate
3687 3677 3884 3749 impios

2292 3766 2543 3829 danmat,‘
2585 3775 2639 3821 et
2667 3767 2848 3822 divina
2891 3758 3252 3838 promissione
3279 3770 3395 3839 pios
3419 3779 3760 3834 remunerat,
3801 3780 3880 3835 et,

2293 3868 2351 3913 ut
2378 3858 2450 3912 ita
2485 3860 2690 3925 dicam,
2713 3871 3002 3929 utramque
3034 3869 3244 3930 partem
3284 3862 3565 3915 hominum
3611 3860 3882 3915 bonorum

2292 3960 2346 4004 et
2387 3950 2650 4012 malorum
2681 3951 2949 4021 condigne
2978 3953 3298 4007 charactere
3335 3960 3512 4018 notat.
3561 3950 3607 4006 Ο
3641 3952 3881 4022 prophe-

2292 4050 2344 4096 t-a
2372 4043 2656 4109 mirabilis,
2695 4044 2788 4112 qui
2837 4053 2896 4098 ut
2923 4044 2985 4099 Β.
3029 4043 3390 4116 Hieronymus
3439 4044 3595 4110 dicit,
3633 4060 3744 4098 non
3773 4055 3880 4098 tam

2291 4136 2549 4205 propheta
2578 4135 2843 4190 dicendus
2866 4149 2951 4190 est
2977 4153 3144 4206 quam
3182 4137 3532 4207 evangelista,
3573 4137 3672 4206 qui
3717 4137 3880 4192 etiam

2289 4224 2469 4278 omnia
2505 4233 2704 4279 nostra?
2724 4223 2920 4280 salutis
2941 4227 3197 4296 mysteria
3224 4227 3290 4280 ad
3323 4226 3586 4294 liquidum
3633 4225 3830 4294 pandit
3859 4266 3874 4286 ,

596 4319 822 4373 multum
859 4320 1122 4389 temporis
1156 4321 1392 4390 spatium
1434 4321 1827 4378 celebravimus
1879 4324 2018 4379 diem
2055 4364 2070 4389 ,
2128 4325 2181 4379 in
2219 4349 2266 4408 υ
2291 4315 2398 4370 alia
2421 4316 2600 4385 adhuc
2633 4315 2815 4371 futura
2845 4317 3194 4372 vaticinando
3224 4319 3560 4387 pronuntiat,
3586 4317 3696 4372 alia
3727 4319 3877 4389 quasi

597 4423 704 4476 quo
726 4409 811 4463 die
836 4410 996 4463 homo
1016 4412 1192 4466 factus
1215 4407 1380 4466 exivit
1407 4412 1475 4468 de
1492 4412 1746 4485 virginali
1766 4422 2184 4486 uterotanquam

596 4514 819 4568 sponsus
842 4503 1124 4568 procedens
1146 4503 1210 4556 de
1233 4502 1466 4557 thalamo
1492 4521 1609 4560 suo.
1634 4505 1813 4578 Hodie
1837 4505 1986 4561 illum
2040 4507 2187 4563 cele-

597 4589 820 4642 bramus
869 4588 1009 4641 diem
1063 4589 1116 4643 in
1175 4606 1284 4660 quo
1331 4593 1566 4662 seipsum
1613 4594 1898 4650 manifeste
1953 4596 2188 4651 innotuit

596 4680 817 4735 mundo.
847 4679 904 4735 lu
930 4680 1020 4735 illo
1046 4681 1132 4736 die
1153 4682 1404 4738 cantibus
1433 4684 1748 4755 angelorum
1780 4697 1867 4742 est
1910 4687 2184 4743 acclama-

598 4780 715 4838 tus;
742 4771 796 4826 in
820 4771 926 4827 isto
953 4772 1040 4827 die
1067 4771 1343 4843 Magorum
1395 4776 1711 4831 muneribus
1737 4789 1819 4832 est
1865 4779 2180 4834 honoratus.

595 4858 750 4916 Sicut
775 4861 831 4915 in
864 4860 954 4917 illo
976 4862 1064 4937 die
1093 4865 1160 4918 ab
1190 4863 1398 4935 angelis
1423 4865 1732 4922 hominibus
1765 4869 1918 4922 bona:
1941 4867 2185 4922 volunta-

597 4953 688 5019 tis,
723 4961 859 5008 teste
883 4954 1194 5027 Evaugelio,
1225 4966 1306 5010 est
1338 4944 1442 5026 pax
1474 4960 1816 5024 annuntiata,
1873 4959 1946 5013 ita
2002 4959 2182 5025 hodie,

593 5043 855 5101 Davidico
881 5057 1160 5102 asserente
1209 5049 1450 5115 oraculo,
1481 5049 1574 5104 tua;
1602 5061 1718 5105 orta
1749 5060 1823 5105 est
1841 5051 2006 5125 justis
2027 5061 2074 5102 et
2102 5066 2182 5103 re-

592 5140 690 5193 ctis
714 5141 868 5211 corde
891 5139 1095 5194 laetitia.
1129 5140 1186 5195 Si
1215 5157 1344 5197 vero
1395 5142 1558 5198 rectis
1606 5143 1769 5197 corde
1791 5151 1843 5196 et
1874 5139 2058 5208 justis,
2095 5156 2184 5210 pa-

595 5231 835 5303 storibus
857 5230 1109 5287 videlicet
1129 5245 1185 5287 et
1214 5232 1402 5303 Magis,
1430 5234 1710 5288 Zachariae
1751 5242 1805 5288 et
1852 5233 2134 5288 Elizabeth
2167 5273 2183 5299 ,

597 5317 835 5350 Qimnnn:

875 5329 921 5350 nl
958 5320 1118 5350 Anu-nm
1170 5330 1220 5350 Δ.
1254 5323 1435 5350 mI-llzn
1606 5324 1786 5350 ιη’-..ΑΞ
1822 5323 2050 5350 “All-'1‘"
2095 5322 2159 5350 ,1η

2289 4407 2401 4479 jam
2426 4415 2648 4478 peracto
2673 4407 3096 4478 evangelizando
3127 4407 3406 4479 praedicat.
3453 4409 3734 4478 Virginem
3783 4424 3880 4478 pa-

2243 4541 2245 4544 .
2295 4497 2527 4552 rituram
2551 4499 2840 4569 promittit,
2870 4499 3083 4567 virgam
3103 4500 3171 4554 de
3202 4501 3385 4554 radire
3412 4498 3564 4554 Jesse
3584 4514 3880 4569 processu-

2293 4603 2411 4642 ram
2459 4589 2773 4654 introducit,
2828 4589 3111 4658 parvulum
3153 4590 3308 4645 nobis
3349 4598 3534 4643 natum
3563 4589 3794 4655 asserit,
3831 4597 3883 4643 et

2293 4677 2461 4732 filium
2485 4678 2639 4734 nobis
2663 4681 2847 4733 datum
2877 4679 3137 4743 ostendit,
3182 4687 3238 4734 et
3279 4678 3423 4749 quod
3472 4678 3587 4748 ipse
3631 4679 3704 4732 sit
3739 4678 3881 4733 Deus

2295 4767 2420 4822 talia
2443 4770 2491 4823 ei
2543 4770 2758 4824 nomina
2790 4769 3078 4826 inserendo
3118 4771 3418 4842 perdocuit.
3471 4770 3541 4825 Et
3582 4771 3878 4832 vocabitur,

2292 4857 2498 4929 inquit,
2532 4877 2718 4916 nomen
2749 4862 2860 4933 ejus
2891 4863 3265 4928 Admirabilis,
3288 4860 3668 4927 Consiliarius,
3715 4861 3878 4921 Deus,

2289 4947 2493 5015 Fortis,
2524 4948 2688 5004 Pater
2727 4953 2896 5021 futuri
2954 4953 3153 5017 seculi,
3201 4952 3454 5023 Princeps
3502 4953 3670 5022 pacis.
3725 4950 3878 5018 Quod

2289 5057 2452 5113 super
2480 5042 2671 5097 solium
2702 5045 2873 5099 David
2903 5045 3106 5110 sedeat,
3163 5055 3220 5101 et-
3257 5060 3484 5117 regnum
3511 5044 3685 5116 ipsius
3706 5043 3760 5097 iu
3784 5042 3877 5110 ju-

2292 5135 2432 5190 dicio
2461 5136 2762 5206 etjustitia,
2795 5139 2954 5192 modo
2993 5147 3049 5193 et
3095 5139 3149 5194 in
3191 5149 3450 5195 :cternum
3499 5137 3786 5192 conﬁrmet
3827 5144 3881 5189 et

2290 5230 2630 5296 corroboret,
2666 5239 2852 5298 aperta
2877 5247 3010 5287 voce
3035 5231 3292 5286 declarat.
3322 5229 3661 5301 Hierusalem
3689 5229 3880 5282 bona-

2289 5328 2378 5350 Inn
2403 5328 2457 5350 nl
2502 5330 2684 5350 pun-amni

2739 5321 2916 5350 ΙιιηὶΛ-ιι
2946 5338 3099 5350 annon-5‘
3139 5321 3243 5350 ζει-ενι
3271 5323 3370 5350 ..ηιξ
3411 5321 3625 5350 ...ι-εἷρξαι
3669 5319 3852 5350 Αιιηιιη

3411 5337 3508 5350 -ιιιη
3519 5335 3625 5350 ιρρΔ
