4072 5350
253 124 358 181 997

1653 117 2043 178 SERMONES.

3441 121 3552 183 998'

255 250 344 295 tus
388 238 472 295 sui
517 237 666 295 clara
706 253 838 295 voce
900 237 1239 309 pronuntiat,
1280 236 1426 306 quod
1481 235 1641 290 hodie
1704 243 1848 288 totus
1875 240 1926 298 Α
1953 229 2123 285 Maria
2151 245 2273 283 cum
2313 244 2481 299 puero
2510 228 2803 296 invenitur,
2839 246 2966 285 vera
2989 231 3194 288 Christi
3237 234 3546 294 humanitas

251 332 488 387 mundus
526 331 802 399 impletum
839 329 1202 386 concelebrat.
1250 327 1418 381 David
1477 339 1670 395 nempe
1727 339 1843 392 res,

250 439 321 478 cx
356 438 486 494 quo,
511 432 572 478 ut
593 423 899 494 Cyprianus
944 420 1426 476 victoriosissimus
1451 418 1603 483 dicit,
1650 433 1847 471 secun-

251 514 382 568 dum
409 529 630 569 carnem
652 511 854 567 Christi
894 511 1149 566 nativitas
1169 510 1366 574 oritur,
1401 517 1456 563 et
1496 504 1589 578 qui
1639 517 1844 562 tantam

252 605 488 676 gratiam
536 602 753 665 meruit,
800 601 942 655 sicut
972 601 1032 654 Β.
1055 600 1376 654 Ambrosius
1423 597 1632 662 scribit,
1682 606 1741 650 ut
1777 611 1846 651 ex

251 694 371 762 ejus
402 691 603 746 familia
636 689 796 759 V'irgo
819 689 1130 758 eligeretur,
1179 703 1298 758 quae
1329 687 1484 742 nobis
1511 696 1670 756 partu
1719 701 1844 756 pro-

242 786 374 854 prio
411 783 687 839 Christum
724 782 940 846 ederet;
967 781 1018 834 in
1047 781 1256 851 psalmo
1299 779 1389 849 qui
1433 779 1694 834 recitatus
1729 787 1845 844 est,

251 873 657 930 sacratissimos
685 871 1106 942 Epiphaniarum
1155 871 1272 927 dies
1307 875 1500 925 devote
1525 870 1849 926 celebranti-

254 967 359 1020 bus
403 965 569 1029 favet,
618 975 673 1019 et
721 962 853 1029 quid
911 961 1200 1027 unicuique
1231 960 1513 1016 festivitati
1553 961 1851 1030 prospiciat

252 1056 574 1125 plenissime
609 1056 838 1111 intonat.
890 1052 1186 1108 Dominica'
1228 1051 1616 1106 incarnationis
1653 1059 1850 1122 myste-

250 1147 333 1201 ria
361 1161 620 1201 enarrare
642 1147 890 1216 cupiens,
937 1145 1012 1198 ita
1059 1158 1283 1199 exorsus
1315 1152 1401 1198 est
1447 1142 1718 1212 inquiens.
1751 1142 1850 1197 De-

251 1238 462 1292 scendet
490 1239 624 1291 sicut
645 1236 824 1306 pluvia
853 1235 908 1289 in
933 1235 1114 1300 vellus,
1154 1244 1261 1289 etc.
1293 1233 1602 1288 Praevidens
1630 1247 1850 1302 quoque

237 1339 502 1400 tempore
532 1329 838 1384 nativitatis
873 1326 1226 1395 cumjustitia
1272 1341 1459 1396 pacem
1496 1327 1698 1380 mundo
1722 1342 1849 1380 vcn-

235 1428 436 1476 —turam
467 1420 627 1474 dicit:
663 1419 879 1474 Orietur
909 1419 963 1471 in
999 1419 1180 1472 diebus
1208 1419 1323 1488 ejus
1344 1418 1582 1486 justitia,
1609 1429 1656 1470 et
1684 1418 1849 1472 abun-

247 1510 436 1563 dantia
483 1511 648 1576 pacis.
679 1509 899 1564 Sciebat
921 1509 1064 1564 enim
1095 1510 1220 1578 quia
1267 1525 1363 1578 per
1393 1518 1724 1578 assumptam
1749 1508 1851 1562 bu-

1947 332 2003 377 et
2026 321 2119 376 Dei
2144 321 2423 393 genitricis
2451 323 3096 393 prtedicaturintegritas.
3126 325 3216 381 Sic
3245 329 3388 383 enim
3416 331 3546 386 dicit

1948 416 2289 488 evangelista
2322 433 2334 469 :
2371 415 2438 469 Et
2466 417 2720 472 intrantes
2751 417 2964 471 domum
2992 418 3296 471 invenerunt
3323 436 3545 489 puerum

1949 524 2069 561 cum
2119 505 2296 560 Maria
2336 517 2504 560 matre
2531 507 2670 576 ejus,
2722 517 2770 560 et
2820 507 3146 576 procidentes
3191 508 3546 564 adoraverunt

1948 612 2066 650 eum
2098 606 2168 661 et,
2211 596 2404 664 apertis
2432 594 2696 650 thesauris
2719 597 2850 662 suis,
2893 596 3194 650 obtulerunt
3218 597 3268 650 ei
3300 613 3544 664 munera,

1949 707 2179 755 aurum,
2223 690 2365 757 thus,
2410 698 2457 743 et
2504 691 2795 761 myrrham.
2843 687 2916 744 Ea
2970 705 3090 760 quze
3133 689 3270 761 Magi
3309 691 3545 746 offerunt

1950 798 2199 848 munera,
2254 791 2463 838 secreta
2511 782 2578 837 de
2623 781 2844 837 Christo
2891 781 3126 852 produnt
3174 794 3539 837 sacramenta.

1949 875 2151 929 Dantes
2198 889 2414 939 aurum,
2462 888 2645 944 regem
2694 874 3009 942 pradicant,
3048 873 3170 929 thus
3219 873 3541 939 olI'erentes,

1951 967 2122 1022 Deum
2163 965 2436 1030 adorant;
2492 964 2770 1034 myrrham
2837 964 3206 1028 ostendentes,
3257 965 3540 1018 mortalem

1950 1065 2274 1127 agnoscunt.
2315 1055 2423 1110 Nos
2449 1069 2583 1123 ergo
2609 1055 2686 1108 ita
2714 1053 2999 1108 credamus
3027 1053 3301 1109 Christum
3332 1069 3542 1109 assum-

1948 1150 2128 1219 psisse
2158 1146 2552 1203 mortalitatem
2611 1155 2854 1202 nostram
2907 1153 2966 1198 ut
3010 1161 3107 1214 per
3149 1146 3265 1215 ejus
3293 1146 3541 1214 simplam

1951 1250 2184 1298 mortem
2235 1240 2452 1310 duplam
2515 1249 2758 1296 nostram
2813 1252 3204 1308 cognoscamus
3259 1237 3537 1292 abolitam.

1950 1333 2233 1402 Quomodo
2270 1331 2523 1386 Christus
2555 1330 2803 1386 mortalis
2833 1330 3108 1400 apparuit,
3138 1336 3193 1382 et
3232 1328 3422 1382 mortis
3451 1329 3543 1382 de-

1949 1425 2120 1480 bitum
2159 1422 2340 1488 solvit,
2370 1421 2538 1476 habes
2559 1421 2821 1489 scriptum
2854 1421 2907 1474 in
2938 1419 3074 1474 Isaia
3111 1437 3122 1472 :
3149 1417 3296 1472 Sicut
3327 1417 3432 1471 oris
3471 1417 3542 1472 ad

1954 1513 2265 1566 occisionem
2297 1512 2487 1565 ductus
2527 1520 2623 1565 est.
2669 1510 2737 1564 Et
2786 1509 2886 1564 sub
2930 1523 3162 1578 persona
3199 1506 3448 1562 Ieremia:
3475 1507 3542 1562 de

249 1601 574 1653 manitatem
603 1600 841 1654 decrevit
896 1599 1038 1655 Deus
1066 1610 1237 1654 totum
1267 1601 1368 1654 sibi
1410 1599 1642 1655 subdere
1685 1615 1841 1653 mun-
1876 1595 1922 1654 Β
1950 1605 2068 1676 ipso
2129 1621 2160 1660 a
2215 1602 2415 1658 Judazis
2466 1604 2670 1659 dictum
2729 1601 2999 1672 legimus:
3031 1600 3200 1654 Morte
3238 1599 3542 1668 turpissima

233 1693 398 1756 dum,
430 1701 476 1745 et
509 1693 866 1745 dominabitur
895 1710 925 1745 α
964 1692 1104 1745 mari
1136 1709 1296 1763 usque
1325 1693 1394 1745 ad
1431 1709 1594 1756 mare,
1624 1703 1728 1746 etc.
1777 1693 1843 1746 Et

235 1783 373 1851 quia
402 1797 509 1837 non
537 1783 710 1836 solum
737 1781 931 1848 Judaei,
965 1782 1060 1836 sed
1084 1783 1250 1839 etiam
1303 1785 1533 1853 gentiles
1568 1785 1633 1840 ad
1682 1784 1840 1838 [idem

241 1875 687 1939 vocandi'erant,
745 1883 801 1929 et
862 1875 1141 1946 nigredine
1200 1885 1541 1944 peccatorum
1577 1877 1727 1942 tecti,
1776 1876 1843 1931 ad

234 1963 426 2020 lucem
452 1965 697 2020 veritatis
720 1965 1092 2030 convertendi,
1115 1966 1377 2031 subdidit,
1404 1967 1620 2022 dicens:
1649 1966 1841 2020 Coram

231 2059 341 2115 illo
401 2061 669 2131 procidant
727 2060 1028 2132 zEthiopes.
1094 2061 1508 2116 Sacramentum
1559 2065 1844 2132 prtesentis

247 2149 356 2206 diei
401 2152 756 2206 considerans
796 2167 928 2208 voce
953 2151 1098 2206 clara
1130 2153 1444 2222 pronuntiat
1478 2153 1694 2208 dicens:
1745 2153 1843 2206 Re-

231 2258 336 2311 ,ges
371 2241 585 2297 Tharsis
626 2253 674 2296 et
713 2241 902 2298 insula:
943 2259 1163 2296 munera
1212 2243 1453 2310 o/Ierent,
1493 2251 1599 2297 etc.
1655 2242 1846 2296 Adhuc

243 2333 420 2388 etiam
476 2334 901 2405 tnagnitudincm
932 2335 1222 2403 potestatis
1247 2333 1363 2402 ejus
1410 2332 1708 2398 admirans,
1737 2334 1842 2393 ait:

243 2425 319 2480 Et
334 2425 630 2480 adorabunt
642 2442 760 2480 eum
783 2441 957 2479 omnes
974 2441 1138 2494 reges,
1153 2441 1330 2477 omnes
1346 2432 1520 2492 gentes
1543 2441 1613 2476 se:
1626 2424 1761 2479 sient
1775 2425 1823 2478 ei
1830 2463 1844 2476 .

318 2517 379 2572 In
433 2517 596 2587 hujus
642 2519 788 2574 enim
843 2518 1187 2588 paupercula:
1245 2527 1445 2572 nostrae
1496 2516 1848 2572 declamatio-

238 2609 334 2664 nis
357 2609 604 2676 exordio,
671 2609 881 2680 praefati
921 2624 1110 2664 sumus
1138 2608 1302 2678 hujus
1333 2608 1438 2662 diei
1471 2607 1671 2663 festum
1715 2607 1849 2662 mul-

253 2702 327 2757 tis
407 2701 716 2757 divinorum
811 2701 1200 2773 mysteriorum
1292 2699 1593 2770 privilegiis
1661 2714 1849 2754 conse-

240 2801 489 2858 cratum,
537 2804 590 2848 et
621 2801 679 2847 ut
707 2809 895 2848 verum
922 2807 1041 2848 esse
1084 2793 1222 2848 sciat
1273 2800 1453 2846 vestra
1503 2791 1847 2855 fraternitas,

249 2882 550 2937 ntultifarie
632 2881 914 2938 catholica:
1003 2883 1129 2938 Iidei
1201 2883 1546 2938 commendat
1608 2880 1849 2935 auctori-

249 2984 356 3027 tas.
409 2972 581 3027 Hodie
637 2971 886 3028 Cbrislns
935 2973 1134 3028 mundo
1186 2973 1507 3028 manifestus
1565 2969 1846 3042 apparuit,

246 3065 414 3120 hodie
445 3063 796 3134 baptismatis
824 3073 1228 3119 sacramentum
1275 3065 1534 3135 suscepit,
1574 3074 1630 3119 et
1673 3064 1846 3118 susci-

238 3158 452 3226 piendo
485 3173 582 3212 sua
626 3156 918 3227 praesentia
969 3158 1329 3213 consecravit.
1370 3157 1563 3222 Hodie,
1612 3165 1670 3210 ut
1715 3155 1848 3210 ﬁdes

247 3250 592 3305 credentium
631 3247 824 3315 credit,
855 3264 1028 3319 aquas
1055 3249 1122 3303 ad
1159 3249 1376 3320 nuptias
1407 3249 1462 3304 in
1499 3248 1680 3303 vinum
1715 3265 1847 3304 con-

248 3338 436 3394 vertit.
489 3339 575 3392 Fit
617 3337 978 3407 spiritualiter
1025 3338 1210 3392 vinum
1259 3353 1325 3392 ex
1376 3353 1538 3408 aqua,
1592 3339 1848 3408 quoniam

249 3437 505 3484 cessante
538 3428 675 3498 legis
707 3428 909 3494 littera,
941 3427 1110 3500 fulget
1129 3443 1230 3497 per
1256 3428 1534 3483 Christum
1571 3428 1850 3497 Evangelii

245 3519 452 3590 gratia.
517 3517 838 3590 Baptizatur
889 3519 1178 3586 Christus,
1239 3527 1534 3576 renovatur
1593 3519 1848 3574 mundus.

251 3610 506 3664 Christus
534 3609 868 3678 baptizatur,
900 3619 1056 3665 vetus
1083 3611 1247 3664 homo
1271 3611 1513 3676 exuitur,
1559 3626 1731 3666 novus
1756 3611 1852 3665 bo-

251 3716 343 3756 mo
375 3699 640 3754 induitur.
685 3700 990 3771 Expellitur
1034 3699 1124 3754 ille
1163 3700 1372 3769 primus
1418 3700 1582 3754 homo
1608 3701 1676 3755 de
1707 3710 1848 3755 terra

251 3798 541 3854 terrenus;
570 3791 840 3845 secundus
864 3790 1106 3844 induitur
1134 3789 1202 3845 de
1225 3789 1364 3844 caalo
1385 3790 1644 3845 ctelestis.
1671 3791 1852 3856 Quan-

252 3885 321 3939 do
350 3884 601 3938 Christus
629 3883 940 3954 baptizatus
985 3892 1086 3947 est,
1135 3883 1457 3953 mysterium
1491 3883 1634 3938 sacri
1671 3882 1849 3952 bapti-

253 3975 448 4028 smatis
481 3983 860 4030 consecratum
892 3981 975 4027 est
1006 3973 1292 4042 praesentia
1347 3973 1512 4026 totius
1548 3971 1849 4037 Trinitatis,

253 4081 358 4120 vox
383 4065 565 4122 Patris
591 4065 868 4121 intonuit:
900 4064 1005 4118 llic
1042 4074 1114 4119 est
1146 4063 1319 4119 Filius
1348 4083 1492 4120 meus
1517 4065 1755 4132 dilectus,
1797 4067 1854 4120 in

251 4173 357 4228 quo
399 4157 529 4210 mihi
576 4155 904 4226 complacui;
954 4155 1008 4209 in
1052 4155 1236 4224 specie
1290 4154 1554 4211 columba:
1617 4155 1854 4225 Spiritus

254 4255 480 4302 sanctus
511 4247 788 4318 apparuit,
812 4254 868 4302 et
893 4253 1032 4300 sacut
1059 4243 1208 4300 solus
1231 4245 1377 4300 [ilius
1411 4261 1442 4299 a
1473 4243 1852 4302 beatoJoanne

253 4340 524 4412 baptizari
569 4341 760 4396 voluit.
805 4341 883 4396 De
917 4340 1020 4394 hac
1049 4354 1180 4398 vero
1209 4338 1484 4395 sententia
1534 4339 1726 4394 beatus
1758 4337 1849 4392 Ili-

257 4429 431 4487 larius
457 4442 564 4487 tam
597 4431 824 4502 pulchre
853 4431 1048 4486 scribit
1073 4445 1237 4502 quam
1269 4445 1402 4485 sane
1424 4428 1612 4484 sentit.
1642 4429 1707 4482 Et
1732 4427 1860 4483 licet

257 4532 372 4578 tota
414 4522 660 4579 Trinitas
727 4522 1163 4577 incarnationem
1216 4521 1380 4577 Verbi
1438 4529 1494 4575 et
1539 4519 1857 4590 mysterium

257 4615 515 4685 baptismi
559 4621 782 4684 operata
824 4615 916 4680 sit,
951 4623 1138 4669 tamen
1188 4613 1336 4670 solus
1380 4611 1523 4667 ﬁlius
1552 4610 1858 4681 baptizatus

257 4717 345 4764 est
373 4725 403 4762 a
451 4707 686 4774 Joanne,
719 4708 862 4762 sicut
898 4707 1048 4763 solus
1076 4717 1239 4762 natus
1273 4717 1358 4763 est
1403 4706 1472 4760 de
1505 4703 1752 4775 Virgine,
1801 4712 1858 4759 et
1894 4765 1896 4768 ,

255 4814 449 4856 omnes
479 4807 775 4869 assumpta:
803 4799 1156 4855 mortalitatis
1187 4798 1468 4870 passiones
1489 4795 1608 4850 sine
1629 4803 1852 4866 peccato

259 4893 607 4957 transcurrit,
664 4899 720 4946 et
765 4895 1065 4948 secundum
1090 4892 1391 4947 divinitatis
1423 4899 1677 4944 naturam
1707 4905 1852 4946 sem-

257 5004 355 5059 per
377 4987 733 5060 impassibilis
755 4990 972 5044 mansit.

328 5085 437 5140 Sed
467 5095 526 5140 ut
557 5085 627 5140 ad
657 5084 839 5152 priora
868 5084 1176 5138 redeamus.
1208 5081 1305 5138 Est
1328 5083 1419 5139 hic
1443 5081 1582 5145 dies,
1623 5092 1684 5135 ut
1710 5096 1852 5154 saape

254 5179 514 5243 diximus,
544 5177 683 5232 satis
713 5192 810 5246 per
845 5192 907 5233 se
941 5175 1188 5242 festivus,
1222 5177 1317 5232 sed
1366 5176 1490 5231 ideo
1536 5176 1695 5230 nimis
1733 5193 1854 5248 per-

255 5269 505 5339 spieuus,
532 5268 794 5338 quoniam
825 5267 992 5322 natali
1040 5265 1322 5323 Dominico
1353 5267 1698 5335 dignoscitur
1736 5282 1855 5323 esse

1946 1696 2352 1751 condemnemus
2393 1711 2534 1748 eum.
2585 1693 2662 1748 De
2693 1701 2868 1748 morte
2911 1692 3246 1761 turpiSsima,
3288 1691 3339 1745 id
3369 1691 3542 1745 estde

1946 1796 2123 1842 morte
2147 1786 2347 1851 crucis,
2379 1785 2673 1855 Apostolus
2700 1803 2712 1838 :
2739 1782 2939 1838 Factus
2989 1784 3230 1838 obediens
3268 1800 3429 1852 usque
3471 1789 3538 1836 ad

1946 1890 2188 1944 mortem,
2210 1888 2429 1934 mortem
2455 1889 2626 1933 autem
2657 1879 2850 1933 crucis.
2883 1878 2949 1932 Et
2985 1878 3039 1932 in
3072 1877 3178 1932 alio
3209 1876 3328 1932 loco
3349 1891 3363 1930 :
3388 1875 3543 1930 Clari-

1944 1983 2055 2028 stus
2079 1989 2350 2043 resurgens
2362 1988 2426 2026 ea:
2448 1973 2691 2036 mortuis,
2708 1971 2826 2040 jam
2849 1987 2953 2024 non
2975 1971 3232 2035 moritur;
3255 1977 3310 2023 et
3338 1985 3352 2022 :
3385 1967 3538 2032 Quod

1943 2075 2185 2118 mortuus
2219 2073 2295 2118 est
2344 2074 2580 2133 peccato,
2628 2075 2864 2116 mortuus
2913 2072 2988 2116 est
3048 2062 3237 2122 semel;
3268 2069 3324 2114 et
3353 2078 3366 2113 :
3400 2057 3539 2124 Quia

1947 2166 2187 2210 mortuus
2239 2165 2316 2210 est
2365 2165 2578 2224 propter
2605 2155 2795 2207 delicta
2827 2165 3028 2207 nostra.
3061 2152 3128 2206 Et
3156 2152 3216 2206 B.
3245 2151 3442 2206 Petrus
3473 2152 3540 2206 de

1947 2248 2201 2318 passione
2245 2246 2363 2315 ejus
2408 2247 2574 2301 dicit:
2607 2246 2848 2300 Christus
2885 2261 3074 2314 passus
3111 2253 3184 2298 est
3215 2260 3308 2311 pro
3355 2243 3540 2306 nobis;

1946 2339 2038 2408 qui
2094 2355 2212 2392 cum
2257 2347 2568 2408 pateretur,
2612 2354 2714 2390 non
2761 2335 3202 2389 comminabatur.
3259 2331 3540 2400 Quomodo

1948 2433 2223 2488 Christum
2277 2447 2459 2501 regem
2503 2446 2622 2486 esse
2657 2430 2962 2493 credamus,
3011 2427 3191 2482 divina
3215 2426 3543 2482 auctoritate

1949 2523 2332 2593 approbamus.
2374 2522 2492 2592 Ipse
2525 2521 2668 2576 enim
2701 2521 2766 2574 de
2803 2534 2863 2575 se
2888 2519 3019 2574 d.cit
3046 2518 3099 2572 in
3144 2516 3392 2588 psalmo:
3427 2515 3540 2587 Ego

1950 2625 2122 2669 autem
2146 2615 2456 2668 constitutus
2481 2629 2598 2666 sum
2641 2627 2734 2665 rex
2755 2610 2819 2664 ab
2843 2628 2918 2674 eo,
2949 2610 2999 2664 id
3037 2617 3120 2664 est
3143 2625 3172 2662 a
3203 2607 3496 2662 Deo.Patre
3521 2621 3536 2667 ;

1951 2713 2007 2760 et
2037 2703 2206 2759 David
2234 2703 2544 2773 patriarcha
2577 2719 2589 2755 :
2626 2700 2794 2765 Deus,
2820 2699 3090 2771 judicium
3131 2709 3276 2752 tuum
3302 2697 3408 2768 regi
3445 2697 3535 2760 da.

1953 2798 2022 2852 Et
2045 2797 2191 2867 quod
2220 2797 2289 2850 sit
2335 2796 2453 2850 Rex
2483 2798 2704 2862 regum,“
2723 2792 2838 2861 ipse
2871 2791 3004 2846 dicit
3032 2805 3128 2859 per
3158 2786 3490 2858 Sapientiam
3524 2803 3537 2839 :

1955 2887 2064 2945 Per
2103 2906 2184 2944 me
2213 2871 2352 2960 reges
2379 2895 2621 2958 regnant,
2646 2896 2692 2940 et
2729 2885 2989 2954 principes
3015 2883 3185 2952 legum
3208 2884 3336 2951 jura
3363 2881 3543 2933 decer-

1954 2992 2104 3036 nunt.
2144 2983 2212 3036 Et
2266 2981 2411 3051 quod
2465 2995 2596 3034 vere
2628 2978 2700 3032 sit
2731 2976 2981 3032 Christus
3010 2975 3151 3030 Deus
3175 2982 3232 3028 et
3256 2971 3541 3034 Dominus,

1954 3081 2184 3128 testatur
2223 3087 2320 3142 per
2351 3071 2525 3140 ipsum
2557 3068 2809 3125 conditus
2847 3074 2992 3122 totus
3020 3065 3257 3135 nudique
3280 3062 3532 3118 mundus.

1949 3162 2070 3232 Ipse
2095 3161 2237 3217 enim
2277 3161 2406 3216 dicit
2451 3161 2504 3214 in
2555 3155 2847 3226 Evangelio
2882 3175 2894 3208 :
2929 3154 3068 3208 Data
3089 3163 3164 3208 est
3217 3151 3346 3206 mihi
3370 3151 3542 3204 omnis

1951 3265 2178 3326 potestas
2205 3255 2257 3308 in
2283 3253 2410 3308 carlo
2442 3262 2490 3308 et
2526 3253 2766 3305 interra.
2803 3249 2868 3304 Et
2888 3245 3178 3318 Apostolus
3213 3245 3410 3302 asserit
3434 3245 3482 3299 ei
3511 3259 3542 3298 a

1953 3344 2064 3401 Deo
2091 3345 2252 3399 Patre
2273 3345 2457 3398 datum
2488 3359 2673 3396 nomen
2706 3341 2846 3411 quod
2866 3349 2939 3393 est
2969 3355 3126 3409 super
3152 3355 3303 3391 omne
3329 3353 3537 3400 nomen,

1952 3444 2006 3488 ut
2035 3435 2090 3488 in
2117 3435 2324 3488 nomine
2351 3431 2479 3486 Jesu
2502 3447 2653 3484 omne
2673 3448 2805 3501 genu
2827 3431 3071 3499 ﬂectatur
3095 3427 3406 3491 cwiestium,
3435 3437 3542 3480 ter-

1954 3526 2198 3580 restrium
2241 3534 2286 3577 et
2317 3523 2661 3591 infernarum.
2700 3521 2767 3574 Et
2811 3522 2865 3574 in
2913 3520 3020 3573 alio
3063 3518 3180 3573 loco
3221 3517 3540 3588 Apostolus:

1955 3616 2218 3681 Quoniam
2263 3631 2355 3685 per
2378 3615 2570 3683 ipsum,
2605 3614 2732 3666 etin
2769 3613 2882 3682 ipso
2905 3620 3081 3665 creata
3115 3620 3237 3665 sunt
3265 3612 3465 3676 omnia,
3492 3621 3542 3665 et

1953 3709 2063 3777 ipse
2089 3717 2210 3760 ante
2234 3721 2410 3760 omnes
2455 3712 2503 3758 et
2537 3704 2714 3756 omnia
2743 3691 2937 3772 in'ipso
2969 3711 3230 3755 constant.
3257 3700 3324 3755 Et
3353 3701 3544 3756 beatus

1953 3796 2284 3867 evangelista
2309 3813 2324 3850 :
2353 3794 2543 3849 Omnia
2564 3811 2658 3864 per
2683 3795 2852 3864 ipsum
2881 3793 3022 3859 facta
3043 3801 3186 3855 sunt,
3217 3801 3266 3845 et
3294 3792 3405 3846 sine
3430 3793 3542 3861 ipso

1953 3889 2156 3959 factum
2176 3887 2416 3941 estnihil.
2459 3885 2515 3940 Si
2538 3886 2721 3940 omnia
2763 3899 2859 3955 per
2881 3883 3055 3954 ipsum
3096 3882 3234 3938 facta
3263 3897 3383 3938 esse
3411 3891 3466 3937 et
3489 3883 3543 3936 in

1953 3981 2074 4051 ipso
2102 3987 2358 4035 constare
2389 3987 2708 4040 noscuntur,
2739 3989 3078 4044 consequens
3113 3981 3195 4030 est
3244 3982 3304 4028 ut
3341 3973 3543 4029 adven--

1934 4062 2067 4126 ltum
2095 4069 2278 4126 omnia
2313 4067 2628 4138 cognovisse
2653 4066 2963 4122 credantur.

2025 4161 2165 4229 Quid
2208 4158 2619 4236 degrationabili
2669 4165 2942 4222 creatura,
2994 4156 3236 4227 angelica
3289 4154 3545 4210 videlicet

1957 4261 2013 4310 et
2055 4256 2296 4310 humana
2327 4251 2538 4307 dicam?
2583 4250 2714 4317 Quae
2737 4257 2996 4318 quantum
3045 4247 3290 4303 Creatori
3321 4263 3418 4303 suo
3448 4262 3548 4318 per

1959 4344 2344 4414 cogitationem
2385 4351 2470 4397 est
2499 4340 2753 4406 vicinior,
2795 4346 3003 4394 tantum
3046 4338 3114 4393 de
3150 4339 3381 4393 adventu
3427 4337 3547 4407 ejus

1959 4435 2172 4490 exstitit
2205 4435 2401 4490 Izetior.
2435 4433 2504 4488 Et
2536 4449 2642 4489 non
2692 4429 2869 4487 solum
2909 4430 3000 4485 illa
3043 4443 3164 4500 qua:
3205 4427 3548 4484 rationabilis

1959 4535 2062 4591 est,
2118 4524 2286 4581 Deum
2335 4524 2392 4579 in
2442 4539 2607 4580 carne
2648 4521 2863 4578 venisse
2913 4520 3190 4592 cognovit,
3242 4519 3337 4575 sed
3380 4519 3544 4573 etiam

1961 4618 2358 4676 irrationabilis
2405 4617 2729 4688 quibusdam
2778 4605 3341 4670 nutibus'Auctorem
3388 4623 3547 4662 suum

1961 4713 2138 4783 ipsum
2187 4728 2310 4768 esse
2360 4710 2680 4775 declaravit,
2725 4717 2780 4764 et
2819 4707 2869 4764 ei
2909 4703 3190 4762 servitutis
3228 4699 3553 4767 obsequium

1960 4805 2364 4877 quodammodo
2407 4803 2658 4874 pra:buit.
2700 4801 2786 4867 Et,
2823 4808 2884 4854 ut
2929 4810 3102 4867 pauca
3137 4795 3204 4848 de
3245 4789 3432 4847 multis
3468 4789 3557 4842 di-

1963 4913 2109 4962 cam,
2162 4906 2222 4950 ut
2267 4895 2535 4964 majorum
2592 4891 2756 4945 tradit
2802 4886 3131 4950 auctoritas,
3177 4899 3242 4938 eo
3275 4887 3566 4945 nascente,

1965 4988 2161 5043 etnlum
2206 5001 2406 5041 novum
2429 4983 2579 5037 sidus
2609 4979 2881 5048 produxit.
2909 4975 3152 5032 Pedibus
3177 4974 3294 5043 ejus
3323 4983 3476 5024 mare
3507 4987 3580 5029 se

1966 5079 2227 5134 calcabile
2252 5075 2504 5147 prazbuit,
2532 5083 2748 5137 ventus,
2775 5085 2840 5125 eo
2863 5069 3118 5138 jubente,
3161 5061 3424 5123 conticuit
3447 5077 3464 5126 ;
3503 5079 3584 5120 eo

1966 5170 2259 5234 moriente,
2303 5176 2446 5220 terra
2489 5162 2839 5219 contremuit.
2877 5159 2990 5237 ‘Sol
3036 5161 3230 5216 radios
3277 5153 3416 5212 lucis
3455 5171 3588 5215 sua

1968 5261 2218 5324 retraxit,
2254 5272 2383 5312 saxa
2405 5265 2459 5309 et
2483 5261 2833 5310 monumenta
2853 5259 3182 5322 patuerunt,
3215 5245 3416 5307 mortui
3446 5260 3589 5301 sur-
