4072 5350
599 294 698 352 999

1559 279 1619 335 S.
1658 274 1979 335 ODlLONlS
2016 268 2310 329 ABBATIS
2342 261 2838 325 CLUNACENSIS
2879 262 2913 312 ν

3724 260 3863 314 ιοω

596 406 648 461 ei
675 418 707 459 a
738 415 844 472 quo
869 407 930 454 ut
951 358 1105 455 esset
1143 393 1356 465 accepit
1379 390 1663 463 originem.
1698 387 1927 455 Idcirco,
1959 383 2178 454 fratres,
2208 393 2259 451 Α
2287 382 2370 437 sui
2399 388 2554 436 ortus
2583 377 2851 472 Dominus.
2885 381 3071 430 noster
3096 373 3342 472 Iegaliter
3364 371 3534 429 voluit
3562 386 3595 426 a
3623 372 3867 472 parenti-

600 494 667 550 de
711 489 997 546 divinitate
1030 484 1233 542 Christi
1273 490 1421 538 tanta
1448 480 1685 536 diximus
1707 490 1762 534 et
1800 478 1976 534 adhuc
2003 475 2183 533 dicere

599 580 852 638 volumus
890 585 968 643 ut,
999 575 1124 630 dum
1152 573 1302 628 illum
1333 572 1386 627 in
1410 569 1674 641 praesepio
1699 567 1956 637 positum,
1989 565 2183 636 pannis

596 671 926 733 involutum,
977 666 1237 723 humilem
1286 663 1563 719 hominem
1601 661 1742 715 inter
1780 657 1961 713 omnia
2007 655 2185 712 cerni-

594 778 738 830 mus,
782 763 953 818 Deum
980 774 1169 815 verum
1220 767 1277 813 et
1327 757 1615 811 Dominum
1654 767 1821 829 super
1855 751 2033 806 omnia
2063 763 2184 822 esse

595 871 708 912 non
737 854 1068 910 dubitemus.
1095 850 1229 921 Illud
1257 847 1388 904 Vero
1427 832 1701 917 singulare
1737 837 1932 899 nomen
1964 840 2184 897 deitatis

594 944 742 1014 quod
768 951 854 999 est
896 934 1059 1008 Deus,
1100 937 1376 994 multoties
1416 937 1469 991 in
1514 933 1714 990 divinis
1741 932 1936 987 litteris
1969 931 2035 985 ad
2074 929 2180 984 Pa-

594 1043 734 1092 trem
764 1032 1021 1098 refertur,
1052 1028 1341 1100 aliquoties
1375 1028 1443 1083 ad
1473 1026 1693 1081 Filium.
1725 1024 1951 1092 Quoties
1981 1022 2047 1076 ad
2078 1021 2185 1097 Pa-j

595 1135 733 1180 trem
769 1109 1073 1200 referatur,
1127 1119 1275 1193 nullo
1322 1111 1483 1195 modo
1520 1122 1673 1172 me’us
1710 1117 1944 1170 lutiiana
1999 1106 2181 1200 potest

594 1219 873 1292 colligere,
923 1226 978 1273 et
1018 1194 1163 1287 quod
1200 1194 1491 1283 aliquando
1534 1211 1600 1266 ad
1641 1209 1836 1265 Filium
1886 1194 2179 1292 referatur,

597 1284 785 1369 multis
816 1308 1144 1367 testimoniis
1178 1305 1490 1362 edocemur.
1522 1302 1677 1358 Unde
1710 1311 1795 1356 est
1821 1284 1949 1354 illud
1978 1315 1992 1352 :
2023 1286 2182 1362 Deus,

587 1403 757 1475 jntlea:
787 1386 985 1471 justus.
1020 1397 1156 1454 Cum
1187 1386 1441 1457 dicimus,
1485 1379 1651 1456 Deus,
1676 1389 1846 1460 judex
1874 1389 2079 1458 justus,
2118 1385 2185 1469 de

595 1491 735 1546 Filio
766 1490 967 1544 dictum
1015 1501 1136 1541 esse
1178 1500 1286 1540 non
1336 1482 1663 1537 dubitamus.
1695 1479 1813 1550 ipse
1838 1478 1981 1533 enim
2010 1475 2183 1559 dixit:

597 1579 763 1635 Pater
791 1593 891 1632 non
911 1574 1120 1646 judicat
1140 1564 1473 1646 quemquam,
1508 1570 1601 1625 sed
1624 1586 1775 1624 onme
1793 1566 2059 1639 judicium
2087 1573 2180 1620 de-

595 1670 674 1725 dit
702 1668 866 1723 Filio.‘
890 1667 958 1722 Et
991 1667 1047 1721 in
1074 1666 1182 1721 alio
1206 1665 1326 1719 loco
1358 1662 1671 1726 Psalmisla,
1700 1670 1987 1731 postquam
2012 1657 2175 1722 dixit;

2274 474 2386 528 bus
2435 468 2747 527 circumcidi
2772 506 2788 533 ,
2838 466 2946 530 ita,
3002 465 3338 535 quaterdeno
3382 477 3612 519 numero
3652 462 3863 520 dierum

2285 563 2536 631 deducto,
2566 577 2691 617 cum
2720 560 2985 632 legalibus
3011 558 3206 615 hostiis
3234 573 3265 613 a
3304 564 3481 613 matre
3506 555 3734 626 Virgine
3769 571 3863 612 vo—

2281 646 2384 710 luit
2410 656 2462 708 in
2497 640 2697 723 templo
2738 651 3083 729 praesentari.
3123 648 3479 705 Clrcumcisio
3501 657 3633 703 tunc
3662 656 3865 718 tempo-

2281 748 2361 803 ris
2407 746 2476 801 ab
2517 727 2769 816 originali
2816 727 3041 814 peccato
3090 742 3444 798 circumcisos
3484 742 3777 811 purgabat,
3810 750 3865 796 et

2284 838 2476 909 legalis
2512 837 2718 892 oblatio
2748 836 2931 906 pueris
2977 843 3033 890 et
3079 833 3347 889 matribus
3377 832 3756 903 puriﬁcatione
3783 832 3867 887 in-

2285 928 2595 999 digentibus
2634 937 2689 983 et
2749 926 2934 981 radice
2980 925 3111 1005 Adae
3162 925 3381 997 pollutis
3427 923 3865 995 puriﬁcationem

2284 1021 2597 1089 praestabat.
2647 1019 2753 1075 Sed
2796 1019 2927 1073 nihil
2969 1019 3162 1073 horum
3208 1026 3397 1074 noster
3433 1016 3715 1089 parvulus,
3770 1031 3867 1071 nec

2284 1109 2401 1189 ejus
2431 1111 2772 1165 sanctissima
2808 1118 2863 1165 et
2907 1101 3264 1164 mundissima
3292 1108 3525 1180 genitrix
3570 1106 3865 1177 indigebat.

2286 1193 2427 1255 Vere
2464 1216 2570 1254 non
2601 1200 2875 1270 indigebat
2910 1199 3003 1254 Dei
3044 1198 3210 1254 Filius
3242 1199 3398 1271 legali
3430 1199 3864 1263 circumcisione,

2286 1289 2377 1359 qui
2433 1305 2543 1345 non
2594 1298 2714 1344 erat
2761 1282 2966 1343 carnali
3020 1272 3344 1343 admistione
3389 1298 3723 1354 concretas,
3776 1289 3870 1343 sed

2288 1364 2522 1434 adventu
2551 1378 2787 1448 Spiritus
2817 1379 2989 1433 sztncti
3016 1387 3073 1434 et
3115 1376 3377 1433 Altisslmi
3407 1379 3631 1444 virtute,
3678 1376 3871 1449 angelo

2288 1460 2601 1534 nuntiante,
2647 1469 2700 1523 in
2734 1465 2889 1524 utero
2931 1465 3181 1540 virginali
3222 1477 3540 1539 conceptus.
3579 1469 3701 1539 Ipse
3727 1469 3867 1524 enim

2285 1568 2370 1617 est
2392 1561 2550 1632 lapis,
2579 1578 2739 1632 quem
2765 1561 2954 1617 Daniel
2981 1561 3117 1616 vidit
3147 1557 3429 1632 praecisum
3451 1563 3518 1617 de
3549 1570 3736 1618 monte
3756 1562 3872 1617 sine

2287 1654 2579 1720 manibus,
2640 1653 2890 1709 Christus
2929 1653 3180 1708 videlicet
3224 1663 3381 1709 natus
3443 1654 3511 1708 de
3558 1651 3871 1708 Iudaeorum

596 1760 841 1825 Domine,
884 1757 1120 1813 addidit:
1146 1755 1289 1809 Dens
1334 1752 1521 1808 salutis
1551 1768 1701 1806 metu.
1749 1748 1908 1805 Jcsus
1936 1748 2187 1804 Salvator
2217 1747 2259 1805 Β
2287 1740 2464 1820 gente,
2514 1736 2662 1802 nullo
2693 1749 2932 1803 humano
2973 1760 3149 1825 opere
3176 1748 3590 1804 interveniente.
3632 1748 3753 1803 Non
3794 1748 3871 1803 in-

595 1850 713 1907 sive
752 1842 1006 1904 salutaris
1052 1847 1464 1916 interpretatur.
1494 1842 1626 1898 item
1670 1839 1955 1919 Scriptura
1997 1839 2190 1919 clamie

599 1949 678 1996 tat
708 1958 722 1995 :
752 1939 1005 1994 Dominus
1043 1938 1151 2009 ipse
1177 1929 1253 1993 est
1280 1934 1447 2002 Deus,‘
1479 1933 1734 1987 Dominus
1774 1922 1883 2001 ipse
1910 1937 1986 1985 est
2020 1918 2186 1983 Deus.

595 2031 771 2099 Quam
810 2028 1130 2101 frequenter
1183 2026 1435 2082 Christus
1472 2015 1627 2080 Jesus
1655 2022 1914 2078 Dominus
1941 2027 2185 2085 vocetur,

597 2125 778 2179 numis‘
811 2110 1010 2194 pa'giua
1048 2121 1230 2176 divina
1280 2127 1513 2175 testatur
1550 2134 1565 2171 :
1615 2115 1871 2171 Dominus
1920 2123 2189 2169 conterens

597 2213 761 2277 bella,
795 2212 1054 2267 Dominus
1083 2228 1270 2266 nomen
1297 2221 1375 2265 est
1410 2208 1510 2277 illi,
1549 2217 1605 2264 et
1631 2205 1918 2263 Psalmista
1949 2222 1965 2260 :
2004 2204 2189 2260 Domi-

596 2310 697 2358 nus
722 2302 1041 2358 illun‘tinatio
1088 2317 1201 2356 mea
1224 2289 1273 2356 et
1300 2300 1448 2355 salus
1478 2314 1613 2354 mea.
1643 2290 1967 2353 llluminatiu
2004 2298 2190 2351 nostra

598 2407 700 2461 est,
731 2395 857 2467 quia
891 2396 1034 2450 sicut
1061 2390 1396 2465 evangelista
1423 2387 1562 2448 dixit
1594 2387 1613 2446 z‘
1648 2391 1769 2463 Ipse
1791 2389 2055 2444 illuminat
2083 2404 2194 2444 ont-

600 2504 714 2542 nem
749 2487 1010 2542 hominem
1039 2486 1323 2541 venientem
1362 2484 1419 2540 in
1451 2484 1590 2538 hunc
1627 2482 1903 2537 mundum.
1948 2480 2017 2537 Et
2050 2479 2194 2535 sicut

599 2577 658 2630 Β.
689 2570 884 2634 Petrus
915 2576 1193 2646 apostolus
1220 2576 1297 2632 ait
1334 2593 1347 2631 :
1381 2574 1502 2647 Ipse
1539 2575 1719 2629 eduxit
1758 2589 1851 2627 nos
1875 2572 1940 2627 de
1965 2570 2191 2626 tenebris

596 2671 651 2722 in
685 2664 997 2724 admirabile
1018 2667 1193 2722 lumen
1216 2684 1389 2721 suum.
1422 2662 1579 2722 Salus
1607 2673 1789 2721 nostra
1807 2672 1891 2720 est
1915 2661 2189 2729 Christus,

595 2761 739 2814 sicut
788 2760 927 2818 idem
975 2760 1092 2829 ipse
1143 2766 1326 2829 pastor
1373 2757 1625 2812 Ecclesia:
1676 2752 1828 2819 dicit,
1861 2755 2016 2810 Isaiae
2060 2770 2191 2810 usus

598 2849 909 2904 testimonio
940 2864 954 2903 :
980 2849 1148 2918 Cujus
1174 2848 1334 2903 livore
1355 2848 1531 2902 sanati
1553 2854 1754 2901 sumus.
1782 2846 1851 2900 Et.
1868 2845 1929 2900 Β.
1967 2846 2188 2900 Petrus:

598 2941 844 3005 Domine,
870 2940 940 2994 ad
968 2957 1122 3010 quem
1150 2939 1378 2993 ibimus?
1416 2939 1484 2992 Et
1511 2939 1626 3009 ipse
1672 2939 1725 2991 in
1757 2937 1863 3002 alio
1894 2936 2014 2991 loco
2040 2953 2053 2988 :
2085 2935 2192 2989 Do-

599 3036 762 3101 mine,
787 3035 977 3089 bonnm
1011 3039 1086 3089 est
1116 3050 1208 3087 nos
1230 3033 1313 3086 hic
1338 3034 1469 3087 esse.
1493 3031 1559 3087 Et
1584 3029 1823 3086 Thomas
1853 3036 1976 3100 post
2005 3041 2188 3081 resur-

2289 1840 2504 1912 digebat
2528 1825 2692 1896 etiam
2722 1834 2817 1896 Dei
2847 1841 3076 1916 genitrix
3096 1822 3469 1916 purificatione
3494 1840 3729 1905 carnali,
3758 1855 3872 1910 qua}

2289 1932 2537 2002 concepit
2565 1948 2670 1987 non
2695 1916 3016 2001 operatione
3037 1928 3205 1998 tirili,‘
3232 1915 3326 1986 sed
3354 1931 3557 1986 virtute
3582 1931 3872 1996 Altissimi,

2288 2032 2345 2078 et
2379 2023 2746 2079 illustratione
2791 2023 3031 2094 Spiritus
3071 2008 3268 2079 sancti.
3313 2021 3422 2078 Sed
3454 2024 3580 2079 ideo
3605 2023 3781 2079 voluit
3818 2038 3873 2078 se

2291 2129 2558 2192 suamque
2590 2102 2913 2188 genitricem
2957 2100 3197 2171 decretis
3223 2106 3482 2192 legalibus
3510 2115 3772 2182 subdere,
3807 2130 3874 2170 ne

2289 2191 2572 2262 videretur
2607 2220 2728 2261 esse
2755 2204 2890 2276 legis
2928 2192 3289 2277 contemptor,
3318 2206 3411 2277 qui
3443 2206 3573 2263 erat
3591 2207 3877 2277 utriusque

2290 2288 2626 2353 Testamenti
2657 2297 2885 2369 largitor
2911 2305 2967 2351 et
2995 2297 3262 2353 conditor.
3290 2297 3531 2369 Urgebat
3569 2298 3720 2353 enim
3749 2297 3877 2371 legis

2285 2387 2483 2459 jussio,
2517 2397 2579 2444 ut
2611 2388 2870 2459 parvulus
2911 2391 3101 2443 octava
3133 2388 3222 2444 die
3267 2389 3789 2456 circumcideretur,
3823 2396 3876 2444 et

2289 2483 2710 2555 quadragesimo
2754 2483 2861 2550 die,
2913 2491 2973 2537 ut
3014 2480 3221 2538 dictum
3254 2492 3359 2549 est,
3404 2482 3461 2537 in
3506 2482 3713 2553 templo
3744 2496 3879 2552 prte-

2290 2585 2619 2644 sentaretur,
2670 2584 2726 2632 et
2778 2564 3034 2646 parentes
3081 2570 3199 2646 eius
3241 2586 3340 2646 pro
3379 2589 3445 2630 eo
3474 2590 3576 2644 par
3606 2582 3874 2629 turturum

2291 2657 2386 2721 aut
2436 2667 2569 2723 duos
2607 2666 2780 2738 pullos
2830 2658 3198 2722 columbarum
3231 2664 3523 2731 offerrent,
3579 2666 3624 2720 si
3679 2678 3874 2733 agnum

2290 2760 2534 2816 invenire
2563 2775 2666 2815 non
2698 2764 2939 2831 possent.
2975 2753 3028 2813 l'n
3057 2767 3283 2827 utroque
3313 2773 3442 2814 vero
3472 2759 3720 2824 animali,
3744 2774 3878 2828 prm-

2291 2847 2531 2922 fulgcbat
2580 2853 2757 2923 gratia
2803 2834 3069 2907 salutaris
3111 2851 3376 2922 mysterii.
3425 2850 3653 2917 Turtur,
3698 2862 3759 2906 ut
3806 2851 3873 2904 illi

2289 2944 2478 3001 volunt
2512 2946 2603 3015 qui
2635 2946 2701 2999 de
2737 2944 2945 2999 naturis
2977 2932 3290 2998 animalium
3321 2943 3619 3013 disputant,
3639 2944 3877 2999 castissi-

2292 3052 2440 3091 mum
2470 3047 2554 3092 est
2589 3036 2823 3102 animal;
2859 3036 3107 3091 columba
3149 3035 3649 3090 mansuetissimam
3700 3043 3754 3089 et
3783 3052 3873 3105 pa-

597 3128 895 3182 rcetioueut
935 3128 1081 3198 ejus;
1111 3125 1368 3180 Daminus
1393 3141 1536 3179 meus
1583 3134 1629 3178 et
1658 3124 1799 3176 Deus
1825 3136 1989 3175 meus.
2033 3117 2186 3174 Sicut
2212 3113 2257 3174 C
2291 3129 2693 3184 “carissimum.
2733 3128 2877 3183 [tene
2902 3142 3000 3198 pro
3021 3125 3240 3182 Christo
3276 3127 3453 3181 turtur
3485 3124 3601 3181 sive
3629 3126 3872 3181 columba

598 3216 896 3294 saepissime
917 3215 1165 3272 Christus
1190 3212 1348 3270 Jesu's
1371 3212 1629 3268 Dominus
1655 3205 1816 3268 simul
1844 3219 1899 3265 et
1922 3211 2064 3266 Deus
2089 3224 2186 3266 vo-

599 3308 822 3375 citatur,
860 3308 937 3365 ita
983 3307 1275 3376 aliquando
1313 3307 1410 3362 rex‘
1439 3314 1493 3361 et
1538 3305 1698 3368 Deus,
1745 3304 2039 3374 aliquando
2059 3318 2188 3360 vero

598 3400 861 3456 Dominus
883 3407 938 3454 et
979 3408 1073 3454 rex
1115 3398 1438 3468 appellatur.
1471 3397 1584 3451 Rex
1613 3406 1670 3452 et
1704 3396 1875 3462 Deus,’
1901 3398 1953 3452 in
1997 3398 2188 3468 quinto

595 3489 842 3561 psalmo:
875 3488 985 3544 Rex
1024 3504 1168 3543 meus
1210 3497 1256 3542 et
1304 3487 1446 3542 Deus
1485 3500 1652 3553 mens,
1695 3487 1955 3542 Dominus
1985 3496 2039 3542 et
2072 3502 2186 3553 rex,

598 3582 740 3641 sicut
766 3583 819 3637 in
849 3581 1109 3635 vicesimo
1148 3579 1306 3634 tertio
1337 3598 1349 3633 :
1385 3578 1653 3633 Dominus
1686 3575 1935 3633 virtutum
1966 3579 2071 3648 ipse
2113 3582 2187 3631 est

600 3688 692 3725 res:
720 3671 922 3742 gloriw.

669 3760 766 3817 llis
802 3776 932 3833 ergo
977 3769 1033 3816 et
1076 3760 1219 3824 aliis,
1267 3760 1469 3814 fratres
1495 3758 1853 3823 dilectissimi,
1890 3756 2186 3828 Scriptura:

599 3849 797 3906 divina:
843 3849 1171 3905 testimoniis
1213 3849 1435 3913 eruditi,
1484 3848 1531 3902 si
1575 3848 1852 3902 credimus
1898 3846 2187 3901 Dominum

599 3949 846 3996 nostrum
874 3937 1059 3995 Iesum
1082 3937 1385 4004 Christum,
1421 3936 1774 3992 mediato‘rem
1803 3935 1898 3990 Dei
1929 3940 1986 3989 et
2014 3936 2190 3990 homi-

600 4049 753 4099 num,
775 4033 979 4106 Deique
999 4041 1055 4089 et
1085 4032 1319 4088 hominis
1347 4031 1517 4087 lilium
1539 4031 1594 4084 in
1620 4039 1801 4085 nostra
1830 4028 1999 4084 fuisse
2024 4031 2189 4085 carne

601 4124 904 4190 mortalem,
952 4133 1002 4179 et
1044 4123 1406 4194 praedicamus
1453 4122 1605 4177 illum
1647 4121 1850 4193 Regem
1890 4124 2101 4192 regum,
2133 4129 2190 4176 et

601 4215 896 4270 adoramus
928 4215 1078 4270 illum
1107 4215 1277 4272 Deum
1314 4214 1564 4282 deorum,
1606 4221 1660 4269 et
1692 4213 1981 4269 Dominum
2010 4213 2186 4269 domi-

604 4324 823 4375 norum,
859 4317 1005 4364 recte
1031 4307 1302 4364 credendo
1345 4316 1402 4363 et
1434 4309 1573 4363 bene
1601 4306 1897 4381 operando,
1927 4306 2186 4362 vitiorum

602 4412 818 4452 errores
871 4397 1222 4465 declinando,
1266 4412 1367 4468 per
1405 4398 1632 4470 iustitiae
1682 4398 1800 4453 vias
1853 4397 2184 4463 incedendo,

605 4505 825 4547 carnem
856 4498 1099 4545 nostram
1127 4506 1253 4548 cum
1285 4492 1430 4547 vitiis
1469 4492 1527 4547 et
1553 4492 2008 4563 concupiscentiis
2044 4508 2192 4548 mori-

604 4580 883 4647 tilicando,
917 4581 1150 4637 visibilia
1199 4582 1619 4650 contemnendo,
1678 4585 1966 4640 invisibilia
1994 4600 2192 4641 concu-

603 4668 885 4741 piscendo,
939 4685 1065 4725 cum
1115 4671 1222 4726 illis
1267 4673 1440 4728 tribus
1478 4672 1649 4745 Magis
1698 4681 1810 4731 tres
1851 4677 2192 4746 supradictas

605 4758 816 4829 species
840 4774 1151 4827 munerum,
1181 4762 1422 4830 quotidie
1447 4763 1526 4834 spi
1537 4763 1802 4820 ritualiter
1826 4767 1892 4821 ad
1918 4765 2035 4836 ejus
2066 4780 2191 4836 por-

608 4859 784 4907 tamus
809 4852 1155 4923 praesepium.
1189 4852 1289 4908 Cui
1324 4855 1397 4909 sit
1434 4856 1603 4926 gloria
1638 4865 1689 4913 et
1723 4867 1987 4929 potestas,
2018 4860 2192 4916 honor

603 4948 659 4994 et
688 4940 994 5012 imperium,
1028 4957 1152 4998 cum
1179 4941 1342 5000 Patre
1362 4953 1419 5002 et
1450 4943 1655 5017 Spiritu
1680 4957 1868 5004 sancto
1887 4964 1986 5019 per
2005 4951 2188 5005 omnia

603 5031 798 5087 saecula
818 5033 1162 5090 saeculorum.
1184 5034 1358 5092 Amen

1222 5126 1455 5186 SERMO
1489 5130 1573 5187 ill.

661 5229 729 5268 DE
764 5230 1175 5276 PURIFICATIONE
1213 5235 1431 5278 SANC'I'E
1471 5238 1559 5278 DEI
1598 5238 1902 5279 GENITMCIS
1934 5236 2136 5279 ΠΑΪΠΑΞ.

677 5304 1074 5350 nmnimlpnlic
1118 5310 1211 5350 “ni
1270 5310 1447 5350 Det-ri:
1498 5313 1840 5350 nmninnlnnc
1879 5312 2069 5350 Qnrmn
2160 5332 2185 5350 η

2290 3216 2538 3285 olfertur,
2571 3222 2699 3290 quia
2745 3220 2859 3289 ipse
2907 3229 2987 3273 est
3019 3219 3293 3290 patientia:
3338 3228 3393 3274 et
3444 3219 3876 3274 mansuetudinis

2291 3321 2498 3376 auctor,
2525 3311 2639 3380 ipse
2668 3310 2995 3381 virginitatis
3037 3318 3218 3364 custos
3253 3318 3307 3363 ct
3353 3308 3621 3363 castitatis
3647 3318 3875 3362 amator.

2290 3403 2408 3474 Ipse
2447 3403 2514 3456 ad
2549 3419 2647 3458 nos
2678 3403 2921 3465 veniens,
2963 3416 3029 3455 ex
3075 3394 3299 3470 Virgine
3327 3397 3516 3454 verum
3560 3412 3763 3469 corpus
3792 3413 3875 3452 as-

2290 3510 2548 3558 sumens,
2607 3493 2976 3564 virginitatem
3030 3492 3082 3546 in
3136 3501 3310 3546 matre
3361 3493 3735 3558 Consecravit;
3782 3506 3875 3561 pro

2291 3587 2447 3643 nobis
2480 3587 2719 3641 moriens
2748 3586 3024 3655 patientia:
3051 3578 3213 3638 nobis
3228 3582 3533 3651 ex‘cmplum
3566 3582 3807 3654 reliquit.

2362 3678 2585 3734 Sistitur
2611 3678 2794 3742 hodie,
2825 3679 2965 3731 sicut
2995 3676 3173 3732 Lucas
3208 3674 3399 3741 refert,
3438 3676 3733 3746 praesentia
3760 3691 3875 3730 car-

2290 3752 2376 3823 nis
2400 3783 2529 3838 puer
2554 3766 2711 3822 Jesus
2735 3767 2982 3830 Domino,
3000 3767 3090 3835 qui
3119 3780 3395 3835 nunquam
3417 3779 3513 3833 per
3534 3764 3873 3835 praesentiant

2290 3857 2591 3912 divinitatis
2640 3873 2669 3911 a
2708 3866 2935 3926 paterno
2978 3855 3113 3911 solio
3158 3854 3427 3909 discessit.
3461 3851 3624 3908 Dives
3655 3854 3712 3907 in
3759 3868 3873 3915 suo.

2289 3939 2495 4020 pauper
2542 3949 2596 4003 in
2642 3958 2852 4013 nostro,
2903 3940 3161 4002 redolitur
3205 3946 3363 4001 badie
3421 3952 3788 4015 praesentatus
3823 3943 3873 3998 in

2293 4036 2530 4110 templo,
2595 4039 2739 4108 quod
2811 4038 2939 4093 olim
3010 4037 3111 4092 sibi
3180 4048 3582 4106 prmparaverat
3660 4035 3876 4090 Daridis

2288 4130 2578 4201 prudentia
2645 4139 2701 4184 et
2760 4128 3068 4182 Salomonis
3116 4127 3405 4182 industria.
3466 4125 3597 4182 Jure
3650 4128 3722 4182 ah
3775 4126 3876 4181 illis

2289 4224 2508 4279 domum
2535 4222 2637 4279 sibi
2661 4223 2895 4278 condere
2919 4221 3177 4286 deerevit,
3204 4221 3271 4276 de
3297 4234 3528 4292 quorum
3562 4221 3738 4292 stirpe
3764 4237 3875 4278 ma-

2295 4325 2433 4371 trem
2484 4314 2684 4385 eligere
2707 4312 2897 4370 voluit.
2926 4312 3328 4369 Convenicuter
3352 4313 3770 4380 ditissimorum,
3799 4329 3881 4369 sa-

2292 4406 2756 4478 pientissimorum
2815 4412 2872 4460 et
2920 4402 3342 4459 fortissimorum
3400 4404 3644 4459 omnium
3693 4420 3877 4476 regum

2213 4468 2268 4527 Β
2295 4468 2591 4570 propagine
2635 4504 2927 4569 generatur
2968 4495 3063 4550 Dei
3105 4497 3339 4566 genitrix
3365 4504 3422 4552 et
3460 4510 3679 4566 semper
3705 4468 3876 4569 mirga.

2294 4588 2483 4656 Maria,
2517 4590 2641 4660 quia
2686 4588 2836 4643 illum
2882 4596 3002 4643 erat
3024 4588 3290 4657 paritura,
3318 4585 3410 4657 qui
3449 4594 3536 4642 est
3565 4587 3661 4642 Dei
3691 4588 3876 4652 virtus,

2294 4682 2436 4738 sicut
2471 4681 2747 4752 apostolus
2774 4679 2974 4736 Paulus
3011 4681 3245 4745 intonat,
3281 4689 3337 4736 et
3361 4680 3471 4736 Dei
3496 4680 3789 4751 sapientia,
3829 4689 3880 4735 et

2295 4782 2353 4827 ut
2384 4772 2497 4842 ipse
2536 4771 2737 4826 Paulus
2765 4779 2997 4827 testatur
3022 4787 3033 4824 :
3063 4769 3130 4825 In
3162 4787 3265 4841 quo
3290 4779 3413 4824 sunt
3440 4785 3620 4825 omnes
3652 4770 3879 4825 thesauri

2293 4864 2562 4931 sapientiw
2583 4872 2630 4916 et
2659 4862 3229 4916 scientiw‘absconditi.
3252 4860 3383 4915 Erat
3402 4862 3548 4916 enim
3570 4861 3764 4919 eadem
3789 4876 3879 4917 no-

2298 4964 2409 5007 stra
2440 4968 2724 5024 puerpera,
2763 4967 2969 5022 pauper
2998 4961 3212 5007 terrena
3252 4951 3616 5021 possessione,
3640 4952 3747 5009 sed
3772 4950 3873 5026 ple-

2299 5063 2362 5098 na
2412 5045 2619 5099 cmlesti
2663 5035 3064 5099 benedictione.
3096 5043 3229 5098 Erat
3273 5042 3553 5114 progenita
3599 5050 3878 5100 stemmate

2301 5137 2484 5201 regali,
2516 5137 2606 5191 sed
2633 5152 2836 5206 pauper
2863 5136 2999 5192 adeo
3021 5135 3288 5206 stipendio
3321 5134 3630 5206 temporali.
3674 5135 3878 5210 Pauper

2266 5240 2273 5246 '
2300 5227 2481 5290 rebus,
2516 5225 2710 5281 referta
2738 5227 2933 5280 divinis
2980 5227 3312 5278 muneribus.
3339 5224 3397 5270 In
3430 5233 3646 5270 tantum
3678 5236 3876 5270 animos

2298 5328 2349 5350 nt
2384 5332 2576 5350 vsa-inn:
2634 5316 2726 5350 nni
2752 5332 2848 5350 nn-n
2873 5322 3093 5350 nnnndln
3119 5313 3448 5350 nﬂnrnhmlnli
3486 5328 3601 5350 nnn
3620 5314 3874 5350 Ικλυιμ
