4072 5350
268 298 405 355 1001

1693 287 2084 344 SERMONES.

3391 304 3531 362 1601

268 416 418 486 ginis
464 401 624 486 parin
666 400 925 472 divinitas
954 432 1075 487 qua:
1096 422 1215 474 erat
1242 416 1295 472 in
1319 414 1558 480 homine,
1599 431 1769 487 usque
1794 417 1861 471 ad
1891 417 1939 479 Α
1966 415 2213 473 homines
2238 413 2513 473 Christum
2542 431 2644 487 per
2669 418 2942 490 Virginem
2967 420 3177 477 venisse
3203 420 3421 481 fatetur.
3452 423 3531 488 Ex

269 518 490 577 tempus
509 505 830 576 praefinitum
855 524 884 561 a
916 508 1045 574 Deo,
1072 508 1286 564 diabolo
1306 517 1361 564 et
1388 508 1569 564 mundi
1598 510 1855 581 principi-

270 599 377 652 bus
401 598 686 652 celaretur.
718 597 781 653 Si
826 599 961 652 enim
1015 601 1387 670 cognovissent,
1428 616 1693 670 nunquam
1752 599 1856 653 Da-

268 691 469 744 minnm
520 688 702 759 gloria!
731 690 1151 759 cruci/ixissent;
1200 691 1342 761 quod
1393 690 1855 761 pernecessarium

267 790 409 834 erat.
450 780 505 834 Si
540 781 785 835 Christus
808 798 912 835 non
938 783 1372 853 crucifigeretur,
1397 784 1558 837 homo
1589 799 1695 837 non
1726 783 1855 840 liba

268 882 505 925 rarctur.
530 870 648 942 ipse
677 873 820 926 enim
854 872 947 928 Dei
979 873 1144 928 Filius
1188 875 1531 944 paulominus
1560 876 1856 932 minoratus

264 964 341 1017 ab
372 964 594 1035 angelis,
618 980 715 1035 pro
739 965 893 1020 nobis
919 966 1084 1020 etiam
1109 982 1311 1037 egenus
1335 968 1509 1025 factus
1530 979 1635 1034 est,
1665 978 1721 1023 ut
1755 984 1856 1024 nos

266 1071 366 1109 sua
400 1063 719 1124 paupertate
748 1055 960 1109 (litaret.
989 1054 1035 1113 0
1077 1057 1232 1112 beata
1271 1070 1584 1128 paupertas,
1612 1074 1732 1128 qua:
1759 1073 1856 1113 nos

266 1144 471 1199 divites
504 1145 762 1199 reddidit!
792 1161 828 1200 ο
859 1145 981 1200 felix
1034 1146 1236 1217 inopia,
1266 1163 1384 1217 qum
1424 1164 1523 1203 nos
1566 1148 1857 1217 locupletes

270 1234 482 1289 cll'ecit!
516 1235 727 1303 Quanta
752 1245 806 1290 et
831 1236 1006 1307 qualis
1042 1246 1129 1291 est
1169 1238 1269 1292 ista
1318 1247 1607 1309 paupertas
1631 1254 1751 1309 qua:
1786 1239 1857 1293 ab

271 1326 478 1395 angelis
508 1328 804 1392 nuntiatur,
838 1344 867 1381 a
906 1330 1215 1399 pastoribus
1257 1339 1569 1395 veneratur,
1613 1346 1642 1385 a
1689 1329 1859 1400 Magis

268 1414 663 1473 olliuiosissimc
684 1419 950 1472 salutatur
971 1428 1024 1473 et
1048 1421 1326 1482 adoratur,
1346 1430 1401 1477 et
1424 1421 1506 1475 cui
1529 1437 1689 1477 omne
1718 1437 1857 1493 genu

269 1507 538 1566 ﬂectitur!
583 1512 780 1580 Quales
824 1521 879 1568 et
928 1524 1161 1584 quantas
1213 1515 1429 1570 divitias
1456 1515 1510 1570 in
1557 1515 1648 1570 illo
1689 1531 1857 1586 puero

262 1601 598 1670 grandaevus
632 1601 720 1656 ille
770 1600 988 1657 Simeon
1031 1602 1211 1672 justus
1247 1613 1304 1658 et
1345 1604 1630 1659 timoratns
1660 1605 1857 1660 intuitu

272 1693 476 1747 mentis
501 1694 741 1764 agnovit,
770 1709 928 1764 quem
959 1704 1243 1765 postquam
1264 1695 1449 1750 videre
1474 1696 1688 1761 meruit,
1722 1694 1856 1751 nihil

267 1794 473 1855 ιιι-τριοτ-
514 1787 686 1855 ipsum
723 1787 1035 1856 concupivit
1084 1787 1287 1854 videre,
1332 1802 1432 1842 nec
1466 1787 1632 1843 etiam
1675 1786 1726 1841 in
1760 1787 1859 1842 hac

268 1876 383 1929 vita
411 1877 739 1933 desideravit
769 1880 982 1934 vivere!
1019 1874 1131 1933 Nisi
1185 1886 1536 1950 cognosceret
1577 1893 1739 1933 senex
1769 1877 1860 1935 ille

270 1967 496 2023 Simeon
537 1970 591 2024 in
619 1969 839 2025 Christo
865 1979 922 2025 et
968 1986 1067 2041 per
1096 1970 1373 2026 Christum
1414 1984 1577 2041 posse
1600 1970 1859 2041 consequi

265 2068 589 2129 perpetuam
612 2060 802 2126 vitam,
828 2070 1056 2115 nontam
1089 2060 1324 2117 libenter
1350 2078 1416 2118 eo
1444 2061 1665 2133 cognito
1698 2077 1862 2131 appe-

275 2159 419 2204 teret
442 2151 787 2220 temporalem
816 2161 1066 2205 tnortem.
1100 2150 1424 2222 Responsum
1460 2161 1750 2223 acceperat,
1802 2159 1862 2205 ut

274 2237 456 2296 Lucas
496 2241 834 2314 Evangelista
873 2251 1123 2309 testatur,
1153 2261 1186 2297 a
1215 2242 1417 2312 Spiritu
1442 2253 1623 2297 sancto
1655 2260 1756 2297 non
1781 2243 1858 2296 ri-

271 2347 459 2387 turum
528 2350 584 2387 se
625 2346 866 2402 mortem,
919 2334 1021 2390 nisi
1069 2336 1263 2389 rideret
1314 2321 1579 2393 Christum
1626 2334 1857 2392 Domini.

266 2424 568 2497 Postquam
593 2427 866 2482 Christum
892 2428 1104 2483 Domini
1127 2428 1421 2484 secundum
1446 2428 1860 2497 promissionem

272 2516 513 2588 Spiritus
545 2521 715 2575 sancti
762 2520 980 2575 Simeon
1011 2520 1098 2576 ille
1137 2535 1298 2576 senex
1339 2521 1493 2586 vidit,
1544 2533 1599 2575 et
1625 2520 1861 2577 salutare

270 2608 459 2667 lumen
494 2612 695 2666 mundo
730 2612 942 2667 venisse
982 2611 1254 2682 cognovit,
1300 2611 1573 2666 benedixit
1608 2612 1774 2667 Deum
1806 2618 1862 2667 et

273 2700 417 2754 dixit
450 2718 464 2756 :
497 2700 654 2757 Nunc
685 2702 930 2767 dimittis,
954 2700 1193 2766 Domine,
1216 2718 1417 2756 servum
1449 2710 1595 2755 tuum
1625 2702 1679 2754 in
1708 2717 1857 2772 pace,

264 2790 401 2860 quia
434 2790 673 2846 viderunt
698 2790 838 2846 oculi
858 2792 961 2845 mei
987 2793 1220 2845 salutare
1249 2799 1417 2844 tuum.

346 2901 457 2958 Nos
485 2917 640 2975 ergo,
665 2902 1003 2958 dilectissimi
1054 2904 1269 2967 fratres,
1322 2902 1482 2974 hujus
1527 2902 1857 2959 sanctissimi

272 2992 424 3048 senis
451 2993 719 3049 Simeonis
741 2996 1047 3062 exemplum
1074 3002 1377 3063 sequentes,
1399 2986 1681 3048 Dominum
1706 2994 1863 3050 Chri-

270 3093 421 3139 stum
456 3086 511 3140 in
546 3086 803 3141 mundum
829 3086 1040 3141 venisse
1080 3085 1388 3153 credamus,
1419 3087 1563 3142 ulnis
1606 3087 1861 3144 sinceris—
1888 3115 1932 3175 Γ
1961 3085 2154 3110 ““¹¹¹³
2182 3085 2316 3118 ⁵⁵³“’
2349 3085 2403 3110 ⁹⁵
2427 3085 2494 3110 ⁴³“
2524 3085 2644 3126 “mn
2673 3085 2840 3126 Ψ³¹¹¹³
2870 3085 2980 3111 “¹“¹
3025 3085 3276 3112 ⁸⁸⁵¹¹¹¹⁵υ⁴¹⁸
3304 3085 3541 3118 “¹”⁰¹“¹⁹

274 3175 429 3218 sim”
466 3176 770 3218 ,ηιρριεηηία
806 3177 1067 3218 ﬂammma
1116 3177 1233 3218 βίης
1267 3180 1582 3218 mm“...th
1634 3180 1863 3218 mnum,
1914 3155 1933 3177 ⁴
1964 3147 2209 3203 ordinem
2237 3148 2562 3204 narrationis
2585 3149 2827 3218 incipere
2850 3148 3039 3215 voluit,
3063 3149 3155 3204 sed
3186 3150 3541 3204 circumstan-

274 3175 429 3231 simze
466 3176 770 3233 dilectionis
806 3177 1068 3234 adventus
1116 3177 1234 3247 ejus
1267 3180 1585 3234 memoriam
1633 3180 1863 3236 ﬁdeliter

275 3266 691 3338 amplectentes,
720 3269 770 3324 ci
800 3278 984 3339 utpote
999 3270 1243 3325 membra
1267 3270 1426 3340 capiti
1451 3269 1861 3340 conjungamur,

280 3358 357 3412 ita
388 3366 570 3412 utnon
601 3357 670 3413 ab
690 3372 755 3413 co
794 3373 1128 3430 separemur,
1157 3374 1328 3428 usque
1355 3360 1480 3414 dum
1508 3375 1630 3414 eum
1659 3362 1710 3415 in
1737 3370 1865 3417 tem-

278 3448 370 3518 plo
417 3447 601 3518 gloria:
646 3464 758 3503 suae
802 3449 986 3505 videre
1040 3464 1371 3504 mereamur.
1428 3448 1607 3505 Vitam
1649 3467 1865 3521 quoque

278 3538 443 3595 istam
485 3537 728 3594 fallacem
758 3546 815 3595 et
858 3539 1118 3595 caducam
1148 3539 1436 3609 fugientes,
1479 3542 1546 3595 ad
1576 3541 1717 3595 illam
1743 3558 1865 3612 quae

278 3645 409 3685 vera
442 3638 496 3685 et
538 3646 861 3700 permanens
885 3640 992 3697 est,
1022 3641 1134 3686 loto
1163 3632 1362 3687 mentis
1391 3632 1660 3688 desiderio
1689 3636 1868 3689 tenda-

282 3734 424 3783 mus,
452 3719 745 3776 auxiliante
768 3719 991 3776 Domino
1015 3730 1200 3777 nostro
1228 3720 1355 3776 Jesu
1382 3720 1618 3788 Christo,
1649 3724 1864 3793 quiest,

284 3818 346 3862 ut
377 3810 491 3878 ipse
520 3811 671 3876 dicit,
697 3812 803 3878 via,
833 3812 1033 3867 veritas
1061 3822 1119 3867 et
1144 3813 1280 3869 vita:
1312 3813 1418 3879 via,
1444 3812 1691 3870 videlicet
1719 3828 1869 3871 recte

276 3899 677 3969 gradientium;
732 3901 961 3968 veritas,
1005 3903 1289 3959 veritatem
1345 3905 1675 3970 amantium;
1726 3907 1866 3972 vita,

289 3989 430 4044 bene
460 3990 774 4046 viventium.
823 3992 922 4060 Qui
972 3995 1107 4049 vivit
1156 4003 1211 4049 et
1252 4002 1441 4066 regnat
1467 4010 1589 4049 cum
1621 3995 1782 4050 Patre
1816 4005 1873 4051 et

282 4083 496 4153 Spiritu
537 4094 728 4142 sancto
756 4101 852 4157 per
876 4087 1055 4141 omnia
1080 4088 1275 4142 saacula
1303 4086 1641 4143 steculorum.
1676 4087 1867 4143 Amen.

895 4215 1127 4272 SERMO
1168 4216 1256 4270 IV.

666 4322 735 4363 DE
773 4322 1167 4364 ικοιιικλτιοδε
1209 4325 1457 4366 ΒΟΜΙΝΠΖΛ
1468 4348 1482 4364 ο

359 4416 653 4472 Dominica:
713 4419 1100 4475 incarnationis
1130 4429 1182 4474 et
1250 4432 1449 4476 nostra:
1497 4425 1871 4492 reparationis,

285 4506 430 4574 quod
460 4505 592 4561 fides
640 4506 877 4561 fidelium
914 4508 1177 4563 hodierna
1205 4510 1292 4564 die
1322 4511 1530 4577 recolit,
1561 4528 1869 4568 sacramen-

282 4607 428 4663 tum,
453 4598 578 4653 licet
608 4600 913 4671 granditate
938 4601 1020 4655 sui
1055 4608 1111 4655 et
1151 4600 1466 4657 excellentia
1495 4604 1784 4659 humanum
1815 4614 1871 4661 et

286 4693 595 4763 angelicum
639 4696 868 4751 excedat
901 4697 1255 4763 intellectum,
1304 4709 1481 4754 tamen
1516 4701 1775 4772 quidquid
1803 4703 1869 4757 de

284 4784 479 4840 eodem
530 4787 704 4855 potuit
750 4787 832 4841 vel
889 4788 1077 4844 debuit
1120 4791 1578 4860 conqirehendere
1622 4801 1678 4847 et
1731 4794 1870 4851 scire

288 4876 589 4931 electorum
620 4878 855 4939 devotio,
904 4888 1074 4935 totum
1114 4896 1214 4950 per
1251 4883 1503 4953 antiquos
1536 4894 1741 4954 patres,
1764 4886 1870 4943 Ve-

291 4970 423 5025 teris
445 4970 697 5027 videlicet
716 4969 1046 5028 Testamenti
1071 4976 1411 5044 patriarchas
1441 4985 1495 5031 et
1519 4986 1669 5035 vates
1695 4979 1874 5050 dispo-

290 5062 401 5115 suit
444 5064 718 5131 nuntiare,
746 5073 800 5120 ct
830 5081 926 5136 per
969 5067 1243 5137 apostolos
1270 5081 1325 5125 ct
1353 5071 1733 5140 evangelistas,
1762 5073 1875 5130 ido-

288 5167 427 5208 neos
477 5169 631 5211 novm
681 5155 816 5226 legis
866 5159 1171 5223 ministros,
1226 5162 1443 5234 dignata
1494 5171 1578 5216 est
1622 5180 1877 5225 enarrare

291 5241 491 5282 .livinm
521 5245 843 5282 ιῖἷπινιίῖηηῖα
888 5246 1137 5282 "niani-ac
1189 5246 1397 5282 numam
1443 5250 1586 5282 anim
1617 5259 1666 5282 nt
1695 5257 1871 5282 μευ-12-

1903 4474 1950 4533 D

1956 506 2117 561 dictis
2150 505 2314 578 igitur
2355 505 2642 574 majorum,
2688 504 3078 564 catholicorum
3120 510 3403 569 doctorum
3438 532 3531 571 co-

1957 596 2287 667 gnoscimus,
2308 599 2590 669 utriusque
2614 597 2942 655 Testameuti
2966 613 3171 670 patres,
3201 604 3326 659 licet
3349 616 3531 663 essent

1952 685 2091 761 locis
2118 695 2173 741 et
2225 688 2558 757 temporibus
2605 688 2785 754 divisi,
2830 692 3157 748 unanimiter
3192 703 3371 752 tamen
3406 713 3533 753 sen-

1956 779 2092 833 sisse
2126 778 2193 834 de
2230 778 2401 849 gloria
2443 781 2704 836 adventus
2735 782 3017 839 Dominici.
3067 785 3134 841 Et
3165 796 3224 840 ut
3264 788 3366 844 hoc
3411 790 3533 846 sine

1956 868 2119 924 dubio
2137 884 2547 940 cognoscamus,
2567 870 2757 928 beatus
2779 890 2915 945 papa
2934 874 3245 946 Gregorius,
3268 879 3335 933 ad
3358 879 3537 936 instar

1956 958 2194 1013 cmlestis
2220 957 2433 1024 sideris,
2462 960 2604 1030 quod
2631 971 2834 1031 septem
2865 964 3035 1020 stellis
3058 982 3164 1021 non
3193 968 3353 1023 simul
3379 978 3532 1025 stau-

1958 1047 2119 1114 tibus,
2170 1050 2264 1103 sed
2310 1048 2470 1105 simul
2523 1051 2865 1119 micantibus,
2918 1071 3052 1124 quas
3103 1057 3282 1114 divina
3335 1060 3533 1131 pagina

1956 1139 2203 1195 Pleiades
2250 1142 2514 1204 nominat,
2562 1142 2775 1198 divinos
2825 1155 3076 1203 auctores
3118 1150 3185 1204 ad
3228 1151 3533 1205 enarranda

1958 1239 2159 1285 nostrae
2184 1230 2371 1286 salutis
2403 1233 2683 1303 mysteria,
2710 1234 2811 1290 etsi
2858 1236 3121 1293 discretos
3159 1239 3291 1296 locis
3316 1250 3372 1297 et
3400 1252 3536 1296 tem-

1957 1321 2202 1388 poribus,
2230 1322 2282 1376 iu
2312 1338 2419 1376 una
2450 1331 2628 1379 tamen
2659 1324 2763 1380 (ide
2786 1335 2841 1379 et
2862 1327 3093 1382 veritate
3121 1327 3398 1387 refulsisse
3432 1332 3530 1387 de-

1957 1412 2195 1469 nuntiat.

1937 1517 1953 1535 ·
2030 1504 2140 1561 llos
2163 1522 2266 1561 non
2297 1506 2471 1563 solum
2505 1509 2707 1574 stellas,
2753 1509 2845 1564 sed
2882 1511 3044 1565 etiam
3075 1512 3261 1581 caalos,
3292 1513 3534 1570 Davidici

1948 1596 2228 1652 ‘sermonis
2248 1599 2733 1663 vocatauctoritas,
2757 1598 2977 1654 dicens:
3006 1598 3133 1654 Cesti
3155 1612 3403 1655 enarrant
3424 1602 3535 1673 glo-

1962 1688 2097 1742 riam
2129 1687 2242 1742 Dei.
2277 1687 2339 1743 lli
2370 1688 2569 1744 etenim
2596 1690 2747 1755 caeli,
2772 1690 2853 1745 ha:
2876 1690 3067 1755 stellze,
3101 1702 3403 1763 emtor-aque
3428 1693 3538 1763 spi-

1891 1761 1935 1822 Β
1963 1777 2181 1834 ritualia
2210 1787 2268 1834 et
2291 1781 2634 1836 rationabilia
2674 1791 2819 1837 astra
2851 1783 3015 1837 verbo
3055 1784 3310 1849 lucentia,
3352 1800 3537 1839 arnore

1950 1869 2229 1934 ardentia,
2265 1886 2375 1926 non
2409 1886 2441 1925 a
2472 1878 2551 1937 se,
2591 1871 2685 1928 sed
2718 1873 2786 1927 ab
2819 1884 3041 1930 auctore
3086 1890 3184 1931 suo
3226 1872 3539 1932 habuerunt

1959 1969 2022 2017 ut
2054 1975 2305 2017 sermone
2331 1961 2597 2026 lucerent,
2627 1963 2920 2019 dilectione
2955 1966 3228 2032 arderem,
3250 1976 3305 2022 et
3332 1982 3394 2022 ea
3419 1983 3539 2038 qua:

1959 2049 2026 2106 de
2054 2051 2172 2122 ipso
2191 2061 2498 2117 senserunt,
2524 2050 2725 2124 Spiritu
2755 2065 2940 2109 sancto
2961 2055 3206 2122 docente,
3228 2068 3535 2113 narrarent.

1960 2141 2199 2209 Quorum
2231 2142 2321 2197 alii
2353 2143 2619 2208 diffusius,
2650 2144 2741 2200 alii
2772 2146 3226 2216 campcndiosius,
3263 2148 3351 2202 alii
3387 2164 3539 2218 aper-

1961 2232 2088 2296 tius,
2116 2231 2206 2285 alii
2232 2232 2514 2289 obscurius
2537 2234 2602 2288 de
2634 2233 2831 2288 divinis
2855 2235 2957 2289 sibi
2985 2235 3237 2291 revelatis
3267 2237 3542 2307 mysteriis

1950 2322 2123 2379 locuti
2151 2331 2296 2378 sunt.
2328 2323 2405 2379 Ex
2438 2325 2633 2393 quibus
2676 2326 2815 2381 sicut
2854 2326 2996 2381 inter
3025 2336 3233 2382 veteres
3262 2338 3444 2398 patres
3470 2330 3541 2384 ad

1959 2413 2369 2484 prtenuntianda
2399 2414 2577 2470 divina
2600 2397 2880 2480 beneﬁcia,
2914 2415 3120 2487 insigne
3146 2397 3412 2485 quoddam
3445 2433 3544 2474 no-

1960 2502 2257 2559 bilissimas
2291 2504 2676 2573 prophetarum
2717 2503 3054 2575 privilegium
3083 2505 3314 2561 obtinuit
3348 2505 3539 2571 Isaias,

1961 2594 2036 2650 ita
2072 2595 2138 2650 ad
2166 2597 2468 2651 enarranda
2514 2595 2778 2652 incarnati
2807 2596 2969 2653 Verbi
3000 2606 3054 2652 et
3075 2598 3300 2668 virginei
3331 2609 3539 2669 partus,

1960 2703 2160 2744 arcana
2190 2688 2470 2759 mysteria,
2519 2689 2870 2760 principalem
2912 2690 3087 2745 locum
3139 2689 3388 2746 obtinere
3419 2707 3545 2762 pro-

1960 2781 2162 2836 meruit
2188 2780 2382 2835 Lucas.
2410 2781 2511 2836 ilic
2534 2782 2618 2835 vir
2645 2780 3012 2837 divinissimus
3033 2792 3106 2847 et,
3139 2791 3197 2836 ut
3225 2784 3400 2838 omnis
3425 2784 3542 2854 ejus

1962 2872 2255 2943 descriptio
2284 2873 2554 2943 patefecit,
2588 2862 2736 2928 omni
2768 2858 3031 2944 sapientia
3061 2878 3121 2930 et'
3161 2861 3388 2931 scientia
3419 2892 3543 2930 cru-

1962 2963 2284 3030 ditissimus,
2316 2981 2418 3019 non
2443 2966 2495 3019 iu
2524 2966 2715 3036 primis
2739 2966 2806 3020 ad
2843 2964 3003 3021 ea'de
3032 2965 3226 3035 quibus
3268 2968 3440 3037 inagis
3465 2967 3544 3021 di-

1961 3062 2154 3110 cturus
2182 3063 2316 3118 erat,
2349 3062 2403 3110 et
2427 3056 2494 3110 ad
2524 3072 2644 3126 qua:
2673 3056 2840 3126 ipsius
2870 3064 2980 3111 tota
3024 3056 3276 3112 tendebat
3304 3057 3541 3118 devotio,

1967 3240 2039 3293 tia
2076 3241 2353 3304 miracula,
2399 3242 2802 3312 generationem
2837 3240 3088 3297 videlicet
3117 3241 3378 3296 Dominici
3407 3258 3546 3312 pra:-

1965 3332 2202 3387 cursoris
2227 3341 2282 3387 et
2317 3340 2515 3397 ortum,
2546 3333 2711 3387 vitam
2745 3333 2860 3403 ejus
2895 3332 3219 3399 mirabilem,
3254 3348 3547 3389 conversa-

1967 3422 2164 3478 tionem
2192 3432 2460 3487 sanctam,
2494 3432 2552 3479 et
2591 3425 2884 3480 inauditam
2916 3441 2945 3478 a
2976 3420 3187 3479 saeculis
3234 3425 3284 3478 in
3317 3425 3456 3478 victu
3489 3433 3546 3480 et

1965 3517 2159 3572 vestitu
2191 3517 2592 3582 abstinentiam,
2622 3527 2677 3572 et
2703 3519 2755 3572 in
2784 3517 2929 3573 omni
2960 3532 3157 3589 genere
3189 3532 3541 3592 perseveran-

1969 3617 2075 3663 tem
2104 3608 2463 3663 constantiam
2510 3616 2566 3663 ct
2609 3617 2945 3664 constantem
2982 3612 3465 3679 persevrrautiam,
3492 3616 3550 3661 et

1965 3700 2036 3754 ad
2091 3698 2533 3767 reprehendenda
2582 3699 2711 3753 vitia
2767 3700 3195 3755 robustissimam
3249 3696 3544 3753 liberalita-

1969 3801 2096 3848 tem.
2140 3792 2434 3846 Parentum
2487 3792 2650 3846 etiam
2706 3791 2822 3863 ejus
2882 3791 3267 3846 nobilissimam
3324 3799 3376 3845 et
3428 3789 3548 3846 sine

1967 3882 2113 3937 omni
2180 3881 2398 3952 querela
2442 3879 2709 3949 justitiam
2768 3882 2837 3936 ad
2906 3880 3169 3952 liquidum
3240 3882 3550 3938 describere

1968 3972 2157 4026 voluit.
2204 3972 2499 4040 Postquam
2546 3987 2676 4026 vero
2725 3962 2791 4027 de
2839 3972 2925 4027 bis
2972 3970 3296 4029 sufﬁcienter
3343 3974 3547 4028 dixisse

1971 4075 2027 4114 se
2106 4060 2358 4125 credidit,
2393 4061 2461 4116 ad
2487 4060 2799 4115 disserenda
2828 4076 2891 4116 ea
2915 4077 3034 4131 qua:
3062 4061 3118 4115 in
3146 4070 3268 4116 voto
3291 4061 3546 4127 habebat,

1968 4159 2247 4218 prmeunte
2289 4149 2491 4204 lumine
2533 4151 3020 4223 caelestis-gratiae,
3064 4169 3122 4209 se
3171 4161 3341 4208 totum
3381 4153 3547 4215 dedit,

1966 4236 2221 4308 inquiens
2251 4259 2264 4293 :
2298 4236 2491 4293 Missus
2535 4251 2609 4294 est
2639 4240 2852 4311 angelus
2887 4240 3099 4297 Gabriel
3126 4257 3157 4293 a
3184 4240 3292 4295 Deo
3334 4243 3386 4296 in
3421 4243 3551 4296 civi-

1968 4345 2131 4389 tatem
2173 4333 2429 4400 Galilwa’,
2480 4338 2567 4390 cui
2610 4354 2797 4391 nomen
2848 4337 3137 4402 Nazareth,
3188 4340 3258 4392 ad
3299 4332 3551 4409 virginem

1976 4427 2338 4496 desponsatam
2368 4429 2499 4494 viro,
2542 4431 2627 4483 cui
2671 4447 2857 4485 nomen
2908 4441 3019 4486 erat
3065 4430 3259 4502 Ioseph
3300 4433 3364 4487 de
3393 4432 3549 4487 domo

1974 4520 2171 4585 David,
2200 4532 2247 4575 et
2276 4538 2461 4577 nomen
2486 4523 2720 4594 virginis,
2750 4523 2946 4580 Maria.

1964 4620 1971 4629 ’
2044 4609 2382 4676 Audivimus;
2416 4609 2631 4678 fratres,
2661 4615 2910 4685 angelum
2943 4632 2971 4671 a
3000 4616 3111 4673 Eco
3134 4616 3296 4674 Patre
3334 4618 3403 4673 ad
3430 4617 3552 4671 Vir-

1975 4700 2153 4773 ginem
2179 4703 2428 4768 missum,
2458 4704 2761 4761 audivimus
2790 4705 3063 4777 Virginem
3109 4723 3246 4764 novo
3273 4710 3555 4763 salutatio-

1978 4794 2062 4848 nis
2087 4793 2287 4850 famine
2302 4795 2689 4869 salutatam,et
2711 4798 2763 4851 in
2788 4799 2905 4869 ipsa
2926 4799 3269 4866 salutatione,
3301 4809 3356 4853 ut
3389 4799 3561 4852 Evan-

1966 4875 2172 4958 gelium
2195 4887 2455 4959 loquitur,
2480 4888 2645 4945 fuisse
2672 4891 2959 4945 turbatam.
2986 4888 3303 4946 Audivimus
3324 4888 3553 4944 Gabrie-

1973 4975 2085 5030 ‘lem
2135 4977 2520 5047 archangelum
2566 4980 2744 5033 verbis
2781 4978 3176 5041 consolatoriis,
3230 4966 3295 5031 ne
3346 4976 3566 5031 timeret

1984 5069 2294 5135 allocutum,
2323 5086 2391 5146 eo
2426 5069 2566 5137 quod
2595 5069 2887 5122 invenisset
2913 5068 3142 5137 gratiam
3194 5067 3337 5137 apud
3378 5064 3565 5118 Domi-

1987 5179 2135 5229 num,
2151 5164 2343 5218 deinde
2356 5160 2730 5232 g'eneraturam
2748 5167 2802 5212 ct
2816 5159 3108 5227 parituram
3124 5154 3563 5217 asseruitﬁlium.

1986 5260 2146 5282 unus";
2178 5242 2433 5282 η-ἠηηᾼσιῖθ
2456 5257 2506 5282 nl
2530 5258 2741 5282 πιιηηναι
2769 5245 2938 5282 [aa-Im
2986 5244 3142 5282 Ιιιιιιρ
3158 5262 3281 5282 Acen
3309 5242 3562 5282 maniam“
