4072 5350
556 81 710 151 ⁸ιοοες

1456 86 1513 139 S.
1556 85 1871 144 ODILONIS
1908 87 2196 146 ABBATIS
2234 92 2732 151 CLUNIACENSIS
2773 95 2810 149 V

3680 93 3823 148 1006

568 196 794 253 scientia
822 172 1010 253 habuit
1038 206 1092 252 et
1112 197 1393 268 disposuit.
1428 199 1555 254 Post
1588 200 1975 256 consolationis
2023 200 2138 255 olli—
2168 208 2211 266 Α
2240 219 2442 256 servum
2515 221 2706 258 meum.
2760 205 2891 271 Quis
2954 205 3158 258 audivit
3210 218 3445 273 unquam
3510 202 3657 257 tale?
3719 203 3825 257 Aut

570 291 866 347 ciosissima
895 291 1353 361 ctjucundissima
1373 292 1589 356 lamina,
1618 294 1778 363 Virgo
1798 294 2139 350 sanctissima

569 382 951 452 interrogando
980 390 1033 435 et
1068 382 1247 452 potius
1276 386 1328 438 in
1352 385 1654 439 cunctando
1676 386 1841 454 cmpit
1868 386 2140 455 inquirere

566 470 835 539 quomodo
862 470 977 525 fieri
1002 480 1185 542 posset
1213 473 1356 543 quod
1378 474 1602 544 angelus
1624 474 1893 530 insolitam
1919 484 1973 530 et
1995 476 2141 531 inau-

565 562 731 614 ditam
774 577 885 617 rem
925 571 1072 617 tanta
1111 564 1431 619 auctoritate
1478 569 1725 621 nuntiare
1750 577 2135 637 praesumeret;

565 648 723 718 hujus
763 651 841 706 rei
876 649 1101 719 factum,
1162 654 1305 723 quod
1355 664 1548 708 natura
1568 671 1674 710 non
1734 656 1941 724 habuit,
1994 656 2138 727 quod

563 742 811 812 exemplo
846 745 1039 810 caruit,
1078 744 1283 816 Spiritu
1309 755 1496 803 sancto
1521 748 1932 817 superveniente
1957 757 2012 803 et
2032 749 2141 802 vir-

565 842 680 889 tute
697 834 956 891 Altissimi
985 836 1343 893 obumbrante
1366 839 1590 909 angelus
1618 840 1733 895 lieri
1759 856 1917 912 posse
1946 842 2139 911 perdo-

564 924 692 977 cuit.
738 922 782 980 Ο
810 925 1109 981 inauditum
1141 935 1197 982 et
1231 927 1549 983 admirabile
1593 929 1881 1001 singularis
1921 931 2139 987 humili-

565 1016 691 1071 tatis
721 1016 1056 1086 exempluml
1088 1018 1164 1074 Ea
1191 1034 1313 1089 quas
1340 1034 1400 1076 se
1426 1020 1710 1076 Dominum
1740 1032 1796 1078 et
1821 1021 2137 1078 Creatorem

563 1123 718 1162 suum
766 1109 1078 1179 concepisse
1103 1110 1370 1178 gaudebat
1411 1121 1466 1167 et
1490 1112 1556 1167 de
1583 1126 1641 1167 se
1670 1113 2001 1168 nasciturum
2029 1129 2137 1169 non

567 1198 871 1263 dubitabat,
904 1215 1025 1253 eum
1057 1208 1240 1270 posset
1273 1216 1332 1257 se
1360 1216 1686 1271 cognoscere
1714 1204 1829 1260 sine
1858 1204 2138 1276 dispendio

567 1306 677 1345 suae
701 1291 1082 1347 sincerissima
1121 1293 1446 1351 humilitatis
1500 1296 1737 1351 omnium
1779 1296 2015 1353 ﬁdelium
2046 1298 2138 1354 do-

568 1383 789 1445 minam,
822 1397 926 1438 non
960 1383 1167 1439 distulit
1190 1399 1250 1440 se
1272 1401 1466 1443 vocare
1499 1388 1708 1443 Domini
1749 1389 1830 1444 sui
1860 1390 2135 1457 ancillam,

559 1473 743 1528 dicens
786 1491 799 1527 :
840 1472 973 1529 Ecce
1010 1474 1203 1531 ancilla
1246 1475 1482 1545 Domini,
1528 1478 1623 1548 [int
1660 1480 1788 1535 mihi
1842 1482 2129 1538 secundum

558 1566 766 1620 verbum
795 1577 965 1624 tuum.

631 1657 858 1727 Videte,
912 1659 1148 1727 fratres,
1200 1661 1559 1720 humilitatem
1622 1665 1856 1737 Virginis
1899 1667 2134 1724 Verbum

561 1747 653 1802 Dei
684 1749 1056 1820 concipienlis.
1092 1749 1281 1808 Videte
1307 1753 1671 1809 obedientiam
1702 1755 1913 1811 Domini
1940 1757 2006 1813 ad
2035 1772 2136 1815 nos

559 1853 657 1906 per
703 1840 975 1912 Virginem
1009 1840 1295 1899 venientis.
1347 1842 1537 1900 Videte
1577 1844 1879 1901 claritatem
1914 1855 1969 1903 et
1996 1846 2135 1904 dile-

556 1930 814 1995 ctionem,
841 1932 984 1987 circa
1021 1933 1315 1989 humanum
1344 1950 1531 2006 genus,
1562 1935 1657 1991 Dei
1686 1936 1863 1992 Patris
1887 1938 2134 2010 angelum

553 2024 624 2079 ad
680 2023 995 2097 Virginem,
1056 2027 1275 2084 nomine
1326 2027 1581 2096 Mariam,
1632 2029 1916 2086 mittentis.
1966 2030 2136 2102 llujus

550 2113 877 2171 nobilissimi
912 2118 1145 2173 nominis
1184 2119 1468 2190 praedulcis
1503 2120 1881 2192 interpretatio
1908 2121 2133 2178 claritu-

549 2204 735 2261 dinem
759 2207 1076 2263 meritorum
1100 2208 1243 2264 illius
1263 2219 1425 2281 atque
1445 2210 1705 2266 virtutum
1726 2221 1909 2283 aperta
1928 2214 2135 2270 ratione

548 2296 907 2353 demonstrat.
938 2298 1330 2370 Interpretatur
1365 2301 1509 2357 enim
1567 2302 1733 2359 Maria
1786 2305 1938 2360 stella
1971 2307 2133 2362 maris

548 2390 668 2445 sive
696 2390 934 2447 domina.
984 2391 1174 2449 Merito
1219 2403 1444 2449 vocatur
1489 2395 1733 2463 Domina,
1769 2397 1895 2467 quia
1945 2398 2133 2454 Domi-

549 2494 680 2533 num
735 2480 900 2537 totius
944 2490 1232 2550 creaturae,
1280 2482 1427 2539 salva
1473 2493 1732 2555 perpetua
1783 2502 1878 2543 sua
1908 2488 2134 2561 virgini-

554 2578 690 2635 tate,
729 2571 994 2629 hodierna
1018 2574 1104 2629 die
1134 2574 1422 2646 concipere
1469 2584 1523 2631 et
1570 2586 1723 2634 certo
1763 2588 2003 2650 tempore
2049 2582 2132 2652 gi-

552 2678 721 2734 gnere
751 2666 968 2720 meruit.
1000 2665 1097 2722 Cui
1129 2668 1270 2724 Deus
1316 2668 1498 2736 Pater,
1526 2679 1586 2726 ut
1617 2670 1783 2728 David
1814 2674 2131 2743 patriarcha

554 2761 787 2807 testatur
825 2754 881 2809 in
931 2756 1162 2825 psalmo,
1206 2758 1391 2815 dicens
1438 2777 1451 2813 :
1491 2758 1627 2814 Data
1669 2772 1743 2816 est
1788 2763 1918 2817 mihi
1964 2765 2132 2819 omnis

551 2853 778 2911 potestas
815 2848 868 2899 in
898 2846 1023 2900 cwlo
1049 2858 1097 2902 et
1126 2847 1183 2903 in
1214 2859 1377 2917 terra,
1418 2858 1527 2905 etc.
1559 2849 1634 2906 De
1664 2866 1772 2923 quo
1824 2852 1964 2908 idem
1991 2854 2127 2911 Pro-

551 2934 714 3002 pheta
748 2950 763 2989 :
805 2935 1017 2991 Domini
1048 2947 1120 2992 est
1152 2949 1293 2994 terra
1332 2949 1380 2995 et
1410 2941 1677 3011 plenitudo
1721 2943 1855 3013 ejus.
1900 2942 2034 3001 item
2070 2946 2125 3002 in
2153 2925 2199 2989 C

551 3024 738 3082 eodem
797 3027 1004 3097 psalmo
1036 3046 1048 3082 :
1090 3029 1346 3086 Dominus
1373 3032 1525 3102 [ortis
1556 3044 1602 3088 et
1638 3045 1840 3105 potens,
1873 3036 2128 3095 Dominus

546 3125 732 3185 potens
761 3118 816 3171 in
843 3120 1048 3189 prcclio.
1088 3120 1157 3177 Et
1200 3130 1258 3177 ut
1304 3123 1450 3179 illum
1501 3125 1696 3181 fortem
1748 3135 1804 3182 et
1854 3137 2126 3200 potentem

550 3208 863 3275 credamus,
910 3210 1129 3269 Gabriel
1185 3216 1543 3289 arehangelus
1587 3220 1679 3290 qui
1726 3220 1979 3291 fortitudo
2028 3224 2128 3279 Dei

551 3299 767 3363 dicitur,
806 3304 1137 3360 nasciturum
1161 3307 1227 3361 de
1261 3308 1480 3379 Virgine
1505 3312 1877 3383 evangelizare
1906 3314 2123 3382 debuit,

550 3406 710 3460 quem
769 3393 1258 3452 adsdebellandum
1329 3401 1647 3470 perditionis
1708 3403 2005 3475 principem
2071 3417 2125 3463 et

550 3483 740 3539 mortis
778 3484 1060 3554 imperium
1118 3488 1525 3557 destruendum,
1563 3493 1708 3549 velut
1751 3497 1979 3567 geniinze
2040 3499 2125 3570 gi-

548 3582 766 3643 gantem
796 3576 1111 3633 substantia:
1136 3580 1480 3651 omnipotens
1503 3584 1664 3640 Pater
1686 3587 1902 3642 unicum
1926 3588 2121 3644 Filium

540 3677 703 3720 suum
750 3668 1069 3725 transmisit.
1134 3669 1483 3743 Consequens
1534 3675 1735 3731 etenim
1787 3685 1873 3733 est
1920 3687 1980 3733 ut
2029 3678 2124 3736 Dei

539 3756 782 3824 .genitrix
830 3769 884 3814 et
929 3775 1143 3831 semper
1179 3764 1330 3835 virgo
1362 3764 1529 3822 Maria
1574 3760 1739 3823 maris
1767 3769 1924 3825 stella
1965 3787 2124 3828 voce-

540 3857 658 3914 tur,
686 3849 810 3919 quia
840 3851 980 3906 sicut
1005 3851 1078 3907 illi
1111 3854 1204 3923 qui
1236 3855 1376 3910 inter
1422 3855 1618 3913 ﬂuctus
1670 3859 1836 3915 maris
1859 3863 2123 3918 exercita-

544 3942 700 3997 tione
728 3943 926 4013 navigii
956 3942 1225 4012 laborant,
1255 3946 1427 4003 stellis
1476 3948 1577 4004 sibi
1608 3951 1717 4006 Deo
1766 3961 1988 4008 auctore
2040 3953 2120 4008 fa-

539 4036 897 4103 mulanlibus,
948 4038 1016 4093 ad
1046 4052 1261 4109 portum
1290 4042 1488 4112 quietis
1530 4044 1717 4099 venire
1767 4046 2117 4114 desiderant;

540 4125 616 4212 ita
672 4127 917 4198 quisquis
968 4128 1021 4184 in
1046 4129 1214 4200 hujus
1243 4134 1424 4190 saeculi
1469 4136 1772 4206 periculoso
1812 4140 2116 4212 naufragio,

539 4211 793 4270 ﬂuctibus
838 4218 1158 4287 perniciosis
1212 4220 1570 4287 irruentibus,
1624 4226 1738 4281 sive
1765 4227 1831 4282 de
1898 4211 2114 4295 animm,

2242 293 2363 363 quis
2412 293 2548 348 vidit
2592 295 2715 349 huic
2744 293 2953 349 simile?
2992 292 3189 365 Virgo,
3228 292 3514 347 Dominum
3551 291 3821 362 paritura,

2240 385 2492 440 ancillam
2543 402 2601 442 se
2637 386 2849 442 Domini
2895 396 3081 452 vocat;
3150 388 3291 441 Deus
3339 385 3505 440 Pater
3548 385 3821 439 hominem

2239 477 2572 535 nasciturum
2603 486 2885 534 servumet
2906 478 3180 533 Orientem
3203 474 3453 549 appellat.
3480 475 3535 530 ln
3556 485 3819 545 quantum

2240 566 2423 632 homo,
2456 582 2676 633 servus;
2703 568 2757 622 in
2774 578 3033 638 quantum
3064 567 3276 633 Oriens,
3299 567 3469 622 Filius
3498 576 3819 632 coaeternus,

2238 657 2719 712 consubstantialis
2740 667 2796 713 et
2817 659 3030 713 unicus.
3054 658 3128 713 De
3148 673 3255 729 quo
3273 657 3568 712 Malaehias
3588 656 3822 727 prophe—

2242 756 2291 802 ta
2312 763 2327 801 :
2350 748 2507 803 Vobis
2531 751 2828 806 timentibus
2850 751 3040 816 Deum,
3058 752 3344 807 orietursol
3364 752 3607 819 iustitiae.
3631 751 3697 805 Et
3723 750 3821 804 Za-

2239 822 2455 894 charias
2481 840 2533 893 in
2567 841 2859 913 Evangelio
2887 861 2899 896 :
2937 839 3167 898 Visitavit
3194 860 3285 897 nos
3314 842 3502 896 Oriens
3522 859 3589 897 ea:
3617 843 3749 897 alto.
3776 841 3821 898 Ο

2237 940 2443 1001 quanta
2492 933 2773 1005 qualisque
2792 934 2946 990 stella
2977 934 3070 990 Dei
3094 934 3325 1005 genitrix
3352 942 3407 988 et
3426 949 3644 1004 semper
3666 934 3820 1005 virgo

2237 1018 2403 1074 Maria
2420 1022 2658 1077 exstitit!
2686 1023 2764 1077 Ex
2812 1038 2916 1093 qua
2948 1022 3035 1078 illa
3063 1022 3304 1089 claritas,
3329 1022 3421 1077 illa
3450 1023 3543 1078 lux
3581 1022 3820 1093 illudque

2238 1113 2439 1181 lumen,
2466 1116 2700 1172 Verbum
2730 1133 2856 1172 caro
2886 1115 3087 1174 factum
3138 1117 3206 1171 ad
3250 1131 3348 1171 nos
3376 1116 3665 1187 processit.
3720 1115 3820 1182 Qui

2237 1224 2345 1263 non
2368 1207 2562 1275 solum,
2588 1217 2648 1262 ut
2667 1208 2997 1281 evangelista
3010 1206 3246 1265 Joannes
3272 1206 3531 1278 praedicat
3556 1225 3569 1260 :
3601 1203 3821 1261 Omnem

2236 1295 2495 1350 hominem
2530 1297 2812 1352 venientem
2836 1298 2888 1352 in
2918 1297 3169 1351 mundum
3200 1296 3497 1360 illuminat;
3527 1296 3625 1351 sed
3654 1297 3819 1351 etiam

2239 1385 2446 1451 stellas,
2473 1387 2657 1442 lunam
2694 1396 2751 1444 et
2788 1387 2957 1443 solem
2996 1397 3052 1444 et
3078 1403 3293 1444 omnem
3317 1396 3633 1443 creaturam
3657 1403 3819 1457 quam

2237 1476 2498 1542 condidit,
2548 1476 2704 1548 regit,
2761 1476 2998 1548 disponit
3046 1487 3103 1533 et
3142 1477 3377 1533 ordinat.
3430 1476 3536 1544 Qui
3588 1477 3723 1532 vivit
3767 1488 3823 1532 et

2162 1558 2211 1620 B
2242 1575 2433 1639 regnat
2462 1584 2586 1625 cum
2638 1568 2747 1625 Deo
2798 1568 2961 1626 Patre
3012 1580 3065 1626 et
3095 1569 3299 1641 Spiritu
3336 1579 3529 1627 sancto
3557 1570 3706 1627 Deus
3728 1586 3824 1642 per

2237 1659 2419 1716 omnia
2444 1658 2641 1716 saecula
2670 1658 3009 1716 seculorum.
3053 1663 3252 1718 Amen.

2841 1773 3072 1830 SERMO
3110 1776 3175 1831 V.

2628 1860 2695 1900 οε
2735 1860 3168 1901 Βεευιιιιεοτιοδε
3205 1860 3387 1902 υοιωι

2306 1932 2621 1990 Certissima
2679 1934 2875 1990 fiducia
2936 1944 3021 1991 est
3069 1933 3505 1990 Christianorum
3559 1934 3821 1992 divinitus

2235 2025 2501 2097 promissa
2566 2027 2893 2083 resurrectio
2928 2035 3285 2083 mortuorum.
3339 2026 3492 2084 Hanc
3535 2028 3686 2084 enim
3720 2029 3823 2084 Ve-

2237 2117 2371 2172 ritas
2400 2116 2741 2188 repromisit;
2767 2117 2981 2173 Veritas
3013 2124 3192 2173 autem
3229 2116 3446 2172 mentiri
3477 2131 3588 2172 nou
3617 2125 3817 2188 potest.

2237 2208 2377 2265 Vera
2426 2216 2511 2264 est
2546 2209 2714 2281 igitur
2740 2209 2805 2265 de
2833 2208 3235 2265 resurrectione
3263 2222 3555 2279 corporum
3583 2207 3820 2279 promis-

2234 2301 2319 2357 sio
2369 2301 2636 2367 veritatis,
2695 2302 2819 2372 quia
2850 2298 3064 2357 Veritas
3093 2316 3213 2372 qua:
3247 2300 3463 2356 mentiri
3493 2316 3605 2356 non
3640 2299 3815 2362 novit,

2238 2401 2409 2450 totum
2458 2408 2681 2450 necesse
2740 2400 2825 2450 est
2868 2392 3089 2465 impleat
3133 2392 3276 2463 quod
3331 2392 3605 2464 promisit.
3661 2390 3817 2446 Hauc

2235 2495 2417 2543 autem
2446 2485 2899 2542 resurrectionem
2923 2500 3232 2556 corporum,
3261 2492 3323 2539 ut
3352 2483 3590 2538 futuram
3616 2483 3814 2539 certis-

2233 2581 2369 2635 sime
2417 2577 2756 2645 noverimus,
2808 2577 2923 2648 ipse
2967 2576 3227 2633 Dominus
3258 2575 3413 2631 nobis
3445 2574 3498 2629 in
3539 2590 3641 2629 suo
3690 2590 3814 2631 cor-

2231 2682 2365 2741 pore
2394 2669 2642 2745 dignatus
2672 2675 2757 2725 est
2780 2668 3172 2724 demonstrare.
3198 2665 3518 2721 Resurrexit
3537 2664 3817 2731 Christus,

2231 2772 2291 2819 ut
2323 2772 2757 2820 resurrecturum
2784 2778 2843 2819 se
2877 2778 2982 2818 non
3011 2762 3222 2818 dubitet
3255 2761 3615 2817 Christianus.
3658 2759 3812 2828 Quod

2232 2858 2374 2913 enim
2406 2856 2685 2928 praecessit
2714 2857 2766 2912 in
2794 2855 2992 2927 capite,
3016 2855 3261 2925 sequitur
3289 2854 3341 2909 in
3366 2868 3615 2924 corpore.
3640 2852 3815 2909 Nosse

2234 2956 2414 3003 autem
2437 2947 2725 3011 debemus,
2750 2946 3085 3002 dilectissimi
3123 2946 3340 3010 fratres,
3361 2945 3494 2999 duas
3514 2959 3638 2999 esse
3668 2958 3819 2998 mor-

2232 3047 2314 3095 tes
2342 3048 2398 3095 et
2437 3038 2571 3095 duas
2616 3038 3068 3095 resurrectiones.
3098 3037 3307 3095 Dicitur
3344 3037 3490 3093 enim
3520 3052 3672 3092 mors
3709 3038 3816 3108 pri-

2232 3147 2343 3197 ma,
2373 3131 2572 3186 dicitur
2596 3140 2651 3186 et
2704 3130 2957 3186 secunda.
2990 3128 3161 3184 Porro
3206 3128 3394 3200 prima:
3448 3128 3646 3183 mortis
3693 3128 3813 3183 dum

2228 3230 2354 3277 sunt
2404 3229 2584 3291 partes
2614 3235 2628 3275 :
2654 3236 2759 3275 una
2796 3236 2901 3292 qua
2948 3221 3223 3287 peccatrix
3252 3221 3427 3274 anima
3469 3234 3566 3289 per
3592 3223 3813 3290 culpam

2234 3314 2463 3369 discedit
2490 3330 2520 3367 a
2566 3312 2826 3368 Creatore
2853 3328 2972 3378 suo,
3004 3312 3171 3367 altera
3206 3327 3335 3383 qua,
3358 3310 3643 3380 judicante
3678 3311 3810 3379 Deo,

2227 3408 2532 3463 excluditur
2557 3422 2652 3476 per
2678 3420 2893 3477 poenam
2922 3408 2987 3462 de
3017 3421 3245 3477 corpore
3269 3421 3386 3461 suo.
3434 3404 3579 3460 Mors
3625 3416 3810 3462 autem

2227 3498 2461 3555 secunda
2500 3500 2613 3568 ipsa
2644 3507 2730 3554 est
2785 3513 2931 3554 mors
2979 3497 3222 3568 corporis
3281 3504 3333 3552 et
3393 3497 3588 3552 animae
3644 3498 3805 3567 puni-

2227 3590 2305 3644 tio
2349 3578 2700 3660 sempiterna.
2730 3589 2834 3644 Per
2860 3598 3089 3644 mortem
3142 3602 3270 3659 ergo
3310 3586 3566 3657 primam,
3620 3586 3807 3639 anima

2225 3679 2350 3734 boni
2400 3691 2454 3735 et
2504 3680 2632 3733 mali
2680 3679 2914 3734 hominis
2961 3678 3025 3733 ad
3081 3687 3289 3749 tempus
3338 3693 3367 3731 a
3418 3692 3517 3731 suo
3573 3692 3809 3748 corpore

2225 3780 2529 3842 separatur.
2587 3769 2694 3824 Per
2752 3777 2980 3824 mortem
3043 3783 3174 3823 vero
3227 3767 3560 3831 secundam,
3619 3767 3806 3821 anima

2225 3861 2392 3917 solius
2448 3859 2574 3914 mali
2632 3859 2868 3914 hominis
2922 3860 2974 3913 in
3031 3867 3292 3913 aeternum
3342 3873 3463 3913 cum
3528 3872 3629 3913 suo
3679 3872 3805 3913 cor-

2225 3967 2357 4023 pore
2427 3953 2723 4009 cruciatur.
2774 3951 3019 4021 Utraque
3067 3965 3196 4022 ergo
3249 3943 3399 4006 mors
3438 3965 3657 4005 omnem
3710 3951 3807 4006 ho-

2225 4045 2425 4099 minem
2481 4044 2699 4098 tenebat
2754 4042 3116 4107 obstrictum,
3174 4042 3302 4113 quia
3363 4050 3571 4097 natura:
3618 4051 3802 4098 trans-

2222 4136 2428 4206 gressio
2484 4150 2923 4205 unumquemque
2998 4135 3206 4205 peccati
3265 4135 3566 4205 propagine
3644 4144 3798 4191 tene-

2223 4228 2315 4282 bat
2368 4228 2685 4284 obnoxium.
2738 4227 2898 4285 Venit
2951 4235 3135 4282 autem
3194 4226 3291 4282 Dei
3356 4225 3527 4283 Filius
3578 4227 3796 4284 immor-

542 4304 656 4359 sive
705 4306 771 4360 de
819 4311 1065 4380 corporis
1094 4314 1206 4369 vita
1249 4315 1607 4385 periclitatur,
1662 4333 1884 4375 necesse
1934 4330 2017 4376 est
2046 4322 2113 4377 ad
2143 4300 2192 4360 Ῑ)
2223 4321 2346 4378 talis
2377 4320 2647 4391 etjustus,
2690 4330 2745 4376 et
2775 4328 2833 4375 ut
2879 4328 3183 4376 moreretur
3223 4333 3323 4390 pro
3347 4319 3524 4384 nobis,
3574 4334 3797 4379 carnem

541 4397 1053 4466 contemplationem
1084 4403 1240 4458 istius
1267 4405 1438 4460 stella:
1473 4408 1648 4462 aciem
1676 4410 1874 4465 mentis
1898 4408 2117 4482 dirigat,

538 4502 639 4556 per
686 4486 839 4558 cujus
884 4491 1138 4546 meritum
1194 4501 1249 4548 et
1292 4497 1524 4565 gratiam
1573 4514 1731 4569 posse
1773 4513 1833 4554 se
1870 4503 1938 4558 ab
1968 4503 2118 4558 omni

540 4581 783 4653 periculo
813 4582 1030 4639 liberari
1059 4600 1164 4640 non
1192 4587 1418 4644 dubitat.

611 4674 790 4732 Stella:
820 4676 989 4743 enim,
1040 4686 1098 4733 ut
1144 4679 1319 4745 scitis,
1373 4683 1558 4739 divino
1606 4694 1741 4740 nutu
1788 4687 2117 4744 ordinantur

538 4767 685 4837 quod
737 4768 789 4822 in
840 4777 1000 4823 nocte
1049 4768 1270 4826 luceant
1307 4780 1362 4827 et
1410 4772 1580 4829 solem
1632 4774 1739 4831 diei
1783 4777 2113 4845 praecedant.

539 4854 610 4911 Et
652 4857 769 4913 haec
798 4867 983 4914 nostra
1029 4860 1186 4917 stella
1215 4860 1495 4932 splendida
1522 4875 1580 4921 et
1623 4867 1912 4933 matutina,
1938 4867 2116 4923 adhuc

540 4948 977 5007 incumbentibus
1006 4952 1325 5025 ignorantiae
1350 4953 1613 5013 tenebris
1656 4966 1713 5012 et
1747 4957 1862 5027 jam
1892 4956 2118 5027 jamque

538 5037 652 5095 Deo
707 5040 938 5110 propitio
989 5043 1382 5111 deficientibus,
1418 5046 1846 5118 praeparabatur,
1904 5055 1961 5100 ut
2016 5061 2116 5116 per

540 5128 689 5183 illam
741 5131 808 5185 ad
839 5146 938 5186 nos
966 5134 1285 5203 procederet
1327 5136 1406 5191 sol
1438 5137 1668 5207 justitite
1692 5134 1944 5192 Christus
1972 5136 2114 5192 Deus

543 5226 749 5283 noster,
780 5220 845 5275 de
891 5236 997 5290 quo
1047 5226 1311 5294 scriptum
1338 5234 1458 5281 est:
1494 5226 1631 5281 Ecce
1665 5227 1744 5284 vir
1782 5227 1970 5282 Oriens
2012 5244 2111 5283 no-

541 5321 659 5350 men
698 5309 810 5350 ρῖηι
880 5309 1033 5350 ιιιιηιι
1088 5313 1349 5350 Ίιὶιιιισινῖα
1392 5316 1651 5350 ηνηηιιοιη
1702 5323 1936 5350 lnalnnln
1986 5332 2113 5350 ιιι-Λ..

880 5309 1033 5350 "uno

2220 4418 2503 4473 mortalem
2545 4416 2778 4487 suscepit
2831 4432 2899 4473 ex
2944 4415 3120 4471 nobis.
3164 4415 3221 4470 ln
3262 4431 3368 4486 qua
3408 4430 3616 4482 carne,
3671 4418 3798 4487 quia

2220 4507 2426 4562 nullum
2470 4507 2646 4578 potuit
2691 4508 2893 4563 habere
2941 4514 3264 4577 peccatum,
3316 4507 3435 4563 sine
3490 4517 3645 4563 reatu
3678 4524 3797 4579 per-

2218 4596 2342 4653 tulit
2403 4598 2613 4668 peccati
2671 4597 3012 4668 supplieium.
3075 4596 3381 4653 Secundam
3441 4597 3630 4669 itaque
3690 4601 3803 4671 pri-

2218 4703 2319 4742 ma:
2363 4688 2555 4743 mortis
2576 4697 2804 4758 partem,
2836 4687 2888 4742 id
2911 4696 2996 4743 est
3037 4686 3205 4743 solius
3252 4687 3495 4757 corporis
3535 4696 3797 4755 mortem,

2220 4778 2315 4833 Dei
2348 4778 2517 4835 Filius
2552 4793 2651 4848 pro
2689 4777 2846 4834 nobis
2876 4776 3105 4848 accepit,
3154 4791 3252 4847 per
3280 4790 3444 4846 quam
3475 4791 3509 4831 a
3551 4776 3715 4832 nobis
3742 4786 3800 4833 et

2216 4866 2635 4924 dominationem
2661 4868 2889 4940 peccati,
2930 4877 2985 4922 et
3010 4880 3225 4937 poenam
3252 4877 3469 4923 :eterna:
3496 4867 3794 4937 punitionis

2216 4958 2489 5014 abstersit.
2524 4958 2635 5014 lloc
2668 4974 2796 5031 ergo
2816 4958 3065 5013 Christus
3097 4971 3239 5012 nunc
3269 4956 3321 5009 in
3355 4955 3556 5010 mundo
3582 4955 3798 5011 miscri-

2214 5048 2453 5103 corditer
2489 5056 2763 5118 operatur,
2798 5048 2882 5103 bis
2910 5062 3047 5118 quos
3079 5049 3149 5103 ad
3177 5048 3314 5101 bene
3341 5046 3629 5101 vivendum
3658 5046 3792 5101 bor-

2218 5149 2385 5206 tatur,
2409 5140 2614 5195 donans
2646 5139 2804 5197 fidem
2833 5148 2891 5194 ut
2922 5148 3069 5195 recte
3096 5138 3339 5204 credant,
3385 5136 3629 5192 tribuens
3653 5137 3791 5192 eba-

2214 5231 2453 5299 ritatem,
2486 5241 2545 5288 ut
2568 5232 2723 5289 bonis
2746 5232 3000 5303 operibus
3042 5230 3271 5286 libenter
3304 5226 3577 5285 insistant.
3605 5227 3662 5283 lu
3691 5244 3792 5283 no-

2215 5320 2436 5350 n:oa~:mn
2467 5335 2594 5350 non-nn
2643 5322 2729 5350 Αἶα.
2783 5322 2847 5350 ιιι-1
2890 5321 2997 5350 ι-ιΛΛ
3043 5334 3133 5350 Ann
3181 5331 3408 5350 nn-MIIA
3456 5317 3788 5350 menenius-nn
