4072 5350
261 313 287 367 1
299 311 406 367 005

1745 299 2020 358 SERMON
2029 299 2128 356 ES.

3377 291 3514 350 ηαδ

262 429 486 486 fratres,
525 435 646 477 cum
691 419 901 491 justitia
931 419 1197 486 vivamus,
1221 427 1280 473 ut
1327 419 1488 472 etiam
1521 431 1746 486 corpore
1779 415 1844 469 ad
1875 419 1918 478 Α
1948 415 2070 471 dum
2098 416 2330 470 litteram
2357 413 2662 470 cucurrisse
2692 417 2922 475 constat,
2975 409 3122 480 quia,
3169 419 3227 465 ut
3249 409 3514 467 Dominicl

260 523 526 569 aeternam
576 511 815 566 laetitiam
870 526 1234 580 resurgamus.
1294 509 1603 564 Sentiemus
1658 509 1845 577 prima:

261 603 681 662 resurrectionis
736 619 931 657 munus
972 602 1112 672 quod
1141 601 1294 656 nobis
1324 600 1547 672 largitus
1579 610 1662 653 est
1689 599 1847 654 Chri-

263 707 405 761 SlllS,
462 705 540 759 ut,
565 709 688 748 ευιῐι
729 693 1199 748 'resurrexeritnus
1245 706 1494 762 corpore,
1531 706 1846 745 mercamur

263 803 389 844 eum
421 788 537 858 ipso
559 786 840 840 Salvatore
863 785 979 838 sine
1007 784 1112 838 line
1138 798 1384 852 regnare,
1414 784 1631 852 quando
1660 784 1846 837 absur-

262 878 484 933 bebitur
511 891 656 930 mors
684 876 736 929 in
766 873 1049 929 victoriam
1098 882 1153 928 et
1187 873 1405 927 dabitur
1447 871 1695 927 fidelibus
1719 886 1845 925 vera

261 970 377 1023 vita
425 980 662 1036 veraque
711 963 923 1028 laatitia,
965 978 1089 1018 cum
1139 963 1278 1018 idem
1328 962 1668 1030 omnipotens
1708 961 1846 1016 Deus

255 1071 364 1126 pro
394 1055 602 1110 meritis
631 1038 753 1108 fidei
805 1061 968 1122 atque
1013 1051 1276 1105 bonorum
1306 1065 1529 1119 operum
1557 1050 1705 1103 dabit
1735 1049 1848 1103 suis

262 1146 516 1200 fidelibus
543 1159 707 1214 regna
733 1141 1014 1197 caelorum.
1054 1141 1157 1208 Qui
1207 1157 1328 1194 cum
1357 1139 1519 1194 Patre
1563 1149 1617 1193 et
1645 1137 1848 1207 Spiritu

261 1245 460 1291 sancto
488 1234 620 1289 vivit
662 1243 718 1289 et
748 1242 937 1304 regnat
963 1233 1105 1290 Deus
1124 1247 1221 1303 per
1250 1232 1432 1288 omnia
1463 1231 1656 1287 sazcula
1684 1246 1849 1287 saecuo

263 1325 466 1381 lorum.
497 1324 690 1380 Amen.
852 1387 854 1390 ν

883 1413 1117 1470 SERMO
1151 1412 1238 1468 Vl.

560 1525 627 1563 DE
665 1524 842 1563 ελυεδι
881 1523 1314 1580 ῐιεευιιιιεετισκε
1362 1522 1546 1561 υουικι

339 1598 619 1666 Quamvis,
652 1598 847 1652 fratres
876 1596 1231 1663 dilectissimi,
1264 1597 1330 1650 ad
1361 1597 1462 1650 hoc
1488 1604 1674 1650 nostra
1709 1603 1853 1650 esset

259 1693 476 1748 intenta
508 1691 740 1754 devotio,
775 1700 833 1744 ut
864 1705 928 1745 ex
975 1698 1163 1746 nostro
1203 1689 1502 1744 ministerio
1532 1687 1852 1758 procederet

1950 507 2192 577 corporis
2230 515 2494 576 ungerent
2542 504 2802 569 membra,
2856 502 2994 557 sicut
3024 500 3235 556 Marcus
3267 507 3514 566 testatur,

1949 609 2196 658 emerunt
2223 609 2487 654 aromata.

2019 691 2189 758 Quam
2222 690 2446 760 pervigil
2477 688 2578 742 fuit
2605 688 2669 742 de
2701 686 2981 742 Domiuico
3029 700 3256 754 corpore
3300 693 3515 739 sancta-

1947 797 2066 837 rum
2100 781 2382 836 mulierum
2412 795 2474 834 ac
2505 779 2690 835 sedula
2743 779 3035 849 inquisitio,
3094 775 3374 831 manifeste
3423 776 3520 830 de-

1948 873 2184 938 nuntiat,
2231 871 2356 926 licet
2395 886 2539 935 sera,
2571 879 2717 926 certa
2751 880 2928 925 tamen
2981 869 3238 923 inventio.
3289 866 3343 920 Si
3396 879 3523 921 vero

1947 962 2232 1018 laudabilis
2277 970 2359 1018 est
2387 963 2454 1018 ab
2497 962 2719 1017 exordio
2766 977 2876 1017 sua:
2923 959 3348 1017 conversationis
3393 972 3522 1027 erga

1950 1052 2126 1120 ipsum
2171 1052 2455 1108 Dominum
2516 1053 2896 1108 sincerissima
2950 1050 3236 1107 charitatis
3278 1048 3526 1115 affectus,

1952 1143 2120 1197 multo
2151 1142 2469 1198 laudabilior
2495 1153 2580 1199 est
2603 1144 2744 1198 circa
2776 1143 3105 1213 sepulturam
3151 1141 3266 1212 ejus
3295 1140 3525 1213 piissimi

1951 1236 2191 1304 obsequii
2224 1235 2536 1292 famulatus.
2567 1236 2817 1306 Legimus
2841 1236 2893 1290 in
2916 1235 3204 1304 Evangelio
3228 1235 3524 1291 secundum

1952 1322 2178 1390 Lucam,
2209 1325 2494 1381 Dominum
2525 1325 2801 1382 Christum
2849 1326 2903 1381 in
2935 1325 3200 1395 quoddam
3247 1324 3529 1381 castellum

1953 1415 2020 1470 ab
2047 1415 2151 1470 illis
2177 1416 2567 1472 ofﬁciosissime
2587 1427 2920 1488 susceptum.
2945 1417 3009 1471 Et
3029 1426 3088 1471 ut
3115 1425 3331 1471 sanctus
3352 1416 3529 1470 Evan-

1951 1504 2138 1576 gelista
2170 1515 2374 1573 narrat,
2407 1524 2504 1578 pro
2533 1507 2946 1563 resuscitatione
2975 1505 3158 1562 fratris
3193 1506 3298 1572 sui,
3329 1505 3524 1560 Lazari

1954 1595 2224 1664 videlicet,
2273 1598 2598 1655 ﬁducialiter
2639 1599 2946 1654 invitatum.
2997 1597 3125 1655 Inde
3173 1598 3242 1653 ad
3287 1613 3528 1661 crucem,

1953 1706 2140 1746 verum
2168 1708 2338 1763 usque
2365 1693 2432 1748 ad
2459 1693 2722 1748 tumulum
2756 1694 2860 1750 illae
2887 1703 3087 1750 secuta:
3115 1702 3260 1759 sunt,
3292 1701 3350 1748 ut
3378 1707 3533 1748 amo-

264 1782 335 1836 ad
369 1797 465 1837 vos
493 1781 669 1837 tenuis
703 1780 921 1851 quidem
967 1779 1053 1834 vel
1077 1779 1270 1849 exigua
1297 1779 1480 1834 verbis
1519 1777 1850 1848 simplicibus
1879 1777 1926 1837 Β
1952 1793 2090 1846 rem,
2118 1796 2279 1850 quem
2300 1781 2500 1836 viventi
2523 1782 2900 1848 exhibuerant,
2918 1781 3029 1853 jam
3061 1791 3297 1848 mortuo,
3322 1783 3366 1837 si
3394 1781 3526 1839 lice-

259 1871 479 1942 prolata
527 1871 854 1927 declamatio
882 1911 897 1936 ,
949 1869 1108 1938 hujus
1159 1883 1338 1926 tamen
1386 1871 1493 1926 dici
1549 1868 1854 1925 venerabile

265 1972 696 2028 sacramentum,
726 1971 1091 2033 opportunum
1142 1962 1297 2017 nobis
1346 1969 1402 2017 et
1441 1961 1856 2017 convenientius

268 2055 465 2110 indicit
486 2054 787 2110 silentium.
816 2053 922 2109 Sed
950 2069 1072 2109 cum
1114 2055 1180 2109 de
1207 2062 1359 2108 tanta
1389 2068 1452 2109 ac
1482 2054 1574 2108 taii
1616 2069 1674 2108 re
1711 2053 1855 2124 loqui

264 2145 721 2218 pertimescimus,
739 2144 831 2198 dat
855 2159 1042 2198 ausum
1073 2143 1324 2212 loquendi
1350 2144 1640 2214 singularis
1658 2143 1858 2213 jucun-

264 2239 414 2295 dius
441 2239 722 2310 przesentis
753 2239 881 2293 diei.
913 2239 979 2293 Et
1007 2236 1131 2310 quia
1163 2238 1216 2292 id
1247 2238 1556 2293 esse‘nostri
1583 2236 1859 2305 judicatur

259 2327 452 2392 ofﬁcii,
483 2329 610 2386 licet
638 2329 815 2385 minus
845 2330 1014 2385 simus
1063 2327 1264 2392 idonei,
1316 2335 1495 2381 tamen
1545 2327 1670 2381 huic
1700 2340 1860 2380 sacro

259 2419 562 2475 conventui
612 2421 835 2476 omnino
878 2434 1139 2490 apparere
1184 2433 1288 2473 non
1337 2418 1596 2472 debemus
1640 2416 1858 2487 ingrati.

268 2509 469 2565 Invitat
497 2526 595 2566 nos
623 2511 690 2564 ad
721 2510 1044 2580 loquendum
1071 2521 1267 2565 vestra:
1298 2508 1588 2564 charitatis
1611 2506 1858 2573 all‘ectus,

261 2599 341 2654 ad
368 2600 698 2655 credendum
729 2608 1030 2670 promptus,
1059 2600 1130 2655 ad
1160 2600 1482 2655 audiendum
1514 2599 1762 2662 devotus,
1793 2598 1860 2653 ad

267 2693 610 2762 operandum
663 2702 938 2749 strenuus.
990 2691 1243 2747 Exeitant
1295 2706 1392 2746 nos
1435 2691 1502 2745 ad
1556 2689 1860 2745 extollenda

265 2784 440 2856 hujus
487 2786 936 2842 excellentissimi
980 2785 1113 2841 festi
1168 2794 1515 2840 sacrosancta
1577 2785 1858 2856 mysteria,

273 2877 424 2933 circa
453 2878 760 2947 sepulcrum
806 2877 1039 2944 Domini,
1071 2877 1329 2932 terribilia
1360 2876 1520 2931 nimis
1546 2876 1860 2948 angelorum

269 2966 561 3036 obsequia.
611 2968 917 3023 Admoneut
971 2968 1203 3039 idipsum
1256 2967 1375 3022 sine
1428 2966 1642 3023 defectu
1699 2983 1860 3040 agere

275 3059 449 3127 gestis
475 3059 589 3113 suis
637 3070 692 3113 et
734 3059 894 3113 dictis
929 3059 1135 3113 ordinis
1182 3058 1464 3126 utriusque
1506 3061 1862 3114 sanctissima:

1953 1877 2076 1933 ret,
2131 1870 2309 1926 studio
2355 1871 2709 1927 humanitatis
2745 1873 3148 1944 impenderent.
3197 1871 3260 1928 ‘Si
3312 1873 3529 1944 dignum

1955 1963 2312 2019 admiratione
2332 1964 2580 2032 ducimus
2607 1967 2751 2035 quod
2777 1974 2976 2020 sancta:
3005 1965 3258 2020 mulieres
3285 1965 3533 2037 diligenti

1956 2067 2084 2108 cura
2136 2054 2420 2123 exsequias
2484 2056 2829 2110 mortalitatis
2872 2056 2989 2125 ejus
3029 2056 3334 2122 celebrant,
3379 2056 3533 2125 cujus

1958 2144 2206 2198 doctrina
2232 2144 2298 2199 de
2335 2145 2478 2200 vitiis
2516 2147 2583 2200 ad
2612 2147 2858 2209 virtutes,
2891 2147 2956 2199 de
2987 2145 3231 2201 tenebris
3260 2147 3327 2200 ad
3359 2147 3533 2201 lucem

1957 2234 2194 2289 reducta:
2221 2232 2453 2300 fuerant,
2485 2235 2743 2306 cujusque
2773 2236 3004 2292 mirabili
3031 2237 3270 2306 potentia
3305 2237 3531 2292 fratrem

1958 2341 2115 2382 suum
2144 2327 2410 2381 Lazarum
2444 2343 2509 2382 ex
2541 2338 2756 2383 mortuo
2783 2330 2961 2384 vivum
2991 2346 3049 2385 se
3079 2330 3348 2400 recepisse
3395 2346 3532 2399 gau-
3583 2373 3597 2384 ,.

1960 2415 2178 2480 dobant,
2209 2417 2300 2486 qui
2331 2433 2530 2482 sermo,
2553 2433 2670 2487 quae
2693 2416 2950 2474 facundia
2978 2420 3134 2488 digne
3157 2419 3326 2488 possit
3351 2417 3533 2472 dicere

1961 2521 2068 2577 quo
2121 2507 2208 2561 vel
2251 2507 2395 2578 quali
2425 2519 2736 2578 quantoque
2761 2510 2953 2565 affectu
2997 2511 3241 2580 piissima
3291 2509 3534 2579 ejusdem

1960 2595 2056 2650 Dei
2086 2605 2140 2650 et
2167 2595 2377 2652 Domini
2411 2599 2666 2668 genitrix,
2710 2609 2769 2654 ut
2815 2609 3034 2656 sanctus
3064 2601 3392 2671 evangelista
3443 2617 3531 2656 re-

1960 2688 2083 2752 fert,
2114 2697 2240 2742 ante
2265 2703 2478 2744 crucem
2510 2691 2708 2757 stabat,
2761 2701 2818 2745 et
2862 2692 2968 2762 piis
3011 2692 3182 2747 oculis
3214 2703 3536 2764 exspectans

1961 2793 2068 2832 non
2095 2778 2335 2850 pignoris
2358 2790 2611 2846 mortem,
2635 2782 2728 2838 sed
2752 2783 2936 2838 mundi
2957 2784 3226 2839 salutem?
3251 2785 3369 2841 Non
3389 2788 3536 2844 enim

1962 2885 2116 2925 mens
2143 2871 2446 2942 concipere,
2481 2890 2584 2929 non
2612 2875 2832 2945 spiritus
2862 2875 3002 2932 ullus
3032 2892 3326 2947 agnoscere
3358 2889 3537 2948 potest

1962 2975 2069 3031 quo
2099 2975 2306 3029 amore,
2340 2978 2448 3035 quo
2479 2964 2768 3030 desiderio,
2799 2965 2904 3021 huc
2937 2965 3170 3036 illucque
3199 2982 3257 3023 se
3299 2978 3535 3035 vertens,

1962 3049 2259 3107 Dominica:
2278 3055 2552 3124 passionis
2595 3065 2650 3110 et
2695 3057 3112 3113 resurrectionis
3137 3057 3251 3115 loca
3299 3061 3535 3118 circurn-

268 3163 544 3218 personae.
571 3148 808 3204 Invitant
847 3164 945 3204 nos
987 3149 1055 3204 ad
1097 3148 1398 3204 enarranda
1431 3147 1587 3216 hujus
1619 3149 1722 3203 diei
1750 3131 1933 3203 ma-C
1966 3141 2097 3205 iens,
2147 3157 2307 3212 quem
2358 3152 2474 3198 toto
2526 3147 2721 3202 mentis
2766 3148 2961 3204 ardore
3008 3153 3302 3219 quaerebat,
3355 3155 3541 3216 videre

274 3237 462 3308 gnalia
489 3247 799 3294 sanctarum
832 3239 1116 3294 mulierum
1148 3237 1470 3293 indefectiva
1502 3239 1700 3294 studia.
1721 3238 1863 3296 Sane

276 3331 411 3384 dum
432 3323 600 3386 Deum
633 3330 944 3399 quaerimus,
975 3338 1034 3385 ut
1063 3339 1303 3385 nostrum
1327 3329 1655 3384 desiderium
1686 3331 1880 3398 nullus

274 3423 455 3493 possit
484 3422 775 3478 mundialis
803 3424 1123 3492 perturbare
1168 3421 1444 3488 defectus;
1488 3423 1738 3477 hortatur
1779 3424 1862 3479 di—

272 3511 578 3579 gnissimus
631 3512 1017 3582 discipulorum
1064 3527 1282 3574 cursus,
1333 3511 1452 3564 visu
1498 3513 1863 3582 gratissimus,

280 3606 472 3660 auditu
499 3604 865 3673 dulcissimus,
892 3609 1009 3664 visu
1040 3608 1323 3672 mirabilis,
1347 3607 1532 3661 auditu
1576 3605 1869 3660 delectabi-

277 3695 376 3752 lis.
425 3698 516 3753 Sic
567 3699 709 3753 enim
753 3699 992 3770 loquitur
1012 3696 1719 3770 Evangelium:Currebant
1762 3699 1866 3750 duo

283 3785 530 3851 simul,“
558 3786 646 3841 ille
669 3787 803 3842 alius
826 3788 1114 3858 discipulus
1139 3787 1483 3858 prwcucurrit
1505 3788 1662 3840 citius
1688 3783 1866 3850 Petro,

283 3889 332 3933 et
360 3881 496 3934 venit
544 3881 689 3950 prior
739 3881 808 3935 ad
837 3891 1248 3935 intertrimentum.
1281 3879 1414 3946 Quis
1463 3894 1568 3934 non
1599 3878 1870 3933 desideret

277 3973 562 4028 Christum
593 3974 647 4028 in
674 3975 952 4030 dexteram
980 3975 1158 4030 Patris
1189 3976 1465 4032 sedentem
1495 3990 1759 4045 quaerere,
1791 3983 1864 4038 et,

287 4074 349 4118 ut
383 4065 672 4134 quaerendo
702 4067 874 4137 possit
909 4067 1170 4132 invenire,
1220 4067 1576 4135 spiritualiter
1625 4081 1866 4130 currere,

283 4169 412 4208 cum
446 4163 622 4210 tantos
642 4156 916 4225 apostolos
941 4156 1007 4211 ad
1029 4156 1334 4226 sepulcrum
1361 4154 1476 4225 ejus
1501 4156 1661 4209 etiam
1684 4169 1868 4226 gressu

280 4259 554 4315 corporeo
595 4245 988 4302 delectabiliter
1037 4246 1226 4302 recolit
1274 4246 1622 4302 cucurrisse?
1677 4245 1782 4302 Sed
1814 4255 1870 4300 ut

285 4339 406 4408 ipse
431 4347 674 4394 nostrum
703 4338 1029 4394 desiderium
1076 4341 1311 4411 adjuvet,
1374 4343 1744 4410 unusquisque
1777 4356 1872 4395 nos

1965 3236 2318 3292 desideraret.
2353 3237 2571 3295 Sciebat
2618 3241 2764 3296 illum
2813 3259 2919 3298 non
2969 3259 3128 3313 posse
3176 3246 3289 3302 fieri
3335 3247 3542 3320 legibus

1964 3329 2157 3383 mortis
2181 3329 2471 3384 obnoxium
2500 3347 2660 3401 quem
2688 3341 2908 3388 sanctus
2932 3333 3101 3389 David
3129 3340 3374 3408 przevidit
3402 3341 3542 3401 inter

1966 3427 2210 3475 mortuos
2236 3421 2488 3477 liberum.
2526 3423 2742 3478 Sciebat
2766 3423 2916 3479 illum
2946 3440 2975 3479 a
3003 3438 3178 3482 morte
3207 3429 3354 3484 nullo
3386 3433 3544 3486 modo

1964 3527 2124 3582 posse
2159 3514 2350 3579 teneri,
2373 3529 2562 3584 quem,
2592 3515 2738 3570 nullo
2768 3516 3168 3575 interveniente
3196 3521 3385 3576 mortis
3415 3539 3544 3577 con—

1969 3604 2132 3673 tagio,
2163 3604 2308 3658 salva
2340 3619 2436 3657 sua
2466 3604 2775 3675 virginitate
2808 3623 2906 3677 pro
2935 3611 3331 3665 restauratione
3358 3613 3545 3667 mundi

1965 3693 2170 3748 sciebat
2197 3711 2263 3749 ex
2294 3709 2352 3749 se
2403 3694 2766 3764 ineffabiliter,
2796 3705 2852 3753 et
2903 3699 3156 3766 voluisse,
3203 3712 3259 3755 et
3303 3704 3546 3772 potuisse

1968 3785 2142 3840 nasci.
2173 3785 2461 3853 Quaerebat
2491 3786 2658 3842 filium
2687 3804 2808 3843 cum
2838 3791 3048 3846 caeteris
3078 3793 3129 3846 in
3159 3794 3426 3863 sepulcro,
3451 3798 3547 3851 sed

1967 3877 2197 3932 multum
2229 3878 2431 3948 dispari
2463 3888 2608 3945 voto,
2638 3888 2711 3945 et,
2741 3888 2800 3935 ut
2826 3881 2897 3936 ita
2922 3882 3117 3948 dicam,
3141 3895 3405 3956 quantum
3427 3888 3546 3963 ejus

1969 3967 2236 4037 professio
2261 3985 2292 4023 a
2319 3980 2638 4025 cmterarum
2667 3974 2963 4043 proposito,
3002 3984 3056 4031 et
3085 3987 3289 4046 quanto
3315 3979 3548 4036 fecunda

1968 4058 2251 4127 virginitas
2294 4075 2324 4114 a
2372 4062 2720 4118 continentia:
2758 4064 2918 4120 bono.
2968 4066 3100 4122 Aliae
3127 4071 3442 4138 quaerebant
3491 4086 3550 4127 ut

1969 4149 2252 4205 condirent
2277 4150 2567 4219 defectum,
2599 4153 2689 4208 illa
2735 4156 2988 4212 credebat
3017 4172 3047 4211 a
3085 4157 3193 4216 Deo
3234 4159 3394 4220 Patre
3433 4163 3547 4234 jam

1970 4239 2036 4295 de
2068 4248 2240 4296 morte
2267 4242 2568 4300 reductum.
3548 4261 3554 4266 '

2041 4333 2188 4401 Ideo,
2238 4335 2455 4404 fratres,
2489 4342 2991 4400 constantissimum
3029 4347 3171 4404 circa
3221 4349 3549 4420 sepulturam

287 4440 466 4484 strum
499 4429 626 4484 illud
661 4432 726 4486 de
748 4430 990 4486 Canticis
1011 4433 1534 4525 canticorum,tralie
1562 4449 1641 4486 me
1663 4442 1775 4502 post
1799 4443 1870 4498 te,
1898 4473 1950 4533 Β
1975 4432 2308 4488 Dominicam
2364 4435 2748 4508 discipulorum
2807 4440 3296 4516 discipularumque
3351 4444 3551 4502 Christi

287 4538 584 4589 curremus,
637 4520 1376 4593 desideranterproclamet,
1407 4533 1468 4578 ut
1513 4534 1696 4593 postea
1747 4539 1870 4578 cum

288 4617 458 4672 David
481 4627 537 4695 et
557 4617 977 4688 apostolol’aulo
999 4618 1135 4672 bene
1153 4617 1479 4683 cucurrisse,
1501 4617 1734 4687 legitime
1756 4633 1873 4672 cer-

287 4719 468 4772 tasse,
524 4725 850 4781 cursumque
907 4724 1314 4766 consummasse
1367 4725 1426 4764 se
1479 4711 1729 4780 gaudeat.
1789 4711 1872 4765 Ad

286 4813 450 4866 quem
483 4798 644 4854 finem
675 4800 1043 4869 hujuscemodi
1068 4815 1261 4856 cursus
1292 4800 1493 4865 tendat,
1517 4801 1871 4871 suprascripti

289 4898 544 4952 versiculi
575 4898 753 4954 lucide
788 4916 916 4970 pars
938 4902 1126 4956 ultima
1160 4911 1330 4956 notat.
1358 4901 1647 4970 Postquam
1698 4903 1868 4958 dixit:

293 4985 466 5040 Trahi:
487 5003 568 5042 me
599 4999 716 5058 post
740 4998 808 5055 te,
840 5007 1143 5056 curramus,
1194 4991 1418 5055 addidit,
1469 4989 1536 5044 In
1567 4991 1726 5045 odore
1775 5008 1873 5045 tm-

289 5087 601 5146 guenlorum
627 5089 861 5134 tuorum.
891 5081 944 5135 In
974 5082 1139 5136 odore
1165 5089 1561 5151 unguentorum
1613 5090 1700 5135 est
1745 5097 1870 5136 cur-

291 5185 416 5200 -ΛσιΔ
463 5171 720 5200 ΌοὲηοιοΙοιης
750 5182 932 5200 ΑΑ-λΑΙΑ
964 5191 1058 5200 nna-
1089 5171 1316 5200 ‘A’AA‘AG
1348 5175 1512 5200 ΑιιλκΛ
1565 5188 1777 5200 lin-vsust...
1806 5176 1870 5200 Α..

1976 4523 2294 4580 famulatum
2341 4528 2530 4597 paucis
2573 4530 2805 4586 recitare
2845 4534 3175 4599 curavimus,
3205 4544 3265 4590 ut
3291 4538 3553 4608 exemplis

1977 4629 2162 4671 eorum
2191 4617 2553 4687 nosmetipsos
2579 4619 2645 4673 ad
2670 4624 2970 4677 enarranda
3004 4640 3104 4694 pro
3132 4627 3346 4684 modulo
3373 4628 3543 4683 Domi-

1977 4709 2112 4763 nicm
2141 4709 2558 4764 resurrectionis
2587 4711 2779 4780 gaudia
2807 4713 3185 4771 excitarenms.
3217 4716 3380 4771 Valde
3407 4718 3551 4770 enim

1979 4799 2256 4870 indignum
2287 4808 2391 4865 est,
2422 4809 2480 4854 ut
2507 4802 2694 4856 beatus
2721 4802 3012 4872 Gregorius
3037 4805 3190 4870 dicit,
3226 4821 3291 4860 eo
3322 4805 3408 4857 die
3440 4804 3557 4856 lau-

1980 4891 2074 4946 des
2103 4889 2316 4947 dehitas
2345 4901 2523 4946 taceat
2551 4891 2733 4962 lingua
2764 4895 2966 4957 carnis,
3015 4909 3122 4961 quo
3165 4893 3415 4948 videlicet
3469 4893 3558 4946 die

1981 4997 2109 5038 caro
2135 4981 2734 5040 resurrexitAuctoris.
2771 4982 3056 5050 Compellit
3106 4997 3204 5036 nos
3245 4983 3411 5035 etiam
3461 4996 3560 5048 pro

1981 5077 2062 5130 sui
2095 5076 2464 5148 magnitudine
2491 5075 2692 5142 aliquid
2728 5074 2908 5126 dicere
2937 5074 3177 5126 auctoris
3207 5073 3338 5127 tanti
3373 5072 3564 5140 gaudii

1982 5169 2236 5200 “omnia”.
2296 5163 2627 5200 vocum-notia
2675 5169 2725 5200 nt
2775 5161 2844 5200 ΛΑ
2890 5160 3110 5200 nnlinnn
3160 5162 3311 5200 linem
3370 5158 3567 5200 frium-
