4072 5350
499 215 633 269 1607
1444 206 1499 259 S.
1543 202 1856 258 UDlLONlS
1890 200 2181 256 ABBATIS
2217 200 2712 257 CLUNlACENSIS
2752 204 2794 258 Υ
3626 200 3762 257 ίςθδ

496 327 563 383 ad
599 322 888 392 imaginem
923 317 1017 374 Dei
1048 315 1250 372 factum
1278 313 1577 386 conspexit,
1613 310 1863 369 malivolo
1894 310 2064 366 livore
2092 317 2141 375 Α
2166 320 2214 366 et
2261 327 2346 367 ros
2392 307 2707 388 apparebitis
2746 329 2866 395 cum
2894 312 3005 382 ipso
3052 313 3103 367 in
3135 311 3324 383 gloria.
3372 311 3465 367 llla
3514 312 3765 370 videlicet

496 412 760 485 prorupit,
811 424 915 463 non
963 405 1113 478 prius
1163 404 1393 488 alterum
1445 401 1702 471 dejiciens
1748 417 1910 472 quam
1963 402 2077 472 ipse

497 508 754 576 dejectus,
778 503 1023 573 captivus
1054 509 1344 569 antequam
1378 497 1617 567 capiens,
1650 496 1891 566 perditus
1922 505 2075 549 ante-

496 613 656 668 quam
688 593 940 665 perdens,
970 603 1022 647 et
1048 591 1171 645 dum
1203 588 1403 644 homini
1430 587 1658 658 gratiam
1686 586 1821 640 datae
1851 586 2077 640 immor-

498 687 725 743 talitatis
753 685 936 756 eripit,
986 684 1100 755 ipse
1138 697 1353 753 quoque
1400 680 1453 735 id
1504 679 1645 750 quod
1689 679 1839 749 prius
1879 677 2074 757 fuerat,

495 778 699 843 amisit,
730 786 807 840 et,
846 776 974 830 dum
1006 774 1170 828 vitam
1202 772 1497 827 mordcndo
1527 770 1821 848 absorbere
1840 769 2073 849 appetit,

495 883 710 924 morsus
756 883 883 923 suus
930 882 1077 922 mors
1120 864 1170 920 ei
1222 873 1481 936 perpetua
1512 862 1639 935 luit,
1669 862 1810 923 sicut
1835 876 1930 932 per
1950 875 2074 932 pro-

495 959 735 1030 phetiam
786 957 940 1014 Oscae
987 959 1179 1025 mortis
1209 957 1536 1019 destructor,
1579 954 1705 1009 vitte
1750 953 1977 1024 largitor
2019 959 2076 1007 et

495 1050 652 1105 fortis
698 1049 933 1109 bellator
959 1050 1096 1104 dixit
1123 1067 1135 1103 :
1168 1048 1243 1102 De
1289 1064 1447 1102 manu
1490 1046 1674 1100 mortis
1703 1044 1934 1100 liberabo
1961 1062 2072 1112 eos,

495 1143 559 1199 de
608 1152 772 1197 morte
826 1142 1079 1197 redimam
1124 1157 1226 1196 vos.
1275 1139 1343 1193 Et
1367 1139 1563 1193 iterum
1591 1156 1603 1190 :
1636 1136 1746 1192 Ero
1773 1153 1914 1191 mors
1956 1145 2070 1203 tua,

499 1248 528 1287 ο
556 1248 730 1298 mors;
755 1248 960 1286 morsus
991 1241 1135 1297 tuus,
1168 1229 1389 1300 inferne.

567 1321 702 1378 Cum
735 1323 851 1393 ipso
891 1322 1055 1393 igitur
1084 1320 1274 1375 mortis
1319 1327 1539 1374 auctore
1580 1317 1740 1373 hodie
1767 1331 1913 1372 mors
1940 1315 2070 1373 sub—

496 1423 615 1468 acta
646 1412 969 1477 detruditur,
1006 1411 1166 1467 hodie
1193 1426 1290 1482 per
1308 1410 1581 1465 Christum
1611 1409 1721 1463 vita
1751 1409 2071 1465 mortalibus
2108 1476 2112 1481 η

498 1505 759 1559 redditur.
809 1503 1056 1558 Servitus
1086 1502 1245 1558 hodie
1274 1501 1604 1557 dmmoniaca
1634 1499 1870 1575 pellitur,
1903 1500 2069 1555 liber-

498 1604 583 1648 tas
620 1594 898 1653 Dominica
953 1593 1113 1649 hodie
1156 1590 1480 1647 Christianis
1524 1590 1857 1646 conceditur.
1903 1588 2072 1644 llodie

2178 404 2369 483 gloria,
2395 409 2460 462 de
2490 422 2597 478 qua
2627 392 2894 478 Propheta
2940 408 3070 463 dicit
3112 408 3164 464 in
3210 408 3457 477 psalmo:
3493 407 3761 476 Satiabor,

2179 516 2294 554 cum
2322 499 2622 571 apparuerit
2651 497 2819 567 gloria
2859 507 2971 551 tua.
3001 496 3067 551 Et
3097 513 3193 552 nos
3214 498 3480 552 satientur
3524 506 3605 552 tot
3630 514 3759 568 pro-

2176 588 2492 655 missionum
2523 587 2709 643 rel‘ecti
2740 586 3039 650 dulcedine,
3066 587 3155 655 qui
3190 587 3459 657 quondam
3491 588 3763 658 periclitao

2176 680 2391 742 bamur,
2420 688 2689 733 tantarum
2719 678 2986 732 minarum
3009 677 3177 731 attriti
3209 677 3514 733 formidine.
3538 677 3764 733 Servilis

2177 773 2318 830 absit
2352 773 2530 834 timor,
2563 772 2772 827 divinus
2799 772 2940 826 adsit
2982 786 3152 825 amor.
3201 772 3435 827 Vetusta
3481 773 3764 829 servitutis

2176 867 2396 921 recedat
2415 864 2723 933 trepidatio,
2739 879 2891 918 novae
2918 863 3185 934 libertatis
3206 865 3433 920 accedat
3451 866 3761 921 exsultatio.

2175 955 2289 1021 llla,
2338 957 2579 1025 inquam,
2608 955 2915 1020 exsultatio,
2948 970 3108 1024 quam
3135 955 3452 1024 smpedictus
3491 954 3759 1026 Propheta

2174 1042 2456 1105 venturam
2491 1047 2590 1103 sibi
2626 1046 2943 1107 decantabat
2973 1047 3025 1101 in
3068 1046 3273 1117 psalmo
3308 1065 3321 1101 :
3364 1047 3558 1102 Anima
3587 1059 3761 1103 autem

2174 1155 2287 1193 mea
2314 1137 2589 1192 exsultabit
2625 1137 2677 1191 in
2710 1137 2951 1199 Domino.
2978 1146 3026 1191 et
3055 1135 3393 1191 delectabitur
3428 1155 3590 1206 super
3616 1137 3763 1192 salit-

2173 1227 2275 1284 τανί
2313 1245 2429 1283 suo.
2481 1229 2547 1284 Et
2595 1228 2736 1298 quod
2792 1228 3098 1298 specialiter
3154 1228 3221 1283 ad
3268 1244 3417 1299 spem
3460 1230 3761 1287 Dominics

2174 1332 2481 1394 nostrteque
2532 1323 2947 1380 resurrectionis
2984 1324 3275 1393 pertineat,
3304 1327 3621 1396 praecedens
3646 1340 3766 1384 seu-

2175 1414 2342 1469 tentia
2390 1423 2444 1469 et
2482 1416 2835 1485 subsequens
2888 1425 3075 1486 aperte
3119 1419 3470 1473 demonStrat.
3524 1417 3762 1486 Antiq-zo

2174 1504 2369 1569 ctenim
2400 1504 2542 1559 hosti
2575 1506 2821 1576 superior
2847 1520 3037 1561 versus
3060 1500 3415 1575 prmcipitium
3437 1517 3593 1577 optat
3616 1507 3760 1576 quod

2178 1594 2291 1665 ipse
2322 1594 2558 1651 humano
2606 1596 2790 1666 generi
2846 1611 2945 1666 per
2981 1605 3210 1652 mortem
3259 1596 3463 1652 Christi
3516 1598 3763 1668 parabat.

498 1700 733 1753 namque
782 1684 980 1739 divinae
1039 1682 1447 1754 propitiationis
1509 1680 1749 1752 dignatio
1802 1679 2077 1750 singulare
2109 1665 2149 1725 Β
2181 1684 2529 1754 Suhsequens
2556 1665 2685 1740 vero
2716 1665 2985 1749 sententia
3012 1686 3232 1745 humani
3261 1665 3764 1757 corporis'ossaad

498 1779 794 1834 remedium
824 1776 1051 1832 contulit
1079 1776 1296 1844 mundo,
1348 1791 1470 1835 cum
1504 1774 1707 1831 homini
1740 1773 1952 1844 perdito
1992 1781 2078 1829 te-

497 1872 681 1927 nebris
730 1870 924 1926 mortis
972 1868 1321 1933 circumfuso,
1363 1876 1676 1938 resurgente
1703 1866 1942 1932 Christo,
1987 1864 2081 1920 lux

499 1976 628 2016 vera
667 1960 875 2016 refulsit
906 1960 973 2015 ah
1004 1959 1130 2015 alto.
1158 1958 1389 2013 llumani
1420 1958 1620 2013 etenim
1644 1957 1856 2028 generis
1878 1969 2077 2024 massa,

498 2068 620 2123 qua:
648 2052 701 2106 in
736 2052 847 2128 ipsa
872 2051 1055 2106 radice
1079 2067 1188 2106 suae
1214 2050 1441 2122 originis
1466 2049 1614 2103 lividi
1645 2048 1910 2118 serpentis
1935 2055 2084 2101 astu-

497 2146 570 2199 tia
598 2152 651 2200 et
680 2143 837 2214 primi
863 2143 1097 2199 hominis
1129 2143 1282 2214 culpa
1314 2141 1703 2198 miserabiliter
1752 2140 1932 2196 fuerat
1959 2155 2080 2196 cor-

498 2242 675 2306 rupta,
718 2234 937 2289 secundi
971 2233 1206 2301 hominis
1235 2233 1411 2301 gratia
1468 2233 1625 2289 hodie
1669 2232 1993 2288 mirabiliter
2027 2239 2082 2287 et

432 2313 453 2331 '
500 2323 928 2391 misericorditer
959 2331 1039 2378 est
1071 2332 1395 2378 restaurata.
1444 2322 1816 2393 Superbiendo
1841 2323 2083 2394 dcjectus

496 2415 768 2477 hominem
821 2415 1012 2469 mortis
1061 2423 1252 2469 auctor
1279 2415 1588 2483 prostravit,
1635 2412 1968 2469 humiliando
1996 2429 2084 2469 se-

498 2494 673 2575 ipsum
702 2506 977 2560 hominem
1005 2504 1165 2561 hodie
1190 2505 1318 2561 vitae
1340 2504 1785 2579 largitorerexit.
1827 2503 2082 2560 Mortales

497 2612 596 2650 nos
626 2596 751 2651 fecit
780 2595 1019 2665 priorum
1048 2580 1332 2666 parentum
1366 2596 1504 2650 male
1529 2611 1686 2651 suasa
1705 2594 2078 2665 praesumptio,

494 2686 619 2741 vitm
668 2702 763 2740 nos
795 2686 952 2740 hodie
1002 2686 1232 2741 reddidit
1268 2687 1501 2742 dextera:
1549 2687 1789 2744 caelestis
1832 2687 2078 2772 mutatio.

495 2778 753 2846 Apostata
800 2793 926 2831 vero
958 2776 1180 2848 angelus
1226 2777 1345 2833 ideo
1388 2778 1859 2834 irremediahilitcr
1893 2778 2078 2848 periit,

494 2868 619 2935 quia
652 2867 853 2921 nullam
885 2868 1016 2923 inse
1044 2869 1300 2938 peccandi
1329 2871 1609 2925 materiam
1638 2869 1960 2935 naturaliter
1985 2870 2080 2925 ha-

495 2956 632 3023 buit,
662 2958 758 3012 sed
794 2959 1023 3031 propria
1056 2968 1247 3028 sponte
1287 2971 1475 3016 contra
1526 2976 1683 3015 suum
1723 2970 1999 3015 auctorem
2047 2975 2078 3017 a

2178 1774 2390 1830 laudem
2418 1776 2507 1830 Dei
2539 1777 2830 1837 introducit
2857 1777 3149 1833 clamantia
3194 1775 3431 1833 :Omnia
3485 1795 3607 1832 ossa
3652 1795 3766 1835 mes

2174 1866 2392 1927 dicent:
2423 1866 2662 1932 Domine,
2698 1869 2815 1939 quis
2850 1867 3035 1923 similis
3066 1869 3144 1923 tui
3158 1869 3181 1923 1’
3220 1868 3300 1924 Ac
3341 1868 3385 1924 si
3410 1871 3597 1925 dicant
3622 1888 3639 1924 :
3663 1869 3764 1937 Qui

2179 1972 2304 2012 cum
2352 1973 2382 2012 a
2428 1968 2603 2015 morte
2655 1963 2981 2026 surrexeris,
3031 1976 3179 2031 spem
3234 1962 3392 2018 nobis
3446 1964 3766 2034 resurgendi

2174 2048 2428 2105 donabis.
2484 2049 2727 2118 lt‘ripicns
2755 2051 2956 2119 inapem
2995 2052 3060 2105 de
3100 2068 3259 2106 manu
3305 2052 3582 2122 fortiorum
3629 2054 3765 2122 ejus,

2178 2152 2393 2208 egenum
2421 2139 2577 2192 simul
2614 2156 2676 2192 ac
2702 2156 2981 2210 pauperem
3015 2158 3047 2194 a
3074 2141 3441 2211 diripientibus
3464 2159 3604 2204 eum.
3637 2141 3770 2197 Pro-

2179 2239 2302 2301 pter
2343 2247 2571 2301 quorum
2612 2232 2847 2304 gemitus
2886 2242 2943 2288 et
2982 2234 3252 2298 miserias,
3298 2235 3349 2288 in
3401 2235 3510 2289 alio
3557 2234 3769 2305 psalmo

2180 2329 2618 2393 resurrecturum
2675 2328 2724 2374 te
2773 2335 2894 2376 esse
2932 2321 3304 2392 promittebas.
3354 2321 3618 2378 Promisit
3671 2324 3771 2378 Do-

2182 2411 2362 2466 minus
2385 2422 2439 2465 et
2479 2410 2737 2481 implevit.
2781 2411 3025 2468 Mortuus
3053 2422 3135 2468 est
3163 2424 3217 2468 et
3247 2415 3569 2469 resurrexit.
3619 2414 3768 2469 Har.

2181 2515 2301 2559 tuus
2330 2515 2403 2560 est
2452 2514 2660 2575 propter
2704 2516 2917 2574 peccata
2964 2517 3165 2571 nostra,
3219 2509 3503 2561 resurrexit
3556 2518 3771 2578 propter

2172 2596 2605 2667 justi/irationem
2638 2607 2888 2659 nostram.
2925 2596 3214 2651 Moriamur
3244 2613 3341 2667 pro
3384 2614 3475 2663 eo,
3505 2606 3567 2652 ut
3611 2613 3767 2653 resu-

2182 2687 2442 2742 scitemur
2472 2687 2540 2757 ab
2571 2702 2653 2742 eo.
2688 2685 2746 2742 Si
2774 2687 3143 2758 compatimur,
3177 2687 3350 2758 inquit
3374 2687 3695 2757 Apostolus,
3722 2699 3769 2742 et

2182 2774 2544 2849 conreguabim
2553 2795 2612 2832 us
2623 2817 2636 2833 .

2254 2889 2552 2945 Credamus
2581 2889 2863 2944 Dominum
2892 2889 3073 2946 Jesum
3114 2903 3142 2944 a
3175 2890 3280 2945 Deo
3320 2889 3483 2946 Patre
3533 2892 3770 2945 resns'ti-

2184 2993 2355 3039 tatum
2388 2985 2453 3037 de
2484 2982 2752 3052 sepulcro,
2781 2991 2837 3037 et
2883 2983 3110 3054 gratiam
3153 2991 3208 3038 et
3264 2983 3488 3037 salutem
3531 2984 3769 3039 imenie.

495 3048 673 3136 seipse
704 3050 958 3120 deceptus
981 3050 1255 3105 intumuit.
1288 3051 1500 3106 llomini
1526 3067 1653 3108 vero
1671 3052 1874 3108 idcirco
1897 3052 2074 3122 pietas
2104 3059 2148 3122 C
2183 3092 2300 3129 mus
2333 3076 2384 3129 in
2428 3048 2629 3130 δυκίίευ
2660 3048 2984 3146 ορροηυξιο,
3038 3083 3269 3131 ,οειηηιο
3306 3076 3552 3146 apostolo
3600 3076 3768 3131 pango

495 3143 677 3203 (Vvina
703 3144 993 3212 condoluit,
1021 3161 1179 3215 quem
1233 3163 1339 3202 non
1389 3148 1606 3218 proprio
1652 3157 1880 3215 tantum,
1915 3165 2076 3219 quant

493 3233 672 3289 alieno
718 3236 977 3291 inStinctu
1024 3238 1286 3294 cecidisse
1331 3240 1601 3310 cognovit.
1668 3240 1819 3296 Unde
1857 3241 2078 3312 pulchre

496 3325 634 3383 satis
658 3336 880 3395 sanctus
911 3326 1077 3382 David
1110 3329 1162 3383 in
1190 3329 1397 3399 psalmo
1426 3330 1572 3385 canit
1600 3350 1614 3386 :
1644 3329 1775 3385 Cum
1813 3332 2076 3397 ceciderit,

494 3437 597 3474 non
626 3420 923 3487 collidatur,
952 3422 1075 3493 quia
1107 3421 1363 3477 Dominus
1394 3423 1635 3493 supponit
1658 3440 1871 3478 manum
1903 3440 2075 3478 suam.

496 3513 562 3567 Et
584 3514 698 3569 haec
723 3523 806 3569 est
830 3514 937 3580 illa,
971 3530 1131 3585 quam
1160 3529 1321 3585 supra
1350 3514 1609 3580 diximus,
1640 3515 1874 3572 dexterae
1910 3516 2076 3571 cmico

494 3604 594 3658 stis
608 3605 852 3660 mutatio.
872 3604 1028 3669 Vere,
1055 3606 1297 3675 inquam,
1320 3605 1805 3663 dextcrtecoelestis
1827 3608 2075 3671 mutatio,

494 3696 621 3766 quia
666 3697 804 3751 inter
833 3697 1041 3766 culpam
1071 3705 1124 3752 et
1159 3694 1386 3767 gratiam
1420 3696 1668 3752 diversus
1691 3704 1771 3751 est
1798 3697 1952 3750 ordo.
1976 3695 2077 3764 Qui

494 3803 591 3858 per
618 3797 869 3843 naturam
901 3802 999 3842 nos
1024 3787 1212 3855 edidit,
1246 3787 1370 3841 vita:
1398 3803 1502 3843 nos
1528 3786 1743 3843 exsules
1783 3787 1932 3843 fecit.
1974 3786 2077 3854 Qui

497 3895 594 3951 per
618 3879 847 3947 gratiam
875 3880 1079 3950 genuit,
1116 3879 1241 3933 vita:
1271 3888 1550 3936 consortes
1575 3877 1771 3934 clfecit.

563 3970 865 4025 Audiamus
891 3969 1019 4041 quid
1057 3969 1265 4043 primus
1296 3970 1474 4032 homo,
1508 3984 1538 4022 a
1565 3967 1817 4039 paradiso
1845 3965 2072 4036 ejectus,

494 4063 701 4118 audivit
732 4077 747 4116 :
793 4060 954 4117 Terra
977 4072 1067 4116 tua
1095 4062 1274 4131 spinas
1300 4071 1347 4115 et
1371 4060 1591 4115 tribulos
1618 4060 1929 4131 germinabit
1960 4061 2075 4115 tibi.

491 4153 788 4209 Audiamus
817 4154 944 4224 quid
973 4140 1137 4207 David
1164 4152 1494 4228 patriarcha,
1544 4151 1775 4207 dandam
1802 4167 1900 4222 per
1921 4150 2079 4206 Citri-

493 4254 635 4300 stum
665 4248 895 4317 gratiam
934 4243 1254 4317 praevidens,
1296 4244 1475 4299 dixit:
1512 4242 1765 4298 Dominus
1807 4242 1950 4297 dabit
1990 4243 2078 4298 bc-

495 4333 818 4402 nignitatcm,
864 4343 910 4387 ct
939 4344 1077 4387 terra
1106 4344 1283 4388 nostra
1313 4334 1456 4387 dabit
1485 4334 1717 4403 fructum
1750 4350 1924 4387 suum.
1961 4332 2070 4387 Au-

2178 3175 2340 3237 atque
2366 3167 2734 3236 promittente.
2769 3166 2830 3221 Si
2871 3167 3137 3235 confessus
3170 3168 3330 3236 fueris
3375 3177 3422 3220 et
3473 3168 3762 3221 credideris

2179 3256 2234 3310 in
2260 3256 2414 3311 corde
2434 3266 2523 3308 tuo
2549 3256 2672 3326 quia
2696 3255 2835 3310 Deus
2868 3255 3018 3309 illum
3043 3257 3313 3309 suscitauit
3339 3273 3370 3309 a
3394 3258 3642 3322 mortuis,
3664 3255 3767 3310 sal-

2180 3361 2270 3399 ous
2300 3346 2426 3400 eris.
2457 3344 2525 3400 In
2559 3350 2730 3417 quem,
2762 3346 2901 3401 sicut
2926 3355 3112 3415 pastor
3152 3345 3237 3403 ille
3268 3344 3527 3400 Ecclesia!
3570 3346 3768 3401 beatis-

2179 3438 2349 3493 simus
2398 3437 2594 3492 Petrus
2622 3439 2772 3502 dicit,
2803 3455 2939 3492 mmc
2966 3452 3167 3509 quoque
3192 3455 3295 3493 non
3332 3439 3564 3493 videntes
3596 3440 3770 3492 credi-

2179 3536 2270 3601 tis,
2309 3535 2573 3588 credentes
2602 3543 2774 3587 aulem
2802 3532 3076 3586 exsultatis
3100 3530 3284 3585 la'titia
3330 3529 3683 3584 inenarrabili
3718 3540 3767 3584 et

2179 3625 2495 3696 glori/irata,
2546 3634 2865 3693 reportantes
2907 3623 3065 3691 ﬁnem
3111 3621 3234 3691 fidei
3287 3631 3493 3684 restrte,
3547 3622 3767 3675 scientes

2177 3715 2317 3786 quod
2350 3730 2452 3767 non
2503 3712 2923 3782 corruptibilibus
2951 3723 3164 3783 argento
3216 3711 3295 3765 rel
3333 3727 3467 3765 auro
3515 3711 3768 3776 redempti

2179 3805 2301 3860 estis
2329 3806 2393 3859 de
2440 3821 2572 3858 vana
2610 3813 2780 3859 vestra
2820 3805 3228 3869 conversatione,
3256 3813 3484 3874 peierare
3525 3804 3767 3857 traditio-s

2181 3897 2282 3958 uis,
2320 3895 2411 3949 sed
2440 3896 2666 3963 pretioto
2692 3896 2967 3961 sanguine,
2992 3895 3142 3963 quasi
3185 3894 3319 3963 Agni
3362 3893 3767 3947 incontaminati

2180 3994 2227 4041 cl
2254 3986 2602 4051 imntarulati,
2629 3985 2846 4049 Christi,
2874 3986 3176 4057 prwcogniti
3216 3987 3424 4057 q'uidem
3466 3996 3591 4040 ante
3637 4004 3765 4041 eon-

2181 4076 2504 4130 stitntionem
2538 4078 2740 4140 nauudi,
2770 4077 3090 4146 manifestati
3121 4087 3292 4132 autem
3324 4077 3619 4132 novissimis
3641 4091 3770 4131 tent-

2177 4168 2392 4237 poribus
2457 4178 2667 4236 propter
2712 4184 2819 4231 ros,
2849 4168 2938 4238 qui
2978 4182 3071 4236 per
3100 4170 3268 4236 ipsum
3320 4166 3501 4237 ﬁdeles
3545 4169 3673 4223 estis
3714 4170 3767 4220 in

2179 4256 2369 4319 Deum,
2397 4255 2487 4324 qui
2509 4256 2775 4311 suscitavit
2803 4271 2921 4310 eum
2951 4273 2982 4309 a
3014 4255 3257 4321 mortuis,
3286 4268 3333 4309 et
3372 4256 3513 4309 dedit
3562 4259 3611 4311 ei
3656 4257 3767 4327 glo-

2186 4349 2346 4412 riam,
2381 4358 2434 4401 ut
2470 4347 2601 4415 ﬁdes
2649 4358 2816 4401 vestra
2850 4357 2897 4401 et
2931 4363 3043 4416 spes
3086 4357 3214 4401 esset
3258 4348 3310 4401 in
3352 4346 3601 4401 Domino.
3658 4347 3766 4401 Nos

496 4421 702 4474 diamus
728 4422 888 4475 etiam
926 4422 1054 4492 quid
1092 4423 1260 4477 Adam
1314 4423 1429 4488 ille,
1465 4422 1707 4479 mortalis
1744 4409 1972 4478 'cll'ectns
2022 4431 2076 4477 et

2182 4438 2365 4510 igitur,
2396 4439 2530 4493 tanti
2562 4438 2801 4495 auctoris
2826 4439 3021 4493 eruditi
3061 4440 3353 4504 sententia,
3381 4440 3671 4494 credentes
3711 4440 3761 4492 in

416 4574 422 4580 ν
501 4513 707 4567 auctori
770 4514 1101 4581 inobcdicns,
1134 4516 1354 4570 audivit.
1405 4516 1701 4571 Audiamus
1745 4517 1872 4588 quid
1914 4518 2075 4585 latro,

494 4602 551 4659 in
606 4618 768 4662 cruce
825 4605 1062 4674 pendens
1142 4616 1197 4661 et
1251 4608 1417 4662 vitam
1502 4608 1813 4674 conﬁtens,
1873 4607 2074 4665 Christi

492 4697 693 4767 pietate
735 4698 1052 4768 promeruit.
1105 4697 1182 4753 llli
1229 4699 1432 4755 dictum
1465 4712 1593 4755 est:
1631 4700 1700 4756 In
1741 4703 1932 4756 sudore
1963 4700 2074 4755 uul-

494 4780 576 4843 tus
607 4789 682 4855 tui
714 4786 929 4857 vesceris
976 4808 1112 4861 pane
1170 4803 1294 4858 tuo;
1323 4793 1412 4848 isti
1470 4780 1675 4849 dictum
1714 4804 1841 4851 est:
1894 4793 2071 4848 Hodie

490 4895 692 4936 mecum
741 4876 957 4938 eris‘in
1010 4885 1281 4954 paradiso.
1353 4884 1660 4943 Timeamus
1722 4888 1894 4960 quod,
1954 4886 2069 4941 exi-

492 4982 651 5030 Rente
699 4985 939 5030 peccato.
988 4977 1040 5030 in
1089 4978 1264 5030 primo
1325 4990 1550 5030 parente
1593 4980 2011 5030 commeruimus
2051 4997 2065 5030 :

2180 4531 2460 4586 Christum
2489 4530 2821 4589 exsultemus
2841 4529 3186 4584 inenarrabili
3217 4529 3423 4585 laetitia.
3448 4527 3555 4585 Sed
3581 4529 3635 4583 in
3664 4529 3764 4583 hac

2178 4622 2448 4693 pra-cipue
2476 4621 2715 4690 paschali
2751 4620 3114 4686 solemnitate,
3149 4621 3200 4674 in
3235 4636 3339 4689 qua
3367 4621 3511 4676 sicut
3538 4632 3762 4691 aposto~

2177 4707 2349 4766 lorum
2378 4710 2628 4782 princeps
2651 4711 2781 4766 dicit
2811 4730 2822 4764 :
2853 4709 3134 4780 Redempti
3166 4726 3354 4765 sumus
3382 4711 3449 4765 de
3476 4726 3617 4765 vana
3665 4726 3763 4765 uno

2174 4812 2286 4857 stra
2358 4803 2768 4871 conversatione
2839 4802 3248 4864 incontaminati
3303 4812 3360 4856 ct
3424 4802 3761 4859 immaculati

2173 4894 2308 4962 Agni
2368 4905 2712 4967 sacrosancto
2767 4894 3047 4965 sanguine.
3109 4894 3165 4948 lu
3213 4894 3316 4959 hoc
3342 4894 3509 4949 etiam
3545 4903 3765 4965 oportet

2178 5000 2275 5030 nos
2308 4983 2594 5030 nlui-imum
2624 4984 2875 5030 annalem-
2914 4985 3037 5030 nnia
3068 4983 3300 5030 sululnm
3343 4990 3428 5030 est
3473 4983 3635 5030 hodie
3676 4983 3760 5030 in-

3996 1558 4007 1621 ἶ
