4072 5350
241 286 387 341 ιουει

1708 269 2098 332 SERMONES.

3381 232 3519 309 ium

242 401 428 461 culum
476 410 529 459 et
564 403 745 459 omnia
801 419 928 459 vasa
971 402 1257 459 ministerii
1289 401 1555 474 sanguine
1603 398 1915 459 dicenszA
2012 387 2167 445 Unde
2221 385 2296 441 illi
2356 384 2544 440 aderat
2612 381 2667 436 in
2732 376 3135 448 exspectatione
3192 370 3350 442 hujus
3415 372 3503 425 die

246 498 353 554 llic
382 499 599 571 sanguis
631 498 926 552 testamenti
960 496 1098 568 quod
1134 496 1401 550 mandavit
1446 493 1515 548 ad
1548 491 1831 571 vosADcus.

245 590 447 644 Omnia
516 605 646 660 pene
717 590 771 642 in
840 589 1094 659 sanguine
1153 587 1477 640 mandantur
1541 568 1833 654 secundum

242 683 447 753 legem,
493 692 548 735 et
578 682 709 735 dicit
758 680 901 752 quod
946 696 1050 733 non
1092 678 1152 748 [it
1204 681 1437 732 remissio
1476 678 1588 731 sine
1622 674 1835 745 sangui-

243 778 328 829 nis
373 775 649 844 e/fusione,
701 781 886 842 aperte
932 772 1311 828 demonstrans
1363 770 1488 841 quia
1531 784 1636 824 non
1681 768 1837 822 ﬁeret

242 865 458 935 peccati
484 857 728 926 abolitio,
761 860 864 916 nisi
890 862 1250 917 intercederet
1280 859 1489 914 Domini
1513 857 1682 912 nostri
1706 855 1835 911 Jesu

240 957 448 1027 passio.
481 955 547 1010 Et
576 954 678 1010 nisi
706 963 849 1010 esset
898 955 1009 1025 ipse
1041 970 1137 1025 pro
1187 951 1425 1023 peccatis
1470 950 1692 1015 oblatio,
1739 963 1837 1017 per

241 1063 407 1116 quem
439 1047 596 1100 nobis
629 1047 790 1100 datur
819 1047 1060 1101 omnium
1091 1053 1439 1114 peccatorum
1469 1042 1739 1096 remissio.
1791 1038 1834 1094 Ο

242 1137 404 1207 quale
436 1146 858 1204 sacramentum,
890 1153 996 1207 quo
1027 1138 1275 1191 veniente
1306 1143 1483 1189 cessat
1523 1148 1681 1188 omne
1710 1145 1838 1202 pec-

242 1228 469 1283 catum!
528 1243 560 1282 o
607 1227 764 1297 quale
812 1227 1178 1292 sacrificium,
1223 1241 1331 1296 quo
1375 1224 1652 1280 redolente
1702 1222 1836 1293 fugit

244 1337 417 1391 omine
443 1320 703 1376 delictum
731 1322 744 1375 !
777 1336 811 1377 ο
840 1320 1016 1391 qualis
1040 1319 1316 1385 sacerdos,
1345 1319 1437 1389 qui
1485 1317 1837 1386 semetipsum

246 1411 473 1475 obtulit,
508 1420 567 1466 ut
618 1412 863 1479 ingratos
904 1427 1091 1467 servos
1136 1426 1165 1465 a
1193 1419 1450 1481 perpetua
1498 1417 1691 1473 morte,
1738 1422 1836 1462 sua

244 1511 425 1572 morte
451 1504 657 1558 faceret
685 1502 923 1558 liberos!
959 1503 1000 1557 F
1007 1512 1159 1558 actos
1182 1503 1346 1556 etiam
1400 1501 1599 1557 liberos
1640 1499 1837 1554 fratres

241 1604 405 1661 vocat
440 1602 494 1649 et
525 1594 685 1649 filios.
718 1594 836 1659 Eia,
891 1594 1089 1649 fratres
1118 1593 1478 1660 dilectissimi,
1522 1590 1838 1647 studcamns

241 1694 361 1739 toto
406 1686 605 1740 mentis
638 1684 831 1740 all‘ectu
857 1700 978 1740 esse
1007 1685 1243 1756 pacifici,
1294 1693 1356 1739 ut
1384 1697 1689 1738 mereamur
1739 1696 1835 1735 vo-

1941 492 2091 539 tanta
2123 479 2307 534 laetitia
2361 476 2591 545 talisque
2640 470 2967 529 exsultatio?
3006 467 3225 522 Sciebat
3268 464 3414 520 enim
3464 478 3523 516 se

1936 590 2034 646 per
2098 570 2257 641 hujus
2304 565 2410 621 diei
2462 549 2913 645 sacramentum,
2959 560 3026 614 de
3072 558 3211 611 valle
3255 555 3525 625 lacryma.

1937 681 2055 721 rum
2106 671 2161 718 et
2207 660 2423 730 planetu
2483 658 2716 726 antiquae
2779 652 3098 725 plorationis
3163 647 3522 703 transiturum

1938 756 2006 812 ad
2073 763 2292 808 aeterna:
2350 746 2705 805 beatitudinis
2764 745 3040 817 gaudium.
3101 740 3321 821 Sciebat
3387 752 3525 808 prae-

1938 860 2086 905 tcrea
2136 864 2194 904 se
2241 846 2358 901 sine
2416 842 2581 898 dubio
2642 842 2697 896 in
2752 856 2847 910 spe
2900 835 3318 894 resurrectionis
3368 833 3526 888 Chrio

1936 943 2031 1008 sti,
2060 939 2339 998 conscisse
2369 936 2637 991 diuturnre
2663 929 3017 1004 ptenitudiais
3053 944 3229 994 sacco,
3280 926 3524 981 vestibus

1937 1033 2283 1091 mortalitatis
2311 1038 2365 1086 et
2390 1024 2755 1097 corruptionis
2782 1022 2929 1089 exui,
2966 1038 3102 1092 quas
3135 1019 3296 1091 primi
3329 1030 3523 1089 paren-

1938 1140 2019 1187 tes
2069 1130 2135 1185 de
2172 1126 2405 1199 pellibus
2461 1127 2791 1179 consuerant
2844 1129 2899 1171 et
2934 1116 3088 1172 foliis
3138 1111 3523 1169 verecundiam

1936 1217 2091 1277 suam
2142 1224 2449 1278 texuerunt,
2503 1222 2560 1268 et
2614 1210 2750 1266 stola
2803 1206 3222 1265 immortalitatis
3269 1213 3325 1259 et
3363 1201 3522 1258 indu-

1937 1320 2124 1366 mento
2149 1309 2347 1364 laetitiae
2396 1301 2834 1374 etjucuntlitatis
2888 1299 3061 1363 indui,
3105 1311 3224 1369 quae
3263 1295 3365 1351 sibi
3416 1293 3526 1349 elo-

1937 1404 2062 1475 quia
2129 1403 2308 1458 divina
2368 1398 2757 1471 promiserant.
2810 1393 3033 1449 Dicebat
3082 1391 3246 1445 etiam
3298 1402 3357 1443 se
3404 1390 3528 1456 post

1939 1495 2234 1552 revelatam
2300 1491 2598 1548 Dominieae
2677 1484 3095 1543 resurrectionis
3153 1480 3401 1552 gloriam,
3467 1486 3524 1531 et

1938 1594 2262 1657 resurgente
2326 1582 2546 1637 Christo
2603 1580 2759 1635 nobis
2795 1578 2849 1631 in
2897 1574 3080 1632 saeculi
3123 1573 3227 1627 fine
3258 1568 3525 1641 promissa

1939 1695 2045 1734 non
2076 1693 2236 1749 posse
2265 1676 2330 1730 ad
2372 1673 2535 1728 ullam
2563 1670 2841 1726 tristitiam
2865 1665 3183 1738 compungi,
3211 1663 3303 1719 sed
3328 1659 3527 1716 divinis

238 1780 355 1834 cari
387 1790 442 1833 et
467 1794 588 1834 esse
617 1778 713 1833 lilii
745 1778 860 1833 Dei.
898 1751 1209 1843 Faciamus,
1244 1787 1407 1848 prout
1453 1776 1566 1845 ipse
1593 1775 1829 1829 donave-
1858 1776 1904 1834 Β
1933 1767 2182 1823 cantibus
2234 1774 2291 1820 et
2324 1761 2664 1820 confessione
2713 1760 3029 1816 COBiCSlibllS
3076 1756 3235 1827 plena
3278 1751 3533 1807 laudibus

242 1871 337 1933 rit,
372 1869 704 1923 voluntatem
737 1869 857 1935 Dei,
888 1876 945 1921 ut
975 1875 1243 1938 potestate
1291 1873 1512 1935 accepta
1557 1863 1828 1933 possimus

242 1959 485 2028 adoptivi
523 1958 723 2014 fratres
779 1956 895 2027 ejus
938 1957 1078 2021 fieri,
1108 1955 1200 2027 qui
1244 1953 1536 2010 secundum
1586 1952 1744 2008 fidem
1774 1959 1829 2006 et

240 2053 642 2111 confessionem
675 2054 832 2125 primi
867 2053 1255 2123 apostolorum,
1307 2050 1479 2116 Petri,
1530 2059 1616 2105 est
1663 2057 1829 2104 natu-

243 2143 377 2201 ralis
408 2154 463 2200 et
491 2145 684 2201 unicus
710 2144 881 2200 Filius
909 2145 1002 2200 Dei
1030 2144 1167 2221 vivi,
1186 2158 1310 2199 cum
1334 2158 1442 2213 quo
1469 2143 1601 2196 vivit
1627 2152 1682 2196 et
1710 2156 1830 2212 reg-

239 2246 339 2292 nat
380 2252 478 2305 per
522 2236 731 2293 infinita
759 2237 960 2293 saecula
1010 2236 1177 2301 Deus,
1221 2236 1275 2290 in
1327 2234 1536 2290 unitate
1592 2232 1829 2303 Spiritus

239 2333 443 2394 sancti,
476 2333 568 2402 qui
608 2348 710 2388 nos
752 2339 1015 2404 perpetua
1064 2346 1197 2402 pace
1242 2328 1517 2385 custodiat
1565 2340 1829 2394 suumque

240 2422 454 2479 Pascha
484 2424 644 2495 digna
673 2424 1028 2480 veneratione
1056 2421 1316 2478 continue
1367 2417 1649 2475 celebrare
1700 2431 1830 2471 con-

241 2516 424 2571 cedat.
458 2516 654 2573 Amen.

849 2606 1082 2664 SERMO
1122 2605 1231 2661 V'li.

649 2718 717 2760 DE
752 2719 930 2760 EADEM
968 2715 1428 2757 BESURRECTIONE.

319 2791 512 2859 Hodie,
542 2794 879 2852 dilectissimi
912 2794 1130 2859 fratres,
1161 2792 1391 2847 Domino
1412 2798 1594 2846 nostro
1615 2787 1833 2845 Christo

246 2894 568 2957 resurgente
614 2896 781 2956 atque
809 2887 877 2941 de
924 2886 1148 2942 subacto
1197 2882 1545 2939 tenebrarum
1593 2882 1835 2952 principe

245 2975 582 3047 triumphum
613 2976 854 3033 victoria:
897 2978 1188 3042 referente,
1233 2990 1359 3045 spes
1406 2972 1834 3042 immortalitatis

247 3067 457 3127 tuendo
479 3067 689 3125 reddita
716 3078 824 3135 est,
855 3078 910 3125 et
942 3068 1085 3139 quod
1113 3085 1143 3122 a
1169 3065 1380 3123 saeculis
1408 3062 1622 3120 dillicile
1658 3064 1837 3118 inere-

1937 1856 2161 1914 Domino
2205 1856 2313 1912 Deo
2362 1872 2458 1913 suo
2500 1852 2831 1911 reternaliler
2859 1867 2981 1906 cum
3022 1847 3191 1919 gloria
3250 1843 3533 1908 famulari,

1930 1954 1985 2002 et
2015 1947 2218 2003 idcirco
2266 1946 2515 2016 adjuncta
2563 1958 2807 2016 persona:
2854 1956 2965 1995 suae
2989 1939 3229 1995 omnium
3288 1932 3527 1989 fidelium

1934 2049 2115 2089 massa
2147 2034 2454 2100 exsultans,
2495 2043 2550 2089 et
2578 2042 2803 2089 cantans
2839 2030 3045 2095 laudes,
3084 2034 3139 2082 et
3183 2023 3384 2094 gratias
3442 2035 3531 2075 re-

1933 2126 2154 2181 ferendo
2184 2126 2409 2180 Domino
2441 2126 2693 2181 dicebat:
2728 2121 3038 2177 Converlisti
3067 2117 3332 2188 planctum
3357 2125 3527 2167 meum

1932 2215 1987 2268 in
2022 2215 2271 2285 gaudium
2312 2216 2470 2281 mihi,
2521 2212 2792 2268 concidisti
2851 2225 3060 2264 saccum
3112 2220 3305 2268 meum,
3337 2211 3385 2257 ει
3430 2201 3531 2254 cir-

1933 2303 2245 2359 cumdedisti
2275 2320 2354 2358 me
2384 2303 2592 2358 lwtitia.
2639 2290 2708 2356 Ut
2755 2309 2923 2356 cantet
2974 2297 3067 2372 tibi
3116 2294 3285 2367 giaria
3310 2309 3447 2355 mea,
3477 2298 3531 2344 et

1934 2418 2037 2456 non
2088 2416 2430 2470 compungar,
2482 2398 2704 2452 Domine
2756 2396 2900 2450 Deus
2950 2380 3122 2458 meus,
3163 2386 3221 2444 in
3266 2401 3525 2444 internum

1935 2489 2221 2558 conﬁtebor
2251 2490 2364 2543 tibi.
2406 2486 2517 2542 lloc
2554 2487 2718 2558 igitur
2760 2500 2930 2557 genus
2959 2481 3320 2540 confessionis
3356 2477 3530 2551 magis

1935 2580 2004 2634 ad
2044 2578 2417 2650 prsedicandas
2446 2580 2681 2647 pertinet
2736 2573 3142 2632 misericordias
3169 2571 3380 2626 Domini
3411 2566 3531 2624 Sal-

1934 2672 2145 2726 vatoris
2181 2685 2344 2741 quam
2384 2669 2451 2723 ad
2491 2668 2821 2739 detegendas
2851 2664 3097 2721 miserias
3129 2662 3365 2720 hominis
3399 2675 3533 2731 pec-

1937 2764 2160 2828 catoris,
2191 2763 2329 2818 sicut
2363 2761 2503 2816 idem
2537 2761 2788 2816 Salvator
2816 2759 2867 2814 in
2899 2742 3191 2828 Evangelio
3233 2746 3531 2812 ostendens

1937 2858 2111 2913 dicit:
2143 2855 2410 2925 Conﬁteor
2456 2853 2576 2919 tibi,
2615 2850 2782 2906 Pater
2819 2849 2932 2905 caeli
2970 2859 3019 2904 et
3075 2859 3250 2912 τεῖναν,
3308 2844 3361 2901 id
3419 2854 3525 2909 est,

1938 2950 2096 3005 laudo
2132 2957 2187 3003 et
2217 2947 2459 3018 gloritieo
2499 2954 2574 3000 te.
2607 2945 2668 2999 Et
2697 2954 2918 3011 sanctus
2950 2942 3002 2996 in
3049 2932 3319 2997 Psalmis:
3350 2937 3530 3006 Conﬁ-

1939 3040 2116 3096 temini
2142 3039 2396 3104 Domino,
2426 3037 2675 3108 quoniam
2726 3036 2909 3090 bonus.
2936 3033 3105 3104 Hujus
3136 3029 3531 3087 inaestimabilis

246 3155 393 3211 dulis
414 3172 479 3212 ac
520 3157 743 3227 perﬁdis
791 3127 1122 3228 impossibile
1167 3156 1467 3218 videbatur,
1520 3168 1621 3224 ope
1670 3162 1834 3222 atque

1938 3134 2214 3199 bonitatis,
2286 3131 2550 3187 Dominus
2617 3130 2774 3187 Jesus
2844 3129 3095 3184 Christus
3163 3127 3411 3182 minister
3447 3131 3529 3182 jet

245 3245 436 3301 divina
453 3246 800 3303 miseratione
824 3248 875 3302 in
903 3248 1115 3317 plenam
1137 3245 1487 3305 securitatem
1509 3256 1832 3298 conversum

244 3346 354 3391 est.
385 3336 443 3391 In
471 3336 710 3393 laetitiam
742 3347 950 3394 mentes
970 3337 1212 3402 redeant,
1238 3336 1493 3408 quoniam
1514 3341 1834 3404 tempestate

245 3427 486 3483 exitialis
533 3444 803 3499 pressura:
844 3444 909 3485 ac
934 3429 1075 3484 nube
1103 3428 1347 3484 discussa
1374 3425 1640 3482 camitatis
1690 3425 1835 3479 anti-

245 3532 396 3586 qnte,
430 3518 793 3587 tranquillitas
818 3527 1037 3574 aeterna:
1060 3518 1261 3588 quietis
1288 3524 1343 3572 et
1367 3516 1637 3572 serenitas
1662 3513 1834 3567 divini

249 3607 478 3665 luminis
503 3608 840 3664 effulserunt.
868 3609 1068 3664 Danda:
1095 3608 1203 3663 Deo
1239 3608 1446 3670 laudes,
1493 3614 1549 3662 et
1572 3602 1835 3665 beneficia

247 3700 372 3771 ejus
394 3714 460 3754 ac
493 3716 717 3756 munera
748 3710 856 3756 tam
884 3701 1132 3771 grandia,
1164 3708 1226 3753 ιιι
1250 3699 1536 3770 grandiora
1566 3710 1688 3752 esse
1728 3709 1834 3749 non

248 3791 482 3860 possint,
531 3805 654 3845 cum
702 3791 1001 3862 gratiarum
1051 3790 1265 3846 actione
1308 3787 1631 3845 celebranda
1687 3793 1833 3842 sunt.

249 3880 365 3936 Nos
393 3882 620 3951 etenim,
645 3884 863 3947 fratres,
894 3883 986 3954 qui
1017 3884 1184 3940 Deum
1211 3883 1376 3940 corde
1411 3891 1543 3947 toto,
1572 3890 1628 3936 et
1653 3880 1835 3936 anima

249 3981 308 4027 et
352 3972 554 4029 virtute
598 3973 821 4045 diligere
866 3975 1146 4040 debemus,
1192 3986 1419 4028 necesse
1489 3980 1574 4028 est
1617 3971 1838 4027 benedi-

256 4061 464 4121 ctiones
492 4064 608 4133 ejus
633 4074 688 4120 et
715 4066 902 4121 laudes
952 4081 1166 4136 semper
1193 4074 1248 4122 et
1277 4064 1475 4135 ubique
1508 4078 1633 4119 cum
1665 4063 1837 4134 gloria

255 4153 631 4223 prmdicemus.
663 4155 767 4210 Sed
797 4172 940 4211 nunc
967 4157 1140 4224 magis
1168 4171 1233 4211 ac
1261 4154 1433 4224 magis
1479 4153 1595 4208 fieri
1637 4165 1840 4208 conve-

256 4248 340 4303 nit
383 4248 510 4318 quia
540 4258 825 4319 exoptatus
853 4250 992 4306 votis
1020 4251 1260 4306 omnium
1292 4248 1548 4313 fidelium
1582 4247 1697 4305 dies
1743 4247 1838 4303 ad-

256 4333 434 4404 venit,
453 4349 644 4410 etpost
668 4342 841 4412 longae
865 4342 1041 4397 noctis
1063 4341 1377 4400 horribilem
1412 4349 1679 4410 [erratque
1706 4338 1839 4395 cali-

254 4432 437 4500 ginem
464 4430 675 4486 Domini
707 4432 826 4487 luce
871 4433 1113 4488 radiatus
1147 4432 1384 4487 mundus
1430 4431 1621 4487 eluxit.
1669 4429 1840 4500 Hujus

1937 3225 2111 3290 testis,
2149 3223 2373 3294 largitor
2412 3231 2468 3276 et
2512 3229 2846 3276 monstrator
2891 3218 3067 3275 factus
3124 3228 3228 3274 est.
3284 3216 3533 3272 Minister

1936 3317 2235 3380 nascendo,
2304 3315 2461 3370 testis
2526 3313 2831 3376 moriendo,
2890 3312 3117 3383 largitor
3171 3300 3527 3380 resurgendo.

1936 3416 2272 3465 monstrator
2343 3404 2717 3462 ascendendo.‘
2754 3405 2848 3459 Est
2917 3404 3060 3459 enim
3093 3404 3208 3472 ipse
3239 3400 3435 3458 sunnni
3474 3408 3532 3453 et

1935 3500 2125 3556 aeterni
2164 3497 2314 3562 boni,
2340 3496 2484 3566 quod
2513 3495 2655 3550 idem
2689 3494 2803 3566 ipse
2833 3492 3217 3556 est,‘minister
3266 3507 3390 3545 cum
3438 3504 3529 3543 na-

1936 3590 2129 3654 scitur,
2182 3588 2333 3643 testis
2374 3587 2501 3639 dum
2549 3586 2774 3655 patitur,
2828 3584 3053 3655 largitor
3089 3596 3211 3637 cum
3256 3582 3321 3635 de
3352 3589 3526 3635 morte

1939 3679 2237 3745 reducitur,
2271 3684 2602 3732 monstrator
2638 3689 2761 3730 cum
2800 3673 2855 3729 in
2908 3674 3186 3729 dexteram
3226 3671 3405 3727 Patris
3443 3684 3531 3726 as-

1938 3769 2189 3827 sumitur.
3118 3822 3125 3829 ρ

2010 3865 2135 3921 llaec
2165 3872 2292 3920 sunt
2334 3870 2569 3934 quatuor
2618 3859 2871 3931 specialia
2919 3859 3086 3916 divini
3138 3860 3381 3915 muneris
3434 3858 3536 3915 be-

1940 3954 2157 4016 neficia,
2199 3969 2266 4011 ex
2296 3953 2548 4009 omnibus
2586 3950 2880 4007 Dominicis
2938 3950 3219 4007 beneficiis
3273 3954 3527 4022 excepta,
3584 4012 3590 4017 Α

1939 4057 1995 4104 et
2029 4062 2125 4118 per
2176 4055 2410 4115 quatuor
2457 4044 2873 4115 Evangeliorum
2934 4044 3124 4109 libros,
3187 4052 3241 4099 et
3293 4050 3535 4113 quatuor

1938 4135 2276 4206 evangelicos
2330 4136 2497 4201 viros,
2543 4152 2639 4205 per
2676 4122 3122 4205 quatuorimundi
3159 4117 3357 4203 spatia,
3397 4129 3531 4185 fide-

1939 4226 2079 4280 libus
2117 4234 2243 4282 sunt
2283 4233 2546 4281 reserata.
2584 4223 2707 4280 litec
2732 4240 2856 4279 cum
2885 4224 3119 4279 fideliter
3158 4222 3433 4278 credimus
3477 4229 3535 4275 et

1941 4319 2169 4383 firmiter
2197 4320 2513 4383 retinemus.
2562 4327 2618 4375 et
2645 4318 2809 4389 digna
2851 4333 2954 4388 pro
2989 4329 3147 4387 posse
3177 4311 3532 4369 veneratione

1944 4412 2252 4478 recolimus,
2285 4413 2541 4482 quoniam
2584 4427 2653 4485 ex
2682 4412 2769 4466 his
2802 4411 3039 4464 max-inte
3078 4406 3294 4463 Domini
3320 4404 3537 4460 bonita-

254 4522 405 4576 ευίηι
433 4521 679 4589 luminis,
711 4532 988 4594 perpetua,
1019 4523 1271 4579 videlicet
1309 4522 1592 4588 (animus,
1643 4494 1845 4576 θανξεη,
1875 4507 1925 4567 υ
1951 4510 2056 4555 tem
2078 4502 2480 4572 cognoscinms,
2505 4515 2847 4569 consequens
2866 4508 2949 4555 est
2977 4508 3057 4561 ut,
3087 4494 3541 4553 sicutDavidicus

257 4621 373 4671 tum
421 4612 699 4684 ipsiusque
740 4615 1003 4669 adventus
1047 4622 1396 4669 sacrosancta
1445 4611 1727 4684 mysteria,
1774 4612 1842 4667 ab

260 4703 378 4773 ipso
427 4706 622 4761 mundi
669 4706 938 4777 principio
983 4706 1329 4775 antiquorum
1363 4704 1584 4763 Patrum
1635 4703 1846 4760 actibus

258 4797 603 4866 praesignata,
637 4812 705 4852 ac
739 4796 1126 4867 multiplicibus
1163 4795 1435 4870 vaticiniis
1459 4804 1715 4866 perorata
1746 4808 1842 4850 ve-

261 4884 448 4955 risque
473 4884 916 4942 attestationibus
940 4885 1206 4957 promissa
1234 4887 1534 4955 eodemque
1563 4884 1765 4939 lumine
1787 4884 1843 4939 in

260 4979 483 5036 homine
530 4989 831 5053 apparente
879 4979 1141 5043 exhibita,
1191 4979 1329 5035 sicut
1372 4991 1472 5032 nos
1517 4977 1744 5033 colimus
1787 4986 1845 5035 et

261 5082 510 5131 tenemus
536 5073 591 5130 in
625 5088 687 5131 re
713 5088 863 5139 vera,
896 5073 968 5127 ita
998 5076 1057 5125 et
1102 5069 1308 5140 antiqui
1355 5068 1547 5125 Patres
1594 5068 1846 5123 colebant

263 5166 316 5221 in
347 5182 443 5238 spe
475 5178 650 5224 certa.
684 5166 761 5221 Ita
797 5166 940 5221 enim
969 5164 1023 5218 in
1053 5175 1145 5231 spe
1170 5172 1340 5228 certa,
1374 5159 1622 5214 utetiam
1655 5161 1722 5216 de
1761 5161 1846 5217 his

263 5275 381 5328 qua:
403 5262 704 5317 credebant
732 5265 785 5314 et
810 5253 1198 5327 praedicabant,
1225 5251 1475 5325 quaedam
1520 5250 1662 5304 sicut
1689 5262 1845 5307 erant

1944 4609 2124 4651 sermo
2145 4604 2244 4650 nos
2271 4594 2548 4659 admonet,
2575 4591 2839 4649 faciamus
2878 4609 2891 4647 :
2919 4584 3261 4659 Conﬁtemini
3284 4584 3535 4646 Domino,

1945 4688 2192 4761 quoniam
2235 4688 2420 4754 bonus,
2452 4687 2703 4758 quoniam
2752 4686 2815 4761 in,
2859 4676 3114 4740 internum
3171 4672 3537 4735 misericordia
3607 4737 3609 4739 ι

1946 4760 2079 4855 ejus.
2105 4781 2339 4837 Mundus
2368 4779 2631 4851 sanguine
2657 4760 2855 4833 Christi
2897 4777 3008 4830 Deo
3044 4773 3196 4827 Patri
3222 4762 3543 4825 reconcilia-

1951 4854 2062 4942 tus,
2086 4858 2332 4931 Ecclesia
2356 4873 2611 4928 videlicet
2653 4869 2920 4926 catholica
2957 4880 3051 4935 per
3080 4871 3253 4918 totum
3280 4854 3546 4912 mundum

1948 4965 2165 5033 dilfusa,
2216 4966 2273 5022 in
2322 4962 2579 5020 saeculum
2635 4956 3064 5016 misericordiam
3105 4951 3228 5033 ejus
3269 4946 3549 5019 ρτεειιίθειι.

1950 5059 2077 5115 dum
2108 5059 2177 5113 ab
2200 5058 2364 5129 hujus
2388 5052 2567 5108 saeculi
2598 5048 2836 5105 miseriis
2879 5042 3125 5116 ejusdem
3157 5032 3555 5098 misericordiae

1951 5169 2173 5210 munere
2211 5169 2271 5209 se
2312 5164 2475 5221 posse
2499 5145 2724 5201 liberari
2758 5136 2871 5199 non'
2904 5138 3138 5196 dubitat.
3187 5129 3407 5193 Domini
3452 5131 3561 5185 mi-

1951 5248 2301 5305 sericordiam
2347 5245 2402 5298 in
2425 5249 2687 5294 aeternum
2715 5236 2959 5293 omnium
2992 5230 3283 5301 plenitudo
3313 5221 3559 5305 fidelium

2499 5344 2551 5350 Α-
2590 5327 2661 5350 DL
2678 5328 2794 5350 ..ξ-ιε
2843 5327 3309 5350 -Αηιι-ηΛΛΙῖΛιιΛΜ
3390 5328 3559 5350 Πεισιαν-
