4072 5350
545 371 678 428 IOII

1501 363 1558 420 S.
1592 359 1907 421 ODILONIS
1945 356 2234 412 ABBATIS
2267 357 2764 417 CLUNIACENSIS
2802 359 2850 418 ν

3657 357 3726 412 11)
3734 357 3808 414 11

544 485 730 535 diei-ua
761 472 1051 529 festivitate
1103 472 1169 527 de
1222 484 1398 528 morte
1437 474 1790 542 resurgentis.
1831 471 1938 527 Nos
1983 485 2111 542 ergo
2141 473 2186 532 A
2216 471 2353 542 p"lis
2369 472 2434 528 de
2457 487 2516 529 se
2544 475 2928 541 dubitantibus,
2959 475 3238 530 cicatrices
3259 475 3542 531 vulnerum
3575 489 3803 530 suorum

544 559 899 626 confiteantur
952 563 1178 618 Domino
1221 564 1478 634 quoniam
1525 564 1699 620 bonus
1749 574 1852 629 est,
1894 573 2116 633 peccata

544 668 730 715 nostra
789 653 1062 710 humiliter
1107 654 1432 718 accusando,
1476 655 1770 709 bonitatem
1840 653 1980 707 illius
2022 668 2112 706 su-

541 747 784 802 biimiter
853 745 1208 813 praedicando.
1263 744 1631 799 Confiteatnur
1702 744 1957 814 quoniam
2025 742 2119 796 nti-

543 838 780 891 sericors
852 843 970 900 est,
1032 834 1436 889 misericordias
1494 833 1610 903 eius
1667 835 1785 888 sine
1848 833 1952 888 flne
2013 832 2121 888 lau-

543 929 740 992 dando,
786 938 843 981 ut
897 929 949 980 in
986 926 1088 980 hoc
1140 926 1337 981 saeculo
1379 941 1475 980 sua
1513 941 1612 980 nos
1641 925 1885 981 bonitate
1932 933 2120 980 custo—

542 1023 678 1084 diat,
716 1031 771 1074 et
801 1020 852 1074 in
881 1026 1141 1074 aeternum
1171 1034 1266 1073 sua
1296 1019 1666 1073 misericordia
1705 1017 1865 1072 simul
1887 1025 1942 1072 et
1985 1031 2122 1085 pra:-

544 1113 712 1167 seutia
731 1110 933 1181 perfrui
956 1111 1236 1174 concedat,
1264 1119 1318 1165 et
1339 1121 1557 1181 praestet
1587 1119 1665 1177 ut,
1689 1111 1833 1165 sicut
1859 1110 1909 1163 in
1933 1123 2119 1174 carne,

545 1219 709 1273 quant
750 1203 1041 1271 assumpsit
1098 1217 1164 1256 ex
1215 1203 1434 1272 Virgine
1489 1211 1685 1266 matre,
1747 1201 1942 1259 intuitu
1999 1198 2122 1255 ﬁdei

546 1296 820 1350 cernimus
849 1305 1237 1366 resurgentem,
1263 1295 1335 1349 ita
1365 1296 1416 1350 in
1451 1295 1730 1350 divinitate
1767 1310 1931 1366 quam
1961 1295 2124 1350 habet

546 1406 612 1445 ex
645 1391 752 1446 Deo
788 1390 969 1454 Patre,
999 1390 1135 1445 faeie
1163 1388 1228 1443 ad
1260 1388 1452 1443 faciem
1479 1389 1759 1444 videamus
1786 1397 2121 1459 regnantem,

549 1496 670 1534 eum
725 1481 914 1536 eodem
954 1479 1064 1533 Deo
1114 1479 1275 1534 Palrc
1320 1487 1375 1533 et
1412 1478 1860 1534 consubstantiali
1913 1480 2016 1537 sibi
2071 1491 2125 1536 et

547 1580 817 1626 coaeterno
865 1570 1070 1641 Spiritu
1098 1579 1308 1638 sancto,
1335 1585 1432 1639 per
1459 1569 1647 1627 omnia
1676 1571 1870 1628 saecula
1896 1571 2123 1628 saeculo-

547 1676 693 1716 rum.
733 1661 928 1717 Amen.

1129 1756 1360 1814 SERMO
1399 1757 1527 1811 VIII.
1604 1788 1608 1790 -

819 1867 883 1905 DE
924 1865 1242 1906 ASCENSIONE
1285 1866 1465 1906 DOIIINI
1506 1866 1848 1907 SALVATORIS.

622 1943 910 2012 Postquam
937 1943 1198 1998 Dominus
1221 1952 1275 1998 et
1297 1942 1548 1999 Salvator
1571 1953 1754 1998 uoster
1782 1954 2130 1998 sacrosancto

550 2050 662 2088 sua:
690 2034 958 2103 passionis
1001 2035 1304 2105 mortisque
1354 2034 1651 2104 triumpho,
1681 2033 1882 2089 abolito
1924 2033 2130 2103 peccati

550 2126 934 2196 chirographo,
990 2126 1226 2182 contrito
1265 2127 1454 2183 mortis
1510 2125 1722 2192 aculeo,
1786 2125 2132 2182 daemoniacae

552 2219 893 2274 crudelitatis
919 2219 1188 2274 destruxit
1220 2219 1596 2292 tyrannidem,
1615 2219 1910 2275 lmmanum
1939 2233 2130 2288 genus,

556 2313 702 2381 quod
731 2312 1015 2367 tenebatur
1043 2321 1215 2367 morte
1244 2311 1695 2381 captivum,s_olus
1722 2309 1865 2368 inter
1890 2319 2134 2364 mortuos

553 2405 692 2460 liber
721 2413 896 2461 morte
925 2405 1148 2471 subacta
1192 2404 1425 2458 reddidit
1473 2403 1723 2458 liberum.
1768 2401 1977 2471 Corpus
2007 2414 2134 2454 vero

553 2497 696 2565 quod
741 2497 859 2551 sine
910 2495 1118 2567 peccati
1176 2494 1489 2554 discrimine
1535 2507 1602 2547 ex
1632 2491 1856 2560 Virgine
1904 2490 2136 2559 sumpsit

555 2589 806 2659 quodque
835 2603 934 2659 pro
980 2587 1135 2642 nobis
1175 2595 1465 2656 assumptae
1494 2584 1860 2648 mortalitatis,
1894 2599 1997 2637 non
2043 2598 2145 2637 ne«

555 2681 830 2746 cessitate,
855 2677 947 2733 sed
994 2686 1260 2747 potestate
1299 2677 1505 2748 legibus
1549 2675 1810 2740 subdidit,
1836 2675 1903 2729 ab
1946 2673 2136 2730 inferis

557 2769 799 2833 rediens,
838 2768 1208 2836 apostolorum
1269 2765 1652 2836 conspectibus
1719 2763 2149 2822 resurrectionis.

556 2858 724 2928 gloria
759 2858 1112 2913 elarilicatutn
1140 2866 1212 2922 et,
1244 2867 1300 2911 ut
1325 2860 1394 2911 ita
1426 2859 1620 2920 dicam,
1645 2857 1940 2912 redivivum
1956 2867 2141 2912 osten-

562 2950 662 3002 dit.
691 2949 901 3006 Mulieri
934 2964 1166 3018 namque
1209 2965 1266 3005 se
1301 2950 1648 3005 devotissime
1674 2951 1992 3019 requirenti,
2032 2966 2138 3005 non

559 3038 764 3108 absque
808 3040 1111 3098 admirabili
1166 3040 1375 3094 ratione
1433 3048 1485 3095 et
1535 3039 1842 3094 rationabili
1898 3039 2139 3094 admira-

561 3129 708 3184 tione
736 3129 967 3198 pritnum
1006 3144 1268 3200 apparere
1318 3129 1569 3198 dignatus
1587 3138 1689 3184 est.
1725 3129 1961 3184 Dem-bat
1991 3130 2135 3184 enim

562 3232 621 3275 ut
645 3236 826 3287 sexus,
851 3222 942 3292 qui
982 3222 1222 3292 primum
1248 3222 1542 3287 hominem,
1569 3222 1784 3278 diabolo
1805 3236 1864 3277 se
1897 3221 2138 3289 fallente,

562 3313 754 3370 fefellit
793 3315 950 3384 eique
988 3315 1177 3372 mortis
1205 3315 1472 3386 suggessit
1515 3315 1816 3380 interitum,
1855 3315 2006 3386 prior
2043 3316 2139 3372 Ito-

563 3409 799 3464 minibus
844 3409 967 3468 vita:
1009 3408 1346 3465 renuntiaret
1381 3409 1698 3464 remedium.
1739 3407 1806 3463 Et
1849 3415 1909 3463 ut
1934 3409 2001 3464 ab
2039 3423 2138 3464 ex-

563 3499 968 3558 cellentioribus
1015 3508 1396 3570 argumentum
1453 3513 1758 3564 assumam,
1804 3512 2140 3569 consequens

563 3600 684 3645 erat
731 3601 791 3646 ut
835 3606 1023 3657 sexus,
1050 3592 1160 3661 qui,
1191 3590 1408 3648 Christo
1455 3599 1714 3650 nascente
1759 3591 1878 3646 sine
1933 3591 2137 3661 peccati

562 3684 910 3753 contagione,
934 3683 1084 3738 salvo
1125 3697 1234 3738 sua:
1274 3682 1600 3752 virginitatis
1638 3690 1908 3752 perpetuae
1955 3681 2139 3751 signa-

563 3773 687 3828 culo
711 3773 920 3829 exstitit
947 3773 1197 3842 praevius,
1223 3781 1540 3842 resurgente
1577 3772 1796 3828 Christo
1811 3772 2140 3844 justiticattts

565 3884 596 3920 a
639 3866 878 3936 peccatis
905 3874 1178 3936 perpetuae
1211 3865 1402 3921 salutis
1439 3864 1594 3921 fieret
1624 3866 1868 3920 nuntius.
1912 3865 2141 3934 Aposto-

565 3960 739 4013 lorum
768 3955 998 4028 principi
1030 3955 1194 4011 Petro
1231 3955 1516 4010 Dominum
1561 3955 1876 4024 apparuisse
1910 3969 2016 4009 non
2058 3964 2143 4010 est

566 4049 816 4114 dubium,
847 4048 942 4103 sed
987 4045 1280 4116 apostolica
1310 4045 1572 4102 relatione
1617 4055 1673 4101 et
1716 4046 2024 4116 evangelica
2051 4047 2142 4102 de-

566 4138 861 4209 scriptione
899 4136 1142 4193 creditur
1168 4151 1287 4191 esse
1325 4135 1711 4192 certissimum.
1749 4133 1926 4191 Voluit
1959 4137 2009 4192 ei
2041 4136 2143 4191 Do-

567 4231 747 4285 minus
769 4243 883 4300 prae
917 4228 1132 4284 czeteris
1178 4226 1435 4296 apostolis
1475 4224 1826 4297 singulariter
1857 4240 2140 4296 apparere,

567 4334 637 4374 ne
666 4319 980 4388 desperaret
1017 4333 1086 4374 ex
1125 4317 1431 4389 negatione.
1459 4314 1640 4371 Noluit
1675 4314 1825 4369 illum
1854 4315 1940 4370 ditt
1968 4329 2145 4369 rema-

570 4425 702 4466 nere
746 4421 1080 4480 suspectum,
1104 4423 1169 4464 ne
1208 4409 1519 4480 deSperarct
1565 4424 1624 4463 se
1667 4423 1824 4480 posse
1868 4409 2144 4477 percipere

572 4501 850 4571 apostolici
894 4502 1144 4556 culminis
1192 4501 1552 4572 privilegium.
1587 4501 1797 4556 Idcirco
1836 4500 1984 4554 illum
2033 4501 2138 4556 Do-
2171 4537 2218 4596 Β

570 4594 753 4649 minus
793 4593 988 4648 cadere
1033 4594 1304 4664 permisit,
1329 4595 1468 4649 sicut
1524 4593 1752 4648 festivus
1791 4594 2143 4649 concionator

571 4684 868 4758 Gregorius
909 4686 1065 4752 dixit,
1099 4696 1158 4740 ut
1195 4700 1261 4741 ex
1293 4685 1488 4741 collato
1514 4685 1616 4741 sibi
1649 4699 1874 4743 munere
1906 4686 2144 4741 disceret

572 4777 802 4850 qualiter
837 4776 955 4832 aliis
984 4777 1224 4831 misereri
1249 4776 1544 4830 debuisset.

641 4869 928 4940 Diseipulis
955 4883 1083 4923 vero
1127 4867 1364 4933 duobus,
1399 4864 1871 4942 discipulabusque
1912 4863 2141 4928 duabus,

570 4964 688 5030 ipso
729 4961 816 5015 die
856 4975 963 5031 quo
1004 4959 1244 5015 surrexit
1287 4973 1317 5012 a
1359 4957 1590 5012 mortuis
1628 4971 1888 5026 apparere
1927 4956 2138 5012 voluit:

571 5052 714 5116 Istis,
740 5051 934 5107 festive
962 5051 1268 5114 salutando,
1286 5050 1456 5114 Avele,
1485 5048 1652 5114 dixit;
1680 5048 1786 5102 illis
1809 5062 1990 5102 secum
2012 5062 2138 5116 gra-

570 5141 861 5203 dientibus.
889 5150 944 5195 et
985 5142 1051 5196 de
1090 5156 1147 5196 se
1197 5140 1569 5195 dubitantibus
1620 5146 1959 5192 sacramenta
2006 5136 2140 5189 divi-

571 5249 759 5290 narum
800 5232 1202 5301 Scripturarum
1238 5232 1470 5302 aperuit,
1494 5239 1550 5285 et
1597 5231 1652 5283 in
1687 5227 1951 5281 fractiune
1985 5228 2140 5296 panis

1557 5321 1647 5350 nn:
1659 5319 1758 5350 ηιΙΔ
1781 5325 1903 5350 III-nl
1917 5317 1990 5350 ἷξε
2033 5328 2139 5350 11::

655 5339 780 5350 ..Α-Α
816 5325 1172 5350 *ΛΑΙι--Ααζηλλ
1209 5323 1488 5350 -ιΛιιΔ-ιηηιιιςθ

2219 565 2474 632 ostendit,
2505 581 2817 635 corpusque
2857 565 2923 621 de
2953 574 3128 622 morte
3167 575 3500 637 resumptum
3534 565 3810 636 palpabile

2218 656 2446 725 praebuit
2477 666 2534 711 et
2575 657 2640 711 de
2683 657 2935 712 cordibus
2977 671 3165 714 eorum
3217 657 3461 712 maculas
3507 655 3806 712 dubietatis

2221 749 2466 803 extersit.
2517 747 2732 817 Septem
2779 761 2995 817 quoque
3047 746 3326 818 discipulis
3387 747 3445 800 in
3501 746 3808 817 piscatione

2221 835 2420 891 frustra
2473 837 2846 892 laborantibus
2891 837 3150 892 Dominus
3203 852 3466 907 apparere
3512 836 3710 901 voluit,
3747 843 3804 890 et

2223 929 2364 994 quod
2403 935 2521 981 erat
2543 927 2622 981 eis
2666 926 2902 994 diﬂicile,
2932 928 3048 998 ipse
3083 941 3180 981 sua
3215 926 3483 996 corporali
3514 926 3803 996 praesentia

2222 1030 2277 1074 et
2327 1018 2609 1088 majestate
2667 1017 2849 1073 divina
2898 1017 3027 1072 fecit
3058 1031 3178 1072 esse
3208 1015 3486 1086 possibile,
3513 1015 3590 1070 ita
3629 1024 3691 1069 ut
3739 1014 3806 1069 ad

2223 1110 2346 1177 ejus
2361 1119 2568 1174 nutum,
2611 1109 2888 1180 designato
2922 1123 3148 1164 numero
3177 1116 3432 1178 caperent
3464 1113 3527 1161 et
3557 1104 3806 1160 multitu-

2223 1203 2402 1258 dinem
2432 1201 2683 1272 piscium.
2723 1200 2893 1267 Quem
2921 1215 3200 1254 numerum
3235 1200 3279 1255 si
3315 1198 3532 1254 videres
3551 1196 3810 1252 arithme-

2225 1295 2329 1348 tica
2362 1291 2939 1362 rationedispositum,
2959 1291 3130 1346 scires
3159 1290 3212 1344 in
3238 1304 3302 1346 eo
3326 1305 3432 1346 non
3460 1287 3812 1345 mediocriter

2224 1381 2503 1437 refulsisse
2527 1381 2875 1452 mysterium;
2908 1380 3049 1450 quod
3072 1380 3116 1436 si
3146 1379 3212 1435 ad
3237 1379 3452 1450 plenum
3478 1379 3620 1434 scire
3641 1386 3696 1433 te
3717 1378 3826 1433 de-

2225 1473 2416 1537 lectat,
2447 1470 2984 1541 apud'beatissimum
3021 1469 3382 1542 Augustinum
3417 1469 3554 1526 satis
3582 1468 3693 1525 late
3713 1482 3818 1539 pa-

2226 1570 2324 1618 tet.
2359 1561 2426 1617 Ut
2462 1561 2607 1616 enim
2651 1561 2704 1615 in
2734 1559 2955 1615 Christo
2998 1559 3228 1615 Domino
3261 1561 3464 1614 veritas
3500 1567 3810 1629 patesceret

2226 1652 2533 1708 resuscitati
2557 1651 2827 1722 corporis,
2854 1665 2919 1706 ac
2948 1650 3238 1706 sinednbio
3259 1649 3427 1721 gloria
3457 1658 3698 1719 peracta:
3723 1663 3812 1703 re-

2229 1741 2590 1797 surrectionis
2617 1740 2825 1796 accedit
2865 1741 2933 1795 ad
2973 1740 3246 1795 cumulum
3276 1755 3418 1794 verte
3449 1739 3572 1794 fidei
3607 1754 3674 1795 ac
3696 1738 3808 1794 siu—

2154 1825 2202 1884 B
2231 1836 2524 1891 eerissimae
2553 1835 2889 1890 credulitatis
2917 1833 3232 1890 solemnitas
3267 1835 3600 1905 dignissima:
3626 1848 3813 1889 resur—

2228 1928 2509 1984 rectionis.
2573 1929 2768 1982 Assum
2825 1926 2969 1980 enim
3034 1926 3237 1997 piscem
3291 1934 3348 1980 et
3407 1923 3592 1978 favum
3639 1922 3828 1977 mellis

2230 2020 2485 2086 comedit,
2537 2029 2598 2074 ut
2641 2019 2694 2074 in
2743 2033 2866 2074 asso
2895 2018 3040 2088 pisce
3065 2017 3378 2072 ostenderet
3401 2031 3460 2071 se
3489 2030 3733 2086 passum,
3759 2023 3826 2069 et;

2231 2113 2286 2168 in
2334 2111 2460 2166 favo
2503 2111 2676 2166 mellis
2700 2125 2728 2164 a
2758 2110 2868 2165 Deo
2905 2108 3067 2164 Patre
3107 2123 3235 2163 vera
3268 2107 3372 2162 fide
3402 2107 3823 2164 resuscitatum..

2233 2200 2343 2256 Nos
2392 2201 2574 2266 enim,
2616 2201 2814 2255 fratres
2859 2198 3202 2262 charissimi,
3257 2212 3353 2268 per
3397 2195 3828 2251 amaritudinem.

2233 2293 2596 2349 acerbissimae
2634 2291 2939 2363 passionis,
2990 2289 3277 2346 Dominum
3323 2289 3506 2344 .lesum
3537 2288 3814 2344 Christum

2233 2384 2543 2456 pervenisse
2566 2382 2836 2438 credimus
2859 2381 2925 2436 ad
2951 2381 3176 2452 gloriam
3202 2377 3641 2435 resurrectionis.
3664 2376 3818 2432 Hanc

2234 2486 2414 2532 autem
2440 2473 2894 2530 resurrectionem
2916 2472 3180 2528 Dominici
3206 2471 3468 2541 corporis,
3492 2480 3551 2524 ut
3575 2468 3829 2523 futuram-

2236 2569 2288 2623 in
2327 2566 2482 2622 nobis
2515 2565 2818 2621 certissime
2853 2563 3182 2628 noverimus,
3226 2561 3341 2633 ipse
3369 2561 3424 2616 in
3453 2575 3684 2631 corpore
3722 2572 3829 2614 suo

2235 2659 2492 2729 dignatus
2521 2666 2605 2714 est
2633 2657 3031 2712 demonstrare.
3081 2652 3400 2708 Resurrexit
3442 2649 3719 2713 Christus,
3759 2656 3830 2702 ur

2237 2756 2672 2804 resurrecturum
2726 2761 2786 2802 se
2833 2760 2938 2801 non
2993 2743 3200 2799 dubitet
3257 2741 3623 2797 Christianus.
3686 2739 3818 2795 Pro-

2237 2857 2391 2898 cessu
2437 2857 2565 2897 vero
2605 2838 2885 2910 temporis,
2921 2844 3141 2906 peracto
3179 2833 3437 2904 mysterio
3474 2833 3598 2888 'sute
3637 2847 3830 2887 resera-

2240 2932 2524 3000 rectionis,
2540 2931 2799 2986 Dominus
2823 2927 2980 2984 Jesus
3005 2926 3258 2982 Christus
3274 2926 3342 2980 ad
3363 2923 3531 2980 caelos
3549 2922 3827 2986 ascendit,

2239 3032 2298 3078 ut
2323 3039 2390 3080 eo
2433 3022 2775 3077 Christianus
2817 3018 3110 3076 ascendere
3150 3033 3210 3073 se
3241 3031 3400 3089 posse
3422 3013 3686 3080 confidat,
3726 3013 3828 3070 ubi

2241 3124 2402 3186 caput
2422 3128 2575 3171 suum
2600 3127 2658 3168 se
2687 3111 3028 3184 prmeessisse
3053 3126 3158 3165 non
3191 3108 3419 3165 dubitat.

2313 3205 2484 3276 Ilujus
2519 3204 2718 3260 etenim
2760 3201 3093 3258 ascensionis
3141 3200 3436 3256 Dominicte
3479 3197 3818 3253 nobilitatem

2242 3308 2297 3356 et
2323 3298 2575 3370 gloriam,
2620 3295 2835 3351 Veteris
2882 3293 3246 3349 lnstrumenti
3287 3292 3462 3347 multo
3485 3301 3613 3346 ante
3642 3290 3820 3344 multi-

2241 3389 2456 3460 pliciter
2481 3385 2860 3458 praenuntiavit
2893 3385 3214 3449 auctoritas,
3240 3393 3295 3439 et
3327 3383 3448 3453 ipso
3486 3380 3827 3436 ascendente.

2243 3483 2522 3538 exsultans
2555 3478 2796 3550 angelica
2820 3477 3117 3534 declaravit
3143 3477 3466 3539 sublimitas,
3496 3471 3821 3542 evangeliea:

2243 3575 2406 3630 etiam
2460 3571 2841 3640 descriptionis
2877 3581 3040 3640 atque
3086 3569 3389 3639 apostolicae
3423 3563 3831 3636 praedicationis.

2244 3681 2340 3734 per
2369 3672 2540 3718 totum
2593 3663 2780 3717 orbem
2834 3661 3078 3714 narravit
3122 3660 3255 3714 satis
3302 3666 3487 3728 aperte
3542 3655 3818 3724 majestas.

2242 3752 2549 3824 Apostolica
2581 3767 2709 3806 vero
2737 3751 3068 3821 praedicatio,
3108 3757 3168 3802 ut
3194 3750 3397 3804 dictum
3428 3756 3533 3812 est,
3566 3745 3822 3817 mysteria

2244 3843 2551 3914 supradicta
2576 3841 2926 3896 vehementer
2944 3847 3188 3905 enarrat,
3233 3852 3359 3893 cum
3400 3837 3592 3892 beatus
3628 3834 3823 3888 Petrus

2244 3933 2538 4005 apostolus,
2586 3930 2828 3987 omnium
2876 3932 2942 3986 de
2989 3931 3185 4001 quibus
3243 3929 3502 3998 loquitur,
3565 3927 3819 3982 idoneum

2245 4035 2436 4080 testem
2463 4037 2522 4079 se
2546 4036 2667 4078 esse
2709 4021 2972 4086 declarat,
3007 4029 3062 4076 et
3085 4019 3380 4090 apostolica
3407 4019 3660 4073 libertate
3690 4019 3819 4071 sub-

2245 4118 2420 4180 nixus,
2445 4123 2506 4169 ut
2526 4113 2858 4185 propositum
2880 4120 2982 4177 est,
3008 4110 3663 4166 liberalissimosermoue
3693 4122 3818 4178 pro-

2245 4205 2677 4272 nuntiat,dicens
2703 4222 2716 4258 :
2745 4203 2967 4258 Obedit'e
2992 4211 3188 4271 Oportet
3208 4200 3318 4255 Deo
3345 4202 3511 4270 magis
3533 4216 3694 4270 quam
3722 4201 3819 4252 Ito-

2246 4300 2493 4353 mim‘bus.
2523 4295 2718 4352 Statim
2748 4293 3053 4350 subintulit.
3099 4293 3166 4348 Et
3199 4293 3284 4348 his
3323 4307 3443 4347 cum
3476 4292 3673 4360 quibus
3697 4300 3822 4344 tunc

2245 4406 2332 4447 res
2378 4393 2494 4461 ipsa
2541 4388 2830 4460 gerebatur
2876 4387 3052 4441 dixit:
3084 4384 3224 4439 Deus
3270 4393 3478 4455 patrum
3520 4393 3821 4437 nostrorum

2244 4482 2511 4536 suscitavit
2542 4478 2749 4543 Jesum,
2771 4494 2920 4548 quem
2955 4494 3043 4530 vos
3085 4476 3418 4530 interemistis
3452 4474 3820 4545 suspendentes

2244 4576 2300 4629 in
2325 4574 2486 4644 ligno.
2517 4571 2672 4626 Hunc
2701 4570 2862 4636 Deus,
2893 4569 3190 4640 Principem
3218 4585 3280 4621 ac
3304 4567 3650 4632 Salratorem,
3675 4566 3824 4620 exal-

2245 4669 2370 4723 tavit
2397 4668 2608 4722 dextera
2649 4682 2766 4730 sua,
2808 4665 2876 4718 ad
2906 4663 3138 4717 dandam
3177 4662 3528 4732 pmnitentiam
3570 4658 3745 4714 Israel
3771 4668 3822 4712 et

2247 4759 2600 4825 remissionem
2627 4765 2978 4826 peccatorum.
3011 4754 3079 4808 Et
3111 4769 3203 4808 nos
3234 4769 3415 4806 sumus
3449 4760 3601 4804 testes
3632 4751 3820 4804 horum

2247 4853 2516 4906 verborum
2554 4859 2599 4903 et
2631 4847 2858 4918 Spiritus
2884 4859 3120 4911 sanctus,
3165 4861 3315 4916 quem
3359 4844 3503 4896 dedit
3545 4842 3684 4896 Deus
3727 4843 3820 4894 lto-

2246 4944 2470 4998 minibus
2494 4941 2845 4996 obedientibus
2871 4939 2988 4993 sibi.
3017 4939 3083 4993 Et
3110 4939 3162 4991 in
3189 4937 3294 4991 alio
3321 4935 3439 4992 loco
3463 4935 3602 4989 idem
3630 4941 3819 5004 pastor

2245 5035 2519 5101 Ecclesiae,
2550 5033 2804 5088 Davidico
2840 5032 3034 5086 fruitus
3064 5028 3281 5103 [fretus]
3325 5028 3600 5090 vaticinia,
3649 5023 3818 5079 David

2244 5133 2430 5202 igitur,
2468 5131 2680 5199 inquit:
2719 5129 2978 5195 Propheta
3019 5143 3134 5180 cum
3162 5134 3359 5180 essetet
3385 5123 3538 5177 sciret
3565 5121 3691 5190 quia
3716 5119 3815 5187 ju-

2245 5222 2529 5292 rejurando
2567 5221 2804 5290 jurasset
2855 5218 2932 5271 illi
2980 5217 3120 5270 Deus
3165 5217 3228 5270 de
3277 5215 3449 5283 {ructu
3493 5211 3655 5265 ιπηιόὶ
3700 5211 3816 5277 ejus

2663 5311 2829 5350 εριΙρηι
2879 5309 3010 5350 nitu.
3062 5306 3334 5350 nrmtidens
3383 5303 3588 5350 loculus
3637 5309 3712 5350 εει
3751 5300 3817 5350 de

2249 5316 2420 5350 nothum
2469 5331 2525 5350 eu
2533 5329 2588 5350 no
2597 5329 2617 5350 ν
