4072 5350
272 372 412 428 10ὶὸ

1681 359 2153 434 sunuoues.‘

3394 384 3529 440 l0”

267 489 454 550 ridetis
485 500 530 549 et
553 491 783 551 ’au'di‘tis.
820 489 940 550 Non
971 493 1105 551 enim
1143 489 1306 550 David
1343 495 1570 550 ascendit
1597 495 1650 549 in
1673 491 1846 548 caelos.
1878 498 1924 557 Α
1957 491 2188 559 Tenuisti
2213 509 2424 547 manum
2462 493 2728 547 dexteram
2763 508 2950 559 meam,
2983 503 3028 548 et
3055 492 3107 548 in
3139 490 3397 550 voluntate
3438 508 3531 550 tua

269 581 412 642 Dicit
436 595 616 642 antem
645 587 756 657 ipse
783 599 800 642 t
831 586 976 641 Dixit
1002 587 1254 641 Dominus
1284 587 1507 641 Domino
1536 603 1648 640 meo
1672 604 1688 640 :
1713 584 1848 640 Sede

267 696 299 730 a
332 670 528 731 dextris
556 675 701 732 meis.
735 676 934 732 Paulus
965 678 1194 746 denique
1225 678 1544 747 praedicator
1573 677 1844 746 egregius,

266 783 394 821 cum
425 767 527 822 boc
555 776 752 823 nostra:
789 767 978 822 salutis
1006 767 1328 838 mysterium
1361 767 1700 822 auditoribus
1731 767 1846 821 suis

266 859 653 914 commendare
693 858 873 927 vellet,
908 857 1104 914 affectu
1157 858 1396 928 optantis
1433 867 1487 912 et
1525 867 1650 913 voto
1679 872 1842 912 oran-

266 950 341 1004 tis
401 950 819 1020 prudentissima
868 959 923 1006 et
953 948 1182 1020 spiritali
1230 947 1711 1003 circumlocutione
1755 963 1847 1019 ag-

265 1055 486 1110 gressus
511 1049 594 1095 est
629 1055 742 1106 eos,
793 1041 1019 1096 dicens:
1054 1039 1194 1094 Deus
1239 1038 1456 1093 Domini
1506 1039 1672 1093 nostri
1714 1037 1844 1092 Jesu

266 1130 486 1193 Christi,
514 1127 679 1183 Pater
703 1128 908 1199 glorier,
937 1129 1025 1184 det
1049 1129 1189 1184 vobis
1222 1129 1463 1198 spiritum
1498 1129 1769 1200 sapientite
1795 1137 1844 1183 et

265 1219 597 1272 reuelationis
633 1221 698 1272 in-
722 1219 988 1290 agnitione
1018 1219 1153 1289 ejus,
1192 1218 1496 1274 illuntinans
1525 1219 1702 1274 oculos
1729 1236 1844 1273 cor-

261 1313 350 1365 dis
390 1313 567 1377 vestri,
608 1323 661 1366 ut
702 1314 881 1368 sciatis
909 1330 1026 1384 qua:
1054 1315 1119 1368 sit
1151 1329 1264 1383 spes
1294 1314 1577 1366 uocationis
1619 1314 1754 1383 ejus,
1795 1322 1842 1367 et

261 1420 385 1472 qute
406 1405 600 1459 divitia:
637 1404 818 1474 glorite
837 1407 1157 1460 Itaereditatis
1184 1407 1298 1476 ejus
1331 1406 1384 1459 in
1410 1405 1626 1469 sanctis,
1658 1415 1705 1458 et
1727 1421 1843 1474 qua:

261 1495 334 1548 sit
364 1496 749 1562 supereminens
791 1497 1094 1566 magnitudo
1125 1498 1335 1551 virtutis
1365 1497 1479 1566 ejus
1516 1497 1570 1549 in
1600 1513 1716 1562 nos,
1754 1495 1846 1565 qui

263 1585 584 1638 credidimus
623 1588 906 1640 secundum
945 1589 1298 1652 Operationem
1346 1589 1586 1655 potentiae
1637 1587 1842 1641 virtutis

261 1677 380 1744 ejus
406 1693 561 1746 quam
593 1688 836 1745 cperatus
873 1687 948 1732 est
985 1680 1039 1731 in
1065 1678 1295 1744 Christo,
1329 1679 1588 1732 suscitans
1631 1677 1781 1731 illum
1811 1695 1843 1730 a

263 1766 504 1827 mortuis,
543 1776 588 1819 et
612 1768 928 1820 constituens
949 1769 1015 1821 ad
1045 1769 1310 1822 dexteram
1349 1784 1499 1821 suam
1532 1768 1585 1820 in
1621 1766 1842 1820 celesti-

1949 585 2213 639 deduzisti
2254 602 2353 650 me,
2401 594 2448 639 et
2490 601 2607 638 cum
2645 584 2814 655 gloria
2857 587 3184 656 assumpsisti
3234 603 3333 640 me.
3393 587 3531 644 Ecce

1949 676 2077 730 illud
2120 675 2329 730 Domini
2361 673 2657 730 Salvatoris
2685 674 2788 730 iter
2829 673 3160 739 astriferum,
3207 685 3428 730 sanctus
3476 678 3531 731 in

1948 767 2155 837 psalmo
2189 766 2371 821 vocari
2403 765 2572 819 voluit
2619 780 2858 820 cursum.
2899 765 3051 833 Quod
3101 766 3264 821 David
3313 782 3531 821 cursum

1945 864 2124 921 vocat,
2155 854 2406 910 Salomon
2437 855 2488 910 in
2517 854 2756 910 Cauticis
2787 855 2954 910 saltus
2981 855 3231 926 appellat.
3275 855 3408 910 Ecce
3434 859 3532 911 iste

1943 949 2081 1002 venit
2107 947 2295 1002 saliens
2331 948 2387 1001 in
2425 947 2706 1012 montibus,
2751 948 3049 1002 transiliens
3085 947 3261 1002 colles.
3304 947 3369 1002 Et
3395 949 3481 1003 ille
3514 964 3529 1002 :

1944 1040 1987 1092 Α
2009 1055 2209 1094 summo
2232 1038 2358 1093 caelo
2379 1037 2604 1108 egressio
2630 1038 2764 1108 ejus,
2792 1049 2840 1092 et
2870 1055 3113 1094 occursus
3136 1041 3248 1109 ejus
3277 1057 3436 1110 usque
3463 1042 3531 1094 ad

1944 1145 2203 1182 summum
2243 1129 2377 1198 ejus.
2432 1128 2586 1182 l-lunc
2623 1129 2766 1184 enim
2797 1144 2956 1199 quem
3008 1130 3174 1184 David
3223 1141 3532 1186 currentem

1944 1219 2246 1290 prrecinuit,
2279 1217 2532 1273 Salomon
2563 1218 2844 1273 salientem
2887 1219 3152 1288 praevidit.
3201 1219 3245 1276 Ο
3292 1223 3531 1290 pruden-

1947 1311 2135 1366 tissimi
2174 1319 2355 1376 vates,
2395 1324 2428 1366 ο
2467 1317 2632 1364 tantm
2681 1309 2850 1379 prolis
2901 1310 3196 1366 felicissimi
3244 1320 3531 1382 parentes.

1943 1401 2095 1470 cujus
2116 1401 2387 1456 meruistis
2415 1401 2729 1472 prophetica
2752 1401 3157 1456 denuntiatione
3184 1402 3295 1457 fieri
3325 1419 3525 1473 paren-

1946 1501 2023 1547 tes
2050 1501 2104 1547 et
2130 1495 2326 1549 testes!
2375 1494 2448 1548 De
2475 1502 2654 1548 vestra
2695 1507 2926 1562 namque
2974 1493 3154 1548 radice
3195 1492 3362 1548 Isaias
3402 1510 3528 1564 pro-

1943 1585 2102 1652 pheta
2136 1584 2340 1656 virgam
2374 1601 2496 1639 cum
2538 1584 2668 1638 [lore
2707 1598 3078 1653 processuram
3130 1583 3397 1652 praedixit.
3457 1583 3532 1638 De

1943 1689 2050 1743 quo
2081 1675 2192 1743 ipse
2231 1675 2362 1729 alias
2406 1675 2537 1729 dicit
2566 1689 2580 1728 :
2609 1675 2724 1727 Erit
2770 1674 2822 1726 in
2868 1674 3158 1727 novissimis
3189 1674 3367 1728 diebus
3395 1690 3532 1744 pra:-

1943 1773 2159 1832 paratus
2192 1780 2336 1817 mons
2373 1764 2558 1817 domus
2593 1763 2802 1816 Domini
2831 1763 2885 1816 in
2912 1764 3149 1816 verticem
3181 1765 3455 1829 montium,
3483 1775 3531 1817 et

262 1857 381 1920 bus,
401 1873 559 1925 supra
599 1874 798 1910 omnem
821 1859 1190 1926 principatum,
1225 1867 1272 1911 et
1302 1868 1626 1928 potestatem,
1657 1868 1702 1911 et
1736 1858 1836 1911 uir-
1867 1849 1912 1909 Β
1938 1853 2220 1908 elevabitur
2245 1871 2399 1925 super
2435 1855 2609 1910 colles.
2638 1855 2707 1908 Et
2733 1856 2785 1908 in
2818 1854 2924 1909 alio
2963 1854 3081 1909 loco
3111 1873 3123 1908 :
3157 1852 3273 1908 Erit
3312 1871 3522 1927 germen

261 1956 448 2010 tatem,
477 1958 524 2001 et
551 1948 981 2012 dominationem,
1025 1957 1073 2001 et
1104 1965 1254 2002 omne
1288 1964 1471 2002 nomen
1501 1948 1639 2018 quod
1673 1948 1841 2000 nomi-

262 2050 426 2093 natur
460 2057 565 2095 non
603 2040 774 2095 solum
824 2041 878 2094 in
921 2041 1018 2094 hoc
1063 2041 1278 2105 swculo,
1334 2040 1423 2095 sed
1455 2050 1504 2094 et
1550 2041 1604 2093 in
1639 2040 1839 2109 futuro.

264 2130 374 2184 Et:
407 2129 598 2186 Omnia
653 2132 874 2202 subjecit
926 2122 1020 2187 sub
1076 2133 1290 2201 pedibus
1353 2133 1508 2200 ejus,
1575 2143 1623 2187 et
1671 2134 1840 2201 ipsum

261 2221 410 2276 dedit
450 2234 603 2292 caput
643 2239 803 2291 supra
853 2239 1056 2276 omnem
1111 2222 1401 2276 Ecclesium
1449 2240 1568 2294 qua:
1615 2233 1689 2276 est
1723 2239 1842 2276 cor-

263 2327 366 2380 pus
432 2312 616 2381 ipsius.
692 2311 758 2365 Et
828 2319 888 2365 ut
956 2312 1098 2366 idem
1167 2311 1458 2382 Apostolus
1523 2312 1592 2367 ad
1659 2311 1844 2366 Timo-

264 2403 452 2457 theum
508 2403 696 2458 scribit
751 2421 764 2457 :
827 2402 1085 2458 Columna
1143 2413 1194 2458 et
1257 2404 1644 2472 ﬁrmamentum
1705 2403 1840 2457 veri-

263 2493 408 2546 tatis.
451 2493 516 2547 Et
546 2492 872 2550 manifeste:
906 2493 1157 2564 Magnum
1189 2503 1265 2547 est
1303 2493 1509 2562 pietatis
1549 2507 1845 2546 sacramen-

261 2589 400 2646 tum,
442 2581 579 2650 quod
601 2581 986 2651 manifestatum
1013 2590 1085 2636 est
1115 2583 1174 2636 in
1197 2597 1370 2643 carne,
1393 2579 1744 2650 justi/icatum
1771 2587 1844 2632 est

261 2670 319 2724 in
337 2672 546 2741 spiritu,
568 2674 810 2743 apparuit
833 2674 1051 2746 angelis,
1073 2675 1411 2745 praedicatum
1431 2683 1504 2727 est
1526 2674 1580 2726 in
1591 2670 1845 2743 gentibus,

264 2763 522 2816 creditum
552 2773 626 2818 est
656 2764 708 2818 in
734 2765 832 2818 hoc
861 2765 1076 2828 mundo,
1107 2772 1428 2833 assumptum
1457 2771 1531 2817 est
1564 2763 1620 2816 in
1653 2761 1844 2831 gloria,

261 2851 407 2905 sicut
431 2865 528 2921 per
558 2851 793 2908 Marcum
819 2863 874 2909 et
899 2853 1098 2908 Lucam
1133 2852 1422 2922 descriptio
1457 2852 1664 2906 intonat
1687 2867 1848 2905 evan-

261 2940 456 3006 gelica.
498 2941 672 2997 Lucas
723 2957 849 2997 vero
897 2957 1017 2998 cum
1059 2943 1125 2997 ad
1169 2941 1520 3010 Theophilum
1565 2941 1844 3006 scriberet,

261 3033 394 3088 dicit
421 3048 479 3088 se
507 3048 808 3089 sermonem
833 3033 1024 3090 fecisse
1046 3035 1109 3088 de
1131 3033 1366 3087 omnibus
1390 3049 1506 3104 qua:
1525 3032 1670 3102 coepit
1693 3031 1847 3087 .lesus

266 3124 441 3190 facere
465 3133 513 3177 et
540 3124 741 3190 docere,
779 3141 940 3195 usque
965 3125 1018 3177 in
1044 3125 1178 3178 diem
1201 3141 1305 3194 qua
1325 3125 1628 3194 prwcipiens
1647 3132 1850 3192 aposto-

1942 1946 2128 2000 domus
2155 1945 2362 2000 Domini
2401 1947 2454 1999 in
2493 1944 2904 2016 magniﬁcentia,
2936 1955 2982 1999 et
3020 1945 3221 2015 fructus
3263 1955 3414 2001 terra:
3441 1964 3558 2002 su--

1944 2039 2130 2094 blimis.
2172 2039 2362 2106 Quem,
2403 2041 2620 2104 fratres,
2654 2038 2953 2109 intelligere
2973 2038 3229 2094 debemus
3253 2053 3350 2109 per
3375 2055 3530 2095 mon-

1943 2137 2049 2183 tem
2081 2144 2246 2201 super
2276 2129 2537 2184 verticem
2567 2129 2830 2183 montium
2861 2137 3245 2198 praeparatum,
3279 2130 3381 2184 nisi
3415 2147 3530 2185 me-

1944 2221 2203 2276 diatorem
2219 2221 2314 2275 Dei
2333 2229 2387 2275 et
2413 2221 2710 2284 hominum,
2730 2219 3000 2273 hominem
3026 2217 3207 2272 Jesum
3229 2219 3527 2287 Christum,

1945 2313 2454 2384 niumnﬁhominum
2485 2321 2735 2366 naturam
2775 2320 3119 2380 superantem
3151 2320 3205 2365 et
3229 2312 3524 2367 meritum?

1945 2405 2114 2470 Quem
2131 2417 2226 2472 per
2237 2416 2454 2473 germen
2471 2401 2681 2456 Domini
2704 2400 3048 2471 magniﬁcum
3072 2409 3126 2456 et
3146 2400 3459 2471 gloriosum,
3473 2412 3529 2456 et

1947 2493 2178 2549 fructum
2212 2502 2370 2548 terrae
2398 2491 2700 2556 sublimem,
2735 2491 2837 2546 nisi
2867 2491 3112 2546 eumdem
3136 2491 3228 2546 Dei
3258 2500 3312 2546 et
3347 2492 3528 2546 hamis

1948 2583 2032 2637 nis
2059 2582 2250 2647 lilium,
2294 2581 2555 2636 hodierna
2584 2581 2669 2635 die
2695 2595 2855 2650 super
2875 2581 3040 2636 cmlos
3066 2580 3333 2636 coelorttm-
3363 2590 3418 2635 et
3442 2582 3523 2636 di-

1948 2673 2207 2742 gnitatem
2241 2671 2482 2727 omnium
2516 2671 2843 2740 angelorum
2869 2671 2921 2724 in
2953 2671 3186 2726 dextera
3216 2671 3310 2725 Dei
3352 2670 3529 2726 Patris

1950 2764 2321 2832 assumptum?
2343 2761 2855 2833 Ergo,dilectissimi
2879 2760 3092 2827 fratres,
3110 2760 3349 2815 omnium
3375 2761 3552 2815 vitio--

1939 2863 2068 2932 rum
2085 2854 2460 2923 phantasmata
2481 2850 2769 2921 fugientes,
2784 2859 3102 2906 cunctarum
3124 2851 3379 2904 virtutum
3398 2851 3530 2905 cha-
3551 2875 3554 2878 η

1951 2943 2173 2999 rismata
2194 2943 2493 3014 diligentes,
2525 2941 2720 3010 ipsum,
2743 2940 2810 2996 de
2831 2941 3254 3011 quoloquimur,
3280 2950 3391 2996 toto
3412 2955 3530 2995 cor-

1939 3022 2034 3089 ldis
2058 3033 2250 3086 affectu
2280 3045 2609 3100 quaeramus,
2635 3037 2745 3084 toto
2770 3030 2966 3084 mentis
2993 3029 3184 3084 ardore
3218 3029 3526 3100 diligamus,

1953 3121 2204 3190 passibus
2229 3119 2532 3174 dilectionis
2555 3129 2611 3174 et
2636 3118 2760 3174 tidei
2790 3134 3104 3189 sequamur,
3139 3128 3196 3173 ut
3225 3134 3319 3191 per
3352 3121 3536 3191 ipsum.

265 3213 334 3266 lis
359 3229 450 3280 per
473 3213 729 3283 Spiritum
773 3193 1011 3269 sanctum
1050 3231 1180 3284 quos
1214 3193 1384 3284 elegit,
1422 3193 1720 3282 assumptus
1753 3221 1848 3268 est.
1877 3193 1924 3258 ο
1956 3227 2077 3264 cum
2108 3211 2223 3280 ipso
2252 3209 2318 3264 ad
2346 3225 2469 3264 eum
2495 3209 2763 3279 possimus
2782 3210 3085 3278 pervenire,
3110 3211 3200 3280 qui
3225 3225 3320 3279 per
3350 3211 3538 3280 ipsum-

269 3304 337 3361 Et
371 3304 579 3360 Marcus
626 3304 679 3360 in
733 3305 991 3362 hodierna
1034 3305 1284 3371 lectione,
1331 3304 1601 3368 Dominus,
1653 3305 1848 3374 inquit,

266 3392 446 3458 Jesus,
473 3401 742 3464 postquam
768 3393 972 3448 locutus
996 3403 1068 3447 est
1091 3391 1366 3463 discipulis
1390 3392 1520 3459 suis,
1550 3402 1849 3463 assumptus

265 3491 340 3538 est
369 3483 422 3536 in
443 3483 648 3549 caelum,
671 3493 718 3538 et
741 3485 880 3538 sedet
907 3501 939 3538 a
963 3485 1160 3539 dextris
1187 3485 1304 3540 Dei.

338 3571 618 3637 Quomodo
632 3573 713 3627 vel
730 3574 964 3644 qualiter
977 3575 1256 3645 praesentis
1270 3575 1624 3632 solemnitatis
1636 3576 1848 3648 gaudia,

264 3661 592 3720 ascendente
628 3659 876 3728 Domino,
908 3663 1148 3732 angelica
1192 3663 1488 3720 declaravit
1528 3667 1848 3734 sublimitas,

271 3762 380 3802 non
411 3753 590 3816 potest
629 3760 723 3800 ore
749 3747 946 3814 dicere,
981 3763 1086 3803 non
1116 3749 1276 3806 corde
1303 3751 1584 3819 concipere
1619 3751 1853 3806 humana

269 3835 555 3904 fragilitas.
599 3836 703 3891 Sed
751 3845 928 3891 tamen
973 3837 1100 3892 illud
1143 3854 1330 3904 unum,
1360 3850 1420 3894 ut
1442 3839 1616 3896 Lucas
1645 3851 1849 3906 narrat,

269 3926 634 3986 testimonium
691 3926 1005 3982 admirabile
1069 3937 1230 3999 atque
1269 3928 1600 3997 juéundum,
1658 3931 1856 3987 olliciis

266 4015 648 4071 ecclesiasticis
673 4016 806 4072 adeo
835 4015 1025 4073 festive
1054 4019 1404 4086 recitandum,
1427 4020 1552 4076 huic
1577 4021 1846 4077 declama-

270 4108 522 4170 tiuncula:
562 4109 778 4180 dignum
817 4109 1067 4165 duximus
1109 4111 1470 4168 inserendum.
1510 4112 1740 4185 Cumque
1768 4115 1848 4167 in-

265 4208 538 4252 tuerentur
567 4200 790 4269 apostoli
825 4199 1111 4262 Dominum~
1143 4213 1348 4260 euntem
1392 4205 1446 4258 in
1485 4205 1692 4272 caelum,
1734 4222 1849 4260 ecce

265 4291 372 4343 duo
408 4290 506 4343 viri
526 4291 799 4345 astiterunt
815 4293 976 4362 juxta
1004 4294 1119 4350 illos
1146 4295 1199 4350 in
1225 4295 1446 4350 vestibus
1475 4295 1627 4361 albis,
1670 4297 1760 4366 qui
1799 4305 1848 4351 et

262 4380 512 4434 dixerunt
557 4395 575 4433 :
638 4380 746 4436 Viri
799 4384 1028 4450 Calila’i,
1078 4387 1202 4456 quid
1245 4387 1394 4440 statis
1444 4388 1746 4456 aspicientes
1793 4391 1848 4442 in

262 4472 490 4527 caelum?
514 4472 616 4528 Hic
639 4474 793 4530 .lesus
818 4477 907 4542 qui
933 4487 1225 4548 assumptus
1249 4489 1323 4532 est
1344 4497 1376 4532 a
1402 4481 1538 4534 vobis
1560 4481 1612 4534 in
1637 4480 1844 4545 calum,

1955 3307 2265 3368 corruptam
2289 3299 2504 3369 generis
2531 3299 2751 3353 humani
2782 3307 3030 3353 naturam
3057 3298 3226 3353 Voluit
3250 3313 3527 3370 reparare,

1954 3398 2007 3445 el
2038 3401 2343 3459 reparatam
2379 3389 2432 3444 in
2463 3390 2609 3460 ipso,
2642 3389 2901 3444 hodierna
2935 3388 3230 3445 festivitate
3260 3393 3326 3444 ad
3356 3406 3415 3446 se
3443 3391 3526 3445 di-

1953 3489 2147 3550 gnatus
2177 3489 2258 3535 est
2288 3494 2565 3534 revocare.
2600 3478 2701 3546 Qui
2731 3494 2854 3533 cum
2886 3493 2950 3534 eo
2997 3479 3130 3534 vivit
3167 3487 3222 3533 et
3260 3489 3452 3548 regnat
3472 3480 3528 3535 in

1955 3573 2162 3627 unitate
2186 3571 2420 3643 Spiritus
2441 3571 2614 3627 sancti
2641 3571 2780 3628 Deus
2801 3587 2899 3642 per
2925 3571 3104 3627 omnia
3127 3569 3322 3626 saecula
3346 3586 3519 3626 saecu-

1957 3663 2152 3720 lorum.
2178 3665 2372 3718 Amen.

2557 3750 2786 3808 SERMO
2834 3751 2924 3808 IX.

2441 3859 2494 3900 ιΝ
2532 3859 2620 3898 DIE
2658 3859 3046 3899 PENTECOSTES.

2023 3935 2312 3993 lndicibilis
2342 3944 2399 3992 et
2431 3936 2689 3990 immensa
2718 3936 3000 4006 praesentis
3037 3933 3142 3990 diei
3175 3931 3432 4002 maiestas
3468 3943 3525 3988 et

1953 4029 2142 4100 gloria,
2179 4030 2343 4084 verbo
2392 4027 2712 4097 praesidente
2755 4037 2810 4082 et
2855 4027 3050 4098 linguis
3081 4025 3421 4091 faventibus,
3473 4027 3531 4078 vi

1953 4121 2185 4190 propriae
2205 4121 2491 4190 potestatis
2515 4121 2684 4191 exigit
2710 4129 2768 4176 ut
2793 4121 3036 4177 dicamus
3055 4136 3152 4192 pro
3171 4135 3329 4192 posse
3349 4134 3526 4189 quan-

1953 4221 2066 4267 tum
2107 4213 2286 4267 divina
2335 4214 2614 4270 miseratio
2659 4214 2896 4269 miseriis
2924 4215 3176 4270 humanis
3224 4213 3519 4269 consuluit.

1953 4304 2118 4360 Scitis
2147 4304 2401 4374 quoniam
2447 4307 2870 4376 unumquodque
2909 4305 3180 4377 negotium
3209 4320 3331 4360 cum
3361 4304 3524 4358 fuerit

1951 4395 2018 4450 ad
2069 4395 2228 4450 linem
2273 4395 2600 4462 deductum,
2643 4405 2956 4452 exercentes
3012 4413 3071 4452 se
3127 4395 3523 4467 quodammodo

1953 4487 2224 4557 compellit
2250 4489 2302 4542 in
2333 4503 2453 4544 sese
2479 4488 2734 4559 colligere
2773 4489 3040 4559 simulque
3087 4490 3365 4545 revolvere
3392 4487 3527 4558 quid

262 4564 336 4615 sic
381 4564 542 4618 veniet
585 4567 1020 4635 quemadmodum
1055 4568 1254 4624 vidistis
1286 4585 1404 4622 eum
1437 4579 1639 4624 euntem
1665 4571 1720 4625 in
1746 4587 1844 4625 σω·
1871 4564 2218 4646 D-maaroris,
2242 4580 2438 4649 quidve
2471 4581 2672 4636 latitia:
2699 4581 2749 4634 in
2779 4582 2895 4650 ipso
2916 4583 3143 4637 actionis
3166 4582 3362 4637 itinere
3388 4597 3520 4635 con-

261 4653 388 4706 tum.
429 4653 767 4712 Ascendente
795 4657 1020 4714 Domino
1043 4659 1219 4731 angeli
1251 4660 1560 4729 apparuisse
1596 4661 1845 4730 leguntur

260 4741 312 4794 in
345 4741 580 4798 vestibus
606 4745 763 4810 albis,
800 4748 923 4817 quia
949 4747 1240 4805 humanum
1280 4763 1468 4817 genus,
1497 4747 1637 4817 quod
1667 4749 1845 4805 fuerat

260 4830 535 4884 obtectum
569 4835 806 4890 tenebris
835 4836 1126 4891 mortiferae
1157 4837 1436 4901 caecitatis,
1479 4852 1577 4906 per
1610 4838 1841 4906 gratiam

260 4918 460 4974 Christi
493 4923 689 4976 meruit
709 4926 984 4996 percipere
1005 4926 1372 4981 indumentum
1401 4935 1619 4981 aeternae
1648 4928 1844 4998 jucun—

260 5013 463 5078 ditatis,
515 5025 570 5070 et
617 5019 948 5074 consortium
987 5019 1240 5089 angelica:
1287 5019 1580 5089 dignitatis.
1634 5019 1883 5076 [natm--

263 5105 425 5146 mtmli
469 5106 680 5146 annric
726 5109 1098 5146 ntuntnnilolntn
1146 5120 1196 5146 nl
1231 5111 1607 5146 nrnnncnimnc
1675 5115 1842 5146 multa

1950 4673 2067 4742 tigit
2109 4673 2374 4728 evenisse.
2429 4672 2541 4728 Hoc
2584 4688 2716 4728 vero
2761 4675 3091 4743 permaxima
3136 4683 3195 4729 ut
3241 4674 3358 4737 ﬁat,
3406 4673 3521 4741 ipsa

1947 4762 2242 4831 eademque
2265 4778 2352 4818 res
2376 4777 2670 4834 congruum
2695 4762 2812 4818 fore
2835 4763 3090 4833 dijudicat
3115 4773 3379 4833 quatenus
3403 4776 3550 4817 ενοι.

1947 4860 2070 4922 plus
2113 4852 2388 4909 liberatori
2436 4854 2638 4924 gratias
2675 4854 2898 4922 referat,
2947 4864 3002 4910 et
3045 4854 3285 4924 largitori
3322 4852 3520 4914 laetitiae

1948 4946 2200 5002 omnibus
2228 4947 2367 5002 votis
2399 4945 2774 5013 adhaereat,et
2802 4963 2922 5002 cum
2953 4946 3219 5013 PrOpheta
3245 4943 3520 5006 clametet

1947 5037 2129 5092 dicat:
2159 5035 2292 5090 Mihi
2325 5045 2499 5090 autem
2531 5035 2638 5089 Deo
2673 5037 2940 5088 adhazrere
2975 5032 3165 5084 bonum
3193 5040 3288 5094 est,
3330 5045 3522 5098 ponere

1952 5127 1994 5146 3.,
2041 5126 2075 5146 n
2173 5128 2184 5139 θ
2295 5125 2389 5146 ιι--
2448 5140 2577 5146 ----.--
2623 5140 2785 5146 -.--..---
2845 5120 2900 5146 οἶ
2936 5126 3133 5146 αιΛθΙ-ηη
3178 5115 3522 5146 Μηυιηιῖιησῖη
