4072 5350
519 238 661 292 1013

1513 246 1572 300 S.
1611 245 1933 303 ODILONIS‘
1964 250 2258 310 ABBATIS
2295 256 2795 321 CLUNIACENSIS
2832 266 2874 321 V

3643 276 3785 334 1016

521 367 603 409 tas
634 354 807 419 dedit,
857 358 1155 427 cogitemus
1203 359 1332 428 quid
1378 362 1518 418 Deus
1562 363 1619 418 in
1660 365 1883 422 homine
1909 370 2098 438 gessit,
2128 376 2177 434 Α
2204 374 2454 433 victimas
2511 378 2874 438 immolemus.
2919 384 3232 443 Duodeunis
3275 387 3330 442 in
3373 390 3571 460 templo
3607 407 3789 451 matre

520 443 650 512 quid
689 442 850 499 homo
895 463 926 501 a
968 445 1080 500 Deo
1125 458 1437 518 assumptus
1479 454 1789 523 temporalis
1831 471 2101 526 apparens

518 535 875 603 corporaliter
916 538 1161 606 pertulit.
1214 538 1367 607 Quod
1415 542 1563 597 enim
1609 546 1789 601 omnia
1835 546 2098 605 Dominici

515 628 783 680 adventus
811 629 1067 699 mysteria
1093 630 1185 684 Dei
1216 629 1392 687 Patris
1421 635 1530 689 sint
1556 636 1834 693 voluntate
1854 649 2098 708 peracta,

514 717 650 774 nulli
680 717 901 773 dubium
939 720 1068 789 quin
1121 720 1431 779 ﬁrmissime
1463 735 1643 782 teneat
1673 728 1807 782 ﬁdes
1835 730 2097 786 ecclesia-

509 806 670 862 stica.
700 807 857 876 Quod
896 817 953 863 et
992 809 1227 880 Spiritus
1255 822 1478 869 sanctus
1518 814 1662 871 Patri
1694 827 1759 875 et
1796 818 1934 876 Filio
1962 836 2101 876 eoa:-

512 907 702 953 ternus
734 898 808 954 sit
854 910 1197 970 cooperator,
1241 911 1297 959 et
1342 913 1533 961 auctor
1567 906 1806 978 ejusdem
1851 909 1968 964 Filii
2002 910 2094 966 Dei

512 1000 808 1061 assumpta:
857 992 1234 1060 humanitatis,
1277 999 1412 1052 tanti
1460 1001 1783 1055 sacramenti
1812 1001 2093 1057 exordium

511 1080 775 1142 declarat.
796 1082 1013 1145 Christo
1044 1100 1279 1156 namque
1312 1089 1736 1146 misericorditer
1756 1092 1822 1146 ad
1851 1093 2095 1150 homines

508 1172 785 1236 veniente,
819 1174 1065 1244 Spiritus
1081 1168 1304 1235 sanctus
1346 1180 1400 1234 in
1446 1181 1720 1252 Virginem
1758 1185 2092 1252 supervenit.

510 1262 728 1319 Christo
756 1264 811 1320 in
846 1265 1022 1321 Patris
1053 1269 1275 1326 dextera
1318 1272 1603 1343 magniﬁce
1632 1274 1934 1344 residente,
1971 1276 2091 1346 Spi-

510 1354 646 1408 ritus
689 1366 913 1411 sanctus
957 1374 1120 1429 super
1145 1362 1415 1430 apostolos
1457 1364 1756 1434 descendit,
1794 1367 1938 1423 sicut
1966 1368 2088 1423 uni-

508 1446 736 1503 versalis
761 1447 1002 1505 Ecclesia
1025 1450 1081 1505 in
1105 1452 1294 1506 eodem
1315 1455 1508 1523 spiritu
1531 1464 1855 1528 congregata
1875 1473 2087 1515 summa

504 1552 635 1601 cum
679 1540 1031 1596 veneratione
1076 1540 1237 1597 hodie
1286 1545 1636 1603 demtissiute
1688 1548 1898 1604 recolit.
1951 1550 2087 1606 Cum

504 1626 657 1683 cutim
698 1629 957 1686 Dominus
997 1646 1062 1687 ac
1110 1632 1439 1705 Redemptor
1486 1647 1673 1692 noster
1716 1640 1895 1695 crucis
1941 1650 2087 1698 esset

503 1902 548 1966 si
577 1903 783 1960 diceret
807 1923 821 1960 :
850 1904 1286 1964 Consummatur»
1307 1922 1402 1979 est,
1434 1914 1689 1971 videlicet
1712 1915 1880 1973 Vetus
1906 1917 2093 1973 Testa-

504 2004 767 2062 mentum,
795 2004 850 2050 et
878 1997 1147 2053 initiatum
1179 2010 1263 2056 est
1281 2002 1511 2059 Novum.
1546 2004 1704 2071 Sive,
1743 2022 2089 2063 consumma-

414 2098 419 2107 ·
502 2095 614 2139 tmn
665 2096 750 2142 est
799 2090 1063 2146 adventus
1110 2095 1215 2149 mei
1264 2099 1583 2167 mysterium
1632 2116 1803 2172 usque
1839 2103 1905 2157 ad
1948 2102 2090 2160 hanc

500 2193 662 2245 quam
685 2195 782 2249 pro
812 2183 964 2238 vobis
996 2186 1240 2242 sustineo
1268 2199 1519 2245 mortem.
1544 2191 1599 2247 In
1630 2194 1885 2264 passione
1914 2196 2086 2267 siqui-

438 2302 441 2303 ν
498 2269 620 2323 dem
671 2272 883 2327 Domini
934 2276 1167 2345 plurima
1213 2281 1430 2350 pietatis
1478 2284 1597 2353 ejus
1654 2301 1819 2356 opera
1869 2287 2087 2346 fuerunt

498 2375 894 2431 consummata,
938 2369 1192 2423 nonnulla
1245 2376 1585 2441 postmodum
1628 2377 1792 2432 etiam
1832 2393 2088 2434 consum-

504 2455 736 2519 manda,
813 2458 958 2513 sicut
1023 2471 1146 2532 post
1207 2464 1444 2521 triduum
1516 2468 1777 2538 praeclara
1841 2487 2085 2527 resurre-

499 2542 655 2598 ctio:
687 2561 946 2615 processu
997 2566 1128 2605 vero
1178 2555 1436 2623 temporis
1485 2558 1755 2614 mirabilis
1792 2562 2079 2630 ascensio;

496 2642 550 2687 et
623 2635 676 2689 in
736 2636 906 2706 igneis
978 2640 1178 2712 linguis
1248 2660 1411 2715 super
1472 2650 1746 2718 apostolos
1819 2651 2081 2709 hodierna

495 2726 585 2781 die
635 2735 748 2783 toto
795 2731 999 2788 mundo
1024 2736 1335 2804 spectabilis
1359 2739 1619 2808 spiritalis
1649 2742 1865 2800 inlusio.
1910 2745 2081 2803 Hodie

495 2831 728 2888 namque
791 2819 1024 2889 Spiritus
1079 2828 1251 2882 sancti
1314 2845 1477 2899 super
1531 2832 1806 2903 apostolos
1855 2836 2081 2892 venien-

494 2911 596 2974 tis,
666 2912 1107 2970 manil‘estissima
1158 2923 1572 2988 contestatione,
1624 2941 1723 2994 per
1776 2927 2080 2985 divinitatis

494 3012 821 3073 potestatem
852 3007 1174 3075 completam
1200 3025 1321 3065 esse
1370 3015 1750 3084 eognoscinms
1787 3028 2079 3090 assumpta;

494 3092 848 3150 bttntanitatis
887 3096 1088 3153 Christi
1145 3100 1620 3169 dispensationem.
1671 3106 1727 3161 Si
1781 3109 1949 3177 enim,
2001 3111 2077 3165 uti

492 3182 707 3255 praefati
736 3200 942 3249 sumus.
995 3191 1422 3264 uniuscujusque
1466 3199 1667 3268 negotii
1715 3216 1935 3256 causam
1984 3217 2077 3257 ne-

492 3274 736 3329 cessario
780 3277 849 3330 ad
902 3288 1139 3335 mentem
1193 3285 1520 3353 reducimus,
1569 3289 1911 3347 conferentes
1955 3292 2075 3347 laeta

490 3379 616 3419 cum
645 3366 911 3431 tristibus,
942 3372 1279 3429 exsultantes
1303 3392 1403 3432 nos
1440 3377 1782 3437 incommoda
1813 3384 2072 3450 evasisse,

493 3739 669 3783 sntata
712 3730 831 3786 luce
876 3733 1021 3789 clara
1072 3747 1377 3808 patescunt,
1411 3744 1593 3799 omnia
1640 3755 1787 3802 retro
1824 3759 2068 3819 peracta,

494 3819 1313 3895 recapitulandoquodammodo
1325 3831 1555 3888 recitare
1566 3848 1663 3902 pro
1676 3836 1929 3893 modulo?
1952 3839 2070 3896 Non

488 3913 637 3969 enim
668 3931 772 3971 nos
797 3925 1052 3987 putamus
1088 3921 1175 3976 vel
1223 3919 1454 3979 dicimus
1503 3925 1729 3983 idoneos
1775 3937 1940 3987 tautae
1990 3934 2068 3988 rei

490 4008 773 4065 ministros
787 4010 1085 4081 jactanter,
1112 4016 1252 4071 sicut
1276 4015 1511 4073 faciebat
1538 4019 1730 4077 beatus
1775 4024 2069 4095 Apostolus

488 4100 766 4161 humiliter
788 4119 852 4159 ac
881 4105 1187 4174 sapienter,
1219 4109 1315 4164 sed
1346 4109 1412 4163 ad
1443 4109 1871 4167 conﬁrmandam
1905 4114 2065 4171 ﬁdem

490 4202 735 4249 nostram
797 4204 851 4249 et
903 4196 972 4249 ad
1029 4197 1372 4253 oscitandam
1428 4200 1777 4258 devotionem.
1824 4213 2065 4260 vestram

488 4290 677 4339 nostra
724 4286 965 4354 parvitas
1015 4288 1198 4344 dicere
1247 4291 1461 4346 censuit
1517 4291 1717 4362 quibus
1769 4295 1965 4361 modis,
2006 4306 2067 4352 ut

488 4389 652 4443 supra
683 4376 888 4432 dictum
914 4387 1018 4446 est,
1041 4380 1221 4438 divina
1248 4383 1526 4440 miseratio
1554 4387 1789 4443 miseriis
1807 4388 2061 4447 humanis

485 4466 775 4524 consuluit.

555 4554 726 4611 Natus
751 4567 834 4612 est
854 4560 1102 4617 Christus
1130 4580 1198 4619 ex
1230 4566 1541 4638 incorrupta
1570 4571 1821 4643 Virgine,
1856 4584 1914 4630 ut
1955 4577 2059 4630 hu-

484 4664 643 4704 mana
676 4661 932 4721 corrupta
982 4657 1235 4712 nativitas
1260 4657 1311 4713 in
1345 4662 1642 4730 spiritalem
1671 4668 2063 4724 transferretur

482 4739 770 4810 originem.
800 4741 1050 4814 Legalem
1071 4747 1238 4802 voluit
1260 4752 1539 4820 suscipere
1561 4753 2055 4829 circumcisionem,

480 4841 537 4883 ut
561 4832 802 4902 ejusdem
833 4837 967 4903 legis
986 4854 1044 4894 se
1082 4842 1476 4899 demonstraret
1521 4855 1820 4915 auctorem,
1849 4859 1905 4905 ct
1937 4867 2057 4920 nos,

478 4923 725 4992 exemplo
755 4925 873 4994 ejus
902 4930 1235 4998 spiritalibus
1262 4935 1472 5003 gaudiis
1516 4937 1847 5004 circumcisi,
1874 4943 1926 4996 id
1969 4953 2055 4998 est

479 5014 791 5072 coélestibus
831 5019 1129 5082 disciplinis
1163 5025 1383 5082 eruditi.
1410 5028 1476 5080 ad
1513 5027 1775 5082 fabricam
1816 5031 2055 5082 cmlestis

2086 4477 2140 4537 D

2206 464 2424 536 Virgine
2454 471 2732 527 nesciente
2776 476 3063 542 remansit,
3104 488 3229 547 post
3275 479 3554 551 paululum
3602 486 3789 541 studio

2199 554 2434 614 ferventi
2490 576 2763 633 cursuque
2809 567 2975 623 citato
3018 570 3339 639 requiritur,
3378 583 3458 639 et,
3500 584 3561 629 ut
3602 575 3789 633 Lucas

2201 647 2386 713 refert,
2417 652 2471 705 in
2517 655 2686 709 medio
2736 656 3010 714 doctorum
3054 662 3259 730 sedens,
3302 681 3410 720 non
3438 667 3659 734 docens,
3684 673 3783 725 sed

2200 739 2418 799 discens
2452 752 2508 798 et
2548 747 2775 817 audiens
2827 749 3121 817 invenitur.
3173 756 3544 829 lnterrogante
3596 772 3789 818 autem

2197 845 2392 904 matre,
2417 856 2516 896 cur
2539 859 2598 898 se
2628 844 2912 914 ignorante
2950 853 3248 919 remansit,
3288 855 3343 910 in
3391 857 3555 913 domo
3601 856 3787 916 Patris

2198 934 2278 987 sui
2314 946 2438 992 esse
2478 954 2538 995 se
2580 944 2878 1012 respondit.
2930 942 3062 1003 Haec
3107 948 3307 1006 etenim
3355 953 3581 1022 puerilia
3629 968 3782 1026 gesta

2196 1027 2480 1085 catholicas
2519 1031 2644 1087 fidei
2686 1046 2813 1089 sunt
2848 1037 3109 1095 ﬁrmitate
3153 1042 3405 1097 subnixa.
3450 1043 3589 1099 Cum
3648 1061 3785 1101 vero

2194 1115 2349 1173 Iesus
2382 1134 2412 1173 a
2452 1130 2627 1176 matre
2656 1127 2979 1195 requiritur,
3010 1131 3200 1200 procul
3221 1133 3385 1188 dubio
3416 1150 3578 1190 verus
3620 1138 3784 1193 homo

2194 1210 2557 1276 cognoscitur.
2597 1213 2737 1270 Dum
2770 1233 2892 1273 esse
2917 1235 2977 1275 se
3001 1221 3056 1276 in
3097 1222 3260 1280 domo
3301 1223 3484 1281 Patris
3528 1239 3785 1298 oportere

2193 1307 2442 1365 testatur,
2476 1316 2507 1357 a
2533 1306 2744 1362 cunctis
2781 1307 3034 1367 fidelibus
3056 1328 3220 1371 verus
3247 1316 3441 1372 unicus
3489 1318 3585 1373 Dei
3611 1317 3783 1375 Filius

2190 1390 2449 1446 creditur.
2477 1393 2533 1449 In
2572 1399 2749 1453 medio
2778 1401 3064 1460 doctorum
3106 1408 3325 1475 sedens,
3372 1410 3604 1467 audiens
3654 1413 3786 1469 illos

2187 1491 2242 1537 et
2269 1481 2632 1556 interrogans,
2661 1491 2841 1560 signat
2865 1502 2924 1548 ut
2954 1495 3135 1551 nullus
3182 1499 3286 1554 nisi
3327 1500 3570 1569 perfecta
3620 1512 3780 1559 aetate

2186 1576 2586 1644 praedicationis
2607 1581 2844 1639 ofﬁcium
2873 1602 3156 1645 assumere
3184 1603 3519 1661 praesumat.-

2192 1940 2541 1998 mortalitatis
2560 1983 2575 2007 ,
2599 1946 2741 2001 sicut
2772 1946 2909 2004 ﬁdes
2949 1949 3185 2007 ﬁdelium
3211 1956 3404 2021 credit,
3435 1958 3644 2029 absque
3669 1961 3781 2014 ullo

2190 2031 2444 2102 contagio
2466 2034 2676 2103 peccati
2704 2042 3067 2106 percucurrit,
3093 2044 3189 2098 sed
3235 2045 3380 2102 Deus
3423 2050 3676 2105 occultus
3721 2052 3774 2105 in

2189 2120 2410 2179 homine
2445 2140 2663 2195 semper
2710 2128 3061 2199 impassibilis
3113 2137 3333 2204 mansit,
3392 2148 3447 2194 et
3499 2141 3632 2197 licet
3682 2143 3777 2198 Dei

2187 2213 2358 2270 Filius
2380 2217 2585 2272 nullam
2614 2221 2844 2277 haberet
2870 2228 3165 2283 mandandi
3194 2229 3277 2284 vel
3314 2231 3643 2301 puriﬁcandi
3689 2249 3776 2290 ne-

2186 2309 2593 2378 cessitudinem,
2612 2324 2765 2370 certo
2798 2325 2978 2373 tamen
3003 2320 3091 2375 die
3116 2322 3477 2379 determinato
3511 2334 3777 2396 tempore,

2185 2398 2468 2468 trigesimo
2494 2402 2750 2460 videlicet
2771 2408 2949 2464 aetatis
2973 2425 3086 2466 suae
3114 2426 3289 2479 anno,
3319 2413 3449 2469 illud
3496 2417 3775 2488 singulare

2184 2504 2248 2544 ac
2277 2490 2630 2562 singulariter
2657 2496 2898 2555 salutare
2925 2505 3245 2572 mysterium
3291 2506 3638 2577 baptismatis
3680 2525 3770 2564 su-

2183 2581 2374 2650 scepit,
2396 2586 2742 2655 suscipiendo
2767 2591 3149 2660 sanctificavit,
3196 2598 3591 2654 sanctiﬁeando
3633 2615 3770 2655 eun-

2183 2672 2289 2727 etis
2335 2672 2585 2732 ﬁdelibus
2628 2688 2688 2734 ut
2732 2694 2832 2751 per
2879 2683 3012 2739 illud
3066 2688 3559 2756 sanctiﬁcareutur,
3610 2707 3677 2747 ac
3726 2695 3771 2748 si

2184 2764 2407 2821 caeleste
2442 2766 2755 2825 donativum
2784 2776 3134 2831 contradidit.
3167 2776 3273 2834 Sed
3301 2780 3426 2835 dum
3452 2780 3770 2851 baptizandi

2181 2856 2597 2924 possibilitatem
2633 2861 2900 2919 ministris
2920 2865 3178 2923 Ecclesia!
3204 2872 3496 2937 concessit,
3529 2882 3767 2942 potesta-

2183 2955 2291 3001 tem
2339 2948 2647 3019 baptizandi
2686 2954 2841 3022 quasi
2870 2956 3141 3025 quoddam
3190 2959 3400 3032 insigne
3440 2962 3543 3017 sibi
3588 2963 3767 3019 vindio

2182 3054 2316 3094 cans
2339 3043 2661 3108 reservavit,
2691 3044 3036 3102 sicutdivina
3064 3064 3167 3103 vox
3209 3049 3270 3103 Β.
3311 3050 3509 3106 Joanni
3556 3053 3765 3108 homini

2106 3103 2149 3165 ί)
2183 3131 2363 3201 magni
2395 3133 2575 3188 meriti
2606 3103 2900 3203 nuntiavit,
2926 3138 3149 3207 quando

2179 3224 2354 3292 gratia
2382 3225 2694 3295 baptizandi
2717 3230 2904 3284 venire
2951 3244 3057 3285 non
3107 3232 3334 3287 distulit.
3390 3230 3565 3303 Super
3607 3252 3760 3306 quem

2178 3313 2395 3379 videris,
2422 3315 2618 3385 inquit,
2659 3316 2918 3387 Spiritum
2952 3321 3345 3377 descendentem
3387 3332 3436 3378 et
3464 3336 3759 3379 manentem

2179 3423 2336 3476 super
2356 3425 2495 3472 eum,
2519 3410 2628 3479 ipse
2654 3420 2729 3463 est
2754 3412 2846 3481 qui
2868 3413 3118 3483 baptiznt.
3160 3415 3280 3486 Ipse
3314 3418 3518 3472 etenim
3547 3418 3759 3473 amicus

2177 3497 2392 3569 Sponsi,
2418 3500 2591 3557 fidelis
2607 3503 2934 3575 humilisque
2954 3507 3290 3575 Praecursor,
3309 3526 3415 3581 quo
3439 3513 3582 3567 inter
3602 3522 3759 3567 natos

2173 3592 2485 3658 mulierum,
2518 3603 2657 3651 teste
2697 3595 2968 3665 Veritate,
2995 3616 3103 3657 non
3134 3603 3370 3658 surrexit
3398 3603 3603 3674 major;
3654 3605 3752 3659 ba-

2171 3686 2384 3754 ptizans
2413 3696 2469 3741 et
2497 3688 2825 3758 baptismum
2853 3693 3157 3761 praedicans
3176 3696 3316 3750 sicut
3337 3710 3494 3751 sacer
3518 3712 3751 3768 evange-

2172 3773 2308 3829 lieus
2333 3789 2513 3831 sermo
2540 3779 2819 3835 describit.
2860 3782 2951 3837 Ait
3004 3783 3148 3838 enim
3198 3803 3211 3839 :
3253 3785 3366 3857 Ego
3404 3786 3615 3855 quidem
3664 3805 3752 3843 ros

2172 3863 2377 3932 baptizo
2400 3866 2453 3920 in
2473 3884 2634 3937 aqua,
2656 3871 2746 3939 qui
2770 3880 2944 3925 autem
2970 3884 3085 3942 post
3111 3891 3192 3929 me
3219 3887 3467 3930 venturus
3508 3887 3604 3940 est,
3639 3879 3751 3949 ipse

2169 3969 2255 4008 eos
2277 3953 2558 4024 baptizabit
2580 3960 2636 4013 in
2659 3958 2864 4030 Spiritu
2885 3973 3067 4017 sancto
3101 3975 3150 4018 et
3189 3966 3317 4035 igni.

2239 4043 2521 4112 Quomodo
2551 4049 2601 4103 in
2629 4049 2835 4118 Spiritu
2879 4060 3067 4108 sancto
3112 4064 3164 4110 et
3206 4056 3313 4126 igni
3357 4055 3624 4127 baptizat,
3656 4059 3753 4114 ho-

2167 4134 2353 4193 dierna
2385 4138 2649 4197 festivitas
2670 4143 2802 4198 satis
2825 4155 3009 4215 aperte
3030 4160 3095 4202 ac
3122 4148 3438 4204 solemniter
3458 4152 3746 4221 approbat.

2165 4223 2331 4280 Beato
2390 4226 2535 4284 Luca
2597 4232 2925 4302 evangelista
2978 4236 3033 4290 in
3100 4239 3322 4293 Actibus
3374 4242 3746 4309 apostolorum

2166 4326 2446 4383 narrante,
2481 4324 2856 4390 cognoscimus
2896 4327 3021 4396 qttla
3073 4342 3433 4399 apparuerunt
3495 4334 3748 4403 apostolis

2167 4406 2451 4476 dispertita:
2484 4409 2679 4481 lingua:
2702 4423 2951 4486 tanquam
2994 4418 3153 4485 ignis,
3189 4419 3419 4490 seditque
3443 4438 3607 4490 supra
3635 4422 3747 4477 siu-

2165 4497 2316 4566 gulos
2344 4515 2522 4555 eorum
2573 4501 2800 4572 Spiritus
2847 4518 3082 4563 sanctus.
3136 4509 3361 4575 Idcirco,
3407 4512 3747 4570 dilectissimi

2165 4587 2386 4656 fratres,
2418 4593 2485 4648 de
2514 4608 2859 4653 sacramento
2897 4600 3256 4671 baptismatis,
3286 4603 3446 4658 hodie
3464 4605 3549 4659 vel
3574 4606 3746 4660 modi-

2165 4697 2288 4736 eum
2325 4683 2507 4741 dicere
2538 4685 2716 4753 libuit,
2743 4690 2997 4757 quoniam
3042 4692 3173 4746 illud
3232 4693 3335 4747 isto
3391 4693 3446 4747 in
3500 4703 3747 4764 tempore

2163 4774 2476 4831 Christiana
2508 4779 2699 4849 religio
2729 4783 2901 4853 magis
2932 4798 2997 4837 ac
3032 4785 3204 4856 magis
3230 4799 3490 4855 peragere
3515 4802 3744 4841 consue-

2165 4866 2260 4920 vit.
2293 4867 2606 4937 Baptizatur
2635 4871 2902 4939 Christus,
2931 4882 3115 4929 etnon
3147 4876 3307 4931 modo
3342 4876 3455 4946 jam
3508 4879 3741 4945 patriar-

2161 4956 2388 5015 charum
2437 4962 2718 5032 prodigiis,
2767 4982 2871 5019 non
2920 4970 3306 5037 prophetarum
3357 4971 3613 5031 oraculis.
3645 4972 3738 5025 sed

2192 5044 2199 5051 .

2161 5047 2294 5082 υήιηιι
2338 5047 2509 5082 Βηοι-ξη
2569 5055 2789 5082 ..εΙΑΑΙ-.-
2841 5060 3007 5082 170212---
3064 5062 3309 5082 -..ηη-ι-.
3372 5080 3377 5081 γ
