4072 5350
326 333 464 390 101⁸1

1749 321 2134 380 δειιΜοΝεδ.

3448 335 3586 393 1018

327 447 575 508 modum,
607 454 668 499 ut
700 442 868 500 Isaias
914 446 1177 514 propheta
1210 444 1378 500 multo
1429 454 1555 503 ante
1576 498 1582 505 ,
1604 444 1903 513 pnecinuit,
1935 452 1980 510 Α
2007 450 2223 498 creator
2263 451 2314 496 ct
2359 452 2646 499 renovator
2671 456 2754 501 est
2782 445 2948 501 totius
2994 446 3258 503 machina:
3287 451 3488 505 mundi.
3525 453 3581 507 Si

327 547 534 592 terram
585 537 824 592 Zabulon
853 546 910 592 et
936 548 1138 593 terram
1178 537 1487 608 Nephtalim
1518 538 1687 601 adiit;
1744 537 1900 593 habi-

326 628 571 682 tantibus
594 627 647 681 in
671 627 894 699 regione
922 628 1129 682 umbrae
1174 629 1365 684 mortis
1390 638 1447 684 et
1486 630 1799 686 sedentibus
1847 630 1900 685 in

324 718 567 773 tenebris
592 716 772 773 lumen
798 719 1048 774 veritatis
1069 720 1327 783 omendit,
1354 722 1707 792 semetipsum
1746 723 1899 778 vide~

322 804 453 860 licet
477 806 724 875 quidixit
757 825 771 861 :
808 807 918 878 Ego
943 825 1058 862 sum
1093 809 1187 863 tua:
1220 810 1425 875 mundi,
1460 812 1605 871 etde
1631 827 1740 882 quo
1773 828 1898 868 san-

320 908 444 953 ctus
475 898 812 967 Evangelista
845 917 859 953 :
890 898 1023 954 Erat
1061 900 1154 955 ius:
1190 919 1311 956 vera
1346 920 1465 973 qua:
1505 904 1767 959 illuminat
1790 921 1901 959 ont-

320 1010 439 1049 ttem
486 995 748 1049 hominem
793 996 1077 1050 venientem
1112 998 1167 1051 in
1202 999 1340 1051 hunc
1369 1000 1662 1065 mundum;
1693 1000 1900 1054 vocatis

323 1081 631 1151 discipulis,
658 1084 899 1138 cmlestis
929 1084 1233 1154 disciplina:
1255 1086 1642 1155 perfectionem
1677 1088 1897 1142 tradidit

318 1173 422 1236 eis,
446 1183 571 1229 octo
597 1174 989 1229 beatitudinum
1014 1175 1222 1245 species
1242 1176 1574 1239 disserendo,
1608 1176 1811 1232 fontem
1839 1192 1898 1232 se

321 1266 489 1321 totius
511 1266 869 1322 beatitudinis
902 1282 1028 1322 esse
1053 1269 1369 1323 declaravit.
1412 1269 1612 1339 Aperta
1656 1284 1898 1339 pronun—

323 1357 479 1412 tiavit
525 1357 580 1411 in
626 1358 824 1428 quibus
867 1358 1278 1424 azdiﬁcaremur,
1325 1360 1558 1416 obscura
1611 1361 1896 1430 proposuit

319 1445 377 1509 in
400 1444 597 1514 quibus
622 1446 1007 1502 excitaremur.
1046 1446 1378 1515 Quibusdam
1425 1465 1555 1505 vero
1600 1446 1895 1521 assumpta:

316 1536 504 1591 carnis
560 1535 829 1602 motibus,
875 1539 972 1593 sed
1020 1553 1244 1607 prorsus
1293 1550 1519 1610 peccato
1580 1542 1894 1597 carentibus

313 1624 554 1685 hominis
580 1625 748 1682 lilium
776 1642 837 1683 se
862 1642 982 1683 esse
1010 1628 1412 1696 demonstrans,
1449 1631 1681 1687 insolitis
1729 1633 1894 1687 mira-

313 1712 559 1770 culorum
602 1717 861 1788 prodigiis
882 1718 1140 1774 divinitus
1171 1721 1454 1786 adhibitis,
1478 1721 1575 1778 Dei
1602 1723 1798 1783 Filium
1828 1739 1890 1779 se

2003 542 2305 589 creatorem
2344 542 2399 586 et
2438 545 2811 591 renovatorem
2851 536 3113 607 Spirittttn
3157 550 3405 595 sanctum
3446 557 3585 611 pta:-

2003 623 2159 689 dico,
2207 624 2577 681 desideranter
2633 626 2962 697 propheticis
3021 631 3201 686 verbis
3258 634 3579 690 consentio:

2001 710 2197 767 Emitte
2217 753 2231 778 ,
2264 713 2467 783 inquit,
2506 715 2757 786 Spiritum
2788 728 3011 787 tuamet
3046 720 3378 788 creabuntur,
3411 733 3458 776 et
3493 741 3576 779 re-

2002 803 2212 857 novabis
2238 804 2425 873 facient
2455 815 2629 861 terra'.
2677 805 2734 860 Si
2772 818 3150 876 cooperantetn
3198 810 3364 865 totius
3413 812 3579 870 divini

1999 897 2180 965 operis
2210 911 2330 959 esse
2374 898 2695 966 pronuntio,
2726 899 2793 953 ab
2835 902 3158 958 auctoritate
3196 902 3392 958 divinae
3426 903 3578 960 Scri-

1998 997 2171 1057 ptunt:
2200 1002 2307 1042 non
2334 988 2617 1042 dissentio.
2653 989 2877 1056 Quando
2912 991 3052 1047 Deus
3081 1007 3176 1063 per
3212 992 3442 1050 Verbum
3491 996 3577 1053 fa-

1997 1076 2201 1131 bricam
2225 1076 2407 1131 mundi
2432 1077 2689 1141 condidit,
2719 1077 2954 1149 Spiritus
2974 1091 3195 1138 sanctus
3220 1099 3380 1155 super
3401 1100 3575 1155 aquas

1998 1166 2291 1235 ferebatur,
2351 1167 2491 1233 sicut
2542 1167 2722 1222 divina
2775 1171 2968 1240 pagina
3029 1172 3225 1229 divinis
3281 1173 3574 1230 lectoribus

1996 1257 2307 1312 innotescit.
2355 1254 2646 1328 Postquam
2690 1259 2871 1329 priore
2908 1262 3081 1330 gratia
3126 1262 3324 1318 invidia
3376 1265 3573 1321 diaboli

1994 1347 2185 1418 primis
2228 1346 2537 1403 hominibus
2585 1348 2834 1420 adempta
2854 1390 2869 1415 ,
2920 1350 3094 1420 pictas
3119 1354 3297 1409 divina
3320 1357 3387 1410 ad
3418 1358 3572 1429 agni-

1998 1437 2200 1492 tionem
2250 1437 2334 1493 sui
2379 1437 2652 1493 hominem
2704 1449 3022 1513 pereuntem
3071 1457 3327 1498 revocare
3378 1447 3569 1514 voluit,

1994 1526 2232 1597 Spiritus
2260 1518 2482 1583 sanetus
2509 1528 2848 1597 patriarchas
2876 1530 3115 1598 edocuit,
3143 1536 3434 1603 prophetas
3468 1537 3572 1591 im-

1991 1618 2181 1689 plevit,
2209 1619 2303 1674 Dei
2350 1619 2545 1675 Filium
2578 1619 2849 1692 Virginem
2879 1625 3179 1693 parituram
3216 1626 3406 1696 angelo
3432 1643 3571 1689 nun-

1995 1711 2163 1765 tiante
2207 1710 2568 1778 obumbravit,
2599 1728 2760 1783 super
2797 1716 3046 1771 eumdem
3073 1715 3346 1772 Christum
3387 1718 3568 1789 bapti-

313 1818 436 1859 ωδε
461 1813 794 1872 contestans,
825 1816 880 1862 ει
917 1809 997 1864 sic
1036 1808 1273 1866 humana
1322 1811 1537 1877 divinis,
1568 1813 1749 1868 divina
1782 1814 1886 1868 ιω..
1918 1795 1961 1855 Β
1990 1812 2169 1858 zatum
2201 1804 2256 1858 in
2282 1804 2464 1874 specie
2488 1805 2748 1861 columba:
2778 1808 3004 1864 visibilis
3038 1810 3311 1880 apparuit,
3342 1811 3480 1867 idem
3508 1811 3567 1866 in

310 1895 490 1953 manis
527 1895 1013 1966 conjungendo,ex
1063 1900 1272 1958 duabus
1312 1902 1632 1958 substantiis
1680 1903 1735 1958 in
1780 1920 1888 1960 una

309 2001 543 2055 persona
570 1988 899 2058 prtedicatur
935 1990 1212 2056 Christus.
1244 1992 1384 2049 Deus
1419 2008 1582 2050 verus
1617 2003 1677 2050 et
1702 1995 1887 2051 homo.

386 2078 678 2136 Videamus
715 2083 988 2150 quomodo
1015 2083 1278 2141 divinitati
1310 2084 1675 2141 famulabatur
1702 2077 1890 2141 buma-

306 2166 482 2233 nitas,
517 2168 601 2224 vel
653 2172 928 2240 quomodo
974 2172 1293 2229 humanitati
1344 2173 1561 2230 favebat
1604 2176 1885 2232 divinitas.

305 2259 578 2317 Lazarum
607 2264 905 2329 suscitans,
934 2265 1078 2335 quod
1121 2274 1206 2320 est
1238 2266 1367 2332 Dei;
1425 2267 1661 2323 amicum
1715 2267 1885 2335 ﬂevit,

304 2351 452 2421 quod
472 2358 558 2406 est
581 2351 840 2417 hominis,
866 2362 922 2409 et
943 2354 1024 2410 sic
1048 2355 1114 2410 de
1138 2356 1369 2411 caeteris.
1395 2354 1679 2423 Sed,utde
1703 2358 1886 2414 multis

301 2456 474 2512 pauca
489 2441 743 2509 referam,
771 2442 1019 2501 lniirmos
1039 2462 1263 2513 curans,
1288 2448 1581 2518 ingemuit;
1602 2447 1884 2504 famelicos

301 2546 552 2601 pascens,
580 2532 768 2588 oculos
797 2534 864 2588 ad
894 2535 1093 2590 ccelutn
1126 2536 1359 2603 levavit;
1411 2538 1704 2608 discipulos
1743 2538 1882 2592 allo-'

301 2637 503 2691 quens,
536 2623 588 2678 iu
630 2633 867 2682 montem
911 2628 1191 2693 ascendit;
1236 2627 1518 2698 languidos
1561 2644 1784 2693 curans,
1822 2630 1881 2684 in

300 2716 701 2789 campestribus
753 2718 939 2784 stetit,
994 2719 1259 2783 esuriens,
1317 2720 1593 2788 superavit
1633 2719 1876 2793 hostem;

297 2806 569 2862 excitatus
606 2821 639 2861 a
696 2823 910 2875 somno,
962 2818 1187 2879 pontum
1238 2811 1391 2881 jubet
1433 2826 1555 2868 esse
1601 2812 1874 2882 quietum;

298 2897 510 2962 sitiens,
545 2897 904 2953 Samaritanis
935 2901 1239 2971 propinavit
1283 2901 1542 2968 salutem;
1595 2918 1718 2958 cum
1753 2903 1876 2973 capi

297 2986 493 3052 voluit,
514 2988 764 3045 inimicos
808 3000 1104 3045 retrorsum
1156 2993 1349 3048 cadere
1402 2992 1561 3058 fecit;
1614 2994 1873 3061 moriens,

296 3090 527 3135 mortem
552 3081 772 3149 pertulit
794 3090 849 3135 et
869 3083 922 3137 in
946 3092 1121 3138 morte
1142 3083 1260 3151 ejus
1278 3086 1456 3139 omnis
1476 3098 1724 3143 creatu'a
1743 3092 1875 3142 cen-

297 3174 524 3243 gemuit.
558 3173 735 3228 Morte
758 3176 957 3229 etenim
988 3174 1191 3232 Christi
1226 3178 1615 3233 tenebrescunt
1665 3179 1871 3234 lumina

290 3264 442 3329 celi,
483 3265 804 3319 scinduntur
848 3265 1116 3320 velamina
1188 3266 1391 3337 templi.
1437 3264 1690 3337 Captivos
1741 3269 1870 3323 red-

294 3353 378 3409 dit
444 3354 680 3417 inferus.
739 3355 976 3410 rediviva
1027 3357 1290 3413 cadavera
1331 3359 1509 3413 tellus.
1559 3359 1620 3413 In
1668 3359 1866 3417 mortis

291 3442 606 3497 discrimine
661 3443 930 3498 hominem
983 3460 1245 3515 agnosce,
1303 3447 1356 3503 in
1409 3448 1624 3503 virtutis
1673 3463 1871 3519 cpera-

293 3532 440 3587 tione
467 3534 630 3588 Deum
684 3534 1136 3604 intellige.,Cum
1202 3538 1346 3592 enim
1398 3555 1429 3592 a
1487 3540 1717 3595 mortuis
1774 3556 1866 3596 re-

290 3623 562 3687 surrexit,
621 3625 819 3679 smculo
888 3625 1054 3679 vitam
1121 3627 1391 3693 reddidit,
1451 3629 1564 3683 suis
1618 3629 1866 3687 ﬁdelibus

291 3731 443 3785 spem
490 3717 802 3787 resurgendi
865 3718 1153 3773 concessit.
1214 3718 1270 3772 lu
1323 3720 1616 3776 divinitatis
1675 3730 1868 3790 poten-

290 3806 363 3861 tia
428 3804 624 3862 clausis
672 3807 858 3878 januis
918 3808 987 3862 ad
1048 3808 1342 3878 discipulos
1395 3810 1637 3876 intravit,
1675 3812 1728 3867 in
1778 3827 1866 3868 re-

288 3908 503 3969 sumpto
537 3915 764 3970 corpore
797 3901 1048 3971 stigmata
1086 3902 1354 3981 passionis
1391 3902 1673 3974 palpabilia
1703 3920 1861 3960 mon-

288 3999 463 4054 strat,
516 3993 807 4047 ostendens
863 3993 1005 4061 quod
1066 3992 1121 4047 in
1188 3993 1375 4049 eadem
1451 4009 1614 4049 carne
1674 4009 1865 4053 sumus

286 4083 651 4136 resurrecturi
671 4092 726 4137 et
748 4083 996 4152 ampliori
1022 4082 1190 4153 gloria
1211 4084 1328 4138 sine
1351 4084 1458 4146 (ine
1475 4085 1685 4140 victuri.
1717 4085 1785 4138 Et
1799 4095 1860 4140 ut

285 4188 445 4227 πολιιο
488 4171 755 4227 diuideret
808 4173 874 4227 de
921 4172 1091 4239 gloria
1145 4174 1592 4237 resurrectionis,
1638 4190 1855 4230 carnem

279 4277 445 4331 quam
465 4261 561 4317 Dei
586 4262 627 4317 F
633 4262 754 4316 ilius
778 4278 842 4317 ex
867 4264 1023 4318 nobis
1050 4266 1364 4335 assumpsit,
1386 4267 1453 4319 ad
1476 4266 1641 4321 caelos
1666 4282 1856 4322 ascen-

280 4357 416 4411 dens
436 4353 714 4408 collocavit
737 4355 792 4408 in
821 4355 1100 4410 dexteram
1116 4355 1325 4420 \Patris,
1358 4366 1415 4411 ut
1444 4372 1510 4411 eo
1542 4371 1638 4411 nos
1663 4372 1855 4412 ascen-

1990 1894 2163 1965 igneis
2206 1893 2405 1966 linguis
2454 1911 2615 1967 super
2661 1897 2933 1967 apostolos
2979 1898 3236 1967 hodierna
3272 1899 3569 1959 festivitate

1989 1986 2299 2053 descendit;
2348 1996 2404 2042 et
2436 2002 2572 2057 quos
2618 2002 2785 2059 puros
2828 1990 3074 2047 homines
3117 1992 3350 2058 invenit,
3401 1994 3563 2061 Deos,

1989 2078 2099 2137 imo
2147 2088 2202 2134 et
2246 2078 2342 2135 Dei
2388 2080 2527 2136 filios
2565 2096 2665 2151 per
2710 2081 2943 2152 gratiam
3009 2084 3313 2153 adoptionis
3361 2084 3567 2143 eil'ecit.

1986 2167 2217 2235 Pulchre
2238 2168 2472 2239 Spiritus
2486 2179 2704 2225 sanctus
2724 2171 2867 2226 Deus
2891 2187 2956 2226 ac
2969 2171 3252 2234 Dominus,
3268 2185 3484 2229 creator
3497 2190 3564 2230 ao
3648 2200 3664 2217 ο

1987 2267 2275 2315 renovator
2294 2260 2514 2326 dicitur,
2530 2261 2655 2330 quia
2679 2277 2817 2331 quos
2838 2262 2893 2316 in
2918 2262 3187 2331 baptismo
3201 2264 3383 2319 divina
3408 2281 3562 2335 rege-

1986 2351 2267 2406 neratione
2311 2361 2540 2417 recreat,
2590 2352 2914 2408 remittendo
2959 2360 3179 2423 peticata
3225 2371 3258 2409 a
3305 2359 3561 2428 contagio

1983 2442 2185 2511 veteris
2216 2443 2451 2498 hominis
2482 2452 2728 2511 renovat,
2761 2455 2817 2500 et
2845 2445 2898 2499 in
2928 2447 3149 2502 secundi
3178 2447 3411 2503 hominis
3438 2464 3563 2520 spe-

1983 2535 2123 2590 ciem
2154 2538 2461 2590 renovando
2488 2546 2809 2591 commutat.
3217 2598 3221 2603 ,
3488 2542 3496 2546 “

1992 2686 1999 2695 ρ
2052 2626 2130 2682 De
2156 2628 2343 2682 eodem
2367 2628 2557 2697 spiritu
2586 2613 3061 2698 periPsalmistam
3111 2630 3343 2686 dicitur:
3395 2629 3557 2687 Verbo

1980 2715 2193 2779 Domini
2224 2716 2336 2769 caeli
2361 2716 2559 2784 ﬁrmati
2598 2726 2718 2770 sunt
2731 2756 2745 2781 ,
2773 2730 2820 2771 et
2855 2718 3044 2787 spiritu
3078 2722 3184 2773 oris
3220 2720 3336 2789 ejus
3387 2721 3557 2776 omnis

1977 2807 2141 2879 uirtus
2167 2821 2366 2860 eorum.
2415 2804 2482 2859 Et
2530 2804 2785 2860 Salomon
2820 2808 2885 2861 de
2922 2822 2987 2862 eo
3017 2826 3031 2862 :
3080 2806 3327 2862 Omnium
3359 2809 3556 2877 artifex

1977 2898 2151 2953 docuit
2202 2914 2281 2952 me
2330 2899 2611 2971 sapientia.
2654 2898 2791 2967 Quia
2846 2901 2987 2956 sicut
3039 2900 3326 2971 Apostolus
3378 2902 3549 2957 dicit:

1978 2988 2149 3061 Nemo
2177 2997 2341 3059 potest
2374 2989 2545 3043 dicere
2594 2989 2851 3045 Dominus
2896 2990 3082 3056 Jesus,
3115 2991 3217 3045 nisi
3251 2992 3305 3044 in
3346 2991 3555 3057 Spiritu

1975 3091 2184 3149 sancto;
2215 3089 2301 3135 et;
2333 3080 2504 3135 Nemo
2532 3082 2587 3135 in
2615 3083 2800 3151 spiritu
2831 3081 2929 3135 Dei
2968 3082 3213 3153 loquens,
3256 3083 3381 3135 dicit
3416 3100 3551 3137 ana-

1974 3174 2147 3241 thema
2180 3171 2326 3226 Iesu.
2354 3169 2397 3227 Ο
2417 3182 2654 3243 quantus
2678 3182 2762 3228 est
2787 3174 2888 3227 iste
2912 3172 3129 3238 artifex,
3150 3190 3311 3253 quam
3337 3184 3547 3253 potens,

1972 3281 2135 3336 quam
2170 3263 2381 3333 eﬂicax,
2414 3265 2504 3335 qui
2535 3266 2676 3320 sicut
2702 3282 2822 3321 cum
2855 3265 3012 3321 Patre
3036 3275 3091 3320 et
3116 3250 3250 3322 Filio
3276 3250 3455 3320 omnia
3480 3281 3548 3320 ex

1969 3356 2140 3411 nihilo
2165 3357 2426 3421 condidit,
2477 3357 2552 3410 ita
2596 3365 2852 3426 corrupta
2896 3357 3071 3426 potuit
3102 3371 3391 3426 reparare,
3423 3371 3550 3414 cuni

1969 3449 2177 3519 voluit“!
2225 3449 2282 3503 ln
2331 3448 2438 3504 illis
2495 3448 2732 3504 homiliis
2790 3463 2927 3517 quas
2985 3448 3052 3501 ad
3112 3447 3337 3519 gloriam
3400 3462 3544 3516 pra:-

1969 3540 2137 3611 sentis
2190 3539 2295 3595 diei
2347 3541 2455 3594 duo
2507 3540 2583 3594 illi
2639 3538 2985 3609 amplissimte
3046 3541 3385 3605 auctoritatis
3445 3540 3547 3593 den

1966 3632 2213 3689 scribunt
2264 3632 2541 3700 Gregorii,
2600 3635 2843 3702 qutedam
2900 3632 3144 3709 spiritus
3178 3618 3342 3701 opera
3396 3632 3538 3685 nite-

1966 3734 2124 3791 scunt
2177 3724 2521 3795 principalia.
2591 3724 2716 3779 ldeo
2779 3723 3139 3793 principalia,
3193 3722 3452 3791 quoniam
3508 3735 3548 3781 ει

1965 3817 2131 3871 tantis
2164 3816 2477 3871 auctoribus
2511 3823 2639 3870 sunt
2682 3813 2870 3869 festive
2903 3813 3131 3883 prolata.
3170 3814 3367 3868 Dicunt
3403 3828 3541 3883 quo-

1963 3909 2107 3973 niam
2179 3907 2415 3978 Spiritus
2476 3918 2699 3981 sanctus
2755 3906 2927 3962 David
2974 3906 3331 3962 citharmdum
3404 3921 3539 3976 pue-

1962 4015 2111 4065 rum,
2163 3996 2443 4066 multiplici
2498 4011 2595 4051 sua
2655 3996 2827 4067 gratia
2890 3996 3216 4065 praeditum,
3288 3996 3545 4066 provexit

1960 4091 2026 4151 ad
2059 4089 2208 4159 regni
2242 4086 2540 4158 fastigium.
2587 4088 2754 4153 Amos
2788 4096 3052 4156 agrestem
3106 4085 3377 4140 hominem
3425 4084 3535 4139 vel-

1956 4179 2207 4234 licautcm
2252 4178 2577 4243 siccamina,
2628 4176 2861 4231 mirabili
2906 4176 3145 4245 potentia
3193 4176 3382 4230 ditavit
3434 4190 3531 4229 au-

1956 4272 2210 4337 ctoritate
2286 4270 2626 4341 prophetica.
2696 4267 2916 4322 Petrum
2995 4268 3226 4335 peritum
3298 4265 3535 4335 piscium

1954 4363 2221 4435 captione,
2250 4370 2521 4431 pastorem
2560 4358 2685 4413 fecit
2712 4359 2878 4413 totius
2905 4358 3178 4424 Ecclesiae,
3211 4355 3532 4419 Manlianum
3610 4374 3615 4377 -

279 4460 437 4501 suros
482 4446 788 4510 credamus,
834 4462 945 4521 quo
976 4455 1137 4515 caput
1187 4457 1431 4501 nostrum
1478 4461 1576 4501 nos
1621 4461 1851 4516 przeccs-
1881 4489 1927 4547 υ
1955 4452 2226 4521 publicum
2252 4460 2561 4505 exactorem
2587 4449 2956 4519 evangelicum
2989 4447 3117 4502 fecit
3141 4463 3260 4503 esse
3298 4448 3527 4517 scripto~

278 4536 418 4591 sisse
443 4537 836 4607 cognoscimus.
876 4537 1004 4592 inde
1049 4537 1295 4593 ﬁdelibus
1341 4538 1501 4593 hodie
1542 4540 1595 4593 in
1645 4540 1850 4609 Spiritu

278 4636 471 4685 sancto
516 4627 606 4682 Dei
654 4627 873 4682 dilectio
922 4629 1176 4693 mittitur,
1235 4643 1354 4698 quae
1396 4644 1494 4699 per
1534 4630 1848 4698 Apostolum

277 4718 517 4773 Charitas
544 4717 873 4772 nominatur.
907 4716 1168 4789 Charitas,
1194 4718 1396 4787 inquit,
1422 4717 1520 4773 Dei
1548 4720 1744 4789 diﬂusa
1775 4731 1849 4774 est

278 4808 331 4859 in
367 4806 609 4871 cordibus
638 4809 828 4862 nostris
868 4825 960 4878 per
982 4809 1240 4879 Spiritum
1268 4822 1538 4876 sanctum,
1571 4812 1661 4881 qui
1694 4812 1849 4865 datus

274 4908 350 4953 est
394 4900 559 4962 nobis.
611 4902 846 4971 Spiritus
891 4903 1089 4958 etenim
1133 4912 1383 4971 sanctus,
1430 4902 1577 4959 Patri
1609 4912 1664 4959 et
1712 4903 1851 4958 Filio

274 5000 579 5050 coaeternus
610 5002 675 5049 .et
726 4993 1235 5060 consubsrantialis,
1270 5011 1375 5050 non
1407 4994 1548 5049 sicut
1576 4996 1753 5049 minor
1796 5004 1853 5050 et

277 5081 465 5137 uolens
493 5080 905 5149 transmittitur,
938 5084 1032 5139 sed
1057 5085 1201 5139 sicut
1238 5084 1463 5155 aequalis
1502 5086 1723 5157 pr0pria
1753 5100 1850 5140 vo-

295 5183 481 5230 untale
516 5191 547 5231 a
592 5176 705 5231 Deo
732 5175 893 5239 Patre
944 5185 1001 5235 ct
1046 5176 1184 5232 Filio
1238 5178 1493 5243 mittitur,
1533 5180 1678 5247 quia,
1712 5179 1854 5235 sicut

302 5257 484 5296 Δὶἰιηῖίσιιι
514 5270 636 5296 ιιξηῖί
703 5266 925 5296 C...’u.'t...
958 5267 1044 5296 ...εἴ
1070 5266 1178 5296 Annal.
1203 5270 1278 5296 nam:

322 5265 484 5296 aldine-
514 5270 636 5296 ιιξηῖί
703 5266 925 5296 C...’u.'t...
958 5267 1044 5296 ...εἴ
1070 5266 1178 5296 Annal.
1203 5270 1363 5296 nun'n-nl

1956 4560 2090 4599 rem.
2118 4541 2271 4598 Fecit
2308 4557 2371 4596 ex
2404 4541 2566 4596 Saulo
2594 4540 2837 4607 Paulum,
2866 4549 2920 4596 et
2959 4556 3024 4595 ex
3056 4540 3181 4609 lupo
3207 4555 3424 4610 agnum,
3456 4553 3524 4597 ex

1951 4643 2298 4705 persecutore
2321 4634 2620 4688 doctorem.
2655 4634 2898 4699 Fratres,
2927 4643 3191 4703 quantum
3236 4641 3321 4686 cst
3352 4630 3525 4685 homi-

1950 4742 2074 4780 nem
2112 4725 2177 4780 de
2204 4726 2313 4780 Deo
2352 4725 2533 4796 loqui?
2563 4726 2699 4793 Quid
2730 4726 2847 4795 plus
2874 4725 3084 4779 dicam?
3123 4712 3307 4782 Dicam
3343 4731 3531 4781 tamen

1950 4819 2094 4887 quod
2137 4819 2332 4873 sentio.
2364 4818 2633 4886 Quidquid
2678 4826 2777 4880 est,
2811 4816 3070 4886 quidquid
3112 4816 3231 4876 fuit,
3257 4811 3533 4880 quidquidL

1952 4926 2187 4980 unquam
2217 4927 2338 4975 esse
2374 4913 2509 4973 bene
2554 4910 2785 4979 poterit,
2818 4909 2979 4977 hujus
3027 4907 3253 4969 artiticis
3299 4916 3535 4959 munere
3586 4972 3595 4981 ἢ

1949 5018 2058 5058 non
2096 5004 2322 5058 carebit.
2345 5002 2479 5056 Nam
2509 5002 2767 5070 quidquid
2794 5000 3040 5053 ordinem
3078 5004 3259 5053 servat
3275 4993 3531 5061 iustitiae,

1949 5094 2206 5164 quidquid
2258 5091 2560 5162 profectum
2610 5098 2831 5159 praestat
2877 5087 3210 5155 prudentiae,
3264 5082 3539 5151 quidquid

1949 5184 2134 5237 virtuti
2188 5181 2333 5236 cedit
2384 5178 2706 5239 victoriam,
2752 5174 3012 5244 quidquid
3058 5169 3545 5247 honestatnfacit

2950 5266 3003 5296 in
3031 5264 3137 5296 “An
3193 5267 3245 5296 in
3280 5275 3373 5296 cun
3404 5276 3503 5296 nam

2326 5285 2356 5296 ιι
2409 5267 2670 5296 ηηῖιιηιιῖδ
2705 5275 2906 5296 nonI-tne

1946 5282 1961 5296 .
1974 5282 2241 5296 ...νινεΑααΑι-ιι
2255 5287 2265 5296 ι
