4072 5350
444 785 448 788 ,
541 731 657 778 tota
703 722 945 779 Trinitas
987 723 1192 788 veniat,
1248 731 1304 778 et
1349 725 1606 794 templum
1643 739 1742 780 nos
1778 724 1962 795 gloriae
2009 739 2120 780 suae

542 336 680 394 1019
1529 339 1586 394 S.
1628 335 1943 396 ODILONIS
1983 337 2127 392 ABBI

2226 336 2272 394 .S
2308 336 2804 397 CLUNIACENSIS
2841 338 2882 395 ν
3655 339 3791 397 1020

542 463 710 516 stum,
743 466 1025 507 sermones
1057 453 1172 519 ejus
1211 453 1496 518 servando,
1530 462 1589 506 ut
1623 452 1766 523 digni
1812 466 2118 508 mereamur
2146 453 2190 511 Λ
2222 449 2452 518 intonat,
2482 453 2548 508 ad
2589 452 2986 508 Praecursorem
3017 449 3133 523 ejus
3160 453 3390 511 caeleste
3418 457 3796 527 magisterium

543 545 663 599 ﬁeri
710 543 1019 608 dilectione,
1052 542 1287 597 adventu
1335 551 1391 598 et
1437 542 1674 614 hospitio
1711 542 1808 598 Dei
1857 543 2034 597 Patris
2063 550 2119 597 et
2217 550 2271 596 et
2317 558 2508 598 sensus
2537 544 2837 600 catholicus
2877 546 3262 602 convenienter
3289 533 3559 618 pertinere
3585 549 3793 606 denuno

541 633 688 699 Filii,
721 641 777 688 et
817 632 1058 702 ejusdem
1101 632 1336 703 Spiritus
1382 634 1662 704 paracleti,
1689 634 1760 689 ita
1805 642 1863 688 ut
1906 635 1972 707 ad
2022 649 2119 689 nos
2219 634 2336 687 tiat.
2376 633 2543 689 Multo
2570 636 2734 689 etiam
2765 636 3004 705 apertius
3029 637 3079 692 ei
3112 635 3350 707 Spiritus
3387 649 3609 695 sanctus
3641 639 3790 708 testia

2217 725 2456 780 monium
2495 727 2787 795 perhibuit,
2814 742 2922 798 quo
2950 728 3186 797 repletus
3221 729 3287 784 ad
3327 731 3615 786 adventum
3641 732 3793 802 geni-

2221 817 2372 872 tricis
2396 818 2605 873 Domini
2633 817 2850 874 clausus
2876 819 3053 876 adhuc
3091 822 3282 877 matris
3324 831 3501 890 utero,
3533 833 3586 878 ut
3619 825 3794 882 Evan-

2219 903 2417 974 gelium
2461 904 2721 976 loquitur,
2769 923 2875 963 non
2905 917 3097 963 natura
3137 918 3445 980 praestante,
3496 915 3590 968 sed
3617 915 3791 984 gratia

2219 1004 2513 1062 annuente,
2546 997 2870 1054 mirabiliter
2895 999 3204 1054 exsultavit.
3231 999 3350 1070 Ipse
3369 1002 3513 1056 enim
3536 1002 3794 1060 Dominus

2220 1084 2488 1150 Christus,
2541 1087 2630 1143 cui
2679 1089 3046 1144 testimonium
3100 1089 3189 1146 ille
3235 1091 3530 1162 perhibuit,
3561 1092 3791 1149 dicens;

2224 1171 2359 1228 Ecce
2406 1176 2585 1246 Agnus
2637 1177 2753 1242 Dei,
2782 1196 2898 1234 ecce
2933 1181 3023 1252 qui
3066 1180 3204 1236 tollit
3249 1191 3518 1252 peccatum
3566 1186 3791 1247 mundi;

2223 1274 2466 1335 tempore
2521 1283 2634 1322 suae
2683 1269 3098 1338 praedicationis,
3159 1271 3228 1326 de
3287 1272 3379 1327 illo
3423 1273 3608 1327 dixit:
3651 1273 3797 1327 Inter

2222 1365 2372 1410 natos
2395 1358 2674 1412 mulierum
2703 1376 2806 1414 non
2849 1362 3076 1415 surrexit
3106 1361 3281 1431 major
3299 1361 3507 1417 Joanne
3534 1361 3792 1431 Baptista,

543 1451 872 1516 rharissimi,
904 1461 1120 1523 oportet
1150 1469 1249 1508 nos
1287 1453 1431 1509 ﬁdeli
1472 1455 1756 1511 devotione
1789 1457 2124 1527 perpendere

2226 1457 2278 1502 et
2305 1463 2464 1518 quem
2497 1449 2640 1503 inter
2663 1457 2820 1505 natos
2843 1451 3128 1507 mulierum
3153 1451 3417 1520 majorem
3441 1452 3617 1508 fuisse
3636 1453 3794 1517 dixit,

543 1550 776 1611 quantas
801 1543 870 1598 ob
896 1543 1017 1614 ejus
1059 1546 1374 1600 memoriam
1420 1561 1543 1601 cum
1575 1549 1868 1618 gratiarum
1911 1549 2125 1604 actione
2224 1538 2462 1594 levitatis
2491 1541 2623 1596 vitio
2657 1552 2712 1597 et
2751 1543 3022 1614 voluptate
3059 1545 3378 1601 deliciarum
3423 1561 3615 1603 carere
3647 1547 3797 1603 inno-

547 1630 736 1688 laudes
767 1633 878 1688 Deo
908 1634 1166 1690 debemus
1191 1635 1520 1706 persolvere.
1554 1637 1635 1693 Ad
1666 1638 2000 1708 repellendas
2026 1639 2128 1710 igi-
2227 1633 2346 1698 tuit,
2378 1634 2698 1705 prOphetam
2728 1644 2782 1690 et
2827 1637 3111 1707 plusquam
3156 1640 3474 1709 pmphetam
3513 1653 3637 1694 eum
3679 1652 3798 1694 esse

545 1731 636 1776 tur
683 1732 735 1778 et
777 1723 1090 1792 eﬁ‘ugandas
1139 1725 1494 1781 densissimas
1533 1742 1596 1782 ac
1644 1737 1810 1782 tetras
1848 1729 2038 1784 mortis
2072 1736 2126 1784 et
2227 1725 2482 1792 asseruit,
2533 1734 2587 1780 et
2634 1741 2796 1796 quem
2860 1727 2975 1800 ipse
3036 1730 3278 1800 potentia
3331 1745 3441 1785 suae
3497 1731 3800 1786 divinitatis

545 1815 866 1885 ignorantia:
889 1820 1160 1888 tenebras,
1183 1835 1320 1889 quas
1345 1823 1688 1877 tenebrarum
1717 1833 1907 1879 auctor
1925 1826 2124 1881 mundo

2227 1819 2498 1867 tantarum
2521 1814 2782 1870 virtutum
2804 1825 2860 1872 et
2879 1818 3174 1888 gratiarum
3195 1819 3492 1890 privilegiis
3507 1821 3794 1886 dedicavit,

539 812 894 869 inhabitando
917 813 1167 885 perﬁciat
1193 813 1337 870 Deus
1371 831 1531 880 unus,
1566 816 1718 871 vivus
1738 825 1793 871 et
1817 831 1998 879 verus,
2026 815 2118 886 qui

541 904 746 973 absque
774 903 928 960 initio
962 914 1017 960 et
1051 904 1173 960 sine
1203 905 1311 961 ﬁne
1346 921 1447 975 per
1475 906 1684 962 inﬁnita
1714 906 1909 963 saecula
1947 921 2118 962 saecu-

539 991 719 1050 lorum
751 993 882 1052 vivit
911 1001 966 1049 et
993 1004 1204 1065 regnat.
1235 994 1430 1052 Amen.

1169 1107 1402 1165 SERMO
1434 1110 1504 1166 Χ.

647 1214 714 1253 οε
767 1214 1074 1264 ADIIRABILI
1128 1216 1498 1257 PRECURSOBIS
1543 1218 1756 1260 CHRISTI
1803 1219 2016 1259 JOANNIS

996 1286 1275 1326 BAPTISTE
1315 1287 1664 1328 NATIVITATE.

614 1359 804 1417 Ortum
840 1361 1105 1417 Dominici
1143 1361 1500 1418 Prtecursoris
1534 1364 1892 1429 celebrantes,
1927 1364 2123 1418 fratres

544 1903 839 1972 infuderat,
869 1917 1154 1964 venturum
1188 1920 1306 1967 erat
1339 1911 1516 1966 lumen
1570 1912 1876 1969 illuminans
1909 1930 2122 1969 omnem

544 1995 827 2052 mundum.
855 1998 1061 2055 Idcirco
1082 2015 1419 2073 consequens
1446 2012 1565 2058 erat
1613 2012 1675 2058 ut
1703 2003 1830 2058 illud
1853 2004 2124 2062 ineffabile

543 2095 600 2142 et
625 2095 889 2144 aeternum
919 2093 1293 2162 temporalium
1319 2102 1374 2148 et
1399 2094 1800 2150 rationabilium
1829 2095 2125 2150 numerosi-

546 2188 630 2236 tas
676 2181 1008 2252 praecederet
1055 2184 1424 2240 lucernarum.
1462 2184 1654 2242 Patres
1685 2187 1806 2243 dico
1846 2187 2126 2257 religionis

547 2271 808 2340 antiquae,
853 2287 1084 2343 quorum
1123 2275 1437 2341 virtutibus,
1470 2275 1733 2347 exemplis
1778 2284 1835 2331 et
1873 2276 2033 2331 dictis
2058 2275 2122 2329 ﬁ-

548 2361 698 2417 deles
731 2365 911 2434 populi
956 2365 1242 2421 illuminati
1281 2375 1338 2421 et
1384 2366 1550 2432 docti,
1585 2367 1826 2422 discussa
1851 2376 2126 2438 perpetua:

544 2455 806 2510 caecitatis
833 2456 1088 2527 caligine,
1117 2472 1241 2513 cum
1272 2457 1400 2513 illud
1429 2459 1824 2529 superveniret,
1854 2458 1896 2513 si
1925 2473 2034 2512 non
2057 2472 2123 2513 ex

545 2553 684 2612 toto,
718 2546 804 2601 vel
840 2563 904 2603 ex
933 2557 1088 2617 parte
1135 2560 1357 2618 possent
1384 2565 1701 2622 agnoscere.
1749 2548 1990 2604 Fuerunt
2026 2549 2126 2604 ita-

547 2651 678 2706 que,
717 2645 779 2691 ut
813 2637 1070 2705 diximus,
1103 2639 1359 2706 lucernae,
1405 2655 1511 2696 non
1550 2657 1580 2695 a
1633 2656 1714 2706 se,
1747 2655 1848 2697 nec
1886 2640 2124 2706 aliunde,

547 2730 643 2784 sed
691 2730 760 2785 ab
808 2731 898 2786 illo
949 2747 1204 2803 supremo
1251 2733 1457 2789 lumine
1498 2733 1856 2799 illuminante,
1889 2733 2126 2788 cultores

543 2821 799 2876 vi-Ielicet
838 2822 1142 2878 caelestium
1185 2833 1600 2894 praeceptorum.
1640 2823 1732 2879 alii
1772 2831 1898 2878 3M8
1928 2822 2122 2894 ιθεεπηι

545 2913 637 2966 alii
665 2914 766 2968 sub
806 2914 942 2985 lege,
978 2915 1069 2970 alii
1096 2915 1506 2985 verojudicum,
1551 2931 1738 2988 regum
1795 2925 1850 2971 et
1892 2915 2127 2985 prophe-

552 3014 728 3058 tarum
755 3007 1113 3075 temporibus,
1156 3007 1447 3063 Dominicze
1485 3009 1802 3072 nativitatis,
1833 3009 2124 3079 passionis,

546 3095 964 3150 resurrectionis
989 3105 1046 3150 et
1069 3096 1402 3152 ascensionis
1443 3098 1699 3169 mysteria
1731 3105 2124 3166 praeconantes.

547 3181 679 3237 Post
725 3198 896 3253 quos,
945 3186 1157 3241 Domini
1206 3187 1552 3255 Praecursor,
1609 3187 1847 3246 Joannes
1895 3187 2122 3254 effulsit,

548 3275 640 3342 qui
692 3277 934 3331 omnium
974 3279 1410 3348 patriarcharum
1459 3282 1732 3350 praeconia
1773 3291 1828 3336 et
1870 3281 2125 3338 vaticinia

551 3364 944 3434 prophetarum
985 3367 1106 3424 luce
1151 3369 1436 3442 perspicua
1469 3372 1690 3428 deduxit
1727 3373 1794 3428 ad
1831 3374 2124 3443 publicum.

549 3455 651 3512 Hic
723 3458 866 3514 enim
932 3461 1016 3515 vir
1070 3471 1292 3518 sanctus
1366 3480 1472 3520 non
1533 3464 1706 3520 solum
1751 3466 1970 3536 justus,
2033 3467 2127 3522 sed

549 3547 719 3603 etiam
786 3565 855 3605 ex
919 3553 1234 3623 parentibus
1297 3555 1460 3624 justis
1523 3566 1762 3613 exortus.
1827 3557 2013 3614 Justus
2074 3559 2126 3614 in

548 3637 972 3709 praedicatione,
1017 3643 1197 3714 justus
1250 3645 1303 3700 in
1349 3646 1498 3701 omni
1547 3647 1996 3712 conversatione,
2043 3648 2131 3720 ju-

551 3736 668 3784 stus
703 3729 758 3785 in
798 3735 1070 3802 passione.
1121 3725 1310 3808 Cujus,
1337 3739 1671 3793 nativitatem
1698 3782 1713 3806 ,
1759 3738 2031 3809 justitiam
2077 3749 2132 3796 et

550 3822 934 3890 sanctitatem,
986 3832 1042 3881 et
1101 3842 1292 3883 omnes
1354 3831 1756 3886 sacratissimos
1808 3840 1962 3886 actus
2026 3831 2132 3887 Ga-

549 3913 690 3968 briel
747 3916 1016 3972 nuntiavit
1073 3920 1468 3988 archangelus,
1543 3921 1715 3992 stylus
1786 3922 1854 3976 ad
1912 3923 2129 3992 plenum

553 4005 843 4076 descripsit
869 4006 1231 4078 evangelicus.
1277 4010 1504 4080 Dignum
1543 4011 1696 4066 valde
1730 4020 1848 4066 erat
1889 4019 1945 4065 ut
1975 4027 2128 4082 puer,

551 4101 701 4148 tanta
781 4095 1040 4164 praeditus
1123 4098 1404 4169 dignitate,
1475 4100 1566 4155 tali
1663 4110 1956 4156 vocaretur
2029 4115 2131 4155 no-

551 4184 716 4240 mine.
745 4185 815 4242 Ut
839 4189 981 4242 enim
1011 4186 1272 4258 majorum
1307 4202 1612 4246 nostrorum
1647 4201 1877 4247 testatur
1904 4192 2135 4248 auctori-

555 4283 668 4340 tas,
729 4276 845 4331 sive
903 4279 1227 4347 prudentia,
1291 4279 1526 4336 Joannes
1586 4282 1979 4352 interpretatur
2039 4282 2135 4338 Dei

555 4367 749 4434 gratia,
781 4368 894 4422 sive
932 4371 986 4423 in
1023 4387 1126 4441 quo
1174 4380 1251 4425 est
1287 4375 1480 4441 gratia.
1529 4373 1754 4441 Quantae
1803 4375 2133 4440 sanctitatis,

555 4466 882 4529 quantaeque
909 4460 1146 4517 ccelestis
1176 4465 1365 4533 gratiae
1416 4466 1626 4520 Domini
1653 4465 1968 4523 Praacursor
1999 4468 2134 4522 dita-

557 4556 644 4601 tus
672 4557 756 4602 est
792 4566 1041 4616 munere,
1069 4554 1317 4609 humanae
1342 4557 1585 4610 scientice
1613 4572 1793 4612 sermo
1819 4573 1926 4612 non
1954 4565 2132 4628 potest

552 4634 754 4691 dicere.
783 4637 850 4692 Et
873 4639 996 4709 quia
1027 4641 1094 4695 de
1122 4657 1186 4697 eo
1216 4644 1462 4699 humanae
1489 4645 1728 4700 scientia:
1753 4661 1931 4700 sermo
1953 4647 2134 4701 dicere

555 4741 660 4779 non
693 4726 854 4792 valet,
913 4732 1058 4799 quod
1092 4731 1160 4786 de
1192 4749 1258 4789 eo
1287 4743 1341 4788 et
1377 4737 1442 4790 ad
1476 4751 1598 4789 eum
1630 4737 1834 4791 dictum
1865 4747 1946 4793 est
1975 4738 2135 4794 silere

557 4831 662 4870 non
699 4817 875 4874 debet.
923 4819 1061 4887 Quid
1111 4832 1400 4893 praestatur
1441 4825 1645 4880 homini
1691 4835 1866 4891 tanto,
1911 4843 2033 4882 cum
2070 4829 2136 4882 de

555 4907 644 4962 illo
695 4911 935 4969 tantillus
989 4913 1229 4985 loquitur
1279 4915 1478 4971 homo?
1528 4915 1663 4982 Quid
1721 4917 1866 4973 valet
1911 4920 1975 4973 ad
2021 4919 2136 4974 haec

557 5002 824 5072 exiguitas
846 5005 1104 5074 hominis,
1134 5008 1388 5078 quoniam
1415 5008 1480 5063 de
1509 5008 1599 5063 illo
1622 5023 1832 5063 summa
1860 5018 1912 5063 et
1945 5007 2133 5063 ineﬁ‘a-

554 5092 682 5142 bilis
705 5094 944 5142 Inﬂttilllr
973 5099 1244 5142 Trinitac?
1274 5101 1540 5142 Lnnnilnr
1577 5102 1642 5142 ἀρ
1673 5116 1737 5142 nn
1785 5101 1926 5142 “mm
1975 5101 2138 5142 Dalm-

2161 4517 2210 4577 D

2226 1910 2286 1956 ut
2330 1903 2637 1960 mortalium
2671 1907 2911 1962 omnium
2962 1909 3156 1964 merita
3186 1911 3493 1975 excederet,
3536 1909 3796 1980 Angelum

2225 2008 2254 2046 a
2286 1993 2396 2048 Deo
2425 2003 2694 2063 vocatum,
2723 2005 2778 2053 et
2804 1999 2869 2054 ad
2898 2000 3311 2070 praeparandum
3343 2002 3445 2056 iter
3466 2002 3656 2058 salutis
3677 2013 3798 2058 ante

2224 2097 2284 2139 se
2315 2085 2563 2154 missum,
2597 2088 2876 2158 prophetae
2923 2090 3199 2146 Malachiae
3241 2092 3462 2147 oraculo
3505 2092 3796 2157 referente,

2223 2176 2524 2246 perdocuit.
2561 2177 2618 2232 Si
2658 2179 2802 2234 enim
2847 2181 3070 2252 angelus
3118 2179 3324 2248 Graece,
3369 2182 3559 2239 Latine
3607 2185 3826 2238 dicitur-

2225 2269 2467 2336 nuntius,
2513 2271 2712 2326 merito
2745 2271 2807 2327 Β.
2838 2271 3074 2329 Joannes
3100 2272 3402 2344 appellatur
3430 2272 3682 2343 angelus,
3711 2272 3799 2340 qui

2224 2358 2502 2414 nascendo
2523 2359 2590 2414 de
2619 2360 2791 2416 sterili
2819 2369 3013 2428 matre,
3046 2361 3332 2418 nuntiabat
3367 2363 3709 2430 nasciturum
3736 2361 3800 2415 de

2225 2448 2447 2518 Virgine
2465 2458 2658 2517 matre,
2683 2452 3028 2522 pradicando
3050 2453 3336 2508 nuntiabat
3358 2451 3799 2524 pmdicaturum,

2223 2538 2549 2609 baptizando
2620 2542 3064 2613 haptizaturum,
3147 2544 3401 2615 patiendo
3482 2557 3799 2614 passurum,

2223 2628 2452 2700 ejusque
2503 2631 2754 2700 passione
2801 2649 2972 2706 genus
3024 2634 3320 2690 humanum
3373 2634 3800 2704 redempturam.

2226 2719 2326 2787 Qui
2355 2721 2484 2775 vivit
2504 2730 2559 2776 et
2581 2731 2772 2794 regnat
2799 2739 2921 2780 cum
2951 2724 3062 2781 Deo
3089 2724 3251 2780 Patre
3281 2733 3336 2780 et
3362 2723 3572 2797 Spiritu
3613 2731 3802 2779 sancto

2225 2825 2324 2881 per
2349 2812 2530 2868 omnia
2551 2813 2748 2869 saecula
2769 2815 3113 2871 saeculorum.
3143 2815 3338 2872 Amen.

2833 2925 3066 2982 SERMO
3105 2925 3198 2981 XI.

2402 3013 2456 3052 IN
2493 3013 2690 3053 VIGILIA
2731 3013 3111 3053 Ανοδτοιοιιωι
3150 3011 3307 3052 PETRI
3340 3011 3411 3052 Ετ
3448 3010 3625 3052 PAULI.

2301 3087 2358 3142 In
2424 3089 2649 3145 exordio
2707 3088 3013 3160 vigiliarum
3084 3089 3393 3160 apostolicae
3447 3085 3806 3144 solemnitatis

2154 3155 2199 3218 ο
2230 3179 2382 3234 illum
2428 3195 2654 3250 puerum
2693 3155 3078 3248 citharoedum,
3111 3155 3282 3236 David
3327 3179 3448 3236 dico
3488 3194 3672 3251 regem
3713 3194 3806 3249 ρο·

2230 3279 2430 3326 tentem
2477 3279 2533 3325 et
2575 3269 2934 3327 fortissimum
2996 3269 3306 3326 Israeliticae
3364 3269 3540 3340 plebis
3587 3271 3804 3336 ducem,

2227 3363 2320 3432 qui
2361 3371 2509 3416 tanta
2545 3363 2638 3419 Dei
2668 3363 2839 3435 gratia
2879 3373 2935 3419 et
2963 3363 3304 3434 providentia
3333 3362 3592 3434 przeditus
3629 3372 3716 3418 est
3747 3369 3811 3416 ut

2229 3468 2294 3508 ex
2335 3452 2452 3522 ejus
2501 3455 2799 3526 propagine
2853 3454 3027 3527 Virgo.
3063 3455 3376 3526 eligeretur,
3433 3469 3501 3509 ex
3549 3469 3657 3525 qua
3711 3453 3804 3510 Dei

2228 3546 2398 3601 Filius
2431 3561 2627 3617 corpus
2658 3557 2856 3603 nostrae
2889 3546 3276 3617 redemptionis
3299 3546 3616 3615 susciperet,
3646 3545 3805 3600 istum

2231 3647 2439 3693 tantum
2479 3653 2544 3693 ac
2585 3638 2744 3694 talem
2799 3647 3112 3694 cantantem
3161 3638 3412 3702 audistis,
3466 3645 3522 3692 et
3566 3651 3692 3692 cum
3742 3649 3808 3692 eo

2229 3731 2370 3786 laetis
2392 3732 2614 3788 vocibus
2642 3741 2696 3788 et
2727 3733 2829 3802 piis
2869 3731 3149 3787 affectibus
3172 3731 3434 3786 cautastis
3459 3748 3474 3786 :
3502 3728 3631 3784 Caeli
3654 3743 3811 3784 enar-

2231 3836 2350 3881 rant
2388 3825 2613 3897 gloriam
2661 3826 2779 3892 Dei,
2810 3835 2856 3880 et
2894 3842 3051 3898 opera
3097 3840 3348 3880 manuum
3383 3823 3499 3894 ejus
3529 3822 3808 3876 annuntiat

2230 3916 2642 3986 ﬁrmamentum.
2727 3915 2905 3971 Caelus
2984 3913 3324 3979 audivimus,
3408 3912 3810 3966 ﬁrmamentum

2232 4007 2484 4062 vidimus.
2519 4005 2698 4062 Coelos
2729 4005 2954 4077 gloriam
2985 4005 3078 4059 Dei
3116 4010 3450 4067 enarrantes,
3490 4000 3807 4054 ﬁrmamen-

2235 4108 2350 4153 tum
2404 4099 2752 4153 annuntians.
2800 4097 3116 4164 Quaeramus
3159 4103 3216 4150 et
3249 4095 3528 4150 videamus
3552 4091 3645 4160 qui
3685 4097 3811 4144 sunt

2235 4193 2322 4248 isti
2350 4192 2492 4255 coeli,
2522 4201 2577 4247 et
2606 4192 2879 4262 quomodo
2910 4198 3171 4246 enarrant
3191 4188 3412 4260 gloriam
3443 4186 3561 4252 Dei,
3586 4193 3644 4240 et
3666 4179 3809 4254 quod

2235 4293 2320 4339 est
2366 4284 2792 4352 ﬁrmamentum,
2822 4292 2878 4340 et
2905 4283 3139 4354 qualiter
3168 4296 3330 4353 opera
3367 4280 3461 4335 Dei
3499 4275 3808 4333 annuntiat.

2237 4373 2354 4428 Non
2392 4375 2536 4430 enim
2566 4375 2931 4430 introduceret
2964 4389 3144 4429 sermo
3190 4370 3537 4444 prOplteticus
3579 4365 3810 4437 gloriam

2240 4467 2332 4521 Dei
2377 4476 2696 4521 enarrantes
2734 4465 2925 4530 caelos,
2971 4479 3077 4519 nec
3127 4478 3290 4534 opera
3339 4461 3434 4516 Dei
3479 4457 3813 4512 annuntians

2237 4558 2676 4620 ﬁrmamentum,
2747 4557 2849 4610 nisi
2927 4555 3280 4625 spiritualiter
3353 4551 3516 4606 vellet
3587 4548 3811 4617 intelligi

2237 4648 2511 4718 apostolos
2555 4655 2609 4702 et
2643 4645 2968 4716 apostolicos
3004 4645 3149 4701 viros
3191 4659 3356 4715 super
3398 4641 3815 4697 fundamentum

2237 4749 2292 4796 et
2337 4740 2738 4794 ﬁrmamentum
2792 4739 2918 4794 ﬁdei
2975 4737 3322 4793 immobiliter
3368 4735 3712 4791 constitutos.
3753 4730 3817 4785 Sir

2239 4846 2369 4885 vero
2396 4829 2773 4900 propheticum
2804 4843 3107 4885 sermonem
3143 4827 3211 4882 ad
3250 4826 3483 4881 litteram
3512 4822 3814 4900 intelligere

2239 4920 2517 4986 volumus,
2578 4919 2824 4976 dicamus
2882 4920 3010 4990 quia
3069 4926 3195 4972 tunc
3247 4915 3370 4971 coeli
3422 4913 3649 4985 gloriam
3706 4899 3811 4963 Dei

2238 5017 2498 5065 enarrant
2522 5008 2740 5078 quando
2767 5008 2935 5063 solem
2960 5017 3015 5063 et
3052 5007 3234 5061 lunam
3259 5013 3314 5060 et
3355 5003 3564 5068 stellas,
3612 5001 3665 5055 in
3692 5013 3812 5054 sese

2239 5099 2569 5142 nnmnncitna
2622 5099 2762 5142 mim
2788 5099 2978 5142 'nrdinn
3007 5099 3119 5142 cui:
3144 5095 3476 5142 temnm'ihus
3511 5104 3803 5142 renrzesen-
