4072 5350
307 243 334 297 ί
346 241 447 297 οξι
1724 239 2112 296 εειυιοκες.
3426 243 3564 300 ι-θες

306 362 366 406 et
395 348 817 412 irrationabilia,
862 349 958 406 sed
999 349 1208 406 caelesti
1255 351 1456 409 virtute
1490 361 1546 410 et
1575 352 1756 409 divina
1798 370 1884 409 sa-
1916 360 1968 419 Α
1993 364 2104 407 erat
2147 370 2266 406 cum
2311 353 2440 418 illo;
2469 364 2516 407 et
2550 371 2651 409 non
2689 364 2772 409 est
2801 371 2856 408 tn
2899 353 3006 409 alio
3037 354 3212 426 aliqua
3255 355 3423 422 salus,
3471 375 3565 412 nec

308 443 518 514 pientia
551 441 949 498 rationabiliter
977 451 1033 498 et
1059 445 1338 514 sapienter
1360 446 1640 518 disposita.
1671 447 1738 502 Et
1762 447 1892 518 quia
1994 445 2142 499 aliud
2172 461 2355 499 nomen
2385 456 2459 500 est
2493 445 2586 500 sub
2633 444 2759 500 celo
2787 446 2969 499 datum
3011 446 3329 513 hominibus,
3370 449 3424 501 in
3463 465 3570 518 quo

300 532 424 604 jam
472 532 819 603 praenuntiati
855 532 1047 603 psalmi
1079 549 1271 590 sensus
1300 545 1486 590 noster
1524 537 1592 592 ad
1633 536 1890 601 litteram,
1995 546 2226 605 oporteat
2274 553 2368 592 nos
2395 537 2566 592 salsos
2593 538 2728 607 ﬁeri.
2766 537 2967 594 Paulus
3013 539 3177 594 etiam
3218 539 3570 595 nihilominus

309 638 436 695 qua:
473 624 694 688 occidit,
735 624 976 694 dignosci
1016 639 1122 680 non
1163 624 1331 690 valet,
1373 642 1598 683 necesse
1638 635 1724 683 est
1767 627 1894 698 Spi-
1995 624 2192 681 ctelum
2252 633 2343 679 aut
2387 625 2788 681 ﬁrmamentum
2841 626 3008 682 fuisse
3053 638 3110 682 et
3146 641 3267 684 esse
3307 631 3569 695 creditur,

309 715 480 781 ritus,
508 713 600 784 qui
631 712 890 779 viviﬁcat,
934 724 994 768 ut
1037 714 1353 785 spiritaliter
1389 716 1754 788 intelligamus
1797 732 1896 772 nos
1997 728 2120 768 cum
2149 713 2216 767 ab
2239 727 2306 767 eo
2329 713 2533 768 dictum
2561 714 2730 770 fuisse
2760 715 2958 785 legitur
2986 735 3000 771 :
3031 716 3076 772 0
3106 717 3330 772 altitudo
3367 720 3577 774 divitia-

312 803 641 876 spiritaliter
668 803 879 858 doceat.
905 803 1260 873 Apertissime
1285 805 1428 860 enim
1457 816 1600 876 patet
1627 807 1899 877 Spiritales
1997 820 2114 857 rum
2157 805 2428 874 sapientiae
2455 814 2502 858 et
2529 805 2758 860 scientiis
2789 806 2905 870 Dei,
2936 823 3093 877 quam
3124 809 3568 878 incomprehensi-

314 895 488 952 ccelos
535 906 757 951 sanctos
809 893 979 950 fuisse
1027 904 1081 950 et
1129 911 1247 951 esse
1293 897 1589 968 apostolos.
1645 898 1705 954 Si
1753 898 1897 952 enim

317 988 494 1044 celos
557 987 788 1043 dicimus
839 1002 976 1059 quos
1027 989 1506 1056 pra-stantissimos
1560 989 1783 1055 scimus,
1843 990 1898 1044 in

315 1081 512 1136 ordine
542 1080 823 1135 doctorum
857 1094 955 1149 per
984 1079 1198 1134 diversa
1237 1088 1479 1149 tempora
1519 1088 1898 1149 contempora-

319 1172 457 1227 lium
486 1185 731 1236 suorum,
765 1169 1008 1240 profecto
1047 1168 1134 1222 isti
1166 1178 1292 1224 sunt
1326 1168 1448 1224 caeli
1490 1169 1775 1232 caelorum,
1811 1167 1899 1223 isti

320 1271 451 1316 sunt
481 1262 734 1316 doctores
760 1260 1068 1323 doctorum,
1112 1259 1390 1329 principes
1424 1258 1772 1329 p0pulorum,
1806 1257 1901 1312 ﬁlii

321 1365 699 1413 exeussorum,
726 1349 840 1418 qui,
869 1349 940 1403 ob
967 1347 1222 1402 meritum
1249 1362 1457 1418 magna:
1486 1346 1610 1402 ﬁdei
1639 1347 1900 1412 Abrahae,

324 1441 552 1498 innximi
589 1439 938 1510 patriarchae,
981 1438 1160 1493 eﬁ'ecti
1205 1446 1332 1493 sunt
1366 1438 1485 1502 ﬁlii,
1517 1439 1582 1494 de
1613 1438 1807 1509 quibus
1848 1438 1902 1492 in

320 1531 532 1604 psalmo
567 1529 802 1600 Spiritus
836 1537 1057 1582 sanctus
1096 1527 1350 1583 Ecclesia:
1380 1528 1621 1598 loquitur
1666 1531 1851 1583 dicens
1886 1546 1902 1582 :

327 1621 440 1675 Pro
467 1621 702 1690 patribus
724 1619 835 1674 suis
864 1619 974 1671 nati
1011 1628 1131 1672 sunt
1173 1618 1268 1670 tibi
1311 1617 1447 1686 lilii;
1488 1619 1771 1672 constitues
1819 1635 1906 1672 eos

1999 893 2125 948 bilia
2167 904 2287 948 sunt
2325 894 2531 964 judicia
2577 896 2717 965 ejus,
2766 907 2814 951 et
2863 898 3243 970 investigabiles
3283 902 3378 955 vite
3428 901 3580 970 ejus!

2003 983 2135 1050 Quis
2157 986 2292 1040 enim
2315 987 2550 1057 cognovit
2573 1004 2781 1042 sensum
2804 988 3036 1056 Domini,
3075 1001 3167 1046 aut
3186 993 3301 1063 quis
3332 993 3581 1046 consilia-

2003 1075 2114 1130 rius
2139 1075 2254 1145 ejus
2284 1077 2431 1145 fuit?
2470 1075 2734 1142 Quoniam
2777 1095 2842 1133 ea:
2871 1081 3004 1150 ipso,
3032 1092 3080 1136 st
3107 1099 3198 1152 per
3241 1084 3410 1153 ipsum
3455 1093 3501 1138 et
3527 1085 3586 1136 in

2003 1165 2116 1235 ipso
2141 1177 2261 1220 sunt
2296 1169 2507 1232 omnia;
2531 1169 2632 1239 ipsi
2661 1169 2828 1223 honor
2849 1180 2895 1225 et
2917 1172 3084 1241 gloria
3107 1174 3161 1226 in
3189 1174 3383 1228 sweula
3416 1191 3582 1228 sarcu-

2005 1255 2199 1310 lorum.
2241 1257 2426 1312 Amen.
2455 1258 2521 1312 Et
2551 1259 2603 1312 in
2634 1259 2740 1314 alio
2770 1259 2890 1315 loco
2922 1279 2934 1314 :
2970 1261 3100 1326 Quis
3133 1279 3226 1316 nos
3260 1263 3521 1332 separabit
3548 1281 3587 1317 ο

2004 1345 2258 1400 charitate
2285 1345 2520 1401 Christi?
2552 1346 2863 1414 Tribulatio,
2903 1366 2972 1403 an
3012 1353 3277 1421 angustia,
3305 1368 3376 1405 an
3410 1368 3582 1421 perse»

2005 1435 2166 1498 cutio,
2197 1451 2266 1488 an
2304 1433 2491 1503 fames,
2519 1452 2588 1490 an
2629 1437 2865 1502 nuditas,
2895 1454 2964 1490 an
3004 1437 3322 1508 periculum,
3363 1455 3434 1492 an
3461 1439 3580 1508 gla-

2007 1526 2168 1580 dius?
2202 1525 2386 1581 Certus
2412 1543 2528 1580 sum
2553 1527 2689 1582 enim
2713 1529 2838 1600 quia
2871 1545 3034 1600 neque
3072 1546 3234 1595 mors,
3271 1521 3434 1603 neque
3455 1531 3591 1598 vita,

2011 1635 2172 1690 neque
2221 1619 2434 1690 angeli,
2484 1637 2646 1691 neque
2695 1622 3059 1692 principatus,
3118 1639 3281 1690 neque
3332 1623 3591 1688 virtutes,

323 1713 586 1782 principes
612 1727 771 1780 super
793 1726 997 1763 omnem
1023 1719 1238 1764 terram.
1268 1707 1401 1764 Cum
1427 1710 1571 1764 enim
1600 1709 1820 1764 Petrum
1851 1719 1905 1765 et
1939 1716 1981 1776 Β
2013 1727 2174 1782 neque
2195 1712 2470 1777 instantia,
2489 1729 2652 1782 neque
2673 1713 2951 1783 fortitudo,
2974 1731 3138 1785 neque
3157 1714 3398 1778 altitudo,
3426 1731 3592 1785 neque

327 1806 555 1861 Paulum
587 1804 756 1859 caelos
778 1803 1030 1868 dicimus,
1076 1817 1184 1858 non
1216 1801 1286 1856 ab
1316 1801 1408 1856 illo
1435 1801 1651 1857 excelso
1687 1801 1908 1857 nomine
2007 1802 2352 1872 profundum,
2393 1819 2554 1875 neque
2577 1815 2818 1860 creatura
2839 1805 2946 1860 alia
2969 1807 3153 1877 poterit
3171 1823 3264 1861 nos
3283 1823 3528 1877 separare
3560 1824 3595 1861 a

328 1895 469 1949 alios
519 1892 793 1964 apostolos
847 1891 1208 1946 excludimus.
1255 1890 1458 1946 Omnes
1499 1906 1631 1964 ergo
1679 1890 1906 1962 apostoli

322 1987 448 2057 jure
468 1995 728 2041 vocantur
748 1984 892 2051 coeli,
923 1999 1023 2055 per
1046 1997 1184 2054 quos
1210 1983 1442 2039 mundus
1471 1983 1691 2054 agnovit
1712 1981 1910 2037 doctri-

330 2092 460 2132 nam
491 2091 633 2131 vera:
662 2075 806 2130 ﬁdei.
842 2075 986 2144 Ergo
1013 2073 1233 2128 Petrum
1257 2082 1313 2128 et
1333 2073 1558 2129 Paulum
1587 2089 1658 2129 ca
1674 2074 1758 2129 los
1777 2073 1914 2128 dici-

331 2182 456 2222 mus
500 2176 555 2222 et
601 2179 1040 2236 unumquemque
1102 2163 1319 2220 illorum
1376 2165 1782 2220 ﬁrmamentum
1834 2163 1914 2218 fa-

337 2268 540 2316 lentur.

407 2348 650 2404 Primum
669 2347 948 2403 videamus
972 2363 1078 2419 qua
1104 2345 1431 2405 auctoritate
1461 2345 1769 2402 divinarum
1797 2343 1915 2399 Lit-

339 2451 580 2496 terarum
630 2439 972 2512 appellantur
1015 2440 1163 2507 caeli,
1215 2455 1321 2510 qua
1372 2437 1674 2494 assertione
1734 2427 1920 2506 Scrip—

339 2544 477 2588 tunc
530 2533 931 2591 ﬁrmamentum
983 2533 1265 2598 dicantur;
1313 2530 1508 2586 deinde
1536 2528 1806 2599 quomodo
1835 2525 1920 2581 vel

338 2625 575 2695 qualiter
618 2625 849 2695 gloriam
897 2623 990 2679 Dei
1030 2631 1306 2686 enarrent,
1339 2637 1500 2691 quam
1545 2621 1654 2676 alte
1697 2629 1753 2674 et
1796 2633 1924 2689 pro-

339 2713 509 2772 funde
547 2729 712 2784 opera
760 2713 856 2768 Dei
909 2713 1254 2768 aununtient.
1300 2711 1418 2765 Non
1462 2710 1606 2766 enim
1652 2709 1924 2764 immerito

341 2807 467 2864 caeli
494 2819 761 2862 vocantur
791 2807 1020 2878 apostoli
1042 2848 1056 2871 ,
1084 2806 1313 2861 Domino
1339 2806 1551 2860 dicente
1575 2821 1670 2876 per
1691 2803 1881 2859 Isaiam
1907 2822 1922 2860 :

351 2896 553 2954 Caium
582 2898 711 2951 mihi
753 2897 899 2951 sedes
938 2907 1034 2962 est,
1067 2905 1121 2951 et
1153 2897 1348 2951 iterum
1384 2895 1661 2965 Scriptura
1693 2912 1706 2948 :
1733 2895 1927 2948 Anima

337 2987 477 3058 justi
503 2988 650 3041 sedes
684 2997 757 3041 est
784 2987 1073 3052 sapientiai.
1110 2987 1174 3040 Et
1205 2988 1249 3041 si
1294 2987 1469 3041 anima
1497 2987 1626 3058 justi
1669 2987 1824 3041 sedes
1847 2994 1930 3040 est

347 3077 654 3148 sapientiae,
695 3084 752 3130 et
789 3075 984 3130 caelum
1013 3076 1172 3132 sedes
1199 3075 1295 3130 Dei
1343 3085 1445 3140 est,
1477 3075 1656 3130 anima
1687 3073 1834 3130 Petri
1875 3061 2001 3129 etC

348 3170 535 3226 anima
569 3167 722 3222 Pauli
755 3159 913 3223 sedes
949 3178 1075 3223 sunt
1113 3168 1232 3231 Dei,
1263 3177 1318 3222 et
1355 3168 1512 3222 sedes
1541 3175 1670 3221 sunt
1713 3168 1930 3237 sapien-

349 3263 466 3328 tire,
495 3263 637 3316 sicut
667 3261 782 3341 ipse
807 3261 1009 3316 Paulus
1061 3261 1261 3316 asserit
1288 3261 1575 3316 Dominum
1623 3259 1930 3325 Christum,

350 3353 449 3408 Dei
483 3353 758 3418 virtutem,
807 3351 1013 3421 Deique
1068 3351 1390 3420 sapientiam
1427 3364 1571 3428 esse,
1599 3358 1655 3403 et
1685 3348 1729 3404 si
1771 3364 1934 3418 super

355 3443 640 3508 humilem,
673 3451 726 3498 et
761 3443 1002 3512 quietum
1049 3451 1104 3496 et
1147 3450 1465 3496 trementem
1495 3440 1660 3494 verba
1697 3454 1792 3494 sua
1830 3441 1935 3495 Do-

353 3535 536 3601 minus
567 3536 909 3606 requiescere
933 3547 991 3588 se
1015 3533 1308 3602 promittit,
1335 3530 1524 3602 procul
1551 3530 1713 3585 dubio
1737 3530 1790 3584 in
1816 3530 1935 3586 istis

354 3624 540 3680 sedem
569 3637 682 3682 suae
725 3622 1027 3677 divinitatis
1057 3621 1359 3686 constituit,
1398 3619 1451 3674 in
1495 3620 1691 3690 quibus
1739 3619 1936 3675 sedens

356 3725 414 3770 et
451 3714 705 3769 habitans
739 3715 1000 3769 mundum
1034 3712 1139 3767 sibi
1171 3713 1390 3778 sternit,
1419 3721 1473 3766 et
1501 3727 1599 3780 per
1625 3726 1720 3766 eos
1764 3710 1938 3766 ﬁdeli-

360 3811 463 3868 bus
485 3808 695 3880 populis
717 3808 822 3863 iter
848 3807 1040 3863 salutis
1067 3807 1134 3861 ad
1161 3803 1270 3881 [ac]
1299 3803 1441 3859 viam
1485 3814 1629 3856 verae
1660 3800 1938 3855 humilita-

359 3900 432 3956 tis
452 3899 705 3953 ostendit.
735 3896 1118 3969 C0guovimus,
1147 3895 1425 3968 Scriptura
1444 3899 1698 3956 testante,
1719 3889 1938 3944 Petrum

358 4002 418 4055 et
462 3991 688 4047 Paulum
736 3988 1006 4061 spiritales
1057 4003 1178 4047 esse
1224 3986 1430 4051 ctelos;
1479 3983 1758 4038 videamus
1816 3977 1940 4036 illos

357 4093 683 4144 enarrantes
711 4082 801 4138 Dei
830 4081 1081 4153 gloriam,
1122 4094 1224 4133 non
1256 4077 1480 4142 nostris,
1509 4075 1604 4130 sed
1639 4088 1826 4129 eorum
1855 4072 1937 4140 ip-

370 4190 546 4230 mrutn
585 4172 969 4229 sacratissimis
988 4171 1187 4224 verbis.
1222 4168 1410 4223 Nonne
1433 4164 1722 4222 enarrabat
1751 4162 1942 4217 Petrus

393 4268 588 4332 |loriam
620 4265 736 4332 Dei,
761 4265 974 4342 quando
1002 4263 1216 4319 dicebat
1235 4277 1292 4316 se
1321 4259 1714 4332 speculatorem
1738 4254 1940 4309 factum

395 4370 488 4414 ese
512 4356 752 4416 caelestis
783 4371 848 4411 ac
885 4355 1081 4410 divina:
1110 4351 1520 4422 magnitudinis,
1565 4357 1619 4404 et
1664 4347 1941 4416 accepisse

2011 1895 2268 1951 charitate
2320 1895 2462 1963 Dei,
2514 1914 2634 1969 qua:
2692 1909 2766 1955 est
2823 1900 2878 1954 in
2929 1898 3138 1956 Christo
3192 1899 3323 1955 Iesu
3369 1899 3598 1954 Domino

2015 1995 2215 2040 ηοεινο.

2087 2073 2144 2129 Si
2168 2074 2293 2144 quis
2332 2076 2450 2131 vult
2492 2079 2636 2133 scire
2661 2093 2792 2135 vera
2831 2093 2953 2135 esse
2990 2094 3111 2150 qua:
3139 2079 3378 2137 breviter
3403 2094 3600 2152 propoo

2015 2165 2247 2232 suimus,
2281 2165 2423 2238 legat
2450 2167 2746 2225 studiosius
2785 2169 2954 2225 Actus
2993 2169 3354 2240 apostolorum
3389 2177 3446 2224 et
3468 2168 3599 2240 Epi-

2015 2256 2186 2313 stolas
2236 2259 2553 2327 amborum,
2594 2267 2652 2315 et
2699 2275 2824 2316 cum
2873 2275 2968 2316 eos
3014 2260 3280 2316 invenerit
3319 2259 3595 2326 diﬁ'usius,

2018 2350 2380 2408 abundantius
2411 2361 2468 2408 et
2494 2351 2838 2409 manifestius
2865 2352 3092 2424 gloriam
3122 2351 3216 2407 Dei
3255 2362 3596 2418 enarrantes,

2019 2449 2075 2495 et
2105 2454 2271 2510 opera
2300 2456 2560 2496 manuum
2588 2442 2706 2513 ejus
2732 2441 3138 2506 annuntiantes,
3184 2441 3372 2495 credat
3413 2440 3605 2496 certis-

2021 2533 2158 2590 sime
2211 2548 2306 2590 eos
2356 2532 2758 2590 ﬁrmamentum
2807 2533 2975 2590 fuisse
3023 2542 3078 2589 et
3129 2531 3318 2588 caelos.
3359 2529 3474 2587 Non
3518 2541 3605 2587 est

2019 2622 2222 2678 Paulus
2249 2621 2475 2678 inferior
2508 2621 2694 2690 Petro,
2723 2623 2973 2694 quamvis
3003 2622 3093 2678 ille
3128 2621 3383 2677 Ecclesiae
3413 2619 3607 2676 funda-

2023 2723 2287 2770 mentum.
2336 2713 2471 2768 Nam
2517 2722 2573 2769 et
2620 2713 2708 2769 hic
2762 2713 2976 2784 sapiens
3027 2712 3378 2776 architectus,
3423 2710 3605 2766 sciens

2026 2805 2250 2878 vestigia
2277 2805 2616 2863 credentium
2648 2805 2876 2860 fundare
2898 2803 3236 2874 populorum,
3261 2817 3358 2858 nes
3385 2801 3607 2868 Paulus,

2029 2899 2278 2970 inquam,
2311 2898 2565 2970 indignus
2605 2896 2970 2968 apostolorum
2997 2895 3245 2967 collegio.
3271 2894 3404 2950 Cum
3433 2894 3610 2966 primo

2034 2990 2232 3060 quippe
2270 2988 2432 3045 facile
2459 2986 2838 3050 conferendas,
2881 2994 2938 3042 et
2962 2984 3094 3041 nulli
3135 2983 3437 3050 secundus;
3481 2997 3610 3039 nam

2033 3081 2124 3151 qui
2161 3095 2219 3135 se
2249 3081 2510 3151 imparem
2535 3079 2728 3143 nescit,
2760 3078 2856 3134 Dei
2893 3077 3256 3148 prmveniente
3281 3075 3453 3146 gratia
3481 3073 3612 3129 fecit

2032 3170 2316 3242 aequalem.
2360 3170 2536 3225 Ambo
2563 3184 2592 3223 a
2619 3167 2837 3224 Christo
2869 3166 3067 3231 vocati,
3097 3165 3258 3220 ambo
3294 3164 3346 3217 in
3393 3161 3612 3218 Christo

2033 3262 2270 3317 lideliter
2308 3260 2637 3323 conversati,
2680 3258 2838 3313 ambo
2890 3272 2918 3311 a
2963 3255 3179 3312 Christo
3227 3251 3619 3325 gloriosissime

2034 3352 2300 3408 coronati.
2347 3351 2495 3406 Alter
2524 3357 2745 3405 vocatus
2792 3348 2858 3403 de
2903 3347 3105 3410 littore,
3139 3345 3275 3399 alter
3312 3341 3614 3413 appellatus

2035 3443 2103 3496 ab
2139 3441 2359 3495 esthere.
2402 3439 2492 3493 Ille
2521 3439 2585 3493 de
2626 3437 2944 3508 piscatione,
2983 3434 3086 3489 iste
3123 3435 3188 3488 de
3215 3430 3614 3503 persecutione,

2036 3542 2091 3587 et
2123 3532 2326 3587 idcirco
2353 3529 2552 3598 duplici
2600 3536 2726 3584 sunt
2750 3526 2892 3597 digni
2939 3525 3165 3588 honore,
3199 3523 3323 3592 quia
3347 3519 3516 3587 simul
3539 3517 3618 3570 la-

2039 3625 2370 3680 boraverunt
2401 3622 2455 3676 in
2487 3621 2654 3676 verbo
2683 3626 2738 3675 et
2761 3615 3170 3688 praedicatione.
3210 3612 3475 3668 Ceterum
3510 3608 3615 3663 fra-

2040 3723 2172 3777 tres,
2201 3711 2422 3774 domini,
2471 3709 2716 3765 seniores
2757 3715 2812 3761 et
2847 3713 3053 3775 patres,
3094 3717 3325 3774 quorum
3356 3698 3617 3771 praedica-

2039 3818 2159 3859 tnus
2198 3800 2414 3855 initium
2456 3799 2557 3869 pia:
2599 3794 2993 3860 conversionis,
3033 3803 3088 3846 et
3146 3790 3268 3845 ﬁdei
3316 3798 3372 3844 et
3415 3796 3620 3844 sancta:

2039 3891 2469 3950 conversationis
2513 3896 2865 3958 provectum,
2924 3899 3111 3939 eorum
3159 3882 3291 3936 libet
3336 3888 3392 3934 et
3437 3880 3621 3934 dicere

2042 3984 2418 4043 admirabilem
2459 3991 2514 4037 et
2561 3977 2959 4051 prmdicahilem
3001 3975 3226 4028 exitum.
3276 3971 3490 4028 Scimus
3542 3976 3624 4022 et-

2041 4077 2186 4130 enim
2239 4073 2489 4137 Romam,
2533 4079 2592 4124 ut
2627 4070 2738 4139 ipsa
2770 4082 2892 4122 cum
2942 4071 3052 4120 toto
3093 4065 3225 4118 orbe
3276 4062 3376 4116 sibi
3408 4060 3627 4116 subdito

2041 4166 2306 4238 gloriatur
2326 4170 2381 4218 et
2407 4160 2690 4232 prtedicat,
2723 4158 2916 4212 horum
2947 4152 3326 4224 praedicatione
3353 4151 3620 4211 edoctam,

2043 4237 2238 4309 horum
2289 4249 2552 4321 sanguine
2604 4253 3000 4305 consecratam,
3064 4242 3255 4296 horum
3304 4237 3513 4293 meritis
3569 4243 3628 4288 et

2046 4342 2331 4416 praesentia
2361 4341 2426 4395 de
2454 4339 2620 4394 variis
2649 4336 2931 4393 erroribus
2975 4334 3028 4387 in
3063 4332 3324 4386 unitatem
3353 4329 3473 4384 ﬁdei
3505 4341 3628 4397 per—

399 4446 656 4506 Dtniuum
687 4448 872 4505 Jesum
905 4463 936 4502 a
983 4447 1091 4501 Deo
1130 4404 1292 4500 Patre
1332 4443 1592 4505 honorem
1620 4448 1677 4494 et
1715 4438 1939 4509 gloriam
1973 4404 2020 4464 D
2048 4441 2332 4488 mutatam.
2378 4428 2504 4484 Fuit
2538 4428 2590 4482 in
2630 4425 2883 4482 conﬂictu
2921 4430 2974 4478 et
3002 4420 3383 4491 congressione
3411 4423 3627 4509 sancto-

399 4550 500 4597 VOe
518 4540 742 4610 delapsa
757 4538 823 4592 ad
837 4553 960 4592 eum
985 4533 1354 4607 hujuscemodi
1375 4548 1405 4586 a
1428 4529 1711 4606 magniﬁca
1736 4526 1936 4598 gloria:

404 4623 452 4676 Η
462 4625 560 4685 test
577 4628 746 4683 Filius
763 4645 904 4684 meus
919 4625 1158 4690 dilectus,
1183 4625 1238 4678 in
1259 4639 1359 4694 quo
1376 4622 1500 4676 mihi
1514 4619 1804 4690 eomplacui
1821 4636 1834 4685 ;
1853 4626 1909 4674 et
1925 4635 1938 4672 :

405 4713 524 4774 "ac
567 4736 737 4774 vocem
787 4735 878 4772 nos
934 4717 1229 4771 audivimus
1266 4715 1330 4772 de
1378 4712 1502 4768 caelo
1542 4711 1777 4776 allatam,
1825 4726 1941 4764 eum

2047 4540 2167 4580 rum
2198 4523 2334 4578 ﬁdes
2363 4519 2542 4586 ﬁrma,
2575 4534 2698 4590 spes
2724 4525 2873 4573 certa
2920 4523 2976 4570 et
3025 4510 3469 4567 victoriosissima
3500 4508 3630 4561 cha-

2051 4615 2187 4669 ritas
2215 4629 2230 4678 ;
2267 4610 2370 4665 luit
2403 4619 2594 4664 contra
2640 4623 2736 4662 eos
2767 4606 2931 4676 impia
2974 4602 3205 4658 Neronis
3233 4598 3546 4660 crudelitas,
3576 4604 3632 4649 et

2053 4705 2291 4761 Simonis
2320 4701 2457 4773 Magi
2487 4699 2875 4756 nefandissima
2906 4696 3144 4760 falsitas;
3170 4693 3365 4748 horum
3396 4689 3631 4743 insecta-

2055 4798 2200 4851 tione
2244 4795 2439 4850 Petrus
2483 4791 2636 4848 cruci
2685 4789 2898 4854 aﬁixus,
2954 4787 3155 4841 Paulus
3195 4781 3372 4851 capite
3419 4777 3634 4846 plexus,

406 4820 597 4864 essetus
620 4825 734 4862 cum
756 4811 867 4878 ipso
899 4808 953 4862 in
983 4816 1152 4862 monte
1180 4813 1380 4859 sancto.
1426 4803 1615 4858 Nonne
1641 4801 1950 4856 ﬁrmamen-

412 4906 651 4957 lUIIIn-at
683 4901 876 4956 Petrus
905 4915 1026 4954 cum
1065 4899 1317 4953 dicebat:
1359 4896 1580 4951 Obedire
1607 4904 1802 4965 oportet
1843 4896 1952 4949 Deo

413 4985 721 5062 mugit/itam
747 4991 1074 5045 hominibus?
1105 4989 1239 5042 Cum
1265 4988 1405 5042 enim
1431 4987 1559 5042 deos
1588 4986 1955 5057 alloqueretttr

417 5085 623 5136 SlallS'n
689 5081 866 5136 medio
913 5079 1086 5152 plebis
1138 5079 1191 5131 in
1240 5080 1580 5131 ﬁrmamento
1631 5092 1773 5130 vera:
1827 5075 1953 5131 ﬁdei

418 5167 558 5222 dixit
589 5173 713 5228 :I'iri
745 5173 953 5242 fratres,
1006 5187 1094 5225 vos
1127 5170 1268 5223 scitis
1310 5168 1448 5239 quod
1495 5167 1693 5235 factum
1741 5179 1814 5223 est
1843 5183 1955 5221 ver-

423 5265 542 5315 bum
586 5274 635 5326 pe
677 5265 968 5318 universam
996 5259 1264 5322 Judaeam,
1295 5257 1545 5326 incipiens
1571 5258 1708 5309 enim
1748 5275 1778 5311 a
1811 5255 1958 5311 Gali-

2057 4888 2194 4942 alter
2220 4899 2414 4956 passus
2441 4897 2622 4946 cruce,
2668 4881 2805 4934 alter
2837 4885 3118 4932 truncatus
3157 4887 3312 4928 ense.
3342 4869 3485 4922 Idem
3515 4883 3641 4937 pas-

2058 4978 2224 5032 sionis
2254 4976 2430 5038 locus,
2462 4988 2561 5042 par
2591 4980 2646 5025 et
2685 4967 2974 5037 sepulturae
3022 4963 3252 5017 loculus.
3293 4957 3498 5012 Meritis
3528 4959 3643 5012 fue-

2063 5078 2190 5122 runt
2238 5063 2506 5134 aequales,
2564 5067 2618 5112 et
2669 5057 2919 5125 passione
2969 5065 3159 5120 pares,
3201 5046 3441 5105 ccelestis
3490 5046 3644 5113 regni

2064 5156 2330 5218 hazredes,
2379 5161 2436 5204 et
2483 5147 2687 5204 Christi
2730 5143 3057 5198 cohaeredcs.
3091 5140 3194 5206 Qui
3235 5151 3372 5209 quos
3407 5137 3645 5202 vocavit,

2067 5259 2124 5303 ut
2150 5248 2288 5302 alter
2313 5245 2542 5298 istorum
2575 5237 2794 5302 asserit,
2826 5236 2946 5303 illos
2973 5241 3028 5287 et
3051 5229 3395 5302 justiﬁcavit,
3427 5235 3483 5282 et
3510 5243 3649 5297 quos

2199 5339 2224 5350 η
2336 5334 2370 5350 Ι.
2425 5332 2542 5350 ⁸11..-
2586 5338 2627 5350 ,ι
2660 5327 3018 5350 ..-Α---ξηΑ-...ΙΙ
3079 5331 3126 5350 ΔΙ
3165 5337 3300 5350 ιιι-ΛΠ
