4072 5350
282 183 430 241 {025

1734 175 2127 232 SERMUNES.

3408 184 3560 241 10211

279 294 438 364 sequi
486 293 739 365 ingenioli
783 294 951 351 nostri
1010 303 1340 366 paupertas,
1393 292 1677 349 sentcntiae
1722 292 1936 354 111011Α
1964 304 2083 342 1001
2125 287 2363 343 veridica
2409 288 2734 345 testimonia.
2781 289 2849 345 Et
2889 300 2948 346 ut
2979 291 3045 349 in'
3081 295 3255 352 tribus
3301 303 3551 366 personis

278 386 558 456 pontiﬁcis
607 386 847 440 0011111101
894 397 948 441 01
992 385 1335 443 commendet
1402 384 1724 439 auctoritas.
1780 382 1871 436 Ait

277 478 429 531 enim
496 478 792 531 secundum
863 478 1140 547 antiquam
1200 477 1701 545 interpretationem
1754 474 1868 544 jam

276 567 460 619 dictus
479 568 823 620 doctissimus
850 567 1039 621 doctor
1066 585 1079 619 :
1115 566 1287 620 Mater
1331 565 1458 621 Sion
1488 567 1621 619 dial
1651 580 1668 616 :
1696 563 1867 618 Homo

276 669 331 709 et
361 658 515 710 homo
540 666 694 710 nutus
716 669 789 710 est
815 659 872 711 in
916 674 998 723 ea,
1028 668 1076 711 et
1100 658 1208 726 ipse
1243 656 1481 725 fundavit
1510 671 1624 710 eam
1652 655 1865 713 Altini:

278 765 421 802 usus.
457 749 678 802 Matrem
727 760 906 803 autem
956 751 1253 803 secundum
1292 748 1628 801 divinitatem
1664 748 1867 802 habere

277 854 389 892 non
422 841 613 907 potuit,
642 839 732 907 qui
757 853 949 893 auctor
970 849 1054 893 est
1081 839 1289 893 Matris.
1328 839 1416 892 1110
1450 838 1625 893 factus
1653 848 1736 893 est
1758 853 1863 895 non

275 930 465 983 divina
497 931 862 999 generatione,
892 930 986 983 sed
1015 931 1268 983 humana.
1298 930 1434 995 Quia
1478 930 1642 983 homo
1691 929 1864 984 lactus

273 1031 385 1085 est,
422 1020 559 1074 Deus
591 1031 748 1075 natus
774 1031 877 1074 est.
909 1019 1001 1076 Sic
1032 1032 1087 1075 et
1120 1021 1246 1073 alibi
1280 1021 1447 1077 habes
1479 1037 1494 1074 :
1534 1018 1678 1073 Puer
1709 1033 1862 1074 natus

271 1120 352 1164 est
384 1111 550 1176 nobis,
596 1110 770 1165 Filius
799 1113 954 1165 datus
980 1122 1054 1166 est
1086 1114 1253 1166 nobis.
1287 1112 1342 1165 In
1389 1110 1565 1165 Puere
1587 1112 1733 1166 enim
1761 1126 1861 1166 no-

271 1216 400 1257 men
428 1205 624 1267 natalis,
658 1203 711 1258 in
740 1200 882 1257 Filio
910 1205 1184 1273 plenitudo
1209 1212 1293 1259 est
1316 1204 1632 1259 divinitatis.
1667 1203 1863 1259 Factus

269 1304 343 1345 ex
386 1301 576 1357 matre,
608 1302 766 1347 natus
803 1307 869 1346 ex
910 1303 1084 1361 patre.
1130 1292 1275 1348 Idem
1313 1303 1491 1348 tamen
1531 1303 1588 1348 et
1617 1301 1774 1347 natus
1806 1302 1862 1348 et

268 1379 454 1447 datus,
496 1397 604 1436 non
634 1383 934 1448 diversum,
968 1384 1061 1439 sed
1108 1399 1274 1439 unum
1320 1394 1497 1454 putes.
1537 1382 1687 1438 Unus
1714 1385 1861 1439 enim

269 1469 372 1525 Dei
420 1472 560 1527 ﬁlius
582 1513 596 1537 ,
627 1482 683 1528 et
729 1483 888 1528 natus
935 1490 999 1528 ex
1027 1483 1180 1545 patre
1204 1514 1220 1540 ,
1260 1485 1312 1529 et
1342 1485 1492 1530 ortus
1518 1490 1586 1530 ex
1618 1474 1858 1545 Virgine.

267 1562 502 1617 Distanti
534 1564 747 1630 ordine,
776 1567 870 1620 sed
898 1567 951 1619 in
982 1583 1089 1622 uno
1115 1568 1390 1622 concurrit
1432 1568 1648 1623 nomine
1671 1608 1686 1631 ,
1717 1568 1858 1622 sicut

1966 391 2208 440 summa,
2239 376 2463 446 simplex
2482 419 2496 442 ,
2522 387 2721 433 aeterna
2751 389 2804 433 et
2840 381 3400 453 incomprehensibilis
3434 407 3553 446 01ορ

1967 467 2151 529 datur,
2180 466 2501 523 conﬁteatur
2519 477 2574 524 et
2597 470 2852 525 adoretur
2880 474 3077 537 unitas,
3115 491 3326 545 summa
3356 482 3542 547 etiam,

1967 557 2229 626 sintp'cx,
2281 569 2486 613 10101011
2535 567 2590 615 01
2651 562 3207 631 incomprehensibilis
3267 572 3542 637 credatur,

1967 649 2289 703 conﬁteatur
2312 658 2367 703 et
2393 652 2646 705 adoretur
2675 652 2913 709 Trinitas
2939 674 2951 708 :
2987 657 3175 714 invitet
3208 676 3306 716 nos
3335 675 3550 719 sancta.

1967 754 2085 795 rum
2103 739 2406 817 divinarum
2432 742 2835 810 Scripturarum
2856 747 3143 805 sinceritas
3172 761 3228 805 et
3248 768 3308 807 ca
3319 754 3549 809 11101100-

1966 843 2089 891 rum
2116 829 2367 892 Patrum,
2394 844 2581 884 eorum
2630 832 2880 888 videlicet
2910 835 3082 891 ﬁdelis
3119 843 3419 899 auctoritas
3452 861 3552 905 nos

1963 918 2177 983 doceat,
2211 920 2263 973 in
2289 936 2518 991 quorum
2574 921 2848 976 intellectu
2897 933 2952 980 et
2984 930 3201 997 scriptis
3233 931 3356 989 ﬁdei
3382 934 3553 1003 pietas

1962 1019 2018 1068 et
2053 1012 2255 1066 veritas
2299 1028 2403 1067 non
2446 1013 2677 1068 vacillat.
2712 1013 2965 1086 Mysterio
2997 1020 3177 1090 itaque
3217 1024 3552 1093 baptismatis

1964 1111 2180 1169 peracto
2217 1116 2281 1156 ac
2310 1103 2597 1172 praesentia
2656 1105 2822 1160 totius
2865 1107 3148 1165 Trinitatis
3191 1127 3540 1180 consecrato,

1962 1189 2221 1249 Dominus
2250 1189 2409 1261 Jesus
2439 1208 2546 1247 non
2579 1193 2780 1261 alieno,
2813 1196 2906 1250 sed
2929 1190 3232 1269 suospiritu
3259 1211 3314 1258 et
3332 1208 3551 1276 propria

1966 1283 2248 1339 voluntate
2286 1285 2562 1339 desertum
2603 1287 2781 1356 petiit,
2827 1289 2916 1344 ubi
2965 1291 3031 1345 ad
3078 1296 3390 1349 tentandum
3426 1314 3550 1353 eum

1961 1372 2231 1444 malignus
2276 1372 2508 1445 spiritus
2558 1376 2783 1432 invenit.
2820 1379 2923 1448 Qui
2954 1382 3126 1450 ipsius
3159 1385 3358 1441 virtute
3384 1402 3549 1459 supc-

1960 1472 2134 1525 ratus,
2165 1464 2373 1532 angelis
2417 1466 2848 1545 ministrantilnts
2894 1473 3115 1527 recessit
3149 1475 3217 1529 ab
3260 1489 3327 1531 eo
3360 1479 3553 1533 conlu-

1959 1568 2071 1609 sus.
2117 1554 2311 1609 Postea
2351 1573 2379 1609 a
2415 1556 2472 1610 11.
2502 1556 2711 1612 Joanne
2743 1560 3048 1625 invenitur,
3079 1572 3133 1617 et
3164 1564 3234 1619 ob
3271 1566 3551 1638 incompa-

265 1663 325 1707 et
356 1668 596 1723 praesens
629 1655 790 1711 lectio
818 1659 975 1712 docet
998 1660 1123 1728 quia
1153 1671 1201 1712 et
1230 1660 1384 1713 homo
1406 1671 1559 1714 11111101
1579 1670 1654 1715 est
1681 1662 1735 1714 in
1771 1678 1845 1727 ea,

1960 1645 2181 1699 rabilem
2214 1646 2573 1701 innocentiam
2601 1648 2669 1704 ab
2703 1665 2768 1704 eo
2796 1650 2983 1721 Agnus
3002 1653 3094 1707 Dei
3119 1657 3299 1710 mundi
3327 1669 3548 1728 peccata

272 1752 325 1795 et
353 1744 461 1812 ipse
483 1746 723 1814 fundavit
743 1763 856 1800 eam
882 1750 1198 1802 Altissimus.
1219 1750 1388 1804 1101110
1411 1753 1596 1821 utique
1608 1768 1859 1823 corpore,

274 1835 591 1892 Altissimus
618 1849 901 1908 potestate.
941 1841 1053 1895 Etsi
1090 1841 1228 1895 Deus
1270 1853 1324 1897 et
1357 1844 1518 1898 homo
1547 1845 1860 1900 diversitate

263 1937 519 1992 naturai,
568 1928 710 1984 idem
761 1939 938 1986 tamen
988 1949 1093 1987 non
1137 1932 1275 1986 alter
1317 1934 1369 1987 in
1419 1943 1665 2004 utroque.
1699 1935 1857 1989 Aliud

263 2033 402 2088 ergo
425 2020 660 2087 speciale
690 2035 894 2075 natura:
914 2038 1047 2087 sure,
1070 2022 1214 2076 aliud
1242 2024 1519 2077 nobisemn
1545 2040 1859 2090 commune,

264 2107 367 2160 sed
411 2107 463 2161 in
496 2116 728 2180 utroque
765 2126 905 2166 unus
940 2122 997 2166 et
1039 2113 1090 2165 111
1130 2124 1371 2181 111101100-
1400 2113 1689 2181 perlectus.
1738 2113 1859 2167 Non

265 2195 434 2265 igitur
490 2201 795 2255 mirandum
849 2212 935 2257 est
983 2205 1109 2272 quia
1165 2213 1218 2258 et
1260 2205 1556 2259 Dominum
1605 2220 1765 2266 eum,
1798 2213 1853 2260 et

260 2288 540 2343 Christum
584 2291 709 2345 fecit
737 2292 902 2347 Deus.
936 2294 1084 2348 Fecit
1112 2310 1242 2365 ergo
1265 2294 1470 2350 Jesum.
1497 2295 1631 2350 Eum
1669 2297 1855 2365 utique

259 2378 355 2445 qui
396 2395 462 2433 ex
506 2396 734 2450 corpore
779 2398 975 2437 nomen
1022 2387 1262 2455 accepit,
1327 2385 1455 2440 fecit
1500 2401 1621 2439 cum
1674 2402 1703 2439 a
1744 2401 1851 2454 quo

257 2469 425 2521 etiam
451 2472 760 2539 patriarcha
785 2475 975 2528 scribit
1006 2476 1171 2530 David
1198 2494 1210 2529 :
1243 2475 1416 2529 Mater
1444 2475 1573 2530 Sion
1595 2478 1731 2531 dicet
1757 2478 1854 2531 Ita-

258 2578 348 2615 1110
370 2602 383 2625 ,
418 2574 463 2616 et
492 2563 649 2618 homo
675 2568 848 2634 factus
880 2579 954 2622 est
1003 2570 1057 2622 in
1089 2587 1150 2622 ea
1177 2582 1196 2620 :
1226 2570 1500 2624 dissimilis
1530 2570 1713 2639 utique
1743 2587 1847 2626 non

259 2656 549 2712 divinitate
572 2699 586 2723 ,
623 2660 716 2713 sed
759 2675 1005 2729 corpore.
1037 2659 1143 2714 Nec
1172 2661 1441 2716 discretus
1468 2676 1498 2714 a
1524 2660 1685 2716 Patre
1706 2701 1719 2726 ,
1752 2662 1847 2718 sed

257 2761 521 2819 exceptus
549 2751 602 2805 111
633 2768 876 2806 01110010.
908 2752 1079 2821 llnjus
1103 2754 1304 2806 etenim
1338 2754 1578 2808 muneris
1613 2754 1844 2824 gratiam

258 2840 456 2907 angelo
484 2841 767 2896 tumtiaute
797 2843 946 2911 virgo
975 2843 1139 2897 Maria
1172 2844 1455 2899 Dominum
1484 2844 1844 2915 concipiendo

255 2930 595 2995 promeruit,
630 2931 888 2999 pariendo
915 2932 1149 2987 obtinuit
1172 2975 1185 2997 ,
1219 2943 1420 3004 etpost
1444 2944 1658 3005 partum
1692 2936 1847 3007 virgo

1968 1735 2163 1789 tollens
2194 1736 2512 1803 appellatur.
2541 1737 2608 1791 Et
2653 1755 2720 1794 ne
2762 1739 2939 1795 lumen
2967 1742 3224 1798 divinitus
3252 1762 3547 1805 accensum

1960 1826 2061 1889 sub
2098 1829 2277 1882 modio
2306 1838 2556 1902 poneret,
2586 1829 2680 1883 sed
2714 1845 2812 1884 1100
2837 1831 3041 1889 diutius
3062 1834 3349 1901 cclaretur,
3382 1838 3550 1894 exivit

1962 1920 2027 1977 ad
2056 1921 2348 1990 publicum.
2386 1921 2451 1975 Et
2478 1922 2606 1990 quia
2634 1931 2801 1976 totum
2829 1924 3037 1995 invenit
3066 1929 3320 1998 inuadunt
3346 1943 3544 1997 pecca-

1960 2011 2029 2083 tis
2053 2010 2376 2075 obnoxium,
2406 2012 2661 2066 erunibus
2692 2013 2972 2067 medicinae
3006 2015 3194 2069 indixit
3224 2019 3545 2083 remedium,

1955 2111 2010 2159 et
2037 2103 2088 2156 in
2117 2118 2217 2156 suo
2255 2104 2487 2157 adventu
2537 2105 2967 2174 appropinquare
2995 2108 3133 2161 dixit
3169 2123 3391 2180 regnum
3427 2124 3545 2165 ca:-

1954 2193 2149 2248 lorum.
2183 2194 2247 2247 Et
2282 2204 2339 2247 ut
2360 2196 2489 2248 illud
2515 2194 2663 2250 Isaia:
2693 2196 3009 2265 impleretur
3040 2198 3352 2254 vaticinium
3385 2218 3399 2253 :
3427 2199 3540 2253 Po-

1953 2282 2108 2352 pulus
2152 2283 2244 2352 qui
2287 2284 2494 2337 sedebat
2545 2285 2598 2337 in
2639 2287 2882 2348 tenebris,
2914 2288 3037 2340 vidit
3067 2287 3235 2343 lucem
3268 2307 3536 2360 magnam.

1956 2372 2329 2429 llabimntibns
2375 2379 2428 2428 in
2471 2378 2679 2444 regione
2723 2380 2920 2431 umbra:
2953 2381 3134 2434 mortis
3165 2380 3260 2439 ltus
3302 2395 3419 2439 orta
3463 2395 3543 2440 est

1952 2463 2046 2515 eis.
2087 2461 2290 2533 Deinde
2332 2465 2445 2532 ipsi:
2487 2466 2786 2523 divinitatis
2820 2484 2942 2535 suae
2988 2471 3193 2527 lumine
3242 2484 3537 2542 praeeunte,

1950 2565 2015 2606 ex
2048 2551 2276 2607 diversis
2326 2552 2486 2620 hujus
2517 2555 2641 2623 vitae
2679 2559 3189 2616 eonversationibus
3226 2572 3283 2617 ct
3325 2561 3538 2631 ciliciis,

1950 2650 2007 2695 ut
2034 2642 2324 2712 Evangelia
2357 2645 2669 2714 loquuntur,
2702 2648 2996 2717 discipulos
3019 2655 3231 2708 vocavit
3256 2662 3308 2708 et
3332 2634 3411 2709 ex.
3433 2656 3446 2710 i
3472 2656 3541 2715 lis

1949 2731 2229 2786 duodecim
2253 2733 2439 2804 elegit,
2471 2750 2608 2804 quos
2632 2746 2683 2790 et
2712 2737 2986 2807 apostolos
3013 2742 3247 2807 vocavit,
3282 2757 3380 2812 per
3400 2759 3543 2814 quos.

1945 2821 2182 2877 lmmauo
2215 2826 2399 2893 generi
2430 2826 2622 2881 salutis
2660 2827 2762 2883 iter
2797 2822 3057 2885 ostendit.
3098 2832 3338 2903 Quorum
3372 2851 3535 2892 sacro

1944 2916 2234 2971 conventui
2287 2925 2343 2970 et
2382 2916 2547 2971 nobili
2583 2916 2941 2976 contubernio
2971 2937 3186 2992 semper
3223 2923 3538 2981 adbzercitat

252 3029 518 3088 pc,me
545 3036 871 3090 immunem
902 3024 1270 3094 incorrupmm
1295 3027 1555 3094 possedit.
1588 3024 1841 3095 Ejusdem
1869 3027 1913 3088 ρ
1946 3008 2291 3063 sanctissima
2324 3008 2511 3081 Virgo.
2542 3012 2676 3066 Cum
2733 3012 2846 3067 illis
2876 3030 3092 3085 semper
3141 3015 3422 3072 habitabat
3448 3034 3537 3074 50-

251 3113 447 3179 gratiae
481 3115 795 3169 muneribus
818 3115 1083 3179 conferta,
1113 3127 1169 3171 ut
1193 3116 1275 3172 las
1303 3126 1387 3172 est
1411 3119 1656 3183 credere,
1677 3133 1845 3175 omne.

251 3211 467 3273 tempus
497 3202 788 3260 Dominiete
818 3205 1090 3271 infantiae,
1123 3208 1369 3276 pueritia!
1390 3218 1445 3263 et
1466 3209 1843 3264 adolescentia:

250 3308 377 3348 cum
406 3295 524 3364 ipso
553 3298 783 3364 peregit,
814 3307 868 3351 et
892 3299 1209 3367 obsequium
1242 3310 1496 3354 maternae
1518 3301 1836 3369 dulcedinis,

250 3391 312 3437 ut
341 3398 469 3439 vera
496 3394 688 3450 mater,
711 3402 837 3441 vero
857 3388 1208 3443 humanitatis
1225 3404 1337 3455 sua:
1359 3388 1470 3444 11110
1492 3391 1833 3445 ministravit.

248 3474 384 3542 01110
410 3474 629 3532 10011101
647 3478 858 3533 11101010
887 3480 1030 3533 10101
1054 3495 1114 3535 se
1139 3481 1429 3552 colloquia,
1453 3497 1615 3553 quam
1635 3483 1836 3550 dulcia,

250 3582 421 3636 quam
452 3569 724 3631 amabilia,
755 3570 974 3639 quando
1004 3571 1056 3624 in
1089 3579 1263 3639 matre
1287 3571 1524 3641 fulgebat
1556 3574 1838 3644 virginitas

248 3668 307 3713 et
337 3660 622 3715 ltetabatur
666 3661 996 3716 fecunditas!
1044 3662 1101 3715 In
1133 3662 1244 3718 ﬁlio
1268 3666 1562 3732 apparebat
1594 3666 1839 3720 humani.

249 3760 337 3805 tas
362 3760 419 3805 et
448 3751 647 3806 latebat
666 3751 943 3807 divinitas.
967 3752 1240 3818 Quantum
1272 3753 1354 3807 vel
1376 3753 1534 3823 quale
1561 3754 1691 3808 illud
1715 3763 1834 3810 erat

247 3843 511 3898 Deiﬁeum
529 3859 594 3898 ac
615 3836 873 3913 virginale
895 3846 1265 3900 consortium?
1293 3861 1399 3900 non
1422 3847 1543 3902 dico
1564 3856 1830 3914 nostrum,

246 3937 345 3990 sed
371 3937 615 3991 omnium
658 3936 939 3990 hominum
970 3953 1194 4007 prorsus
1227 3939 1441 3992 excedit
1476 3938 1847 3995 intellectum.

242 4025 452 4080 Deinde
499 4025 641 4080 idem
687 4026 802 4095 ipse
829 4026 920 4095 qui
949 4036 1071 4080 erat
1105 4027 1417 4095 unigenitus
1448 4026 1691 4097 Virginis.
1716 4044 1833 4082 ma-

245 4117 367 4180 tris,
398 4131 523 4171 011111
549 4116 719 4171 voluit
742 4131 1002 4185 apparere
1024 4116 1215 4170 unicus
1242 4116 1333 4171 Dei
1357 4116 1557 4181 Patris,
1588 4129 1830 4186 tempore

241 4208 327 4263 sui
377 4207 721 4277 baptismatis
767 4206 871 4261 hoc
904 4208 1074 4275 ipsum
1107 4207 1344 4261 ostendit
1373 4206 1627 4277 majestas
1651 4207 1831 4263 Trini-

242 4300 390 4354 tatis.
427 4300 561 4354 Cum
610 4298 772 4354 Pater
798 4301 1017 4354 auditur
1046 4298 1099 4352 in
1132 4313 1299 4365 voce,
1333 4298 1500 4353 Filius
1536 4298 1747 4352 videtur
1772 4298 1824 4352 in

1943 3113 2107 3182 seque
2132 3101 2430 3159 Dominicis
2454 3107 2838 3174 conspectibus
2868 3107 3183 3179 frequenter
3211 3114 3533 3181 prtesentari

1940 3194 2227 3261 gaudebat.
2270 3194 2402 3248 Eam
2455 3210 2584 3263 vero
2614 3198 2875 3266 optimam
2925 3209 3134 3269 partem
3183 3219 3346 3272 quam
3376 3219 3534 3259 soror

1938 3284 2165 3349 Martha:
2192 3285 2360 3342 Maria
2395 3287 2446 3342 in
2468 3302 2565 3358 spe
2590 3298 2645 3344 et
2676 3289 2847 3360 ﬁgura
2871 3293 3111 3361 gerebat,
3151 3292 3244 3348 Dei
3275 3294 3531 3350 Genitrix

1938 3374 1992 3430 in
2039 3391 2099 3429 10
2143 3392 2275 3433 vera
2325 3378 2639 3435 ﬁrmissime
2687 3382 2978 3447 retinebat,
3009 3392 3065 3437 et
3101 3401 3226 3439 cum
3266 3387 3531 3456 apostol.s

1937 3467 2003 3523 de
2049 3469 2303 3525 humanis
2329 3469 2530 3526 Christi
2563 3471 2798 3539 actibus,
2819 3481 2895 3543 θυι
2924 3474 3107 3529 verius
3145 3491 3209 3530 ac
3237 3476 3530 3544 specialius

1937 3563 2319 3630 cognoscebat,
2358 3563 2539 3615 verius
2570 3578 2634 3618 ac
2666 3564 2976 3633 specialiter
3002 3564 3334 3631 conferebat,
3369 3577 3427 3623 ut
3457 3569 3525 3624 ab

1934 3665 1998 3704 ea
2031 3649 2304 3704 discerent
2333 3650 2566 3719 qualiter
2593 3668 2853 3708 arcanum
2886 3654 3019 3708 tanti
3055 3655 3300 3726 mysterii
3336 3664 3389 3711 et
3424 3658 3524 3726 ipsi

1933 3743 2218 3798 crederent
2237 3751 2290 3797 et
2318 3742 2546 3801 lucidius
2574 3744 2695 3800 aliis
2722 3748 3149 3802 enarrarentJSt
3172 3764 3294 3803 cum
3318 3764 3524 3821 oppor-

1935 3844 2122 3888 tunum
2155 3836 2327 3902 ﬁeret,
2355 3836 2477 3892 sine
2511 3837 2656 3892 omni
2687 3837 3041 3908 ambiguitate
3070 3840 3288 3909 scriptis
3321 3841 3525 3897 mundo

1931 3928 2391 3983 transmitterem.
2432 3930 2549 3996 Ipsa
2615 3945 2766 3995 vero,
2816 3941 2875 3984 ut
2919 3941 3143 3987 sanctus
3188 3932 3521 4003 evangelista

1928 4018 2163 4075 Joannes
2210 4018 2400 4084 refert,
2435 4020 2645 4075 Domini
2681 4021 2960 4077 miraculis
3012 4038 3401 4093 nonnunquam
3435 4025 3520 4079 in-

1932 4111 2138 4167 terfuit.
2169 4111 2224 4166 lu
2249 4112 2335 4166 bis
2363 4121 2418 4167 et
2445 4113 2497 4166 iu
2538 4114 2752 4168 caeteris
2783 4114 3087 4173 divinitatis
3111 4117 3228 4187 ejus
3265 4118 3521 4189 operibus

1928 4217 1984 4261 et
2010 4206 2298 4261 virtutibus
2325 4206 2463 4260 ultra
2511 4222 2672 4276 quam
2721 4208 2828 4262 dici
2864 4217 3043 4278 potest
3070 4210 3421 4280 gloriabatur.
3454 4211 3533 4277 Et,

1930 4295 1975 4351 si
2016 4294 2185 4350 Maria
2221 4296 2494 4366 quondam
2531 4299 2831 4366 peccatrix,
2876 4300 2961 4354 cui
3005 4301 3256 4357 donando
3290 4312 3518 4373 peccata
3608 4320 3611 4323 '

240 4390 460 4444 nomine
484 4430 499 4453 ,
543 4388 779 4459 Spiritus
823 4390 1075 4460 dignatus
1103 4396 1186 4445 est
1237 4390 1290 4443 in
1331 4390 1512 4458 specie
1564 4403 1825 4457 apparere
1857 4381 1903 4438 Β
1928 4397 2047 4444 erat
2075 4388 2359 4457 propitius,
2393 4390 2603 4444 intente
2645 4391 2901 4446 audiebat
2947 4393 3113 4447 verba
3148 4409 3212 4449 ex
3239 4409 3335 4457 ore
3375 4392 3515 4463 ejus,

239 4479 520 4535 columba).
548 4480 643 4534 Est
663 4480 804 4535 enim
823 4479 980 4548 hujus
1000 4480 1384 4551 magnitudinis
1403 4479 1575 4544 testis,
1596 4494 1824 4549 magnus

239 4587 351 4640 pne
395 4572 609 4627 caeteris
646 4572 809 4628 homo
855 4571 1079 4627 nomine
1119 4568 1356 4627 Joannes
1390 4585 1420 4624 a
1456 4569 1567 4625 Deo
1603 4570 1820 4624 missus.

236 4660 345 4715 Iste
376 4676 506 4715 vero
539 4670 721 4715 tantus
753 4662 913 4715 homo
937 4701 950 4726 ,
976 4660 1069 4731 qui
1099 4660 1359 4719 hactenus
1384 4667 1503 4716 erat
1532 4660 1823 4717 Dominica:

236 4752 628 4808 incarnationis
667 4761 723 4808 et
760 4753 1059 4807 nativitatis
1104 4753 1292 4829 arcani
1334 4750 1655 4807 mirabiliter
1693 4767 1824 4815 con-

235 4845 405 4910 scius,
431 4843 605 4899 lactus
633 4853 718 4921 est
742 4843 989 4899 minister
1014 4841 1277 4899 mirabilis
1297 4842 1538 4921 mystcrii
1567 4841 1747 4910 hujus.

305 4936 416 4993 Nos
443 4950 592 5005 ergo,
623 4935 842 5000 fratres,
871 4943 932 4988 ut
953 4933 1118 4989 corde
1155 4936 1442 4990 credamus
1478 4943 1532 4988 et
1565 4949 1658 4991 ore
1688 4953 1819 4993 con-

234 5031 489 5084 ﬁtcamur
521 5034 631 5081 tres
671 5024 1102 5080 denominativas
1142 5034 1197 5078 et
1223 5027 1488 5082 discretas
1516 5038 1776 5091 personas
1797 5070 1812 5093 ,

231 5119 442 5183 Patris,
473 5127 528 5172 et
552 5116 692 5180 Filii,
726 5124 780 5169 et
804 5115 1037 5183 Spiritus
1060 5116 1252 5182 sancti,
1286 5113 1449 5167 tutius
1474 5126 1593 5166 esse
1622 5117 1819 5191 divini-3

229 5211 445 5275 uitatis,
471 5208 711 5270 Deitatis,
728 5202 1422 5268 dominationis,essemim,
1448 5202 1814 5279 simplicisque

226 5300 567 5350 substantiae.
592 5297 812 5350 1011011115
839 5298 1003 5350 etiam
1030 5282 1609 5350 maiestatis.virtutis.
1640 5298 1814 5350 hono-

1927 4491 2132 4551 quanto
2164 4483 2338 4551 magis
2367 4482 2503 4547 haec,
2534 4498 2656 4552 qua:
2680 4492 2799 4539 erat
2828 4492 3007 4540 mente
3044 4497 3100 4542 et
3141 4502 3369 4555 corpore
3391 4503 3519 4544 sau-

1927 4584 2037 4638 cta,
2068 4573 2327 4628 audiebat
2357 4574 2642 4629 ardentius
2670 4573 2824 4641 cujus
2850 4575 2991 4630 idem
3024 4576 3142 4645 ipse
3167 4585 3223 4631 et
3257 4577 3515 4631 Domium

1925 4662 2120 4720 0111101
2150 4664 2332 4720 ﬁlius?
2356 4664 2625 4731 Caeterum
2657 4675 2716 4719 ut
2741 4665 3014 4725 Simeonis
3052 4666 3186 4736 justi
3228 4668 3513 4735 prophetia

1924 4756 2244 4828 imploretur
2266 4757 2499 4812 dicentis
2522 4753 2622 4810 :Et
2650 4757 2969 4827 tuamipsins
2993 4759 3224 4810 animum
3245 4766 3515 4825 perirem.

1922 4850 2014 4905 ibit
2068 4850 2300 4922 gladius,
2340 4858 2583 4919 tempore
2642 4849 2933 4904 0001101010
2977 4848 3246 4916 passionis
3276 4863 3399 4902 cum
3431 4849 3514 4903 di-

1920 4939 2061 4997 lecto
2088 4938 2354 5009 discipulo
2384 4940 2449 4993 de
2498 4953 2563 4991 ea
2606 4938 2808 5001 dictum
2858 4945 2945 4991 est
2977 4954 2989 4988 :
3030 4934 3163 4989 Ecce
3202 4946 3367 4990 mater
3395 4946 3508 4992 tua.

1923 5032 2079 5087 Circa
2126 5031 2458 5101 sepulturam
2548 5043 2680 5082 vero
2733 5028 3073 5085 Dominicam
3125 5027 3297 5089 multo
3340 5030 3515 5097 magis

1922 5138 2082 5192 quam
2134 5122 2388 5175 mulieres
2437 5118 2556 5171 illas
2608 5126 2824 5172 sanctas
2872 5117 3090 5191 quidem
3132 5119 3316 5171 dicunt
3345 5115 3514 5175 fuisse

1922 5213 2233 5277 soilicitam,
2275 5224 2506 5279 quorum
2553 5208 2884 5277 opinionem,
2930 5210 2985 5264 ni
3032 5207 3214 5275 fallor,
3266 5218 3514 5270 astruere

1921 5307 2135 5350 videtur
2173 5305 2349 5350 hmms
2392 5300 2481 5350 ille
2525 5299 2777 5350 Sedulius
2806 5300 3356 5350 noetaevanaelicus.
3386 5318 3515 5350 0111..
