4072 5350
287 117 311 171 1
324 115 428 171 οΞ9

1673 109 2062 168 δΕῐὶΜΟΝΕΒ.

3416 107 3554 164 {030

254 244 443 303 ‘quem
471 230 794 302 patriarcha:
833 238 888 286 et
913 232 1192 302 prophetae
1237 231 1604 303 praeviderunt
1627 240 1684 285 et
1730 245 1866 299 pne-
1895 239 1940 294 Α
1973 223 2226 296 loquendi
2251 238 2487 294 paretor,
2520 223 2731 296 legendi
2759 226 3080 292 studiosior,
3111 239 3218 282 non
3260 226 3314 282 in
3347 226 3556 284 incerto
3619 312 3628 314 _

279 324 541 378 dixerunt
572 324 639 377 de
689 322 899 393 virgine
950 323 1309 378 nasciturum.
1339 321 1582 394 Apostoli
1618 321 1870 376 viderunt

277 425 335 470 et
362 415 799 486 prmdicaveruut
851 430 978 470 vera
1007 416 1112 471 lide
1154 416 1270 487 jam
1314 417 1381 471 de
1405 416 1627 486 Virgine
1657 424 1866 479 natum,

276 515 335 560 et
365 507 539 576 ipsum
591 506 793 562 factum
822 521 945 562 esse
971 509 1270 564 secundum
1329 509 1745 573 humanitatem,
1773 509 1867 579 qui

273 611 500 667 semper
523 605 641 652 erat
665 598 961 652 secundum
1004 599 1363 654 divinitatem.
1387 598 1527 666 Quid
1549 600 1704 655 erat?
1726 598 1866 666 Quid

275 689 458 745 factus
506 691 626 746 est?
658 691 799 746 Deus
842 701 982 758 erat,
1033 692 1196 748 homo
1247 692 1422 748 factus
1462 704 1566 749 est.
1615 693 1865 764 Suscepit

274 780 695 847 humanitatem,
726 798 832 836 non
857 783 1042 837 amisit
1071 782 1350 838 deitatem.
1391 783 1590 838 Factus
1622 784 1860 848 humilis,

272 873 479 927 mansit
503 873 769 929 sublimis.
817 873 989 929 Natus
1027 885 1111 930 est
1160 876 1346 941 homo,
1377 891 1482 930 non
1515 877 1719 932 destitit
1743 892 1863 932 esse

271 963 438 1019 Deus.
467 965 634 1020 Natus
651 975 736 1021 est
762 967 1042 1038 parvulus,
1083 968 1261 1023 latens
1289 982 1538 1040 magnus.
1569 967 1669 1034 Qui
1695 968 1863 1023 liben-

279 1064 366 1108 ter
419 1056 771 1126 amplectitur
823 1057 992 1113 Deum
1024 1068 1231 1125 natum,
1263 1075 1372 1114 non
1400 1059 1586 1114 horret
1629 1059 1862 1130 Virginis

271 1157 512 1216 partum.
545 1149 684 1204 Dicit
722 1149 866 1205 Deus
901 1158 1116 1206 creator
1144 1151 1403 1216 hominis,
1434 1150 1577 1204 illius
1600 1150 1856 1206 hominis.

269 1239 413 1306 Quid
455 1247 538 1294 est
566 1240 709 1309 quod
739 1249 790 1295 te
819 1249 1098 1310 permovet
1140 1241 1195 1295 in
1247 1255 1367 1296 mea
1399 1241 1718 1296 nativitate?
1743 1240 1860 1296 Non

269 1333 392 1383 sum
437 1330 676 1386 libidinis
704 1340 998 1401 conceptus
1032 1332 1350 1402 cupiditate,
1401 1347 1504 1402 ego
1533 1342 1762 1387 matrem
1794 1332 1861 1388 de

267 1434 378 1488 qua
427 1435 682 1476 nascerer
727 1420 850 1486 feci,
882 1437 984 1493 ego
1013 1423 1154 1478 viam
1187 1439 1308 1478 meo
1355 1423 1534 1479 itineri
1560 1421 1859 1493 praeparavi

267 1521 437 1581 atque
488 1511 764 1567 mundavi.
820 1511 972 1567 lianc
1017 1530 1181 1583 quam
1233 1514 1491 1583 despicis,
1539 1513 1855 1578 Manichaee,

1971 318 2313 382 divitiarum,
2363 318 2456 372 sed
2488 318 2539 373 in
2573 329 2727 388 parte
2764 320 3020 390 pauperis
3048 335 3199 390 spem
3251 336 3554 392 reponens,

1971 409 2174 463 intenta
2203 409 2378 478 Operi,
2417 410 2720 464 verecunda
2751 411 3013 477 sermoni,
3045 412 3330 466 arbitrium
3357 415 3555 471 mentis

1968 519 2074 558 nou
2120 501 2418 564 hominum,
2454 503 2547 556 sed
2597 503 2767 557 Deum
2806 514 3095 572 quaereret.
3138 505 3279 560 Nulli
3323 507 3551 576 lzcdere,

1967 594 2105 648 bene
2153 592 2290 646 velle
2335 593 2626 657 omnibus,
2684 609 2970 663 assurgere
3029 593 3326 663 majoribus
3379 606 3552 663 natu,

1965 682 2266 752 mqualibns
2296 698 2401 736 non
2428 683 2688 748 invidere,
2722 684 2905 756 fugere
2920 685 3260 754 jactantiatu,
3286 690 3550 744 rationem

1964 775 2136 842 sequi.
2171 788 2356 828 amare
2401 774 2671 828 virtutem.
2719 775 2943 843 Quando
2989 778 3091 833 ista
3119 778 3203 832 vel
3236 780 3381 834 vultu
3415 780 3552 836 laesit

1965 863 2261 931 parentes?
2305 863 2520 932 quando
2573 864 2830 920 dissensit
2875 881 2904 920 a
2943 869 3294 938 propinquis?
3333 873 3550 940 quando

1967 951 2230 1008 fastidivit
2272 953 2522 1023 inopem?
2559 969 2655 1010 eos
2698 957 2844 1012 solos
2891 957 3046 1012 solita
3095 969 3270 1014 cmtus
3309 959 3552 1014 virorum

1963 1044 2212 1107 invisere,
2245 1061 2381 1115 quos
2411 1047 2783 1102 misericordia
2831 1065 2938 1104 nou
2970 1051 3348 1119 erubesceret,
3377 1068 3552 1124 neque

1963 1138 2267 1206 praeteriret
2295 1137 2642 1195 verecundia.
2670 1137 2814 1194 Nihil
2845 1148 3059 1196 torvum
3091 1144 3145 1198 in
3193 1145 3386 1212 oculis,
3414 1146 3554 1202 nihil

1963 1230 2017 1284 in
2043 1231 2224 1286 verbis
2250 1246 2453 1301 procax
2473 1271 2490 1297 ,
2519 1233 2749 1291 nihil.in
2793 1243 2915 1289 actu
2961 1236 3408 1305 inverecundum,
3437 1253 3549 1297 non

1963 1331 2116 1392 gestu
2149 1324 2398 1392 fractior,
2429 1341 2536 1381 non
2569 1326 2782 1382 incessu
2812 1329 3071 1395 solutior,
3124 1347 3230 1387 non
3259 1348 3358 1388 vox
3388 1342 3548 1404 petu-

1961 1413 2190 1481 lantior,
2236 1427 2294 1470 ut
2322 1417 2438 1486 ipsa
2465 1419 2712 1487 corporis
2742 1422 2950 1490 species
2987 1422 3336 1478 simulacrum
3383 1424 3550 1480 fuerit

1965 1507 2194 1572 mentis,
2243 1507 2415 1578 ﬁgura
2462 1508 2770 1578 probitatis.
2821 1511 2969 1567 Bona
3011 1514 3212 1584 quippe
3258 1515 3450 1571 domus
3492 1517 3548 1570 in

266 1609 452 1655 mater
487 1610 570 1656 est
597 1617 739 1666 mea,
765 1603 860 1657 sed
914 1617 1076 1657 manu
1111 1604 1368 1659 fabricata
1395 1612 1480 1660 est
1503 1619 1641 1660 mm.
1668 1603 1724 1658 Si
1760 1618 1858 1673 ρο·
1890 1587 1932 1648 Β
1962 1596 2080 1667 ipso
2119 1597 2386 1653 vestibulo
2432 1598 2594 1655 debet
2637 1603 2880 1671 agnosci,
2915 1618 2978 1658 ac
3022 1605 3200 1674 primo
3245 1607 3550 1675 praetendat

267 1691 349 1744 tui
406 1691 679 1760 inquinari
739 1707 862 1746 cum
923 1707 1046 1748 eam
1104 1692 1536 1764 facerem,potui
1583 1695 1856 1764 inquinari

265 1798 396 1837 cum
425 1798 492 1838 ex
518 1799 581 1839 ea
610 1799 882 1840 nascerer.
937 1784 1091 1841 Sicut
1145 1786 1374 1841 transitu
1417 1802 1538 1842 meo
1564 1786 1708 1842 illius
1745 1803 1854 1844 non

262 1886 353 1930 ρει
383 1887 638 1946 corrupta
689 1877 992 1948 virginitas,
1027 1878 1105 1933 sic
1131 1887 1188 1933 et
1227 1893 1346 1934 mea
1387 1894 1494 1934 non
1533 1889 1617 1936 est
1641 1879 1712 1936 ibi
1742 1895 1858 1934 ma-

262 1969 446 2024 culata
473 1969 751 2039 majestas.
778 1971 836 2025 Si
876 1970 1008 2026 solis
1035 1971 1218 2026 radius
1238 1971 1437 2028 cloaca:
1463 1973 1653 2029 sordes
1679 1973 1847 2029 exsic-

261 2076 396 2115 care
419 2062 592 2126 novit,
625 2061 896 2131 inquinari
921 2077 1026 2116 non
1059 2062 1449 2131 novit,quanto
1480 2063 1652 2132 magis
1673 2064 1856 2132 splen-

262 2151 369 2206 dor
395 2149 529 2206 lucis
554 2159 792 2217 mteruzc,
821 2151 874 2206 iu
902 2166 1012 2222 quo
1042 2150 1176 2206 nihil
1203 2151 1544 2222 inquinatum
1573 2152 1855 2207 occurrit?

260 2244 604 2314 Quocunquc
642 2245 957 2309 radiaverit,
1014 2245 1278 2301 mundare
1322 2253 1520 2316 potest,
1549 2245 1664 2316 ipse
1685 2245 1852 2316 pollui

259 2349 374 2387 non
402 2344 600 2405 potest.
632 2334 832 2401 Stulte,
859 2337 1004 2392 unde
1043 2337 1233 2392 sordes
1268 2337 1322 2392 in
1358 2335 1595 2408 Virgine,
1628 2337 1718 2393 ubi
1740 2354 1851 2394 non

261 2436 352 2481 est
385 2427 708 2485 concubitus
735 2445 861 2485 cum
910 2428 1130 2484 homine
1165 2430 1353 2500 patre?
1385 2429 1540 2485 Unde
1581 2431 1772 2486 sordes
1797 2430 1849 2486 in

259 2532 387 2573 eam
417 2534 538 2590 qua:
565 2534 666 2576 nec
704 2521 1080 2592 concupiendo
1120 2518 1524 2592 [concipiendo]
1548 2520 1847 2586 libidinem,

262 2625 366 2664 nec
391 2611 654 2680 pariendo
679 2623 763 2668 est
789 2627 1046 2683 perpessa
1089 2611 1366 2666 dolorem?
1401 2611 1551 2667 Unde
1578 2612 1768 2667 sordes
1794 2612 1848 2666 in

261 2702 428 2757 domo
479 2702 545 2756 ad
579 2717 743 2772 quam
784 2702 963 2757 nullus
1010 2703 1206 2772 hospes
1251 2701 1518 2758 accessit?
1564 2700 1724 2758 Solus
1780 2703 1848 2758 ad

260 2810 384 2848 eam
415 2795 674 2850 Dominus
703 2805 758 2851 et
784 2795 1082 2850 fabricator
1113 2795 1292 2861 venit;
1326 2805 1530 2851 vestem
1547 2812 1708 2866 quam
1741 2812 1848 2852 non

259 2886 501 2941 habebat
547 2885 743 2950 induit,
789 2901 1018 2955 eamque
1043 2886 1182 2941 sicut
1217 2886 1421 2941 invenit
1449 2886 1689 2942 clausam
1726 2888 1851 2942 reli-

1959 1686 2244 1757 ingressu,
2275 1689 2409 1744 nihil
2455 1690 2604 1746 intus
2638 1691 2809 1750 latere
2857 1695 3239 1764 tenebrarum,
3291 1708 3351 1754 ut
3394 1715 3548 1757 meus

1957 1788 2145 1835 nostra
2180 1781 2340 1838 nullis
2387 1783 2660 1852 repagulis
2689 1787 3063 1856 corporalibus
3105 1790 3381 1860 impedita,
3428 1800 3548 1846 ιιλη-

1957 1888 2122 1944 quam
2171 1873 2407 1931 lucernae
2439 1875 2528 1930 lux
2574 1878 2722 1934 intus
2769 1881 2944 1949 posita
2987 1880 3122 1936 foris
3171 1882 3372 1940 luceat.
3403 1883 3546 1952 Quid

1959 1984 2090 2040 ergo
2135 1985 2426 2040 exsequar,
2478 1973 2722 2028 ciborum
2771 1977 3195 2044 parcimoniam,
3245 1976 3544 2033 ciliciorum

1957 2061 2392 2126 redundantiam,
2441 2062 2669 2118 alterum
2708 2063 2844 2118 ultra
2897 2049 3146 2120 naturam
3189 2067 3543 2138 superfuisse,

1956 2149 2184 2206 alterum
2210 2165 2347 2220 pene
2377 2151 2480 2221 ipsi
2509 2162 2718 2208 natum
2746 2152 3004 2209 defuisse.
3039 2155 3151 2211 Illic
3180 2156 3322 2210 nulla
3370 2159 3540 2214 inter-

1954 2242 2119 2296 missa
2146 2239 2315 2297 fuisse
2343 2251 2606 2313 tempora,
2639 2245 2726 2300 hic
2769 2247 3177 2317 congeminatos
3209 2250 3541 2322 jejuniorum

1954 2331 2092 2397 dies,
2134 2340 2191 2386 et
2219 2333 2264 2387 si
2291 2334 2508 2403 quando
2541 2335 2816 2392 reficiendi
2861 2339 3216 2398 successisset
3258 2343 3539 2411 voluntas,

1953 2425 2108 2480 cibus
2135 2425 2454 2497 plerumque
2484 2427 2725 2496 habitus,
2758 2431 2850 2502 qui
2881 2443 3108 2488 mortem
3150 2445 3396 2502 arceret,
3431 2452 3541 2493 non

1952 2513 2175 2569 delicias
2215 2517 2569 2585 ministraret,
2615 2521 2853 2577 dormire
2899 2539 3006 2579 non
3054 2525 3205 2594 prius
3249 2527 3539 2597 cupiditas,

1952 2618 2115 2674 quam
2149 2606 2448 2662 necessitas
2472 2608 2595 2663 fuit.
2629 2609 2696 2666 Et
2729 2619 2908 2666 tamen
2938 2629 3060 2668 cum
3089 2615 3398 2685 quiesceret
3421 2634 3544 2675 cor-

1951 2710 2072 2764 pus,
2109 2695 2352 2765 vigilaret
2379 2697 2591 2754 animus
2623 2717 2636 2752 :
2669 2715 2790 2770 quae
2816 2702 3129 2772 frequenter
3152 2706 3418 2764 insomnis
3447 2719 3542 2766 aut

1950 2786 2089 2842 lecta
2130 2787 2348 2858 repetit,
2384 2798 2478 2844 aut
2519 2805 2710 2846 somno
2751 2792 3057 2864 interrupta
3105 2799 3422 2867 continuat,
3448 2811 3543 2856 aut

1954 2880 2212 2950 disposita
2260 2880 2432 2950 gerit,
2485 2891 2579 2938 aut
2620 2886 2858 2953 gerenda
2909 2891 3259 2958 pronuntiat,
3315 2895 3538 2964 prodire

260 2979 401 3047 quit.
447 2977 605 3034 Sicut
630 2977 721 3033 ille
751 2987 910 3033 natus
943 2987 1029 3034 est
1055 2977 1203 3034 solus
1234 2977 1376 3035 inter
1405 2987 1650 3034 mortuos
1687 2979 1845 3048 liber,
1877 2939 1924 3002 ϐ
1953 2972 2114 3027 domo
2164 2973 2375 3040 nescia.
2423 2973 2527 3030 ιιίεὶ
2581 2989 2705 3031 cum
2757 2977 2823 3032 ad
2871 2980 3155 3037 ecclesiam
3205 2986 3537 3040 conveniret.

258 3073 342 3128 sic
375 3072 532 3128 istius
577 3087 643 3127 ex
674 3087 782 3142 qua
811 3083 970 3128 natus
1003 3084 1086 3128 est
1112 3072 1305 3127 matris
1352 3073 1527 3143 pudor
1554 3072 1702 3129 solus
1729 3089 1850 3144 per-

260 3167 466 3221 mansit
496 3165 728 3237 integer.
758 3166 868 3220 Eva
893 3166 1212 3222 iuobedieus
1254 3166 1451 3220 meruit
1476 3179 1718 3236 poenam,
1742 3167 1850 3222 Ma-

260 3259 341 3313 ria
388 3259 650 3315 obediens
701 3268 997 3314 consecuta
1041 3270 1127 3314 est
1176 3259 1434 3330 gratiam.
1489 3258 1582 3313 llla
1621 3268 1848 3331 gustans

259 3348 592 3418 prohibitum
641 3350 926 3405 maledicta
967 3350 1086 3404 fuit.
1139 3349 1268 3406 Haec
1292 3351 1520 3406 credens
1549 3351 1740 3422 angelo
1765 3359 1852 3407 est

260 3443 569 3499 benedicta.
617 3441 710 3496 Illa
759 3441 918 3498 nobis
954 3451 1184 3497 mortem
1231 3441 1482 3507 contulit,
1521 3442 1640 3496 hare
1680 3442 1849 3496 vitam

259 3538 418 3592 nubis
440 3536 671 3608 peperit.
701 3535 838 3604 Quid
863 3535 1002 3604 agis,
1027 3534 1360 3589 Manichaee?
1387 3533 1591 3590 Christi
1618 3542 1848 3590 matrem

259 3633 544 3702 apprirnis,
592 3647 697 3686 non
735 3631 1009 3686 Christum
1051 3630 1317 3687 defendis.
1367 3632 1568 3688 Tacent
1610 3633 1847 3686 immun-

259 3725 466 3778 da......
487 3724 614 3792 quia
669 3724 737 3779 de
765 3725 1122 3779 mumlissima
1147 3724 1370 3797 Virgine
1396 3736 1556 3782 natus
1579 3737 1664 3782 est
1693 3743 1848 3781 mun-

259 3817 474 3870 di.......
508 3815 609 3870 Cui
655 3824 740 3870 est
791 3831 916 3870 cum
975 3817 1088 3872 Deo
1132 3815 1296 3871 Patre
1329 3825 1383 3870 et
1413 3815 1616 3886 Spiritu
1660 3824 1848 3871 sancto

256 3907 483 3977 suquzdis
523 3907 854 3961 bonor.......
886 3923 984 3963 nec
1025 3905 1280 3962 diﬂerens
1305 3907 1476 3977 gloria
1504 3948 1519 3974 ,
1578 3917 1845 3963 comterna

258 3999 534 4070 maiestas.
590 3996 695 4052 Per
727 3998 930 4052 infinita
960 3997 1156 4053 saecula
1185 3997 1533 4054 saeculorum.
1561 3998 1758 4054 Amen.

862 4109 1095 4167 SERMO
1133 4109 1275 4168 XIV.

503 4216 638 4257 ITEH
679 4218 745 4258 DE
784 4218 1117 4258 NATIVITATE
1155 4219 1344 4258 REATE
1386 4219 1586 4258 MANE.

256 4293 436 4369 [Apud
459 4292 712 4362 Martem,
745 4293 1131 4370 Thesidnecd.
1165 4296 1403 4370 V_,_62l,
1429 4312 1493 4352 ex
1525 4311 1628 4352 ms.
1660 4297 1846 4354 codice
1871 4311 1925 4370 ι)

840 4365 1268 4437 Silviniacensi.]

324 4457 412 4515 Sit
437 4457 604 4532 igitur
627 4457 786 4514 nobis
815 4465 1068 4528 tanquam
1094 4457 1147 4512 in
1177 4457 1416 4530 imagine
1442 4459 1711 4532 descripta
1731 4461 1846 4516 vir-

162 4622 170 4628 .
253 4555 485 4623 ginitas,
528 4555 644 4609 vita
693 4550 902 4617 Mariae,
947 4566 978 4607 e
1023 4565 1130 4622 qua
1175 4551 1326 4607 velut
1364 4552 1584 4624 speculo
1624 4553 1852 4626 refulget

254 4647 468 4718 species
508 4647 779 4704 castitatis
825 4652 881 4703 et
929 4643 1108 4703 forma
1152 4645 1393 4703 virtutis.
1445 4645 1584 4702 Hinc
1623 4648 1852 4704 sumatis

255 4738 386 4794 licet
406 4737 650 4810 exempla
675 4738 914 4804 vivendi,
939 4737 1032 4793 ubi
1054 4745 1316 4808 tauquam
1338 4739 1390 4794 in
1417 4737 1710 4806 exemplari
1738 4753 1852 4793 ma-

255 4829 480 4899 gisteria
521 4843 780 4900 expressa
827 4829 1144 4907 probitatis,
1187 4828 1318 4898 quid
1362 4827 1674 4899 corrigere,
1719 4830 1849 4900 quid

255 4919 516 4991 en‘ugere,
565 4921 713 4992 quod
760 4929 950 4976 tenere
993 4919 1240 4976 debeatis
1286 4919 1598 4978 ostendunt.
1635 4919 1849 4978 Primus

254 5011 501 5067 discendi
543 5014 710 5067 ardor
733 5011 989 5066 nobilitas
1015 5017 1100 5064 est
1137 5010 1403 5080 magistri.
1433 5009 1574 5078 Quid
1614 5011 1848 5070 nobilius

256 5097 353 5156 Dei
379 5103 593 5159 matre?
620 5103 760 5170 Quid
785 5101 1120 5173 splendidius
1158 5115 1220 5155 ea
1260 5118 1424 5173 quam
1455 5101 1711 5171 splendor
1741 5105 1850 5160 elc-

253 5197 376 5268 git?
403 5197 543 5267 Quid
578 5199 786 5254 castius
806 5212 871 5252 ea
900 5210 1021 5266 quae
1062 5209 1261 5264 corpus
1298 5197 1416 5252 sine
1448 5196 1692 5264 corporis
1722 5213 1849 5254 cen-

254 5289 471 5350 tagione
508 5289 819 5350 generavit?
847 5287 982 5342 Nam
1018 5286 1085 5341 de
1129 5288 1340 5344 caeteris
1392 5285 1512 5350 ejus
1555 5287 1847 5347 virtutibus

1950 3062 2018 3118 Et
2046 3063 2149 3120 hoc
2177 3064 2356 3134 ipsum
2381 3079 2505 3120 cum
2535 3067 2851 3135 parentibus
2877 3079 2969 3124 aut
2997 3073 3316 3144 pr0pinquis
3353 3076 3540 3132 dome-

1952 3156 2090 3212 stico
2112 3171 2344 3226 operosa
2363 3167 2599 3226 secreto,
2629 3159 2830 3220 forensi
2857 3167 3054 3237 stipata
3080 3169 3359 3236 comitatu,
3392 3171 3540 3227 nullo

1951 3248 2175 3304 meliore
2225 3259 2408 3305 tamen
2453 3255 2676 3311 custode
2706 3271 2868 3326 quam
2913 3259 3122 3331 seipsa,
3171 3277 3291 3331 qua:
3320 3262 3536 3320 incessu

1952 3340 2258 3414 aﬂ'ectuque
2306 3348 2666 3415 venerabilis,
2702 3364 2810 3405 non
2862 3359 2969 3406 tam
3015 3353 3300 3426 vestigium
3339 3357 3535 3425 pedum

1955 3435 2185 3503 tolleret,
2211 3453 2373 3508 quam
2416 3441 2640 3511 gradum
2686 3443 2905 3500 virtutis
2936 3445 3238 3511 attolleret,
3272 3457 3328 3504 et
3355 3457 3534 3506 tamen

1951 3525 2088 3581 alios
2120 3527 2317 3584 habeat
2355 3530 2508 3599 virgo
2556 3533 2925 3589 membrorum
2975 3536 3229 3592 custodes
3274 3552 3536 3604 suorum,

1952 3636 2163 3676 morum
2207 3631 2388 3678 autem
2435 3638 2656 3679 suorum
2702 3640 2761 3681 se
2804 3626 3002 3682 habeat
3026 3631 3306 3684 custodem
3339 3630 3533 3700 ipsam.

1949 3713 2137 3770 Plures
2164 3725 2326 3770 erunt
2349 3717 2414 3772 de
2441 3717 2634 3787 quibus
2676 3718 2869 3782 discat,
2897 3720 2942 3774 si
2970 3720 3084 3789 ipsa
3110 3736 3167 3774 se
3193 3722 3384 3777 doceat
3415 3738 3536 3793 quae

1949 3807 2166 3862 virtutis
2197 3808 2482 3878 magistras
2509 3809 2690 3876 habet,
2715 3812 2840 3880 quia
2868 3811 3127 3881 quidquid
3155 3815 3346 3882 egerit,
3371 3815 3535 3869 disci-

1949 3900 2096 3971 plina
2127 3907 2230 3955 est.
2281 3900 2371 3956 Sic
2406 3900 2572 3956 Maria
2625 3903 2943 3958 intendebat
2986 3904 3257 3968 onmibus,
3304 3908 3460 3976 quasi
3503 3924 3533 3960 a

1950 3991 2194 4061 pluribus
2243 4001 2576 4046 moneretur.
2625 3993 2718 4049 Sic
2777 3994 2957 4049 omnia
3007 3995 3266 4065 implebat
3321 3998 3536 4056 virtutis

1950 4082 2144 4148 ofﬁcia,
2193 4092 2384 4138 utnon
2417 4092 2524 4138 tam
2568 4085 2800 4140 disceret
2841 4101 3004 4156 quam
3060 4087 3298 4143 doceret.
3347 4087 3532 4144 Talem

1950 4177 2092 4233 hanc
2118 4177 2448 4247 evangelista
2481 4178 2834 4244 monstravit,
2867 4178 3026 4233 talem
3059 4179 3282 4249 angelus
3311 4181 3534 4249 reperit,

1952 4270 2110 4324 talem
2141 4269 2373 4340 Spiritus
2397 4279 2616 4326 sanctus
2656 4271 2840 4343 elegit.
2870 4271 3008 4340 Quid
3035 4272 3177 4326 enim
3209 4273 3263 4327 in
3307 4274 3536 4343 singulis

1953 4361 2168 4417 morer?
2197 4371 2254 4416 ut
2284 4377 2401 4416 eam
2429 4371 2684 4432 parentes
2719 4362 3032 4427 dilexeriut,
3059 4365 3302 4418 ex:ranei
3337 4363 3536 4432 praedi-

1952 4456 2152 4522 carint,
2182 4471 2302 4526 quae
2330 4456 2491 4526 digna
2518 4455 2620 4511 fuit
2649 4471 2714 4511 ex
2739 4471 2842 4526 qua
2871 4457 2964 4511 Dei
2995 4456 3165 4511 Filius
3194 4467 3533 4511 nasceretur.

1953 4544 2080 4602 Haec
2103 4547 2170 4600 ad
2196 4545 2340 4616 ipsos
2378 4546 2654 4618 ingressus
2683 4545 2858 4618 angeli
2891 4546 3108 4602 inventa
3141 4547 3304 4602 domo
3343 4546 3398 4600 in
3447 4561 3538 4615 pe-

1954 4635 2254 4692 netralibus
2279 4636 2397 4692 sine
2424 4637 2642 4703 cernite,
2678 4653 2746 4691 ne
2772 4637 2892 4707 quis
2925 4637 3285 4693 intentionem
3313 4637 3536 4691 abrum-

1954 4736 2107 4797 peret
2128 4742 2303 4797 neque
2327 4727 2686 4798 obstreperet.
2722 4728 2907 4798 Neque
2942 4728 3088 4783 enim
3117 4730 3348 4784 comites
3387 4723 3548 4781 femi-

1953 4833 2053 4872 nas
2090 4818 2461 4883 desiderabat,
2505 4833 2628 4888 qute
2679 4817 2852 4872 bonas
2900 4817 3130 4872 cantites
3191 4817 3552 4888 cogitationes

1952 4910 2208 4974 habebat,
2245 4911 2376 4980 quin
2403 4909 2567 4964 etiam
2613 4908 2712 4962 sibi
2745 4908 2927 4962 minus
2950 4908 3065 4962 sola
3098 4907 3389 4962 videbatur
3424 4921 3554 4960 cum

1954 5000 2067 5057 sola
2108 5009 2275 5055 esset.
2319 4998 2454 5052 Nam
2493 4996 2950 5066 quemadmodum
3001 4995 3149 5059 sola,
3203 4997 3290 5051 cui
3323 5003 3403 5049 tut
3426 4993 3556 5050 libri

1955 5091 2249 5146 adessent?
2279 5099 2359 5144 tot
2385 5085 2725 5155 archangeli,
2757 5095 2834 5140 tot
2870 5085 3198 5157 prophetae?
3221 5084 3464 5151 Denique
3495 5093 3558 5138 et

1953 5182 2169 5240 Gabriel
2199 5199 2321 5238 eam
2345 5180 2435 5234 ubi
2463 5179 2696 5233 revisere
2726 5177 2938 5233 solebat
2962 5175 3192 5240 invenit,
3221 5187 3275 5233 et
3302 5172 3558 5244 angelum

1950 5277 2117 5331 Maria
2143 5273 2300 5345 quasi
2325 5271 2500 5325 virum
2530 5267 2709 5337 specie
2736 5277 2884 5322 mota
2916 5265 3235 5334 trepidavit,
3263 5262 3418 5334 quasi
3443 5279 3559 5318 ncn
