4072 5350
537 330 669 386 1051

1480 315 1538 371 S.
1579 308 1897 370 ODlLONlS
1932 301 2225 363 ABBATIS
2260 296 2761 357 CLUNIACENSIS
2800 297 2839 351 V

3644 287 3789 346 £052

540 444 780 511 Denique
823 438 1051 493 salutata
1096 431 1365 489 obmutuit
1409 437 1466 484 et
1493 427 1759 499 appellata
1804 421 2100 494 respondit.
2133 429 2175 482 Α
2206 418 2514 489 patiebatur
2570 414 2880 511 unigenitus
2927 413 3098 511 Fili-us
3145 412 3260 482 ejus
3316 411 3617 511 Dominus:
3655 423 3794 511 ante

539 535 646 590 Sed
670 547 789 603 qute
811 531 982 600 primo
1004 527 1327 581 turbaverat
1351 522 1626 583 affectum,
1650 527 1835 590 postea
1867 514 2114 587 promisit

535 623 877 694 obsequium.
902 620 1074 687 Quam
1095 632 1224 671 vero
1243 615 1493 686 religiosa
1517 614 1569 668 in
1593 608 1917 682 prepinqnas
1939 607 2114 662 fuerat

539 714 821 783 Scriptura
869 711 1054 764 divina
1089 707 1377 778 signiﬁcat.
1424 703 1557 757 Nam
1587 712 1643 756 et
1693 699 1946 755 humilior
1976 696 2115 750 facta

538 816 642 871 est,
672 804 760 858 ubi
789 819 817 857 a
845 802 956 856 Deo
984 813 1045 853 se
1073 797 1324 868 cognovit
1353 795 1614 857 electam,
1641 801 1696 845 et
1720 790 1902 844 statim
1931 789 1996 842 ad
2028 801 2118 840 eo.

540 906 762 967 gnatam
792 907 947 947 suam
976 889 1042 944 ad
1077 898 1329 943 montana
1378 883 1661 955 processit.
1708 879 1823 934 Non
1851 878 2034 946 utique
2061 885 2121 930 ut

538 984 791 1055 exemplo
814 981 1061 1037 crederet
1083 994 1204 1048 qua:
1221 977 1332 1047 jam
1362 973 1665 1029 crediderat
1688 969 1926 1024 oraculo.
1954 967 2121 1020 Beata

541 1079 709 1139 enim,
742 1073 940 1143 inquit,
991 1086 1112 1140 quae
1156 1066 1476 1129 credidisti,
1528 1072 1583 1117 ct
1640 1062 1812 1115 tribus
1846 1057 2123 1117 mensibus

540 1185 668 1226 cum
700 1182 762 1221 ea
796 1166 1011 1220 mansit.
1036 1162 1195 1218 Tanti
1218 1171 1397 1215 autem
1424 1155 1708 1212 intervallo
1732 1153 1989 1222 temporis
2017 1163 2123 1205 non

545 1261 680 1315 ﬁdes
707 1258 988 1327 quaeritur,
1020 1256 1114 1309 sed
1147 1255 1317 1325 pietas
1343 1249 1650 1305 exhibetur.
1681 1247 1746 1300 Et
1785 1247 1887 1300 hoc
1915 1257 2127 1313 postea-

542 1365 710 1421 quam
738 1350 791 1403 in
833 1355 990 1403 utero
1017 1346 1254 1415 parentis
1279 1343 1539 1399 exsiliens
1580 1353 1715 1410 puer
1743 1346 1973 1391 matrem
2016 1334 2126 1389 Do-

546 1440 893 1496 mini.........
932 1437 1135 1492 thera
1166 1439 1373 1490 desunt.

1143 1525 1375 1582 SERMO
1412 1522 1531 1581 XV.

1066 1635 1133 1675 DE
1170 1632 1369 1674 SANCTA
1407 1631 1576 1672 CRUCB

624 1713 799 1788 [Apud
825 1712 1056 1769 Marten.
1089 1711 1176 1765 ubi
1204 1726 1394 1779 supra,
1423 1724 1491 1763 ex
1531 1722 1634 1762 ms.
1669 1702 2033 1761 Cluniacensi.
2042 1702 2063 1775 ς

2212 522 2428 561 crucem
2476 507 2674 568 stabat,
2712 513 2767 558 et
2791 503 2896 575 piis
2921 503 3126 570 oculis,
3174 512 3233 556 nt
3259 504 3453 557 doctor
3476 501 3794 558 catholicus

2213 599 2403 653 scribit
2432 596 2771 661 Ambrosius,
2803 595 3156 664 exspectabat
3203 610 3309 649 non
3356 594 3599 665 pignoris
3642 610 3794 649 mor-

2215 695 2343 750 tem,
2368 686 2461 741 sed
2490 685 2673 740 mundi
2704 686 2956 747 salutem,
2994 700 3157 753 quam
3186 687 3351 739 etiam
3395 685 3485 739 ille
3506 685 3589 739 vir
3616 684 3797 740 Sedu-

2217 778 2321 832 lius
2352 786 2508 847 poeta
2536 776 2881 847 evangelicus
2909 778 3103 831 asserit
3129 777 3272 831 circa
3304 777 3516 831 Domini
3556 776 3801 847 sepultu-

2219 884 2333 922 ram
2367 867 2484 936 plus
2513 867 2726 921 czeteris
2758 866 3077 923 mulieribus
3123 866 3290 920 fuisse
3332 865 3619 921 sollicitam
3647 882 3661 918 :
3696 864 3802 920 Ile-

2221 956 2338 1011 lena
2389 971 2517 1011 vero
2576 965 2796 1009 econtra
2864 955 3116 1024 princeps
3173 955 3399 1009 Romani
3462 955 3675 1024 imperii
3736 955 3803 1009 ad

2224 1047 2542 1117 inquirenda
2570 1056 2624 1101 et
2647 1045 2963 1116 reperienda
2987 1045 3255 1099 Dominici
3276 1046 3519 1115 corporis
3539 1044 3801 1114 supplicia

2224 1148 2280 1194 et
2309 1150 2506 1194 nostrae
2530 1138 2719 1194 salutis
2762 1137 3022 1206 insignia,
3056 1136 3284 1191 solerter
3321 1145 3377 1188 et
3406 1135 3807 1190 studiosissime

2226 1229 2531 1292 insistebat,
2555 1239 2610 1284 et
2628 1230 2718 1301 pio
2738 1226 2931 1283 allecto
2953 1238 3009 1282 et
3028 1226 3243 1282 sincero
3254 1224 3446 1281 cﬁ'ectu
3468 1227 3610 1280 votis
3631 1226 3808 1279 Ouini-

2226 1325 2328 1383 bus
2349 1323 2652 1389 laborabat,
2682 1331 2740 1379 ut.
2761 1323 3007 1379 invenire
3030 1330 3212 1392 posset
3245 1322 3387 1391 quod
3415 1323 3695 1390 quterebat
3717 1338 3733 1384 ;
3757 1328 3813 1374 et

2230 1417 2507 1473 inventum
2537 1417 2606 1471 ad
2634 1418 2894 1472 honorem
2929 1422 2984 1470 et
3032 1415 3256 1487 gloriam
3290 1414 3499 1469 Domini
3544 1414 3813 1467 honorare

2230 1512 2513 1583 gestiebat.
2535 1510 2615 1565 Ad
2645 1512 2788 1580 quod
2813 1510 3087 1580 negotium
3118 1508 3484 1579 peragendum
3508 1506 3809 1574 adjutorem

2231 1603 2464 1660 habebat
2483 1602 2914 1658 strenuissimnm
2942 1601 3110 1656 ﬁlium
3140 1616 3318 1664 suum,
3344 1599 3573 1653 Romani
3603 1598 3815 1669 imperii

2232 1694 2534 1765 principem
2585 1692 3024 1758 Constantinum,
3057 1692 3147 1761 qui
3197 1692 3406 1759 primus
3454 1690 3596 1745 inter
3637 1690 3820 1745 saeculi

621 1784 752 1863 l’ost
798 1806 949 1862 illum
1000 1803 1330 1874 singularem
1352 1841 1366 1866 ,
1409 1809 1465 1855 et
1494 1796 1903 1858 admirabilem,
1934 1804 1990 1849 et
2022 1801 2134 1848 toto
2164 1790 2209 1851 Β
2235 1786 2521 1858 principe.
2535 1800 2657 1840 cum
2702 1784 2926 1840 consilio
2971 1794 3027 1840 et
3064 1785 3244 1869 studio
3274 1784 3467 1839 matris
3492 1784 3822 1854 supradicta:

552 1900 755 1957 muudo
780 1895 1204 1968 praedicabilem,
1224 1903 1277 1950 et
1302 1893 1591 1948 salutarem
1616 1889 1908 1944 Dominicae
1931 1884 2141 1957 passio-

558 1992 645 2045 nis
675 1988 1028 2063 triumphum,
1074 1997 1131 2043 et
1158 1984 1394 2053 ejusdem
1444 1981 1653 2038 Domini
1697 1979 1866 2034 nostri
1900 1990 2142 2031 resurrec

556 2083 755 2139 etionis
783 2080 1033 2152 gloriam,
1069 2087 1123 2133 et
1164 2083 1517 2134 sacrosancta
1566 2072 1701 2127 festa
1729 2068 2029 2140 paschalia,
2062 2066 2141 2121 di—

557 2173 817 2242 gnissime
862 2171 996 2225 satis
1045 2177 1100 2224 et
1145 2165 1533 2222 convenienter
1590 2163 1681 2217 illa
1719 2161 1838 2215 dies
1883 2158 2144 2213 recolitur

560 2262 931 2327 celeberrima,
956 2258 1009 2315 in
1050 2274 1151 2327 qua
1177 2256 1468 2311 Dominica:
1495 2252 1759 2324 passionis
1788 2250 1855 2304 ad
1881 2250 2140 2303 honorem

558 2363 614 2409 et
640 2352 864 2424 gloriam
891 2350 1125 2406 nominis
1148 2349 1241 2403 Dei
1266 2356 1320 2403 et
1347 2347 1411 2400 ad
1440 2345 1664 2401 salutem
1686 2342 1900 2413 generis
1923 2337 2144 2394 humani

562 2444 906 2513 reperiuntur
932 2441 1191 2510 insignia;
1238 2454 1369 2495 crux
1399 2436 1675 2498 videlicet,
1705 2434 1891 2502 inqua
1944 2438 2146 2486 nostra;

563 2536 755 2590 salutis
797 2542 987 2586 auctor
1025 2530 1316 2601 pependit,
1351 2538 1406 2583 et
1453 2525 1591 2582 clavi
1632 2524 1828 2594 quibus
1872 2520 2147 2577 conﬁxum

564 2635 650 2681 est
681 2624 809 2680 illud
838 2621 1271 2677 sacratissimum
1297 2632 1512 2687 corpus,
1542 2615 1686 2685 quod
1729 2629 1795 2668 ex
1825 2612 2148 2665 intemerata

562 2714 787 2783 Virgine
809 2725 1085 2767 assumere
1114 2710 1365 2778 dignatus
1391 2715 1474 2761 est
1502 2705 1594 2760 Dei
1623 2703 1792 2759 Filius
1816 2712 1943 2756 ante
1963 2700 2147 2754 omnia

565 2814 811 2874 tempora
864 2800 1145 2856 saecularia
1184 2799 1252 2853 ab
1294 2799 1409 2867 ipso
1458 2796 1566 2852 Deo
1592 2794 1755 2849 Patre
1800 2789 2151 2849 iueffabiliter

566 2896 798 2966 genitus.
830 2891 1022 2945 Merito
1056 2892 1220 2961 igitur
1251 2888 1605 2969 celeberrime
1647 2883 1838 2941 recolit
1860 2885 2026 2939 totius
2048 2882 2154 2937 Ec-

572 2985 752 3040 clesiae
791 2981 965 3037 ﬁdelis
1007 2979 1209 3033 familia
1260 2993 1356 3049 per
1397 2978 1608 3032 diversa
1660 2990 1925 3030 annorum
1974 2976 2152 3046 spatia

571 3074 827 3135 salutaris
851 3070 1075 3142 patibuli
1104 3069 1470 3124 inventionem
1497 3075 1552 3122 et
1591 3065 2002 3130 exaltationem,
2025 3066 2151 3135 quia

2242 1886 2299 1932 et
2341 1878 2726 1949 smpedicenda:
2767 1877 2986 1932 Helena:
3027 1868 3333 1933 libertatem
3382 1885 3437 1931 et
3480 1877 3820 1948 privilegium

2243 1969 2809 2025 Romanazconeessit
2851 1969 3125 2024 Ecclesiae.
3172 1968 3301 2025 lude
3346 1970 3513 2040 coepit
3541 1969 3824 2039 prmdicari

2243 2063 2480 2133 publice,
2518 2061 2746 2116 Domino
2792 2070 3093 2128 annuente,
3124 2071 3179 2117 et
3216 2063 3538 2132 supradicto
3580 2061 3827 2134 principe

2245 2154 2501 2219 faciente,
2532 2152 2679 2208 nullo
2704 2153 3127 2217 contradicente,
3157 2153 3329 2208 honor
3372 2163 3429 2208 et
3465 2153 3644 2208 virtus
3671 2151 3830 2208 Chri-

2246 2249 2350 2314 sti,
2384 2248 2518 2304 ﬁdes
2569 2256 2625 2301 et
2671 2248 2894 2302 victoria
2956 2247 3164 2301 Domini
3217 2247 3461 2302 crucifixi
3508 2263 3608 2319 per
3650 2247 3829 2317 spatia

2247 2349 2443 2397 cuncta
2476 2339 2659 2394 mundi
2708 2354 2990 2408 quousque
3021 2339 3273 2393 tendebat
3314 2347 3553 2408 potestas
3597 2338 3827 2393 Romani

2248 2435 2496 2505 imperii,
2525 2443 2581 2490 et
2623 2450 2730 2489 non
2772 2436 2946 2490 dicam
2980 2448 3151 2505 usque
3199 2435 3265 2489 ad
3313 2437 3573 2490 terminos
3598 2434 3830 2488 Romani

2250 2526 2507 2595 imperii,
2572 2527 2667 2581 sed
2719 2540 2998 2596 quousque
3053 2528 3381 2597 praedicatur
3434 2526 3697 2597 majestas
3749 2525 3833 2580 di-

2249 2619 2358 2673 v'ini
2402 2628 2458 2673 et
2506 2618 2775 2673 incarnati
2819 2617 3019 2683 Verbi,
3069 2629 3123 2675 et
3171 2620 3467 2675 auctoritas
3514 2619 3703 2674 umndi
3749 2633 3836 2672 sae

2251 2701 2442 2764 lntar‘is
2484 2709 2658 2765 sancti
2704 2704 3019 2780 Evangelii,
3064 2726 3184 2781 quae
3225 2711 3344 2766 viva
3391 2719 3448 2766 et
3490 2710 3662 2765 libera
3702 2724 3835 2764 voce

2253 2801 2467 2856 intonat
2500 2803 2766 2857 honorem
2791 2809 2848 2854 et
2883 2801 3108 2871 gloriam
3136 2802 3316 2856 crucis
3344 2810 3399 2856 ct
3445 2810 3601 2857 actus
3627 2810 3686 2856 et
3729 2801 3834 2855 mi-

2254 2892 2444 2948 rabiiia
2474 2892 2686 2946 Domini
2715 2890 2982 2946 cruciﬁxi.
3006 2890 3144 2958 Quid
3169 2908 3266 2947 nos
3289 2893 3494 2957 miseri,
3525 2893 3593 2945 ad
3621 2891 3837 2945 laudem

2255 2982 2432 3037 crucis
2461 2982 2642 3037 dicere
2669 2991 2962 3048 tentamus,
3000 2990 3057 3038 et
3092 2983 3221 3052 quid
3260 2983 3461 3039 indocti
3504 2983 3606 3037 fari
3637 2998 3842 3053 prrsu-

2259 3074 2481 3138 mimus,
2508 3072 2600 3144 qui
2642 3082 2791 3129 tanta
2822 3087 2886 3128 ac
2915 3073 3040 3128 talia
3067 3089 3096 3127 a
3120 3075 3411 3145 majoribus
3445 3085 3499 3130 et
3523 3075 3840 3131 melioribus

566 3180 666 3235 per
687 3177 902 3218 crucem
937 3159 1127 3215 didicit
1151 3162 1485 3215 destructum
1513 3157 1704 3213 mortis
1730 3156 2034 3233 imperium,
2062 3172 2159 3226 per
2185 3147 2229 3209 C
2262 3166 2462 3220 nostris
2495 3166 2735 3235 quotidie
2766 3166 2909 3221 diem
2951 3167 3350 3237 cognoscimus,
3382 3175 3441 3221 ,ιι
3483 3176 3537 3221 ει
3576 3177 3763 3222 "om",
3784 3175 3842 3221 ει

572 3271 788 3312 crucem
811 3270 869 3311 se
893 3252 1084 3309 recolit
1099 3252 1341 3308 evasisse
1354 3260 1628 3322 perpetua:
1651 3250 1840 3304 mortis
1858 3248 2155 3316 interitum,

572 3358 626 3404 et
642 3365 739 3420 per
756 3363 971 3405 crucem
990 3361 1047 3401 se
1078 3346 1275 3418 gaudet
1293 3344 1564 3400 invenisse
1588 3349 1808 3398 aeterme
1843 3341 1967 3395 vita:
1987 3340 2161 3396 subsi-

573 3440 741 3496 dium.
773 3439 907 3497 Cum
936 3438 1079 3494 enim
1115 3436 1406 3493 Domiuiete
1442 3444 1498 3490 et
1543 3434 2008 3490 victoriosissinne
2036 3448 2161 3488 cru-

572 3535 656 3591 cis
682 3534 991 3590 celebratur
1028 3531 1301 3596 inventio,
1333 3528 1774 3585 manifestissime
1795 3526 2004 3582 Domini
2032 3541 2158 3581 cru-

570 3626 720 3681 ciﬁxi
750 3624 1007 3682 recolitur
1036 3622 1394 3688 resurrectio;
1441 3629 1495 3675 ct
1543 3635 1669 3676 cum
1710 3616 1949 3687 ejusdem
1981 3616 2162 3673 crucis

570 3717 834 3773 exultatio
881 3716 1108 3779 colitur,
1152 3714 1205 3767 in
1253 3729 1315 3768 ea
1358 3710 1651 3768 cruciﬁxus
1696 3709 1958 3764 Dominus
2000 3707 2163 3763 Jesus

573 3805 825 3862 Christus
855 3806 922 3861 ad
963 3805 1131 3861 caelos
1164 3803 1478 3858 ascendisse
1516 3800 1867 3871 dignoscitur.
1914 3798 1997 3855 Ad
2031 3812 2160 3852 con-

576 3895 840 3957 ﬁrmanda
871 3894 1027 3963 hujus
1064 3894 1139 3949 rei
1172 3892 1469 3964 magualia,
1501 3891 1746 3961 quaedam
1786 3889 1837 3942 in
1868 3888 2163 3959 Scripturis

576 3990 730 4061 paria
760 3989 1107 4043 inveniuntur
1135 3986 1431 4058 praeconia,
1466 3996 1525 4037 ut
1553 3999 1675 4038 cum
1706 3982 1904 4037 similia
1925 3980 2163 4052 jnngune

581 4092 668 4135 tur
699 4079 997 4144 similibus,
1049 4079 1102 4132 in
1136 4079 1219 4131 his
1265 4093 1385 4147 qua:
1431 4076 1689 4131 dicuntur
1734 4074 1801 4129 de
1846 4074 1954 4129 Deo
1985 4073 2164 4129 nullus

578 4168 889 4229 inveniatur
911 4171 1237 4225 incredulus.
1270 4169 1460 4224 Mulier
1481 4168 1792 4237 serpentino
1813 4166 1997 4222 delusa
2020 4182 2166 4220 men-

582 4264 738 4321 dacio
771 4272 1000 4317 mortem
1060 4261 1371 4332 propinavit
1414 4259 1567 4324 viro,
1626 4259 1735 4313 imo
1797 4259 1962 4312 etiam
2016 4257 2162 4311 onmi

581 4354 768 4425 generi
807 4354 1044 4407 humano
1076 4370 1091 4404 ι
1140 4350 1427 4405 audierunt
1472 4360 1781 4405 sanctarum
1823 4348 2039 4402 luunilis
2068 4348 2163 4402 de-

583 4443 751 4509 votio,
783 4442 1026 4512 angelico
1060 4450 1336 4495 asserente
1364 4453 1615 4495 sermone
1661 4438 1950 4503 veridico,
1980 4437 2165 4491 Domi-

2259 3256 2465 3325 angelis
2489 3267 2544 3312 et
2572 3256 2896 3321 hominibus,
2924 3266 2978 3312 et
2999 3260 3243 3313 omnium
3269 3260 3501 3314 ﬁdelium
3523 3260 3842 3316 ﬁrmissimo

2259 3346 2404 3401 credi
2438 3347 2767 3415 praedicabat
2793 3357 2848 3401 et
2882 3348 3005 3402 novi
3056 3348 3231 3403 fidelis
3257 3351 3577 3417 prudentia?
3618 3348 3716 3405 Dei
3752 3350 3846 3404 Fi-

2260 3436 2365 3492 lius
2389 3436 2812 3493 misericorditer
2830 3437 3103 3495 hominem
3136 3454 3204 3496 ex
3229 3441 3449 3511 Virgine
3473 3441 3731 3512 dignatus
3757 3450 3844 3497 est

2260 3530 2556 3600 suscipere,
2575 3531 2734 3586 homo
2749 3530 2944 3596 factus,
2963 3531 3269 3587 hominibus
3285 3532 3451 3587 voluit
3474 3549 3764 3604 apparere,
3788 3543 3846 3589 et

2260 3637 2358 3692 per
2396 3622 2574 3691 ipsum
2627 3622 2895 3678 hominem
2937 3637 3096 3691 quem
3144 3625 3398 3693 suscepit,
3450 3640 3622 3695 genus
3654 3626 3845 3679 Imma-

2262 3728 2391 3768 num
2422 3728 2451 3767 a
2484 3721 2756 3781 perpetua:
2792 3714 2984 3767 mortis
3027 3713 3247 3770 interitu
3290 3714 3458 3769 voluit
3498 3714 3751 3778 liberare,
3790 3722 3847 3769 et

2262 3803 2328 3858 de
2358 3803 2596 3858 tenebris
2624 3803 2693 3857 ad
2717 3802 2914 3868 lucem,
2947 3804 3012 3858 de
3036 3813 3208 3859 morte
3245 3806 3314 3859 ad
3345 3805 3510 3859 vitam
3559 3806 3843 3871 reducere,

2261 3903 2319 3950 et
2348 3893 2507 3949 scivit
2534 3894 2673 3949 sicut
2715 3894 2897 3949 omnia
2942 3895 3067 3959 scit,
3113 3896 3240 3965 quia
3276 3911 3382 3950 non
3431 3905 3616 3967 posset
3645 3895 3845 3966 corrigi

2261 3984 2503 4055 priorum
2550 3993 2835 4054 parentum
2878 3987 3246 4056 praesumptio,
3299 3986 3400 4040 nisi
3452 3986 3846 4040 humanitatem

2263 4084 2505 4129 nostram
2529 4074 2830 4142 susciperet
2855 4074 3037 4128 divina
3077 4075 3350 4145 dignatio;
3392 4076 3486 4130 sed
3508 4090 3729 4144 semper
3759 4089 3848 4130 rc-

2265 4174 2455 4235 gnaret
2496 4164 2550 4218 in
2606 4165 2826 4231 mundo,
2878 4172 2937 4218 ut
2970 4166 3231 4231 diximus,
3280 4165 3521 4235 priorum
3556 4174 3861 4234 parentum.

2265 4258 2498 4325 superba
2531 4256 2828 4323 temeritas,
2852 4272 2953 4313 nec
2974 4257 3129 4327 culpa
3158 4256 3459 4313 solveretur
3479 4270 3603 4326 qua:
3645 4256 3847 4317 Innndo

2266 4357 2510 4403 creverat
2533 4363 2628 4418 per
2658 4347 2903 4402 illicitum
2934 4348 3063 4419 ligni
3094 4358 3334 4417 gustum,
3377 4349 3477 4404 nisi
3508 4348 3762 4402 Christus
3793 4348 3843 4401 in

2266 4437 2412 4507 ligno
2438 4438 2616 4491 crucis
2644 4438 2885 4507 pendens
2930 4439 3197 4509 sanguine
3236 4453 3335 4494 suo
3366 4438 3574 4494 deleret
3604 4440 3848 4497 mortalis

585 4550 716 4587 num
749 4532 1112 4586 resurrexisse
1153 4529 1449 4599 apostolico
1481 4529 1751 4583 nuntiavit
1774 4527 2020 4597 collegio.
2050 4527 2162 4580 Au-
2200 4520 2247 4579 D
2270 4533 2696 4602 praescriptionis
2732 4534 3173 4605 chirOgrapbum.
3224 4534 3458 4590 Necesse
3496 4545 3604 4600 est,
3649 4534 3848 4592 fratres

585 4623 745 4679 distis
793 4621 1065 4677 hominem
1112 4622 1503 4677 inobedientem
1553 4636 1652 4690 per
1698 4620 1828 4689 ligni
1880 4630 2097 4691 gustum
2133 4636 2165 4675 a

585 4715 840 4786 paradiso
884 4713 1193 4785 expulsum;
1247 4715 1473 4769 audistis
1519 4714 1782 4769 latronem
1820 4713 2164 4769 confitentem

586 4824 685 4877 per
709 4806 964 4861 humilem
997 4805 1391 4860 confessionem
1431 4806 1481 4859 in
1526 4805 1836 4875 paradisum
1864 4805 2162 4859 inductum.

563 4899 817 4966 ,Lasciva
851 4897 1049 4952 femina
1077 4896 1368 4950 divortium
1401 4896 1538 4950 male
1569 4896 1845 4952 suadendo
1874 4894 2168 4950 insinuavit

2272 4624 2601 4691 charissimi,
2633 4633 2691 4679 ut
2717 4625 2810 4695 qui
2839 4640 2898 4681 se
2920 4628 3116 4698 gaudet
3136 4627 3470 4696 redemptum
3496 4627 3701 4691 Christi
3727 4642 3849 4681 san-

2273 4716 2435 4788 guine
2471 4718 2733 4786 pretioso,
2763 4719 2980 4773 studeat
3013 4735 3072 4776 se
3099 4723 3309 4775 munire
3338 4719 3637 4775 Dominica:
3670 4724 3849 4776 crues

2274 4812 2576 4883 signaculo,
2604 4823 2657 4867 et
2689 4822 2748 4866 ut
2776 4813 2837 4868 Β.
2862 4814 3221 4885 Hieronymus
3256 4816 3506 4884 imperat,
3543 4816 3611 4869 ad
3636 4833 3845 4871 onlnem

2273 4911 2477 4970 actum,
2510 4903 2576 4957 ad
2604 4918 2818 4959 omnem
2846 4906 3118 4962 incessum
3138 4914 3324 4961 contra
3352 4922 3517 4963 omne
3546 4908 3845 4977 periculum
