  <div class='ocr_page' id='page_1' title='image "/cluster/home/n/w/nwhite01/storage/ocr_20150623/142/hvd.32044015471808/522.png"; bbox 0 0 4072 5350; ppageno 0'>
   <div class='ocr_carea' id='block_1_1' title="bbox 1306 198 1537 212">
    <p class='ocr_par' dir='ltr' id='par_1_1' title="bbox 1306 198 1537 212">
     <span class='ocr_line' id='line_1_1' title="bbox 1306 198 1537 212; baseline 0 -2"><span class='ocrx_word' id='word_1_1' title='bbox 1306 198 1331 208; x_wconf 57' lang='grc' dir='ltr'><strong>θ’</strong></span> <span class='ocrx_word' id='word_1_2' title='bbox 1378 202 1537 212; x_wconf 41' lang='grc' dir='ltr'><strong>στῇ-ς...</strong></span> 
     </span>
    </p>
   </div>
   <div class='ocr_carea' id='block_1_2' title="bbox 252 291 397 347">
    <p class='ocr_par' dir='ltr' id='par_1_2' title="bbox 252 291 397 347">
     <span class='ocr_line' id='line_1_2' title="bbox 252 291 397 347; baseline 0 0"><span class='ocrx_word' id='word_1_3' title='bbox 252 291 397 347; x_wconf 70' lang='grc'><strong>1055</strong></span> 
     </span>
    </p>
   </div>
   <div class='ocr_carea' id='block_1_3' title="bbox 1677 274 2067 335">
    <p class='ocr_par' dir='ltr' id='par_1_3' title="bbox 1677 274 2067 335">
     <span class='ocr_line' id='line_1_3' title="bbox 1677 274 2067 335; baseline 0 0"><span class='ocrx_word' id='word_1_4' title='bbox 1677 274 2067 335; x_wconf 66' lang='lat' dir='ltr'><strong>SERHOXEB.</strong></span> 
     </span>
    </p>
   </div>
   <div class='ocr_carea' id='block_1_4' title="bbox 3371 281 3506 339">
    <p class='ocr_par' dir='ltr' id='par_1_4' title="bbox 3371 281 3506 339">
     <span class='ocr_line' id='line_1_4' title="bbox 3371 281 3506 339; baseline -0.015 0"><span class='ocrx_word' id='word_1_5' title='bbox 3371 281 3506 339; x_wconf 66' lang='lat'><strong>1050</strong></span> 
     </span>
    </p>
   </div>
   <div class='ocr_carea' id='block_1_5' title="bbox 247 390 3506 472">
    <p class='ocr_par' dir='ltr' id='par_1_5' title="bbox 247 390 3506 472">
     <span class='ocr_line' id='line_1_5' title="bbox 247 390 3506 472; baseline -0.002 -13"><span class='ocrx_word' id='word_1_6' title='bbox 247 402 323 460; x_wconf 71' lang='lat' dir='ltr'><strong>ad</strong></span> <span class='ocrx_word' id='word_1_7' title='bbox 344 400 643 458; x_wconf 74' lang='lat' dir='ltr'><strong>Christum.</strong></span> <span class='ocrx_word' id='word_1_8' title='bbox 671 398 882 458; x_wconf 81' lang='lat' dir='ltr'><strong>ideirco</strong></span> <span class='ocrx_word' id='word_1_9' title='bbox 910 399 1160 458; x_wconf 83' lang='lat' dir='ltr'><strong>Christus</strong></span> <span class='ocrx_word' id='word_1_10' title='bbox 1211 411 1286 455; x_wconf 84' lang='lat' dir='ltr'><strong>nn</strong></span> <span class='ocrx_word' id='word_1_11' title='bbox 1314 397 1567 472; x_wconf 63' lang='lat' dir='ltr'><strong>prmdixit</strong></span> <span class='ocrx_word' id='word_1_12' title='bbox 1600 396 1834 467; x_wconf 73' lang='lat' dir='ltr'><strong>qualiter</strong></span> <span class='ocrx_word' id='word_1_13' title='bbox 1857 390 1908 448; x_wconf 84' lang='grc' dir='ltr'><strong>Δ</strong></span> <span class='ocrx_word' id='word_1_14' title='bbox 1933 405 1991 452; x_wconf 89' lang='lat' dir='ltr'><strong>et</strong></span> <span class='ocrx_word' id='word_1_15' title='bbox 2013 394 2203 467; x_wconf 88' lang='lat' dir='ltr'><strong>quanti</strong></span> <span class='ocrx_word' id='word_1_16' title='bbox 2231 404 2287 451; x_wconf 86' lang='lat' dir='ltr'><strong>et</strong></span> <span class='ocrx_word' id='word_1_17' title='bbox 2324 394 2511 463; x_wconf 86' lang='lat' dir='ltr'><strong>quales</strong></span> <span class='ocrx_word' id='word_1_18' title='bbox 2536 395 2612 451; x_wconf 91' lang='lat' dir='ltr'><strong>illi</strong></span> <span class='ocrx_word' id='word_1_19' title='bbox 2642 395 2861 452; x_wconf 76' lang='lat' dir='ltr'><strong>luerunt</strong></span> <span class='ocrx_word' id='word_1_20' title='bbox 2901 394 2994 465; x_wconf 85' lang='lat' dir='ltr'><strong>qui</strong></span> <span class='ocrx_word' id='word_1_21' title='bbox 3047 394 3114 449; x_wconf 82' lang='lat' dir='ltr'><strong>de</strong></span> <span class='ocrx_word' id='word_1_22' title='bbox 3160 402 3270 450; x_wconf 82' lang='lat' dir='ltr'><strong>tam</strong></span> <span class='ocrx_word' id='word_1_23' title='bbox 3316 398 3506 469; x_wconf 75' lang='lat' dir='ltr'><strong>grandi</strong></span> 
     </span>
    </p>
   </div>
   <div class='ocr_carea' id='block_1_6' title="bbox 249 488 1836 563">
    <p class='ocr_par' dir='ltr' id='par_1_6' title="bbox 249 488 1836 563">
     <span class='ocr_line' id='line_1_6' title="bbox 249 488 1836 563; baseline -0.003 -15"><span class='ocrx_word' id='word_1_24' title='bbox 249 493 325 548; x_wconf 82' lang='lat' dir='ltr'><strong>ad</strong></span> <span class='ocrx_word' id='word_1_25' title='bbox 354 506 579 563; x_wconf 77' lang='lat' dir='ltr'><strong>regnum</strong></span> <span class='ocrx_word' id='word_1_26' title='bbox 610 492 898 562; x_wconf 77' lang='lat' dir='ltr'><strong>pervenire</strong></span> <span class='ocrx_word' id='word_1_27' title='bbox 925 492 1153 548; x_wconf 72' lang='lat' dir='ltr'><strong>debuit:</strong></span> <span class='ocrx_word' id='word_1_28' title='bbox 1188 489 1320 547; x_wconf 79' lang='lat' dir='ltr'><strong>Cum</strong></span> <span class='ocrx_word' id='word_1_29' title='bbox 1340 506 1477 546; x_wconf 84' lang='lat' dir='ltr'><strong>esses</strong></span> <span class='ocrx_word' id='word_1_30' title='bbox 1512 488 1700 560; x_wconf 76' lang='lat' dir='ltr'><strong>junior</strong></span> <span class='ocrx_word' id='word_1_31' title='bbox 1724 488 1836 543; x_wconf 78' lang='lat' dir='ltr'><strong>cin-</strong></span> 
     </span>
    </p>
   </div>
   <div class='ocr_carea' id='block_1_7' title="bbox 244 582 1835 654">
    <p class='ocr_par' dir='ltr' id='par_1_7' title="bbox 244 582 1835 654">
     <span class='ocr_line' id='line_1_7' title="bbox 244 582 1835 654; baseline -0.001 -18"><span class='ocrx_word' id='word_1_32' title='bbox 244 584 410 651; x_wconf 69' lang='grc' dir='ltr'>ρεῦσι</span> <span class='ocrx_word' id='word_1_33' title='bbox 435 594 506 647; x_wconf 84' lang='lat' dir='ltr'><strong>te,</strong></span> <span class='ocrx_word' id='word_1_34' title='bbox 523 584 726 654; x_wconf 85' lang='lat' dir='ltr'><strong>inquit,</strong></span> <span class='ocrx_word' id='word_1_35' title='bbox 749 593 797 638; x_wconf 88' lang='lat' dir='ltr'><strong>et</strong></span> <span class='ocrx_word' id='word_1_36' title='bbox 821 583 1126 638; x_wconf 76' lang='lat' dir='ltr'><strong>ambulabas</strong></span> <span class='ocrx_word' id='word_1_37' title='bbox 1147 584 1236 638; x_wconf 83' lang='lat' dir='ltr'><strong>ubi</strong></span> <span class='ocrx_word' id='word_1_38' title='bbox 1255 582 1459 638; x_wconf 78' lang='lat' dir='ltr'><strong>colebas</strong></span> <span class='ocrx_word' id='word_1_39' title='bbox 1482 599 1500 647; x_wconf 91' lang='lat'><em>;</em></span> <span class='ocrx_word' id='word_1_40' title='bbox 1523 599 1641 636; x_wconf 85' lang='lat' dir='ltr'><strong>cum</strong></span> <span class='ocrx_word' id='word_1_41' title='bbox 1660 593 1835 636; x_wconf 84' lang='lat' dir='ltr'><strong>autent</strong></span> 
     </span>
    </p>
   </div>
   <div class='ocr_carea' id='block_1_8' title="bbox 243 672 1835 737">
    <p class='ocr_par' dir='ltr' id='par_1_8' title="bbox 243 672 1835 737">
     <span class='ocr_line' id='line_1_8' title="bbox 243 672 1835 737; baseline 0.003 -12"><span class='ocrx_word' id='word_1_42' title='bbox 243 673 509 737; x_wconf 68' lang='lat' dir='ltr'><strong>umeris,</strong></span> <span class='ocrx_word' id='word_1_43' title='bbox 538 672 781 728; x_wconf 63' lang='lat' dir='ltr'><strong>extendes</strong></span> <span class='ocrx_word' id='word_1_44' title='bbox 804 688 991 727; x_wconf 76' lang='lat' dir='ltr'><strong>manus</strong></span> <span class='ocrx_word' id='word_1_45' title='bbox 1006 683 1143 728; x_wconf 78' lang='lat' dir='ltr'><strong>tuas.</strong></span> <span class='ocrx_word' id='word_1_46' title='bbox 1159 672 1218 729; x_wconf 84' lang='lat' dir='ltr'><strong>In</strong></span> <span class='ocrx_word' id='word_1_47' title='bbox 1244 674 1562 728; x_wconf 81' lang='lat' dir='ltr'><strong>extensione</strong></span> <span class='ocrx_word' id='word_1_48' title='bbox 1577 686 1835 729; x_wconf 79' lang='lat' dir='ltr'><strong>manuum</strong></span> 
     </span>
    </p>
   </div>
   <div class='ocr_carea' id='block_1_9' title="bbox 240 759 1835 831">
    <p class='ocr_par' dir='ltr' id='par_1_9' title="bbox 240 759 1835 831">
     <span class='ocr_line' id='line_1_9' title="bbox 240 759 1835 831; baseline 0.001 -17"><span class='ocrx_word' id='word_1_49' title='bbox 240 759 583 830; x_wconf 76' lang='lat' dir='ltr'><strong>signiﬁcavit</strong></span> <span class='ocrx_word' id='word_1_50' title='bbox 621 775 745 816; x_wconf 90' lang='lat' dir='ltr'><strong>eum</strong></span> <span class='ocrx_word' id='word_1_51' title='bbox 796 762 1141 831; x_wconf 75' lang='lat' dir='ltr'><strong>adepturum,</strong></span> <span class='ocrx_word' id='word_1_52' title='bbox 1171 770 1231 817; x_wconf 86' lang='lat' dir='ltr'><strong>ut</strong></span> <span class='ocrx_word' id='word_1_53' title='bbox 1266 761 1631 824; x_wconf 89' lang='lat' dir='ltr'><strong>desiderabat,</strong></span> <span class='ocrx_word' id='word_1_54' title='bbox 1655 760 1835 817; x_wconf 84' lang='lat' dir='ltr'><strong>crucis</strong></span> 
     </span>
    </p>
   </div>
   <div class='ocr_carea' id='block_1_10' title="bbox 243 851 1837 925">
    <p class='ocr_par' dir='ltr' id='par_1_10' title="bbox 243 851 1837 925">
     <span class='ocr_line' id='line_1_10' title="bbox 243 851 1837 925; baseline 0.003 -20"><span class='ocrx_word' id='word_1_55' title='bbox 243 851 575 920; x_wconf 79' lang='lat' dir='ltr'><strong>patibulum.</strong></span> <span class='ocrx_word' id='word_1_56' title='bbox 608 851 856 909; x_wconf 83' lang='lat' dir='ltr'><strong>Andreas</strong></span> <span class='ocrx_word' id='word_1_57' title='bbox 885 853 1116 911; x_wconf 87' lang='lat' dir='ltr'><strong>ﬁdeliter</strong></span> <span class='ocrx_word' id='word_1_58' title='bbox 1150 853 1463 924; x_wconf 71' lang='lat' dir='ltr'><strong>praedicavit</strong></span> <span class='ocrx_word' id='word_1_59' title='bbox 1514 854 1694 909; x_wconf 87' lang='lat' dir='ltr'><strong>crucis</strong></span> <span class='ocrx_word' id='word_1_60' title='bbox 1720 868 1837 925; x_wconf 86' lang='lat' dir='ltr'><strong>my-</strong></span> 
     </span>
    </p>
   </div>
   <div class='ocr_carea' id='block_1_11' title="bbox 241 943 1836 1015">
    <p class='ocr_par' dir='ltr' id='par_1_11' title="bbox 241 943 1836 1015">
     <span class='ocr_line' id='line_1_11' title="bbox 241 943 1836 1015; baseline -0.001 -17"><span class='ocrx_word' id='word_1_61' title='bbox 241 945 505 1007; x_wconf 84' lang='lat' dir='ltr'><strong>sterium.</strong></span> <span class='ocrx_word' id='word_1_62' title='bbox 533 952 588 999; x_wconf 89' lang='lat' dir='ltr'><strong>et</strong></span> <span class='ocrx_word' id='word_1_63' title='bbox 616 960 715 1014; x_wconf 89' lang='lat' dir='ltr'><strong>per</strong></span> <span class='ocrx_word' id='word_1_64' title='bbox 738 943 918 1000; x_wconf 86' lang='lat' dir='ltr'><strong>crucis</strong></span> <span class='ocrx_word' id='word_1_65' title='bbox 936 945 1256 1015; x_wconf 80' lang='lat' dir='ltr'><strong>supplicium</strong></span> <span class='ocrx_word' id='word_1_66' title='bbox 1278 944 1525 1014; x_wconf 77' lang='lat' dir='ltr'><strong>pervenit</strong></span> <span class='ocrx_word' id='word_1_67' title='bbox 1551 945 1621 1000; x_wconf 85' lang='lat' dir='ltr'><strong>ad</strong></span> <span class='ocrx_word' id='word_1_68' title='bbox 1644 945 1836 999; x_wconf 84' lang='lat' dir='ltr'><strong>trimu-</strong></span> 
     </span>
    </p>
   </div>
   <div class='ocr_carea' id='block_1_12' title="bbox 244 1033 1833 1105">
    <p class='ocr_par' dir='ltr' id='par_1_12' title="bbox 244 1033 1833 1105">
     <span class='ocr_line' id='line_1_12' title="bbox 244 1033 1833 1105; baseline 0.001 -17"><span class='ocrx_word' id='word_1_69' title='bbox 244 1034 439 1102; x_wconf 89' lang='lat' dir='ltr'><strong>phum.</strong></span> <span class='ocrx_word' id='word_1_70' title='bbox 484 1033 687 1105; x_wconf 58' lang='lat' dir='ltr'><strong>Pylius</strong></span> <span class='ocrx_word' id='word_1_71' title='bbox 738 1049 870 1089; x_wconf 88' lang='lat' dir='ltr'><strong>vero</strong></span> <span class='ocrx_word' id='word_1_72' title='bbox 907 1036 950 1089; x_wconf 89' lang='lat' dir='ltr'><strong>si</strong></span> <span class='ocrx_word' id='word_1_73' title='bbox 1004 1051 1111 1089; x_wconf 89' lang='lat' dir='ltr'><strong>non</strong></span> <span class='ocrx_word' id='word_1_74' title='bbox 1143 1045 1226 1090; x_wconf 87' lang='lat' dir='ltr'><strong>est</strong></span> <span class='ocrx_word' id='word_1_75' title='bbox 1264 1035 1559 1091; x_wconf 74' lang='lat' dir='ltr'><strong>cruciﬁxus</strong></span> <span class='ocrx_word' id='word_1_76' title='bbox 1585 1050 1833 1105; x_wconf 82' lang='lat' dir='ltr'><strong>corpore,</strong></span> 
     </span>
    </p>
   </div>
   <div class='ocr_carea' id='block_1_13' title="bbox 242 1123 1833 1195">
    <p class='ocr_par' dir='ltr' id='par_1_13' title="bbox 242 1123 1833 1195">
     <span class='ocr_line' id='line_1_13' title="bbox 242 1123 1833 1195; baseline 0.001 -18"><span class='ocrx_word' id='word_1_77' title='bbox 242 1138 469 1178; x_wconf 88' lang='lat' dir='ltr'><strong>crucem</strong></span> <span class='ocrx_word' id='word_1_78' title='bbox 521 1123 737 1178; x_wconf 78' lang='lat' dir='ltr'><strong>Domini</strong></span> <span class='ocrx_word' id='word_1_79' title='bbox 794 1124 1010 1195; x_wconf 82' lang='lat' dir='ltr'><strong>gemino</strong></span> <span class='ocrx_word' id='word_1_80' title='bbox 1060 1124 1277 1188; x_wconf 75' lang='lat' dir='ltr'><strong>affectu,</strong></span> <span class='ocrx_word' id='word_1_81' title='bbox 1332 1132 1392 1178; x_wconf 90' lang='lat' dir='ltr'><strong>ut</strong></span> <span class='ocrx_word' id='word_1_82' title='bbox 1449 1125 1641 1179; x_wconf 78' lang='lat' dir='ltr'><strong>beatus</strong></span> <span class='ocrx_word' id='word_1_83' title='bbox 1695 1138 1833 1193; x_wconf 83' lang='lat' dir='ltr'><strong>papa</strong></span> 
     </span>
    </p>
   </div>
   <div class='ocr_carea' id='block_1_14' title="bbox 246 1210 1836 1284">
    <p class='ocr_par' dir='ltr' id='par_1_14' title="bbox 246 1210 1836 1284">
     <span class='ocr_line' id='line_1_14' title="bbox 246 1210 1836 1284; baseline 0 -17"><span class='ocrx_word' id='word_1_84' title='bbox 246 1210 552 1283; x_wconf 72' lang='lat' dir='ltr'><strong>Gregorius</strong></span> <span class='ocrx_word' id='word_1_85' title='bbox 592 1212 769 1277; x_wconf 82' lang='lat' dir='ltr'><strong>docet,</strong></span> <span class='ocrx_word' id='word_1_86' title='bbox 800 1215 962 1268; x_wconf 87' lang='lat' dir='ltr'><strong>corde</strong></span> <span class='ocrx_word' id='word_1_87' title='bbox 994 1215 1240 1284; x_wconf 79' lang='lat' dir='ltr'><strong>gestabat</strong></span> <span class='ocrx_word' id='word_1_88' title='bbox 1268 1224 1323 1269; x_wconf 91' lang='lat' dir='ltr'><strong>et</strong></span> <span class='ocrx_word' id='word_1_89' title='bbox 1357 1228 1609 1282; x_wconf 88' lang='lat' dir='ltr'><strong>corpore,</strong></span> <span class='ocrx_word' id='word_1_90' title='bbox 1637 1214 1726 1283; x_wconf 85' lang='lat' dir='ltr'><strong>qui</strong></span> <span class='ocrx_word' id='word_1_91' title='bbox 1754 1213 1836 1267; x_wconf 89' lang='lat' dir='ltr'><strong>di-</strong></span> 
     </span>
    </p>
   </div>
   <div class='ocr_carea' id='block_1_15' title="bbox 246 1300 1835 1373">
    <p class='ocr_par' dir='ltr' id='par_1_15' title="bbox 246 1300 1835 1373">
     <span class='ocr_line' id='line_1_15' title="bbox 246 1300 1835 1373; baseline -0.001 -17"><span class='ocrx_word' id='word_1_92' title='bbox 246 1301 413 1356; x_wconf 84' lang='lat' dir='ltr'><strong>cebat</strong></span> <span class='ocrx_word' id='word_1_93' title='bbox 449 1317 465 1356; x_wconf 93' lang='lat'><strong>:</strong></span> <span class='ocrx_word' id='word_1_94' title='bbox 496 1300 642 1355; x_wconf 79' lang='lat' dir='ltr'><strong>Absit</strong></span> <span class='ocrx_word' id='word_1_95' title='bbox 669 1302 797 1356; x_wconf 77' lang='lat' dir='ltr'><strong>milii</strong></span> <span class='ocrx_word' id='word_1_96' title='bbox 817 1301 1035 1373; x_wconf 85' lang='lat' dir='ltr'><strong>gloriari</strong></span> <span class='ocrx_word' id='word_1_97' title='bbox 1051 1303 1151 1357; x_wconf 91' lang='lat' dir='ltr'><strong>nisi</strong></span> <span class='ocrx_word' id='word_1_98' title='bbox 1173 1302 1225 1357; x_wconf 89' lang='lat' dir='ltr'><strong>in</strong></span> <span class='ocrx_word' id='word_1_99' title='bbox 1255 1318 1407 1355; x_wconf 72' lang='lat' dir='ltr'><strong>cruce</strong></span> <span class='ocrx_word' id='word_1_100' title='bbox 1432 1300 1643 1355; x_wconf 77' lang='lat' dir='ltr'><strong>Domini</strong></span> <span class='ocrx_word' id='word_1_101' title='bbox 1670 1302 1835 1355; x_wconf 85' lang='lat' dir='ltr'><strong>nostri</strong></span> 
     </span>
    </p>
   </div>
   <div class='ocr_carea' id='block_1_16' title="bbox 245 1388 1835 1463">
    <p class='ocr_par' dir='ltr' id='par_1_16' title="bbox 245 1388 1835 1463">
     <span class='ocr_line' id='line_1_16' title="bbox 245 1388 1835 1463; baseline 0.003 -19"><span class='ocrx_word' id='word_1_102' title='bbox 245 1390 384 1445; x_wconf 78' lang='lat' dir='ltr'><strong>Jesu</strong></span> <span class='ocrx_word' id='word_1_103' title='bbox 404 1388 634 1455; x_wconf 73' lang='lat' dir='ltr'><strong>Christi;</strong></span> <span class='ocrx_word' id='word_1_104' title='bbox 663 1392 753 1461; x_wconf 90' lang='lat' dir='ltr'><strong>qui</strong></span> <span class='ocrx_word' id='word_1_105' title='bbox 792 1392 956 1447; x_wconf 90' lang='lat' dir='ltr'><strong>etiam</strong></span> <span class='ocrx_word' id='word_1_106' title='bbox 986 1405 1045 1447; x_wconf 87' lang='lat' dir='ltr'><strong>se</strong></span> <span class='ocrx_word' id='word_1_107' title='bbox 1082 1392 1201 1447; x_wconf 87' lang='lat' dir='ltr'><strong>ideo</strong></span> <span class='ocrx_word' id='word_1_108' title='bbox 1228 1393 1495 1463; x_wconf 82' lang='lat' dir='ltr'><strong>gaudebat</strong></span> <span class='ocrx_word' id='word_1_109' title='bbox 1525 1393 1835 1463; x_wconf 79' lang='lat' dir='ltr'><strong>pervenisse</strong></span> 
     </span>
    </p>
   </div>
   <div class='ocr_carea' id='block_1_17' title="bbox 248 1480 1834 1554">
    <p class='ocr_par' dir='ltr' id='par_1_17' title="bbox 248 1480 1834 1554">
     <span class='ocr_line' id='line_1_17' title="bbox 248 1480 1834 1554; baseline 0.003 -22"><span class='ocrx_word' id='word_1_110' title='bbox 248 1480 322 1533; x_wconf 78' lang='lat' dir='ltr'><strong>ad</strong></span> <span class='ocrx_word' id='word_1_111' title='bbox 347 1482 589 1536; x_wconf 59' lang='lat' dir='ltr'><strong>scientiae</strong></span> <span class='ocrx_word' id='word_1_112' title='bbox 609 1490 662 1535; x_wconf 90' lang='lat' dir='ltr'><strong>et</strong></span> <span class='ocrx_word' id='word_1_113' title='bbox 688 1482 1286 1551; x_wconf 69' lang='lat' dir='ltr'><strong>sapientim’cumulum,</strong></span> <span class='ocrx_word' id='word_1_114' title='bbox 1340 1498 1462 1538; x_wconf 91' lang='lat' dir='ltr'><strong>cum</strong></span> <span class='ocrx_word' id='word_1_115' title='bbox 1503 1483 1834 1554; x_wconf 72' lang='lat' dir='ltr'><strong>gloriabatur</strong></span> 
     </span>
    </p>
   </div>
   <div class='ocr_carea' id='block_1_18' title="bbox 251 1569 1835 1627">
    <p class='ocr_par' dir='ltr' id='par_1_18' title="bbox 251 1569 1835 1627">
     <span class='ocr_line' id='line_1_18' title="bbox 251 1569 1835 1627; baseline 0.001 -4"><span class='ocrx_word' id='word_1_116' title='bbox 251 1570 393 1623; x_wconf 84' lang='lat' dir='ltr'><strong>nihil</strong></span> <span class='ocrx_word' id='word_1_117' title='bbox 419 1585 478 1625; x_wconf 92' lang='lat' dir='ltr'><strong>se</strong></span> <span class='ocrx_word' id='word_1_118' title='bbox 500 1571 643 1625; x_wconf 87' lang='lat' dir='ltr'><strong>scire</strong></span> <span class='ocrx_word' id='word_1_119' title='bbox 671 1571 772 1626; x_wconf 85' lang='lat' dir='ltr'><strong>nisi</strong></span> <span class='ocrx_word' id='word_1_120' title='bbox 818 1569 1000 1625; x_wconf 74' lang='lat' dir='ltr'><strong>Je&#39;sum</strong></span> <span class='ocrx_word' id='word_1_121' title='bbox 1049 1572 1322 1627; x_wconf 80' lang='lat' dir='ltr'><strong>Christum</strong></span> <span class='ocrx_word' id='word_1_122' title='bbox 1356 1584 1411 1627; x_wconf 89' lang='lat' dir='ltr'><strong>et</strong></span> <span class='ocrx_word' id='word_1_123' title='bbox 1440 1574 1581 1627; x_wconf 88' lang='lat' dir='ltr'><strong>hunc</strong></span> <span class='ocrx_word' id='word_1_124' title='bbox 1619 1571 1835 1627; x_wconf 79' lang='lat' dir='ltr'><strong>crucifi-</strong></span> 
     </span>
    </p>
   </div>
   <div class='ocr_carea' id='block_1_19' title="bbox 246 1661 1833 1734">
    <p class='ocr_par' dir='ltr' id='par_1_19' title="bbox 246 1661 1833 1734">
     <span class='ocr_line' id='line_1_19' title="bbox 246 1661 1833 1734; baseline 0 -18"><span class='ocrx_word' id='word_1_125' title='bbox 246 1677 402 1717; x_wconf 75' lang='lat' dir='ltr'><strong>xum.</strong></span> <span class='ocrx_word' id='word_1_126' title='bbox 430 1662 700 1731; x_wconf 84' lang='lat' dir='ltr'><strong>Quidquid</strong></span> <span class='ocrx_word' id='word_1_127' title='bbox 751 1665 894 1717; x_wconf 91' lang='lat' dir='ltr'><strong>enim</strong></span> <span class='ocrx_word' id='word_1_128' title='bbox 936 1680 1035 1734; x_wconf 91' lang='lat' dir='ltr'><strong>pro</strong></span> <span class='ocrx_word' id='word_1_129' title='bbox 1075 1664 1293 1720; x_wconf 88' lang='lat' dir='ltr'><strong>Christo</strong></span> <span class='ocrx_word' id='word_1_130' title='bbox 1337 1663 1458 1733; x_wconf 90' lang='lat' dir='ltr'><strong>quis</strong></span> <span class='ocrx_word' id='word_1_131' title='bbox 1508 1664 1714 1732; x_wconf 88' lang='lat' dir='ltr'><strong>patitur</strong></span> <span class='ocrx_word' id='word_1_132' title='bbox 1766 1661 1833 1717; x_wconf 87' lang='lat' dir='ltr'><strong>ad</strong></span> 
     </span>
    </p>
   </div>
   <div class='ocr_carea' id='block_1_20' title="bbox 1920 486 3507 563">
    <p class='ocr_par' dir='ltr' id='par_1_20' title="bbox 1920 486 3507 563">
     <span class='ocr_line' id='line_1_20' title="bbox 1920 486 3507 563; baseline 0.001 -20"><span class='ocrx_word' id='word_1_133' title='bbox 1920 502 1998 543; x_wconf 79' lang='lat' dir='ltr'><strong>.ro</strong></span> <span class='ocrx_word' id='word_1_134' title='bbox 2022 486 2302 560; x_wconf 76' lang='lat' dir='ltr'><strong>granditer</strong></span> <span class='ocrx_word' id='word_1_135' title='bbox 2329 487 2513 543; x_wconf 79' lang='lat' dir='ltr'><strong>dicere</strong></span> <span class='ocrx_word' id='word_1_136' title='bbox 2542 487 2866 557; x_wconf 79' lang='lat' dir='ltr'><strong>potuerunt?</strong></span> <span class='ocrx_word' id='word_1_137' title='bbox 2889 486 2969 543; x_wconf 76' lang='lat' dir='ltr'><strong>Ad</strong></span> <span class='ocrx_word' id='word_1_138' title='bbox 2989 487 3291 563; x_wconf 78' lang='lat' dir='ltr'><strong>enarranda</strong></span> <span class='ocrx_word' id='word_1_139' title='bbox 3317 502 3507 545; x_wconf 83' lang='lat' dir='ltr'><strong>eorum</strong></span> 
     </span>
    </p>
   </div>
   <div class='ocr_carea' id='block_1_21' title="bbox 1936 574 3510 646">
    <p class='ocr_par' dir='ltr' id='par_1_21' title="bbox 1936 574 3510 646">
     <span class='ocr_line' id='line_1_21' title="bbox 1936 574 3510 646; baseline -0.001 -15"><span class='ocrx_word' id='word_1_140' title='bbox 1936 578 2129 631; x_wconf 87' lang='lat' dir='ltr'><strong>merita</strong></span> <span class='ocrx_word' id='word_1_141' title='bbox 2170 584 2229 630; x_wconf 92' lang='lat' dir='ltr'><strong>et</strong></span> <span class='ocrx_word' id='word_1_142' title='bbox 2250 576 2428 631; x_wconf 83' lang='lat' dir='ltr'><strong>studia</strong></span> <span class='ocrx_word' id='word_1_143' title='bbox 2461 592 2566 632; x_wconf 93' lang='lat' dir='ltr'><strong>non</strong></span> <span class='ocrx_word' id='word_1_144' title='bbox 2596 574 2793 632; x_wconf 83' lang='lat' dir='ltr'><strong>sullicit</strong></span> <span class='ocrx_word' id='word_1_145' title='bbox 2818 585 3021 632; x_wconf 71' lang='lat' dir='ltr'><strong>nostrae</strong></span> <span class='ocrx_word' id='word_1_146' title='bbox 3048 577 3333 646; x_wconf 67' lang='lat' dir='ltr'><strong>parvitatis</strong></span> <span class='ocrx_word' id='word_1_147' title='bbox 3364 575 3510 645; x_wconf 81' lang='lat' dir='ltr'><strong>igna-</strong></span> 
     </span>
    </p>
   </div>
   <div class='ocr_carea' id='block_1_22' title="bbox 1936 665 3509 735">
    <p class='ocr_par' dir='ltr' id='par_1_22' title="bbox 1936 665 3509 735">
     <span class='ocr_line' id='line_1_22' title="bbox 1936 665 3509 735; baseline -0.002 -13"><span class='ocrx_word' id='word_1_148' title='bbox 1936 667 2043 728; x_wconf 80' lang='lat' dir='ltr'><strong>via.</strong></span> <span class='ocrx_word' id='word_1_149' title='bbox 2069 681 2247 735; x_wconf 85' lang='lat' dir='ltr'><strong>neque</strong></span> <span class='ocrx_word' id='word_1_150' title='bbox 2272 680 2463 721; x_wconf 89' lang='lat' dir='ltr'><strong>eorum</strong></span> <span class='ocrx_word' id='word_1_151' title='bbox 2498 666 2943 721; x_wconf 83' lang='lat' dir='ltr'><strong>numerositatem</strong></span> <span class='ocrx_word' id='word_1_152' title='bbox 3007 665 3267 722; x_wconf 86' lang='lat' dir='ltr'><strong>nobilium</strong></span> <span class='ocrx_word' id='word_1_153' title='bbox 3313 665 3509 721; x_wconf 84' lang='lat' dir='ltr'><strong>dictio-</strong></span> 
     </span>
    </p>
   </div>
   <div class='ocr_carea' id='block_1_23' title="bbox 1935 757 3510 827">
    <p class='ocr_par' dir='ltr' id='par_1_23' title="bbox 1935 757 3510 827">
     <span class='ocr_line' id='line_1_23' title="bbox 1935 757 3510 827; baseline -0.002 -14"><span class='ocrx_word' id='word_1_154' title='bbox 1935 775 2085 821; x_wconf 89' lang='lat' dir='ltr'><strong>num,</strong></span> <span class='ocrx_word' id='word_1_155' title='bbox 2112 758 2417 827; x_wconf 84' lang='lat' dir='ltr'><strong>ignorantia</strong></span> <span class='ocrx_word' id='word_1_156' title='bbox 2457 757 2775 815; x_wconf 84' lang='lat' dir='ltr'><strong>obsistente.</strong></span> <span class='ocrx_word' id='word_1_157' title='bbox 2811 757 3048 812; x_wconf 83' lang='lat' dir='ltr'><strong>tenuitas</strong></span> <span class='ocrx_word' id='word_1_158' title='bbox 3070 767 3271 812; x_wconf 74' lang='lat' dir='ltr'><strong>nostrzn</strong></span> <span class='ocrx_word' id='word_1_159' title='bbox 3300 773 3510 812; x_wconf 82' lang='lat' dir='ltr'><strong>memo-</strong></span> 
     </span>
    </p>
   </div>
   <div class='ocr_carea' id='block_1_24' title="bbox 1936 846 3510 917">
    <p class='ocr_par' dir='ltr' id='par_1_24' title="bbox 1936 846 3510 917">
     <span class='ocr_line' id='line_1_24' title="bbox 1936 846 3510 917; baseline 0.001 -15"><span class='ocrx_word' id='word_1_160' title='bbox 1936 849 2030 902; x_wconf 84' lang='lat' dir='ltr'><strong>ri:e</strong></span> <span class='ocrx_word' id='word_1_161' title='bbox 2058 848 2202 901; x_wconf 82' lang='lat' dir='ltr'><strong>valet</strong></span> <span class='ocrx_word' id='word_1_162' title='bbox 2239 848 2403 903; x_wconf 83' lang='lat' dir='ltr'><strong>etiam</strong></span> <span class='ocrx_word' id='word_1_163' title='bbox 2440 862 2563 917; x_wconf 71' lang='lat' dir='ltr'><strong>quae</strong></span> <span class='ocrx_word' id='word_1_164' title='bbox 2590 847 2781 902; x_wconf 85' lang='lat' dir='ltr'><strong>dicunt</strong></span> <span class='ocrx_word' id='word_1_165' title='bbox 2829 848 2897 902; x_wconf 85' lang='lat' dir='ltr'><strong>ad</strong></span> <span class='ocrx_word' id='word_1_166' title='bbox 2928 846 3143 915; x_wconf 88' lang='lat' dir='ltr'><strong>plenum</strong></span> <span class='ocrx_word' id='word_1_167' title='bbox 3186 862 3510 913; x_wconf 76' lang='lat' dir='ltr'><strong>agnoscere.</strong></span> 
     </span>
    </p>
   </div>
   <div class='ocr_carea' id='block_1_25' title="bbox 1933 938 3513 995">
    <p class='ocr_par' dir='ltr' id='par_1_25' title="bbox 1933 938 3513 995">
     <span class='ocr_line' id='line_1_25' title="bbox 1933 938 3513 995; baseline -0.003 0"><span class='ocrx_word' id='word_1_168' title='bbox 1933 939 2135 995; x_wconf 82' lang='lat' dir='ltr'><strong>Omnes</strong></span> <span class='ocrx_word' id='word_1_169' title='bbox 2166 938 2328 993; x_wconf 88' lang='lat' dir='ltr'><strong>etiam</strong></span> <span class='ocrx_word' id='word_1_170' title='bbox 2360 940 2613 993; x_wconf 74' lang='lat' dir='ltr'><strong>catholici</strong></span> <span class='ocrx_word' id='word_1_171' title='bbox 2640 938 2891 994; x_wconf 88' lang='lat' dir='ltr'><strong>doctores</strong></span> <span class='ocrx_word' id='word_1_172' title='bbox 2907 938 3163 992; x_wconf 67' lang='lat' dir='ltr'><strong>Ecclesiae</strong></span> <span class='ocrx_word' id='word_1_173' title='bbox 3186 939 3513 992; x_wconf 87' lang='lat' dir='ltr'><strong>studuerunt</strong></span> 
     </span>
    </p>
   </div>
   <div class='ocr_carea' id='block_1_26' title="bbox 1933 1028 3510 1103">
    <p class='ocr_par' dir='ltr' id='par_1_26' title="bbox 1933 1028 3510 1103">
     <span class='ocr_line' id='line_1_26' title="bbox 1933 1028 3510 1103; baseline -0.003 -17"><span class='ocrx_word' id='word_1_174' title='bbox 1933 1034 2001 1087; x_wconf 88' lang='lat' dir='ltr'><strong>de</strong></span> <span class='ocrx_word' id='word_1_175' title='bbox 2056 1031 2318 1103; x_wconf 80' lang='lat' dir='ltr'><strong>mysterio</strong></span> <span class='ocrx_word' id='word_1_176' title='bbox 2344 1031 2525 1085; x_wconf 88' lang='lat' dir='ltr'><strong>crucis</strong></span> <span class='ocrx_word' id='word_1_177' title='bbox 2547 1041 2600 1083; x_wconf 85' lang='lat' dir='ltr'><strong>et</strong></span> <span class='ocrx_word' id='word_1_178' title='bbox 2620 1031 2887 1099; x_wconf 80' lang='lat' dir='ltr'><strong>passionis</strong></span> <span class='ocrx_word' id='word_1_179' title='bbox 2929 1028 3220 1084; x_wconf 68' lang='lat' dir='ltr'><strong>Dominicae</strong></span> <span class='ocrx_word' id='word_1_180' title='bbox 3245 1039 3510 1097; x_wconf 86' lang='lat' dir='ltr'><strong>quantum</strong></span> 
     </span>
    </p>
   </div>
   <div class='ocr_carea' id='block_1_27' title="bbox 1936 1119 3511 1187">
    <p class='ocr_par' dir='ltr' id='par_1_27' title="bbox 1936 1119 3511 1187">
     <span class='ocr_line' id='line_1_27' title="bbox 1936 1119 3511 1187; baseline -0.004 -8"><span class='ocrx_word' id='word_1_181' title='bbox 1936 1140 2158 1181; x_wconf 87' lang='lat' dir='ltr'><strong>necesse</strong></span> <span class='ocrx_word' id='word_1_182' title='bbox 2193 1134 2322 1179; x_wconf 90' lang='lat' dir='ltr'><strong>tunc</strong></span> <span class='ocrx_word' id='word_1_183' title='bbox 2360 1124 2717 1187; x_wconf 79' lang='lat' dir='ltr'><strong>ﬁiitedicere,</strong></span> <span class='ocrx_word' id='word_1_184' title='bbox 2752 1122 2841 1176; x_wconf 86' lang='lat' dir='ltr'><strong>alii</strong></span> <span class='ocrx_word' id='word_1_185' title='bbox 2872 1119 3160 1185; x_wconf 89' lang='lat' dir='ltr'><strong>occultius,</strong></span> <span class='ocrx_word' id='word_1_186' title='bbox 3190 1119 3279 1175; x_wconf 84' lang='lat' dir='ltr'><strong>alii</strong></span> <span class='ocrx_word' id='word_1_187' title='bbox 3330 1119 3511 1173; x_wconf 83' lang='lat' dir='ltr'><strong>mani-</strong></span> 
     </span>
    </p>
   </div>
   <div class='ocr_carea' id='block_1_28' title="bbox 1934 1209 3508 1280">
    <p class='ocr_par' dir='ltr' id='par_1_28' title="bbox 1934 1209 3508 1280">
     <span class='ocr_line' id='line_1_28' title="bbox 1934 1209 3508 1280; baseline -0.006 -9"><span class='ocrx_word' id='word_1_188' title='bbox 1934 1217 2146 1280; x_wconf 78' lang='lat' dir='ltr'><strong>festius,</strong></span> <span class='ocrx_word' id='word_1_189' title='bbox 2172 1216 2261 1270; x_wconf 87' lang='lat' dir='ltr'><strong>alii</strong></span> <span class='ocrx_word' id='word_1_190' title='bbox 2298 1214 2564 1269; x_wconf 79' lang='lat' dir='ltr'><strong>dilfusins.</strong></span> <span class='ocrx_word' id='word_1_191' title='bbox 2608 1211 2753 1267; x_wconf 84' lang='lat' dir='ltr'><strong>Inter</strong></span> <span class='ocrx_word' id='word_1_192' title='bbox 2797 1226 2933 1279; x_wconf 89' lang='lat' dir='ltr'><strong>quos</strong></span> <span class='ocrx_word' id='word_1_193' title='bbox 2975 1209 3211 1265; x_wconf 86' lang='lat' dir='ltr'><strong>Joannes</strong></span> <span class='ocrx_word' id='word_1_194' title='bbox 3271 1209 3508 1279; x_wconf 83' lang='lat' dir='ltr'><strong>Chryso-</strong></span> 
     </span>
    </p>
   </div>
   <div class='ocr_carea' id='block_1_29' title="bbox 1935 1301 3515 1364">
    <p class='ocr_par' dir='ltr' id='par_1_29' title="bbox 1935 1301 3515 1364">
     <span class='ocr_line' id='line_1_29' title="bbox 1935 1301 3515 1364; baseline -0.006 0"><span class='ocrx_word' id='word_1_195' title='bbox 1935 1317 2144 1364; x_wconf 84' lang='lat' dir='ltr'><strong>stomus</strong></span> <span class='ocrx_word' id='word_1_196' title='bbox 2167 1308 2378 1362; x_wconf 91' lang='lat' dir='ltr'><strong>locutus</strong></span> <span class='ocrx_word' id='word_1_197' title='bbox 2401 1314 2487 1359; x_wconf 90' lang='lat' dir='ltr'><strong>est</strong></span> <span class='ocrx_word' id='word_1_198' title='bbox 2506 1305 2673 1359; x_wconf 87' lang='lat' dir='ltr'><strong>multo</strong></span> <span class='ocrx_word' id='word_1_199' title='bbox 2693 1303 2906 1358; x_wconf 55' lang='lat' dir='ltr'><strong>iacteris</strong></span> <span class='ocrx_word' id='word_1_200' title='bbox 2935 1302 3312 1355; x_wconf 86' lang='lat' dir='ltr'><strong>abundantius.</strong></span> <span class='ocrx_word' id='word_1_201' title='bbox 3347 1301 3515 1355; x_wconf 83' lang='lat' dir='ltr'><strong>Multo</strong></span> 
     </span>
    </p>
   </div>
   <div class='ocr_carea' id='block_1_30' title="bbox 1937 1395 3515 1471">
    <p class='ocr_par' dir='ltr' id='par_1_30' title="bbox 1937 1395 3515 1471">
     <span class='ocr_line' id='line_1_30' title="bbox 1937 1395 3515 1471; baseline -0.004 -16"><span class='ocrx_word' id='word_1_202' title='bbox 1937 1408 2056 1471; x_wconf 85' lang='lat' dir='ltr'><strong>post</strong></span> <span class='ocrx_word' id='word_1_203' title='bbox 2099 1400 2247 1453; x_wconf 89' lang='lat' dir='ltr'><strong>illum</strong></span> <span class='ocrx_word' id='word_1_204' title='bbox 2290 1408 2533 1465; x_wconf 77' lang='lat' dir='ltr'><strong>tempore</strong></span> <span class='ocrx_word' id='word_1_205' title='bbox 2573 1396 2746 1451; x_wconf 86' lang='lat' dir='ltr'><strong>eluxit</strong></span> <span class='ocrx_word' id='word_1_206' title='bbox 2796 1395 3016 1466; x_wconf 84' lang='lat' dir='ltr'><strong>quidam</strong></span> <span class='ocrx_word' id='word_1_207' title='bbox 3044 1395 3365 1456; x_wconf 85' lang='lat' dir='ltr'><strong>monachus,</strong></span> <span class='ocrx_word' id='word_1_208' title='bbox 3393 1404 3515 1463; x_wconf 82' lang='lat' dir='ltr'><strong>post</strong></span> 
     </span>
    </p>
   </div>
   <div class='ocr_carea' id='block_1_31' title="bbox 1937 1480 3514 1556">
    <p class='ocr_par' dir='ltr' id='par_1_31' title="bbox 1937 1480 3514 1556">
     <span class='ocr_line' id='line_1_31' title="bbox 1937 1480 3514 1556; baseline -0.004 -12"><span class='ocrx_word' id='word_1_209' title='bbox 1937 1490 2260 1544; x_wconf 87' lang='lat' dir='ltr'><strong>monachum</strong></span> <span class='ocrx_word' id='word_1_210' title='bbox 2291 1486 2617 1556; x_wconf 58' lang='lat' dir='ltr'><strong>Moguntina}</strong></span> <span class='ocrx_word' id='word_1_211' title='bbox 2645 1482 2885 1540; x_wconf 86' lang='lat' dir='ltr'><strong>civitatis</strong></span> <span class='ocrx_word' id='word_1_212' title='bbox 2931 1480 3254 1554; x_wconf 75' lang='lat' dir='ltr'><strong>episcopus,‘</strong></span> <span class='ocrx_word' id='word_1_213' title='bbox 3293 1483 3514 1537; x_wconf 87' lang='lat' dir='ltr'><strong>nomine</strong></span> 
     </span>
    </p>
   </div>
   <div class='ocr_carea' id='block_1_32' title="bbox 1937 1573 3514 1644">
    <p class='ocr_par' dir='ltr' id='par_1_32' title="bbox 1937 1573 3514 1644">
     <span class='ocr_line' id='line_1_32' title="bbox 1937 1573 3514 1644; baseline -0.004 -10"><span class='ocrx_word' id='word_1_214' title='bbox 1937 1580 2212 1644; x_wconf 78' lang='lat' dir='ltr'><strong>Rahatttts,</strong></span> <span class='ocrx_word' id='word_1_215' title='bbox 2269 1578 2513 1634; x_wconf 64' lang='lat' dir='ltr'><strong>saeculari</strong></span> <span class='ocrx_word' id='word_1_216' title='bbox 2564 1576 2791 1632; x_wconf 87' lang='lat' dir='ltr'><strong>scientia</strong></span> <span class='ocrx_word' id='word_1_217' title='bbox 2837 1573 3039 1630; x_wconf 83' lang='lat' dir='ltr'><strong>aﬁ‘atim</strong></span> <span class='ocrx_word' id='word_1_218' title='bbox 3079 1576 3349 1638; x_wconf 86' lang='lat' dir='ltr'><strong>eruditus,</strong></span> <span class='ocrx_word' id='word_1_219' title='bbox 3412 1574 3514 1628; x_wconf 78' lang='lat' dir='ltr'><strong>ﬁdo</strong></span> 
     </span>
    </p>
   </div>
   <div class='ocr_carea' id='block_1_33' title="bbox 1938 1663 3515 1739">
    <p class='ocr_par' dir='ltr' id='par_1_33' title="bbox 1938 1663 3515 1739">
     <span class='ocr_line' id='line_1_33' title="bbox 1938 1663 3515 1739; baseline -0.007 -12"><span class='ocrx_word' id='word_1_220' title='bbox 1938 1672 2258 1731; x_wconf 87' lang='lat' dir='ltr'><strong>catholicus,</strong></span> <span class='ocrx_word' id='word_1_221' title='bbox 2295 1667 2514 1739; x_wconf 84' lang='lat' dir='ltr'><strong>speciali</strong></span> <span class='ocrx_word' id='word_1_222' title='bbox 2545 1667 2771 1722; x_wconf 81' lang='lat' dir='ltr'><strong>scientia</strong></span> <span class='ocrx_word' id='word_1_223' title='bbox 2804 1666 2871 1721; x_wconf 89' lang='lat' dir='ltr'><strong>ad</strong></span> <span class='ocrx_word' id='word_1_224' title='bbox 2899 1665 3113 1734; x_wconf 90' lang='lat' dir='ltr'><strong>plenum</strong></span> <span class='ocrx_word' id='word_1_225' title='bbox 3142 1665 3385 1720; x_wconf 82' lang='lat' dir='ltr'><strong>edoctus.</strong></span> <span class='ocrx_word' id='word_1_226' title='bbox 3417 1663 3515 1717; x_wconf 78' lang='lat' dir='ltr'><strong>llic</strong></span> 
     </span>
    </p>
   </div>
   <div class='ocr_carea' id='block_1_34' title="bbox 245 1732 1835 1826">
    <p class='ocr_par' dir='ltr' id='par_1_34' title="bbox 245 1753 1833 1824">
     <span class='ocr_line' id='line_1_34' title="bbox 245 1753 1833 1824; baseline -0.001 -16"><span class='ocrx_word' id='word_1_227' title='bbox 245 1755 559 1824; x_wconf 83' lang='lat' dir='ltr'><strong>exemplum</strong></span> <span class='ocrx_word' id='word_1_228' title='bbox 604 1754 900 1810; x_wconf 76' lang='lat' dir='ltr'><strong>Dominica:</strong></span> <span class='ocrx_word' id='word_1_229' title='bbox 957 1755 1243 1823; x_wconf 87' lang='lat' dir='ltr'><strong>passionis,</strong></span> <span class='ocrx_word' id='word_1_230' title='bbox 1288 1770 1453 1810; x_wconf 89' lang='lat' dir='ltr'><strong>causa</strong></span> <span class='ocrx_word' id='word_1_231' title='bbox 1501 1753 1725 1809; x_wconf 65' lang='lat' dir='ltr'><strong>honoris</strong></span> <span class='ocrx_word' id='word_1_232' title='bbox 1777 1761 1833 1809; x_wconf 88' lang='lat' dir='ltr'><strong>et</strong></span> 
     </span>
    </p>
   </div>
   <div class='ocr_carea' id='block_1_35' title="bbox 1935 1732 3517 1826">
    <p class='ocr_par' dir='ltr' id='par_1_35' title="bbox 1939 1732 3517 1826">
     <span class='ocr_line' id='line_1_35' title="bbox 1939 1732 3517 1826; baseline -0.004 -9"><span class='ocrx_word' id='word_1_233' title='bbox 1939 1762 2044 1817; x_wconf 85' lang='lat' dir='ltr'><strong>tale</strong></span> <span class='ocrx_word' id='word_1_234' title='bbox 2074 1761 2140 1815; x_wconf 89' lang='lat' dir='ltr'><strong>de</strong></span> <span class='ocrx_word' id='word_1_235' title='bbox 2167 1732 2340 1813; x_wconf 73' lang='lat' dir='ltr'><strong>laude</strong></span> <span class='ocrx_word' id='word_1_236' title='bbox 2364 1758 2542 1813; x_wconf 88' lang='lat' dir='ltr'><strong>crucis</strong></span> <span class='ocrx_word' id='word_1_237' title='bbox 2588 1757 2799 1813; x_wconf 83' lang='lat' dir='ltr'><strong>orditas</strong></span> <span class='ocrx_word' id='word_1_238' title='bbox 2851 1732 2936 1810; x_wconf 83' lang='lat' dir='ltr'><strong>est</strong></span> <span class='ocrx_word' id='word_1_239' title='bbox 2981 1771 3117 1826; x_wconf 87' lang='lat' dir='ltr'><strong>opus</strong></span> <span class='ocrx_word' id='word_1_240' title='bbox 3142 1764 3198 1809; x_wconf 89' lang='lat' dir='ltr'><strong>et</strong></span> <span class='ocrx_word' id='word_1_241' title='bbox 3232 1754 3428 1816; x_wconf 83' lang='lat' dir='ltr'><strong>texuit,</strong></span> <span class='ocrx_word' id='word_1_242' title='bbox 3460 1764 3517 1811; x_wconf 89' lang='lat' dir='ltr'><strong>et</strong></span> 
     </span>
    </p>
   </div>
   <div class='ocr_carea' id='block_1_36' title="bbox 247 1838 1836 1915">
    <p class='ocr_par' dir='ltr' id='par_1_36' title="bbox 247 1838 1836 1915">
     <span class='ocr_line' id='line_1_36' title="bbox 247 1838 1836 1915; baseline 0.002 -19"><span class='ocrx_word' id='word_1_243' title='bbox 247 1838 441 1915; x_wconf 75' lang='lat' dir='ltr'><strong>gloriae</strong></span> <span class='ocrx_word' id='word_1_244' title='bbox 468 1847 655 1900; x_wconf 81' lang='lat' dir='ltr'><strong>eadem</strong></span> <span class='ocrx_word' id='word_1_245' title='bbox 680 1846 864 1915; x_wconf 79' lang='lat' dir='ltr'><strong>passio</strong></span> <span class='ocrx_word' id='word_1_246' title='bbox 896 1847 1172 1903; x_wconf 83' lang='lat' dir='ltr'><strong>cruciatus</strong></span> <span class='ocrx_word' id='word_1_247' title='bbox 1216 1856 1460 1901; x_wconf 82' lang='lat' dir='ltr'><strong>vocatur.</strong></span> <span class='ocrx_word' id='word_1_248' title='bbox 1505 1842 1594 1900; x_wconf 86' lang='lat' dir='ltr'><strong>Illa</strong></span> <span class='ocrx_word' id='word_1_249' title='bbox 1641 1844 1836 1899; x_wconf 90' lang='lat' dir='ltr'><strong>mulier</strong></span> 
     </span>
    </p>
   </div>
   <div class='ocr_carea' id='block_1_37' title="bbox 247 1935 1830 2009">
    <p class='ocr_par' dir='ltr' id='par_1_37' title="bbox 247 1935 1830 2009">
     <span class='ocr_line' id='line_1_37' title="bbox 247 1935 1830 2009; baseline 0.003 -20"><span class='ocrx_word' id='word_1_250' title='bbox 247 1936 321 1989; x_wconf 88' lang='lat' dir='ltr'><strong>de</strong></span> <span class='ocrx_word' id='word_1_251' title='bbox 345 1935 482 1991; x_wconf 90' lang='lat' dir='ltr'><strong>libro</strong></span> <span class='ocrx_word' id='word_1_252' title='bbox 502 1936 830 2007; x_wconf 75' lang='lat' dir='ltr'><strong>Regnorum.</strong></span> <span class='ocrx_word' id='word_1_253' title='bbox 851 1954 969 2007; x_wconf 77' lang='lat' dir='ltr'><strong>quac</strong></span> <span class='ocrx_word' id='word_1_254' title='bbox 991 1940 1348 2008; x_wconf 69' lang='lat' dir='ltr'><strong>preplietante</strong></span> <span class='ocrx_word' id='word_1_255' title='bbox 1372 1939 1482 1993; x_wconf 80' lang='lat' dir='ltr'><strong>Elia</strong></span> <span class='ocrx_word' id='word_1_256' title='bbox 1506 1938 1571 1992; x_wconf 87' lang='lat' dir='ltr'><strong>ad</strong></span> <span class='ocrx_word' id='word_1_257' title='bbox 1597 1939 1830 2009; x_wconf 88' lang='lat' dir='ltr'><strong>speciem</strong></span> 
     </span>
    </p>
   </div>
   <div class='ocr_carea' id='block_1_38' title="bbox 246 2028 1834 2102">
    <p class='ocr_par' dir='ltr' id='par_1_38' title="bbox 246 2028 1834 2102">
     <span class='ocr_line' id='line_1_38' title="bbox 246 2028 1834 2102; baseline 0.003 -20"><span class='ocrx_word' id='word_1_258' title='bbox 246 2029 435 2084; x_wconf 88' lang='lat' dir='ltr'><strong>crucis</strong></span> <span class='ocrx_word' id='word_1_259' title='bbox 456 2028 562 2083; x_wconf 90' lang='lat' dir='ltr'><strong>duo</strong></span> <span class='ocrx_word' id='word_1_260' title='bbox 583 2031 786 2085; x_wconf 86' lang='lat' dir='ltr'><strong>studuit</strong></span> <span class='ocrx_word' id='word_1_261' title='bbox 811 2030 950 2102; x_wconf 84' lang='lat' dir='ltr'><strong>ligna</strong></span> <span class='ocrx_word' id='word_1_262' title='bbox 976 2031 1251 2101; x_wconf 87' lang='lat' dir='ltr'><strong>colligere,</strong></span> <span class='ocrx_word' id='word_1_263' title='bbox 1274 2041 1331 2087; x_wconf 92' lang='lat' dir='ltr'><strong>ut</strong></span> <span class='ocrx_word' id='word_1_264' title='bbox 1359 2032 1664 2095; x_wconf 73' lang='lat' dir='ltr'><strong>divinarum</strong></span> <span class='ocrx_word' id='word_1_265' title='bbox 1691 2032 1834 2087; x_wconf 84' lang='lat' dir='ltr'><strong>litte-</strong></span> 
     </span>
    </p>
   </div>
   <div class='ocr_carea' id='block_1_39' title="bbox 248 2122 1834 2194">
    <p class='ocr_par' dir='ltr' id='par_1_39' title="bbox 248 2122 1834 2194">
     <span class='ocr_line' id='line_1_39' title="bbox 248 2122 1834 2194; baseline 0.004 -22"><span class='ocrx_word' id='word_1_266' title='bbox 248 2135 439 2173; x_wconf 83' lang='lat' dir='ltr'><strong>rarum</strong></span> <span class='ocrx_word' id='word_1_267' title='bbox 481 2129 805 2178; x_wconf 86' lang='lat' dir='ltr'><strong>tractatorcs</strong></span> <span class='ocrx_word' id='word_1_268' title='bbox 846 2122 1052 2189; x_wconf 90' lang='lat' dir='ltr'><strong>volunt,</strong></span> <span class='ocrx_word' id='word_1_269' title='bbox 1097 2123 1320 2193; x_wconf 87' lang='lat' dir='ltr'><strong>ﬁguram</strong></span> <span class='ocrx_word' id='word_1_270' title='bbox 1362 2122 1685 2194; x_wconf 68' lang='lat' dir='ltr'><strong>prml&#39;erebat</strong></span> <span class='ocrx_word' id='word_1_271' title='bbox 1733 2124 1834 2178; x_wconf 86' lang='grc' dir='ltr'><strong>Εε-</strong></span> 
     </span>
    </p>
   </div>
   <div class='ocr_carea' id='block_1_40' title="bbox 248 2208 1832 2283">
    <p class='ocr_par' dir='ltr' id='par_1_40' title="bbox 248 2208 1832 2283">
     <span class='ocr_line' id='line_1_40' title="bbox 248 2208 1832 2283; baseline 0.003 -22"><span class='ocrx_word' id='word_1_272' title='bbox 248 2208 449 2263; x_wconf 64' lang='lat' dir='ltr'><strong>clesiae.</strong></span> <span class='ocrx_word' id='word_1_273' title='bbox 481 2210 595 2265; x_wconf 89' lang='lat' dir='ltr'><strong>Duo</strong></span> <span class='ocrx_word' id='word_1_274' title='bbox 617 2211 760 2265; x_wconf 89' lang='lat' dir='ltr'><strong>enim</strong></span> <span class='ocrx_word' id='word_1_275' title='bbox 796 2211 937 2283; x_wconf 86' lang='lat' dir='ltr'><strong>ligna</strong></span> <span class='ocrx_word' id='word_1_276' title='bbox 966 2228 996 2266; x_wconf 91' lang='lat' dir='ltr'><strong>a</strong></span> <span class='ocrx_word' id='word_1_277' title='bbox 1042 2211 1395 2280; x_wconf 85' lang='lat' dir='ltr'><strong>mulierejam</strong></span> <span class='ocrx_word' id='word_1_278' title='bbox 1428 2213 1569 2267; x_wconf 86' lang='lat' dir='ltr'><strong>dicta</strong></span> <span class='ocrx_word' id='word_1_279' title='bbox 1608 2211 1832 2267; x_wconf 88' lang='lat' dir='ltr'><strong>collecta</strong></span> 
     </span>
    </p>
   </div>
   <div class='ocr_carea' id='block_1_41' title="bbox 245 2296 1831 2371">
    <p class='ocr_par' dir='ltr' id='par_1_41' title="bbox 245 2296 1831 2371">
     <span class='ocr_line' id='line_1_41' title="bbox 245 2296 1831 2371; baseline 0.003 -21"><span class='ocrx_word' id='word_1_280' title='bbox 245 2300 323 2351; x_wconf 81' lang='lat' dir='ltr'><strong>ad</strong></span> <span class='ocrx_word' id='word_1_281' title='bbox 363 2296 589 2368; x_wconf 80' lang='lat' dir='ltr'><strong>ﬁgurant</strong></span> <span class='ocrx_word' id='word_1_282' title='bbox 617 2300 796 2355; x_wconf 90' lang='lat' dir='ltr'><strong>crucis</strong></span> <span class='ocrx_word' id='word_1_283' title='bbox 825 2314 853 2354; x_wconf 90' lang='lat' dir='ltr'><strong>a</strong></span> <span class='ocrx_word' id='word_1_284' title='bbox 880 2300 1158 2365; x_wconf 80' lang='lat' dir='ltr'><strong>Patribus,</strong></span> <span class='ocrx_word' id='word_1_285' title='bbox 1199 2311 1255 2356; x_wconf 91' lang='lat' dir='ltr'><strong>ut</strong></span> <span class='ocrx_word' id='word_1_286' title='bbox 1285 2301 1542 2368; x_wconf 79' lang='lat' dir='ltr'><strong>diximus,</strong></span> <span class='ocrx_word' id='word_1_287' title='bbox 1566 2310 1694 2355; x_wconf 89' lang='lat' dir='ltr'><strong>sunt</strong></span> <span class='ocrx_word' id='word_1_288' title='bbox 1718 2301 1831 2371; x_wconf 89' lang='lat' dir='ltr'><strong>spi-</strong></span> 
     </span>
    </p>
   </div>
   <div class='ocr_carea' id='block_1_42' title="bbox 247 2390 1835 2467">
    <p class='ocr_par' dir='ltr' id='par_1_42' title="bbox 247 2390 1835 2467">
     <span class='ocr_line' id='line_1_42' title="bbox 247 2390 1835 2467; baseline 0.005 -23"><span class='ocrx_word' id='word_1_289' title='bbox 247 2390 836 2448; x_wconf 84' lang='lat' dir='ltr'><strong>ritualiteriutcliecta.</strong></span> <span class='ocrx_word' id='word_1_290' title='bbox 864 2394 941 2448; x_wconf 83' lang='lat' dir='ltr'><strong>Ad</strong></span> <span class='ocrx_word' id='word_1_291' title='bbox 964 2396 1125 2466; x_wconf 86' lang='lat' dir='ltr'><strong>hujus</strong></span> <span class='ocrx_word' id='word_1_292' title='bbox 1154 2395 1323 2467; x_wconf 81' lang='lat' dir='ltr'><strong>igitur</strong></span> <span class='ocrx_word' id='word_1_293' title='bbox 1350 2397 1531 2453; x_wconf 90' lang='lat' dir='ltr'><strong>crucis</strong></span> <span class='ocrx_word' id='word_1_294' title='bbox 1553 2411 1835 2452; x_wconf 84' lang='lat' dir='ltr'><strong>sacrosan-</strong></span> 
     </span>
    </p>
   </div>
   <div class='ocr_carea' id='block_1_43' title="bbox 245 2482 1831 2557">
    <p class='ocr_par' dir='ltr' id='par_1_43' title="bbox 245 2482 1831 2557">
     <span class='ocr_line' id='line_1_43' title="bbox 245 2482 1831 2557; baseline 0.006 -25"><span class='ocrx_word' id='word_1_295' title='bbox 245 2489 343 2533; x_wconf 81' lang='lat' dir='ltr'><strong>cta</strong></span> <span class='ocrx_word' id='word_1_296' title='bbox 362 2482 617 2553; x_wconf 81' lang='lat' dir='ltr'><strong>mysteria</strong></span> <span class='ocrx_word' id='word_1_297' title='bbox 633 2484 989 2552; x_wconf 89' lang='lat' dir='ltr'><strong>spiritualiter</strong></span> <span class='ocrx_word' id='word_1_298' title='bbox 1012 2485 1358 2556; x_wconf 84' lang='lat' dir='ltr'><strong>intelligenda</strong></span> <span class='ocrx_word' id='word_1_299' title='bbox 1379 2487 1497 2542; x_wconf 83' lang='lat' dir='ltr'><strong>illos</strong></span> <span class='ocrx_word' id='word_1_300' title='bbox 1520 2486 1831 2557; x_wconf 87' lang='lat' dir='ltr'><strong>alloquitur.</strong></span> 
     </span>
    </p>
   </div>
   <div class='ocr_carea' id='block_1_44' title="bbox 242 2570 1830 2647">
    <p class='ocr_par' dir='ltr' id='par_1_44' title="bbox 242 2570 1830 2647">
     <span class='ocr_line' id='line_1_44' title="bbox 242 2570 1830 2647; baseline 0.006 -23"><span class='ocrx_word' id='word_1_301' title='bbox 242 2578 311 2624; x_wconf 77' lang='lat' dir='ltr'><strong>et</strong></span> <span class='ocrx_word' id='word_1_302' title='bbox 332 2570 652 2641; x_wconf 87' lang='lat' dir='ltr'><strong>alloqucndo</strong></span> <span class='ocrx_word' id='word_1_303' title='bbox 678 2574 931 2628; x_wconf 88' lang='lat' dir='ltr'><strong>admouet</strong></span> <span class='ocrx_word' id='word_1_304' title='bbox 969 2575 1115 2630; x_wconf 84' lang='lat' dir='ltr'><strong>Pauli</strong></span> <span class='ocrx_word' id='word_1_305' title='bbox 1140 2578 1397 2647; x_wconf 84' lang='lat' dir='ltr'><strong>optabilis</strong></span> <span class='ocrx_word' id='word_1_306' title='bbox 1427 2577 1514 2632; x_wconf 88' lang='lat' dir='ltr'><strong>illa</strong></span> <span class='ocrx_word' id='word_1_307' title='bbox 1543 2580 1830 2642; x_wconf 88' lang='lat' dir='ltr'><strong>sententia.</strong></span> 
     </span>
    </p>
   </div>
   <div class='ocr_carea' id='block_1_45' title="bbox 242 2660 1835 2730">
    <p class='ocr_par' dir='ltr' id='par_1_45' title="bbox 242 2660 1835 2730">
     <span class='ocr_line' id='line_1_45' title="bbox 242 2660 1835 2730; baseline 0.006 -18"><span class='ocrx_word' id='word_1_308' title='bbox 242 2660 451 2730; x_wconf 78' lang='lat' dir='ltr'><strong>quibus</strong></span> <span class='ocrx_word' id='word_1_309' title='bbox 479 2660 656 2719; x_wconf 83' lang='lat' dir='ltr'><strong>iuerat</strong></span> <span class='ocrx_word' id='word_1_310' title='bbox 683 2673 739 2719; x_wconf 89' lang='lat' dir='ltr'><strong>et</strong></span> <span class='ocrx_word' id='word_1_311' title='bbox 778 2664 915 2719; x_wconf 88' lang='lat' dir='ltr'><strong>inest</strong></span> <span class='ocrx_word' id='word_1_312' title='bbox 944 2680 1093 2719; x_wconf 87' lang='lat' dir='ltr'><strong>amor</strong></span> <span class='ocrx_word' id='word_1_313' title='bbox 1137 2674 1190 2720; x_wconf 90' lang='lat' dir='ltr'><strong>ct</strong></span> <span class='ocrx_word' id='word_1_314' title='bbox 1222 2667 1461 2721; x_wconf 88' lang='lat' dir='ltr'><strong>studium</strong></span> <span class='ocrx_word' id='word_1_315' title='bbox 1504 2675 1559 2721; x_wconf 87' lang='lat' dir='ltr'><strong>et</strong></span> <span class='ocrx_word' id='word_1_316' title='bbox 1590 2668 1761 2720; x_wconf 88' lang='lat' dir='ltr'><strong>honor</strong></span> <span class='ocrx_word' id='word_1_317' title='bbox 1781 2677 1835 2723; x_wconf 92' lang='lat' dir='ltr'><strong>ct</strong></span> 
     </span>
    </p>
   </div>
   <div class='ocr_carea' id='block_1_46' title="bbox 246 2752 1834 2827">
    <p class='ocr_par' dir='ltr' id='par_1_46' title="bbox 246 2752 1834 2827">
     <span class='ocr_line' id='line_1_46' title="bbox 246 2752 1834 2827; baseline 0.005 -21"><span class='ocrx_word' id='word_1_318' title='bbox 246 2752 422 2823; x_wconf 84' lang='lat' dir='ltr'><strong>gloria</strong></span> <span class='ocrx_word' id='word_1_319' title='bbox 454 2754 556 2809; x_wconf 86' lang='lat' dir='ltr'><strong>sub</strong></span> <span class='ocrx_word' id='word_1_320' title='bbox 578 2755 695 2825; x_wconf 86' lang='lat' dir='ltr'><strong>ejus</strong></span> <span class='ocrx_word' id='word_1_321' title='bbox 721 2757 1019 2813; x_wconf 88' lang='lat' dir='ltr'><strong>consistere</strong></span> <span class='ocrx_word' id='word_1_322' title='bbox 1066 2757 1374 2827; x_wconf 80' lang='lat' dir='ltr'><strong>disciplina,</strong></span> <span class='ocrx_word' id='word_1_323' title='bbox 1400 2766 1454 2811; x_wconf 86' lang='lat' dir='ltr'><strong>et</strong></span> <span class='ocrx_word' id='word_1_324' title='bbox 1477 2757 1594 2827; x_wconf 89' lang='lat' dir='ltr'><strong>ejus</strong></span> <span class='ocrx_word' id='word_1_325' title='bbox 1624 2758 1834 2814; x_wconf 86' lang='lat' dir='ltr'><strong>deside-</strong></span> 
     </span>
    </p>
   </div>
   <div class='ocr_carea' id='block_1_47' title="bbox 248 2845 1837 2917">
    <p class='ocr_par' dir='ltr' id='par_1_47' title="bbox 248 2845 1837 2917">
     <span class='ocr_line' id='line_1_47' title="bbox 248 2845 1837 2917; baseline 0.004 -20"><span class='ocrx_word' id='word_1_326' title='bbox 248 2852 378 2898; x_wconf 83' lang='lat' dir='ltr'><strong>rant</strong></span> <span class='ocrx_word' id='word_1_327' title='bbox 403 2847 682 2915; x_wconf 88' lang='lat' dir='ltr'><strong>percipere</strong></span> <span class='ocrx_word' id='word_1_328' title='bbox 708 2845 1064 2903; x_wconf 86' lang='lat' dir='ltr'><strong>saluberrima</strong></span> <span class='ocrx_word' id='word_1_329' title='bbox 1114 2849 1316 2903; x_wconf 85' lang='lat' dir='ltr'><strong>monita</strong></span> <span class='ocrx_word' id='word_1_330' title='bbox 1350 2865 1363 2900; x_wconf 88' lang='lat'><strong>:</strong></span> <span class='ocrx_word' id='word_1_331' title='bbox 1403 2848 1496 2917; x_wconf 84' lang='lat' dir='ltr'><strong>Det</strong></span> <span class='ocrx_word' id='word_1_332' title='bbox 1538 2848 1703 2913; x_wconf 78' lang='lat' dir='ltr'><strong>vobis,</strong></span> <span class='ocrx_word' id='word_1_333' title='bbox 1753 2848 1837 2903; x_wconf 89' lang='lat' dir='ltr'><strong>in-</strong></span> 
     </span>
    </p>
   </div>
   <div class='ocr_carea' id='block_1_48' title="bbox 244 2934 1832 3004">
    <p class='ocr_par' dir='ltr' id='par_1_48' title="bbox 244 2934 1832 3004">
     <span class='ocr_line' id='line_1_48' title="bbox 244 2934 1832 3004; baseline 0.006 -19"><span class='ocrx_word' id='word_1_334' title='bbox 244 2934 394 3003; x_wconf 83' lang='lat' dir='ltr'><strong>quit,</strong></span> <span class='ocrx_word' id='word_1_335' title='bbox 431 2935 683 2991; x_wconf 79' lang='lat' dir='ltr'><strong>Dominus</strong></span> <span class='ocrx_word' id='word_1_336' title='bbox 729 2936 865 2991; x_wconf 85' lang='lat' dir='ltr'><strong>Dcus</strong></span> <span class='ocrx_word' id='word_1_337' title='bbox 915 2939 1199 2992; x_wconf 82' lang='lat' dir='ltr'><strong>secundum</strong></span> <span class='ocrx_word' id='word_1_338' title='bbox 1238 2940 1450 2994; x_wconf 75' lang='lat' dir='ltr'><strong>divitias</strong></span> <span class='ocrx_word' id='word_1_339' title='bbox 1473 2938 1657 3003; x_wconf 58' lang='lat' dir='ltr'><strong>(gloria!</strong></span> <span class='ocrx_word' id='word_1_340' title='bbox 1701 2956 1832 3004; x_wconf 72' lang='lat' dir='ltr'><strong>sure,</strong></span> 
     </span>
    </p>
   </div>
   <div class='ocr_carea' id='block_1_49' title="bbox 251 3027 1832 3098">
    <p class='ocr_par' dir='ltr' id='par_1_49' title="bbox 251 3027 1832 3098">
     <span class='ocr_line' id='line_1_49' title="bbox 251 3027 1832 3098; baseline 0.003 -20"><span class='ocrx_word' id='word_1_341' title='bbox 251 3027 449 3079; x_wconf 77' lang='lat' dir='ltr'><strong>virtute</strong></span> <span class='ocrx_word' id='word_1_342' title='bbox 480 3028 810 3080; x_wconf 80' lang='lat' dir='ltr'><strong>corroborari</strong></span> <span class='ocrx_word' id='word_1_343' title='bbox 848 3044 940 3096; x_wconf 83' lang='lat' dir='ltr'><strong>per</strong></span> <span class='ocrx_word' id='word_1_344' title='bbox 985 3028 1226 3096; x_wconf 83' lang='lat' dir='ltr'><strong>spiritum</strong></span> <span class='ocrx_word' id='word_1_345' title='bbox 1277 3028 1390 3098; x_wconf 72' lang='lat' dir='ltr'><strong>ejus</strong></span> <span class='ocrx_word' id='word_1_346' title='bbox 1442 3029 1497 3083; x_wconf 89' lang='lat' dir='ltr'><strong>in</strong></span> <span class='ocrx_word' id='word_1_347' title='bbox 1534 3029 1832 3083; x_wconf 81' lang='lat' dir='ltr'><strong>interiorem</strong></span> 
     </span>
    </p>
   </div>
   <div class='ocr_carea' id='block_1_50' title="bbox 249 3110 1833 3187">
    <p class='ocr_par' dir='ltr' id='par_1_50' title="bbox 249 3110 1833 3187">
     <span class='ocr_line' id='line_1_50' title="bbox 249 3110 1833 3187; baseline 0.005 -23"><span class='ocrx_word' id='word_1_348' title='bbox 249 3113 539 3179; x_wconf 81' lang='lat' dir='ltr'><strong>hominem,</strong></span> <span class='ocrx_word' id='word_1_349' title='bbox 571 3110 837 3168; x_wconf 79' lang='lat' dir='ltr'><strong>Christum</strong></span> <span class='ocrx_word' id='word_1_350' title='bbox 864 3116 1099 3170; x_wconf 81' lang='lat' dir='ltr'><strong>habitare</strong></span> <span class='ocrx_word' id='word_1_351' title='bbox 1118 3116 1376 3187; x_wconf 80' lang='lat' dir='ltr'><strong>per/idem</strong></span> <span class='ocrx_word' id='word_1_352' title='bbox 1407 3118 1459 3171; x_wconf 86' lang='lat' dir='ltr'><strong>in</strong></span> <span class='ocrx_word' id='word_1_353' title='bbox 1482 3119 1724 3172; x_wconf 82' lang='lat' dir='ltr'><strong>cordibus</strong></span> <span class='ocrx_word' id='word_1_354' title='bbox 1749 3136 1833 3172; x_wconf 83' lang='lat' dir='ltr'><strong>ve-</strong></span> 
     </span>
    </p>
   </div>
   <div class='ocr_carea' id='block_1_51' title="bbox 247 3204 1838 3278">
    <p class='ocr_par' dir='ltr' id='par_1_51' title="bbox 247 3204 1838 3278">
     <span class='ocr_line' id='line_1_51' title="bbox 247 3204 1838 3278; baseline 0.003 -22"><span class='ocrx_word' id='word_1_355' title='bbox 247 3204 412 3257; x_wconf 82' lang='lat' dir='ltr'><strong>stris:</strong></span> <span class='ocrx_word' id='word_1_356' title='bbox 433 3205 488 3257; x_wconf 89' lang='lat' dir='ltr'><strong>in</strong></span> <span class='ocrx_word' id='word_1_357' title='bbox 515 3205 772 3260; x_wconf 78' lang='lat' dir='ltr'><strong>cliarimte</strong></span> <span class='ocrx_word' id='word_1_358' title='bbox 803 3207 1028 3260; x_wconf 84' lang='lat' dir='ltr'><strong>radicati</strong></span> <span class='ocrx_word' id='word_1_359' title='bbox 1050 3217 1098 3261; x_wconf 90' lang='lat' dir='ltr'><strong>et</strong></span> <span class='ocrx_word' id='word_1_360' title='bbox 1129 3207 1359 3276; x_wconf 78' lang='lat' dir='ltr'><strong>fundati,</strong></span> <span class='ocrx_word' id='word_1_361' title='bbox 1385 3218 1439 3261; x_wconf 88' lang='lat' dir='ltr'><strong>ut</strong></span> <span class='ocrx_word' id='word_1_362' title='bbox 1459 3209 1668 3278; x_wconf 78' lang='lat' dir='ltr'><strong>possitis</strong></span> <span class='ocrx_word' id='word_1_363' title='bbox 1694 3226 1838 3262; x_wconf 87' lang='lat' dir='ltr'><strong>com-</strong></span> 
     </span>
    </p>
   </div>
   <div class='ocr_carea' id='block_1_52' title="bbox 247 3295 1832 3369">
    <p class='ocr_par' dir='ltr' id='par_1_52' title="bbox 247 3295 1832 3369">
     <span class='ocr_line' id='line_1_52' title="bbox 247 3295 1832 3369; baseline 0.003 -23"><span class='ocrx_word' id='word_1_364' title='bbox 247 3295 571 3364; x_wconf 74' lang='lat' dir='ltr'><strong>prehendere</strong></span> <span class='ocrx_word' id='word_1_365' title='bbox 616 3311 733 3349; x_wconf 80' lang='lat' dir='ltr'><strong>cnnt</strong></span> <span class='ocrx_word' id='word_1_366' title='bbox 783 3297 1024 3351; x_wconf 85' lang='lat' dir='ltr'><strong>omnibus</strong></span> <span class='ocrx_word' id='word_1_367' title='bbox 1074 3302 1271 3352; x_wconf 80' lang='lat' dir='ltr'><strong>sanctis</strong></span> <span class='ocrx_word' id='word_1_368' title='bbox 1308 3316 1427 3369; x_wconf 74' lang='lat' dir='ltr'><strong>qua:</strong></span> <span class='ocrx_word' id='word_1_369' title='bbox 1480 3300 1546 3352; x_wconf 87' lang='lat' dir='ltr'><strong>sit</strong></span> <span class='ocrx_word' id='word_1_370' title='bbox 1588 3299 1832 3361; x_wconf 87' lang='lat' dir='ltr'><strong>latitudo,</strong></span> 
     </span>
    </p>
   </div>
   <div class='ocr_carea' id='block_1_53' title="bbox 242 3383 1834 3458">
    <p class='ocr_par' dir='ltr' id='par_1_53' title="bbox 242 3383 1834 3458">
     <span class='ocr_line' id='line_1_53' title="bbox 242 3383 1834 3458; baseline 0.004 -22"><span class='ocrx_word' id='word_1_371' title='bbox 242 3383 550 3454; x_wconf 79' lang='lat' dir='ltr'><strong>longitudo,</strong></span> <span class='ocrx_word' id='word_1_372' title='bbox 581 3386 878 3440; x_wconf 85' lang='lat' dir='ltr'><strong>sublimitas</strong></span> <span class='ocrx_word' id='word_1_373' title='bbox 911 3396 958 3441; x_wconf 88' lang='lat' dir='ltr'><strong>et</strong></span> <span class='ocrx_word' id='word_1_374' title='bbox 994 3386 1317 3456; x_wconf 74' lang='lat' dir='ltr'><strong>profundum</strong></span> <span class='ocrx_word' id='word_1_375' title='bbox 1349 3386 1565 3457; x_wconf 79' lang='lat' dir='ltr'><strong>(Ep/tes.</strong></span> <span class='ocrx_word' id='word_1_376' title='bbox 1608 3404 1692 3452; x_wconf 85' lang='lat' dir='ltr'><strong>ill,</strong></span> <span class='ocrx_word' id='word_1_377' title='bbox 1722 3388 1834 3458; x_wconf 68' lang='lat'><strong>16),</strong></span> 
     </span>
    </p>
   </div>
   <div class='ocr_carea' id='block_1_54' title="bbox 248 3476 1837 3546">
    <p class='ocr_par' dir='ltr' id='par_1_54' title="bbox 248 3476 1837 3546">
     <span class='ocr_line' id='line_1_54' title="bbox 248 3476 1837 3546; baseline 0.004 -15"><span class='ocrx_word' id='word_1_378' title='bbox 248 3476 554 3531; x_wconf 81' lang='lat' dir='ltr'><strong>secundum</strong></span> <span class='ocrx_word' id='word_1_379' title='bbox 605 3477 848 3546; x_wconf 83' lang='lat' dir='ltr'><strong>Apostoli</strong></span> <span class='ocrx_word' id='word_1_380' title='bbox 871 3478 1076 3533; x_wconf 89' lang='lat' dir='ltr'><strong>dictum</strong></span> <span class='ocrx_word' id='word_1_381' title='bbox 1102 3479 1168 3534; x_wconf 87' lang='lat' dir='ltr'><strong>ad</strong></span> <span class='ocrx_word' id='word_1_382' title='bbox 1194 3481 1375 3534; x_wconf 88' lang='lat' dir='ltr'><strong>crucis</strong></span> <span class='ocrx_word' id='word_1_383' title='bbox 1406 3481 1700 3537; x_wconf 73' lang='lat' dir='ltr'><strong>Dominicae</strong></span> <span class='ocrx_word' id='word_1_384' title='bbox 1726 3497 1837 3537; x_wconf 88' lang='lat' dir='ltr'><strong>crc-</strong></span> 
     </span>
    </p>
   </div>
   <div class='ocr_carea' id='block_1_55' title="bbox 252 3566 1835 3638">
    <p class='ocr_par' dir='ltr' id='par_1_55' title="bbox 252 3566 1835 3638">
     <span class='ocr_line' id='line_1_55' title="bbox 252 3566 1835 3638; baseline 0.004 -19"><span class='ocrx_word' id='word_1_385' title='bbox 252 3566 434 3622; x_wconf 87' lang='lat' dir='ltr'><strong>dimus</strong></span> <span class='ocrx_word' id='word_1_386' title='bbox 460 3568 735 3637; x_wconf 87' lang='lat' dir='ltr'><strong>pertinere</strong></span> <span class='ocrx_word' id='word_1_387' title='bbox 788 3569 1128 3638; x_wconf 85' lang='lat' dir='ltr'><strong>mysterium.</strong></span> <span class='ocrx_word' id='word_1_388' title='bbox 1166 3568 1532 3625; x_wconf 83' lang='lat' dir='ltr'><strong>Latitudinem</strong></span> <span class='ocrx_word' id='word_1_389' title='bbox 1581 3572 1760 3627; x_wconf 89' lang='lat' dir='ltr'><strong>crucis</strong></span> <span class='ocrx_word' id='word_1_390' title='bbox 1804 3586 1835 3626; x_wconf 85' lang='lat' dir='ltr'><strong>a</strong></span> 
     </span>
    </p>
   </div>
   <div class='ocr_carea' id='block_1_56' title="bbox 250 3658 1834 3730">
    <p class='ocr_par' dir='ltr' id='par_1_56' title="bbox 250 3658 1834 3730">
     <span class='ocr_line' id='line_1_56' title="bbox 250 3658 1834 3730; baseline 0.005 -19"><span class='ocrx_word' id='word_1_391' title='bbox 250 3658 569 3714; x_wconf 80' lang='lat' dir='ltr'><strong>summitate</strong></span> <span class='ocrx_word' id='word_1_392' title='bbox 630 3658 789 3714; x_wconf 83' lang='lat' dir='ltr'><strong>unius</strong></span> <span class='ocrx_word' id='word_1_393' title='bbox 849 3674 1020 3730; x_wconf 88' lang='lat' dir='ltr'><strong>usque</strong></span> <span class='ocrx_word' id='word_1_394' title='bbox 1069 3661 1136 3715; x_wconf 87' lang='lat' dir='ltr'><strong>ad</strong></span> <span class='ocrx_word' id='word_1_395' title='bbox 1184 3664 1551 3717; x_wconf 88' lang='lat' dir='ltr'><strong>summitatem</strong></span> <span class='ocrx_word' id='word_1_396' title='bbox 1624 3664 1834 3719; x_wconf 86' lang='lat' dir='ltr'><strong>brachii</strong></span> 
     </span>
    </p>
   </div>
   <div class='ocr_carea' id='block_1_57' title="bbox 250 3738 1837 3825">
    <p class='ocr_par' dir='ltr' id='par_1_57' title="bbox 250 3738 1837 3825">
     <span class='ocr_line' id='line_1_57' title="bbox 250 3738 1837 3825; baseline 0.004 -25"><span class='ocrx_word' id='word_1_397' title='bbox 250 3746 499 3813; x_wconf 82' lang='lat' dir='ltr'><strong>alterius,</strong></span> <span class='ocrx_word' id='word_1_398' title='bbox 550 3757 607 3802; x_wconf 90' lang='lat' dir='ltr'><strong>ut</strong></span> <span class='ocrx_word' id='word_1_399' title='bbox 639 3738 783 3816; x_wconf 89' lang='lat' dir='ltr'><strong>reor,</strong></span> <span class='ocrx_word' id='word_1_400' title='bbox 811 3751 930 3806; x_wconf 88' lang='lat' dir='ltr'><strong>sine</strong></span> <span class='ocrx_word' id='word_1_401' title='bbox 958 3751 1198 3820; x_wconf 90' lang='lat' dir='ltr'><strong>periculo</strong></span> <span class='ocrx_word' id='word_1_402' title='bbox 1236 3753 1498 3822; x_wconf 80' lang='lat' dir='ltr'><strong>simplicis</strong></span> <span class='ocrx_word' id='word_1_403' title='bbox 1538 3753 1837 3825; x_wconf 72' lang='lat' dir='ltr'><strong>intelligen-</strong></span> 
     </span>
    </p>
   </div>
   <div class='ocr_carea' id='block_1_58' title="bbox 253 3838 1835 3913">
    <p class='ocr_par' dir='ltr' id='par_1_58' title="bbox 253 3838 1835 3913">
     <span class='ocr_line' id='line_1_58' title="bbox 253 3838 1835 3913; baseline 0.005 -22"><span class='ocrx_word' id='word_1_404' title='bbox 253 3838 345 3891; x_wconf 75' lang='lat' dir='ltr'><strong>tize</strong></span> <span class='ocrx_word' id='word_1_405' title='bbox 410 3838 710 3909; x_wconf 79' lang='lat' dir='ltr'><strong>intelligere</strong></span> <span class='ocrx_word' id='word_1_406' title='bbox 766 3856 1083 3910; x_wconf 85' lang='lat' dir='ltr'><strong>possumus.</strong></span> <span class='ocrx_word' id='word_1_407' title='bbox 1126 3842 1481 3897; x_wconf 74' lang='lat' dir='ltr'><strong>Altitudinem</strong></span> <span class='ocrx_word' id='word_1_408' title='bbox 1535 3858 1767 3913; x_wconf 87' lang='lat' dir='ltr'><strong>namque</strong></span> <span class='ocrx_word' id='word_1_409' title='bbox 1805 3860 1835 3898; x_wconf 89' lang='lat' dir='ltr'><strong>a</strong></span> 
     </span>
    </p>
   </div>
   <div class='ocr_carea' id='block_1_59' title="bbox 250 3929 1834 4003">
    <p class='ocr_par' dir='ltr' id='par_1_59' title="bbox 250 3929 1834 4003">
     <span class='ocr_line' id='line_1_59' title="bbox 250 3929 1834 4003; baseline 0.001 -19"><span class='ocrx_word' id='word_1_410' title='bbox 250 3929 433 3984; x_wconf 87' lang='lat' dir='ltr'><strong>crucis</strong></span> <span class='ocrx_word' id='word_1_411' title='bbox 459 3931 734 3999; x_wconf 85' lang='lat' dir='ltr'><strong>crepidine</strong></span> <span class='ocrx_word' id='word_1_412' title='bbox 762 3947 934 4002; x_wconf 85' lang='lat' dir='ltr'><strong>usque</strong></span> <span class='ocrx_word' id='word_1_413' title='bbox 963 3933 1029 3987; x_wconf 84' lang='lat' dir='ltr'><strong>ad</strong></span> <span class='ocrx_word' id='word_1_414' title='bbox 1058 3932 1263 4002; x_wconf 88' lang='lat' dir='ltr'><strong>lignum</strong></span> <span class='ocrx_word' id='word_1_415' title='bbox 1294 3933 1347 3987; x_wconf 91' lang='lat' dir='ltr'><strong>in</strong></span> <span class='ocrx_word' id='word_1_416' title='bbox 1384 3942 1690 3989; x_wconf 86' lang='lat' dir='ltr'><strong>transverso</strong></span> <span class='ocrx_word' id='word_1_417' title='bbox 1735 3951 1834 4003; x_wconf 85' lang='lat' dir='ltr'><strong>po-</strong></span> 
     </span>
    </p>
   </div>
   <div class='ocr_carea' id='block_1_60' title="bbox 248 4021 1837 4093">
    <p class='ocr_par' dir='ltr' id='par_1_60' title="bbox 248 4021 1837 4093">
     <span class='ocr_line' id='line_1_60' title="bbox 248 4021 1837 4093; baseline 0.004 -17"><span class='ocrx_word' id='word_1_418' title='bbox 248 4021 417 4076; x_wconf 82' lang='lat' dir='ltr'><strong>situm</strong></span> <span class='ocrx_word' id='word_1_419' title='bbox 449 4022 678 4077; x_wconf 89' lang='lat' dir='ltr'><strong>dicimus</strong></span> <span class='ocrx_word' id='word_1_420' title='bbox 707 4025 1003 4078; x_wconf 82' lang='lat' dir='ltr'><strong>secundum</strong></span> <span class='ocrx_word' id='word_1_421' title='bbox 1055 4025 1322 4093; x_wconf 87' lang='lat' dir='ltr'><strong>majorum</strong></span> <span class='ocrx_word' id='word_1_422' title='bbox 1365 4026 1640 4081; x_wconf 86' lang='lat' dir='ltr'><strong>seniorum</strong></span> <span class='ocrx_word' id='word_1_423' title='bbox 1683 4026 1837 4082; x_wconf 85' lang='lat' dir='ltr'><strong>lidclc</strong></span> 
     </span>
    </p>
   </div>
   <div class='ocr_carea' id='block_1_61' title="bbox 253 4112 1837 4186">
    <p class='ocr_par' dir='ltr' id='par_1_61' title="bbox 253 4112 1837 4186">
     <span class='ocr_line' id='line_1_61' title="bbox 253 4112 1837 4186; baseline 0.005 -24"><span class='ocrx_word' id='word_1_424' title='bbox 253 4112 660 4165; x_wconf 89' lang='lat' dir='ltr'><strong>documentum.</strong></span> <span class='ocrx_word' id='word_1_425' title='bbox 698 4112 1048 4168; x_wconf 76' lang='lat' dir='ltr'><strong>Profunditas</strong></span> <span class='ocrx_word' id='word_1_426' title='bbox 1085 4129 1217 4169; x_wconf 89' lang='lat' dir='ltr'><strong>vero</strong></span> <span class='ocrx_word' id='word_1_427' title='bbox 1239 4125 1322 4170; x_wconf 86' lang='lat' dir='ltr'><strong>cst</strong></span> <span class='ocrx_word' id='word_1_428' title='bbox 1346 4116 1536 4170; x_wconf 88' lang='lat' dir='ltr'><strong>ultima</strong></span> <span class='ocrx_word' id='word_1_429' title='bbox 1565 4132 1837 4186; x_wconf 30' lang='lat' dir='ltr'><strong>parstcru-</strong></span> 
     </span>
    </p>
   </div>
   <div class='ocr_carea' id='block_1_62' title="bbox 256 4201 1834 4273">
    <p class='ocr_par' dir='ltr' id='par_1_62' title="bbox 256 4201 1834 4273">
     <span class='ocr_line' id='line_1_62' title="bbox 256 4201 1834 4273; baseline 0.004 -18"><span class='ocrx_word' id='word_1_430' title='bbox 256 4201 363 4265; x_wconf 87' lang='lat' dir='ltr'><strong>cis,</strong></span> <span class='ocrx_word' id='word_1_431' title='bbox 391 4217 511 4271; x_wconf 70' lang='lat' dir='ltr'><strong>qua:</strong></span> <span class='ocrx_word' id='word_1_432' title='bbox 537 4203 590 4256; x_wconf 92' lang='lat' dir='ltr'><strong>in</strong></span> <span class='ocrx_word' id='word_1_433' title='bbox 615 4203 774 4258; x_wconf 90' lang='lat' dir='ltr'><strong>terris</strong></span> <span class='ocrx_word' id='word_1_434' title='bbox 800 4203 975 4258; x_wconf 82' lang='lat' dir='ltr'><strong>deﬁxa</strong></span> <span class='ocrx_word' id='word_1_435' title='bbox 1010 4218 1114 4257; x_wconf 88' lang='lat' dir='ltr'><strong>non</strong></span> <span class='ocrx_word' id='word_1_436' title='bbox 1158 4214 1335 4273; x_wconf 85' lang='lat' dir='ltr'><strong>potest</strong></span> <span class='ocrx_word' id='word_1_437' title='bbox 1365 4206 1534 4261; x_wconf 72' lang='lat' dir='ltr'><strong>videri</strong></span> <span class='ocrx_word' id='word_1_438' title='bbox 1572 4205 1690 4261; x_wconf 90' lang='lat' dir='ltr'><strong>luce</strong></span> <span class='ocrx_word' id='word_1_439' title='bbox 1710 4223 1834 4261; x_wconf 89' lang='lat' dir='ltr'><strong>cor-</strong></span> 
     </span>
    </p>
   </div>
   <div class='ocr_carea' id='block_1_63' title="bbox 257 4290 1849 4360">
    <p class='ocr_par' dir='ltr' id='par_1_63' title="bbox 257 4290 1849 4360">
     <span class='ocr_line' id='line_1_63' title="bbox 257 4290 1849 4360; baseline 0.003 -15"><span class='ocrx_word' id='word_1_440' title='bbox 257 4307 444 4360; x_wconf 85' lang='lat' dir='ltr'><strong>porea.</strong></span> <span class='ocrx_word' id='word_1_441' title='bbox 495 4290 895 4347; x_wconf 87' lang='lat' dir='ltr'><strong>Sublimitatem</strong></span> <span class='ocrx_word' id='word_1_442' title='bbox 952 4294 1223 4348; x_wconf 84' lang='lat' dir='ltr'><strong>credimus</strong></span> <span class='ocrx_word' id='word_1_443' title='bbox 1289 4309 1412 4349; x_wconf 90' lang='lat' dir='ltr'><strong>esse</strong></span> <span class='ocrx_word' id='word_1_444' title='bbox 1464 4295 1849 4350; x_wconf 21' lang='lat' dir='ltr'><strong>excellentiam.</strong></span> 
     </span>
    </p>
   </div>
   <div class='ocr_carea' id='block_1_64' title="bbox 256 4381 1837 4452">
    <p class='ocr_par' dir='ltr' id='par_1_64' title="bbox 256 4381 1837 4452">
     <span class='ocr_line' id='line_1_64' title="bbox 256 4381 1837 4452; baseline 0.003 -17"><span class='ocrx_word' id='word_1_445' title='bbox 256 4397 485 4435; x_wconf 75' lang='lat' dir='ltr'><strong>summa:</strong></span> <span class='ocrx_word' id='word_1_446' title='bbox 506 4390 561 4435; x_wconf 89' lang='lat' dir='ltr'><strong>et</strong></span> <span class='ocrx_word' id='word_1_447' title='bbox 585 4381 902 4452; x_wconf 87' lang='lat' dir='ltr'><strong>principalis</strong></span> <span class='ocrx_word' id='word_1_448' title='bbox 937 4384 1173 4446; x_wconf 88' lang='lat' dir='ltr'><strong>virtutis,</strong></span> <span class='ocrx_word' id='word_1_449' title='bbox 1213 4399 1333 4451; x_wconf 72' lang='lat' dir='ltr'><strong>qua:</strong></span> <span class='ocrx_word' id='word_1_450' title='bbox 1353 4392 1437 4438; x_wconf 84' lang='lat' dir='ltr'><strong>cst</strong></span> <span class='ocrx_word' id='word_1_451' title='bbox 1458 4382 1589 4439; x_wconf 87' lang='lat' dir='ltr'><strong>ﬁdes</strong></span> <span class='ocrx_word' id='word_1_452' title='bbox 1623 4384 1674 4437; x_wconf 90' lang='lat' dir='ltr'><strong>in</strong></span> <span class='ocrx_word' id='word_1_453' title='bbox 1726 4386 1837 4440; x_wconf 85' lang='lat' dir='ltr'><strong>Deo</strong></span> 
     </span>
    </p>
   </div>
   <div class='ocr_carea' id='block_1_65' title="bbox 261 4470 1835 4543">
    <p class='ocr_par' dir='ltr' id='par_1_65' title="bbox 261 4470 1835 4543">
     <span class='ocr_line' id='line_1_65' title="bbox 261 4470 1835 4543; baseline 0.003 -21"><span class='ocrx_word' id='word_1_454' title='bbox 261 4482 317 4525; x_wconf 80' lang='lat' dir='ltr'><strong>et</strong></span> <span class='ocrx_word' id='word_1_455' title='bbox 365 4470 433 4525; x_wconf 90' lang='lat' dir='ltr'><strong>de</strong></span> <span class='ocrx_word' id='word_1_456' title='bbox 474 4470 601 4537; x_wconf 91' lang='lat' dir='ltr'><strong>Deo,</strong></span> <span class='ocrx_word' id='word_1_457' title='bbox 634 4472 753 4527; x_wconf 89' lang='lat' dir='ltr'><strong>sine</strong></span> <span class='ocrx_word' id='word_1_458' title='bbox 781 4471 934 4541; x_wconf 83' lang='lat' dir='ltr'><strong>cujus</strong></span> <span class='ocrx_word' id='word_1_459' title='bbox 963 4473 1279 4529; x_wconf 84' lang='lat' dir='ltr'><strong>sinceritate</strong></span> <span class='ocrx_word' id='word_1_460' title='bbox 1305 4482 1373 4528; x_wconf 80' lang='lat' dir='ltr'><strong>et.</strong></span> <span class='ocrx_word' id='word_1_461' title='bbox 1392 4473 1703 4543; x_wconf 71' lang='lat' dir='ltr'><strong>integritate</strong></span> <span class='ocrx_word' id='word_1_462' title='bbox 1732 4475 1835 4528; x_wconf 90' lang='lat' dir='ltr'><strong>im-</strong></span> 
     </span>
    </p>
   </div>
   <div class='ocr_carea' id='block_1_66' title="bbox 254 4559 1837 4630">
    <p class='ocr_par' dir='ltr' id='par_1_66' title="bbox 254 4559 1837 4630">
     <span class='ocr_line' id='line_1_66' title="bbox 254 4559 1837 4630; baseline 0.001 -16"><span class='ocrx_word' id='word_1_463' title='bbox 254 4559 517 4628; x_wconf 85' lang='lat' dir='ltr'><strong>possibile</strong></span> <span class='ocrx_word' id='word_1_464' title='bbox 547 4571 628 4615; x_wconf 92' lang='lat' dir='ltr'><strong>est</strong></span> <span class='ocrx_word' id='word_1_465' title='bbox 655 4561 706 4619; x_wconf 86' lang='lat' dir='ltr'><strong>ei</strong></span> <span class='ocrx_word' id='word_1_466' title='bbox 755 4561 990 4630; x_wconf 80' lang='lat' dir='ltr'><strong>placere.</strong></span> <span class='ocrx_word' id='word_1_467' title='bbox 1038 4562 1210 4616; x_wconf 81' lang='lat' dir='ltr'><strong>Aliter</strong></span> <span class='ocrx_word' id='word_1_468' title='bbox 1257 4563 1310 4616; x_wconf 90' lang='lat' dir='ltr'><strong>in</strong></span> <span class='ocrx_word' id='word_1_469' title='bbox 1366 4560 1650 4616; x_wconf 85' lang='lat' dir='ltr'><strong>latitudine</strong></span> <span class='ocrx_word' id='word_1_470' title='bbox 1699 4563 1837 4616; x_wconf 88' lang='lat' dir='ltr'><strong>bona</strong></span> 
     </span>
    </p>
   </div>
   <div class='ocr_carea' id='block_1_67' title="bbox 247 4651 1835 4722">
    <p class='ocr_par' dir='ltr' id='par_1_67' title="bbox 247 4651 1835 4722">
     <span class='ocr_line' id='line_1_67' title="bbox 247 4651 1835 4722; baseline 0.005 -21"><span class='ocrx_word' id='word_1_471' title='bbox 247 4665 419 4718; x_wconf 80' lang='lat' dir='ltr'><strong>opera</strong></span> <span class='ocrx_word' id='word_1_472' title='bbox 475 4651 783 4716; x_wconf 85' lang='lat' dir='ltr'><strong>charitatis,</strong></span> <span class='ocrx_word' id='word_1_473' title='bbox 848 4653 901 4706; x_wconf 91' lang='lat' dir='ltr'><strong>in</strong></span> <span class='ocrx_word' id='word_1_474' title='bbox 971 4652 1307 4721; x_wconf 83' lang='lat' dir='ltr'><strong>longitudine</strong></span> <span class='ocrx_word' id='word_1_475' title='bbox 1376 4654 1835 4722; x_wconf 83' lang='lat' dir='ltr'><strong>persevcrantiam</strong></span> 
     </span>
    </p>
   </div>
   <div class='ocr_carea' id='block_1_68' title="bbox 254 4739 1839 4813">
    <p class='ocr_par' dir='ltr' id='par_1_68' title="bbox 254 4739 1839 4813">
     <span class='ocr_line' id='line_1_68' title="bbox 254 4739 1839 4813; baseline 0.006 -24"><span class='ocrx_word' id='word_1_476' title='bbox 254 4754 430 4808; x_wconf 79' lang='lat' dir='ltr'><strong>usque</strong></span> <span class='ocrx_word' id='word_1_477' title='bbox 462 4739 514 4794; x_wconf 90' lang='lat' dir='ltr'><strong>in</strong></span> <span class='ocrx_word' id='word_1_478' title='bbox 548 4740 728 4804; x_wconf 88' lang='lat' dir='ltr'><strong>linem,</strong></span> <span class='ocrx_word' id='word_1_479' title='bbox 758 4741 810 4795; x_wconf 92' lang='lat' dir='ltr'><strong>in</strong></span> <span class='ocrx_word' id='word_1_480' title='bbox 862 4742 1149 4798; x_wconf 85' lang='lat' dir='ltr'><strong>altitudine</strong></span> <span class='ocrx_word' id='word_1_481' title='bbox 1175 4757 1323 4812; x_wconf 88' lang='lat' dir='ltr'><strong>spem</strong></span> <span class='ocrx_word' id='word_1_482' title='bbox 1354 4742 1659 4797; x_wconf 69' lang='lat' dir='ltr'><strong>caelestium</strong></span> <span class='ocrx_word' id='word_1_483' title='bbox 1701 4760 1839 4813; x_wconf 70' lang='lat' dir='ltr'><strong>prte-</strong></span> 
     </span>
    </p>
   </div>
   <div class='ocr_carea' id='block_1_69' title="bbox 255 4830 1838 4904">
    <p class='ocr_par' dir='ltr' id='par_1_69' title="bbox 255 4830 1838 4904">
     <span class='ocr_line' id='line_1_69' title="bbox 255 4830 1838 4904; baseline 0.004 -20"><span class='ocrx_word' id='word_1_484' title='bbox 255 4831 512 4895; x_wconf 87' lang='lat' dir='ltr'><strong>miorum,</strong></span> <span class='ocrx_word' id='word_1_485' title='bbox 541 4831 594 4885; x_wconf 89' lang='lat' dir='ltr'><strong>in</strong></span> <span class='ocrx_word' id='word_1_486' title='bbox 623 4830 887 4901; x_wconf 80' lang='lat' dir='ltr'><strong>profundo</strong></span> <span class='ocrx_word' id='word_1_487' title='bbox 915 4834 1289 4889; x_wconf 87' lang='lat' dir='ltr'><strong>inscrutabilia</strong></span> <span class='ocrx_word' id='word_1_488' title='bbox 1334 4832 1538 4902; x_wconf 87' lang='lat' dir='ltr'><strong>judicia</strong></span> <span class='ocrx_word' id='word_1_489' title='bbox 1592 4834 1683 4888; x_wconf 88' lang='lat' dir='ltr'><strong>Dei</strong></span> <span class='ocrx_word' id='word_1_490' title='bbox 1714 4850 1838 4904; x_wconf 84' lang='lat' dir='ltr'><strong>pos-</strong></span> 
     </span>
    </p>
   </div>
   <div class='ocr_carea' id='block_1_70' title="bbox 251 4921 1839 4995">
    <p class='ocr_par' dir='ltr' id='par_1_70' title="bbox 251 4921 1839 4995">
     <span class='ocr_line' id='line_1_70' title="bbox 251 4921 1839 4995; baseline 0.004 -21"><span class='ocrx_word' id='word_1_491' title='bbox 251 4936 444 4976; x_wconf 88' lang='lat' dir='ltr'><strong>sumus</strong></span> <span class='ocrx_word' id='word_1_492' title='bbox 468 4921 793 4993; x_wconf 83' lang='lat' dir='ltr'><strong>intelligere,</strong></span> <span class='ocrx_word' id='word_1_493' title='bbox 826 4933 886 4981; x_wconf 90' lang='grc' dir='ltr'><strong>υι</strong></span> <span class='ocrx_word' id='word_1_494' title='bbox 902 4925 1122 4979; x_wconf 87' lang='lat' dir='ltr'><strong>Patrum</strong></span> <span class='ocrx_word' id='word_1_495' title='bbox 1147 4925 1314 4981; x_wconf 81' lang='lat' dir='ltr'><strong>refert</strong></span> <span class='ocrx_word' id='word_1_496' title='bbox 1339 4924 1512 4979; x_wconf 85' lang='lat' dir='ltr'><strong>ﬁdelis</strong></span> <span class='ocrx_word' id='word_1_497' title='bbox 1538 4934 1590 4980; x_wconf 90' lang='lat' dir='ltr'><strong>et</strong></span> <span class='ocrx_word' id='word_1_498' title='bbox 1619 4926 1839 4995; x_wconf 86' lang='lat' dir='ltr'><strong>amplis-</strong></span> 
     </span>
    </p>
   </div>
   <div class='ocr_carea' id='block_1_71' title="bbox 247 5013 1835 5085">
    <p class='ocr_par' dir='ltr' id='par_1_71' title="bbox 247 5013 1835 5085">
     <span class='ocr_line' id='line_1_71' title="bbox 247 5013 1835 5085; baseline 0.004 -21"><span class='ocrx_word' id='word_1_499' title='bbox 247 5013 390 5067; x_wconf 82' lang='lat' dir='ltr'><strong>sime</strong></span> <span class='ocrx_word' id='word_1_500' title='bbox 410 5014 629 5082; x_wconf 83' lang='lat' dir='ltr'><strong>Opinata</strong></span> <span class='ocrx_word' id='word_1_501' title='bbox 663 5013 873 5068; x_wconf 87' lang='lat' dir='ltr'><strong>relatio.</strong></span> <span class='ocrx_word' id='word_1_502' title='bbox 905 5015 1211 5085; x_wconf 83' lang='lat' dir='ltr'><strong>imperante</strong></span> <span class='ocrx_word' id='word_1_503' title='bbox 1236 5016 1440 5070; x_wconf 83' lang='lat' dir='ltr'><strong>lielena</strong></span> <span class='ocrx_word' id='word_1_504' title='bbox 1462 5015 1699 5083; x_wconf 80' lang='lat' dir='ltr'><strong>Augusta</strong></span> <span class='ocrx_word' id='word_1_505' title='bbox 1714 5034 1835 5071; x_wconf 80' lang='lat' dir='ltr'><strong>cum</strong></span> 
     </span>
    </p>
   </div>
   <div class='ocr_carea' id='block_1_72' title="bbox 247 5103 1839 5172">
    <p class='ocr_par' dir='ltr' id='par_1_72' title="bbox 247 5103 1839 5172">
     <span class='ocr_line' id='line_1_72' title="bbox 247 5103 1839 5172; baseline 0.004 -16"><span class='ocrx_word' id='word_1_506' title='bbox 247 5103 655 5172; x_wconf 73' lang='lat' dir='ltr'><strong>Angustissimo</strong></span> <span class='ocrx_word' id='word_1_507' title='bbox 696 5103 811 5170; x_wconf 80' lang='lat' dir='ltr'><strong>ejus</strong></span> <span class='ocrx_word' id='word_1_508' title='bbox 851 5106 960 5161; x_wconf 90' lang='lat' dir='ltr'><strong>lilio</strong></span> <span class='ocrx_word' id='word_1_509' title='bbox 1008 5105 1388 5166; x_wconf 77' lang='lat' dir='ltr'><strong>CouSIautino,</strong></span> <span class='ocrx_word' id='word_1_510' title='bbox 1438 5119 1571 5159; x_wconf 84' lang='lat' dir='ltr'><strong>crux</strong></span> <span class='ocrx_word' id='word_1_511' title='bbox 1624 5107 1839 5162; x_wconf 74' lang='lat' dir='ltr'><strong>inventa</strong></span> 
     </span>
    </p>
   </div>
   <div class='ocr_carea' id='block_1_73' title="bbox 248 5192 1842 5263">
    <p class='ocr_par' dir='ltr' id='par_1_73' title="bbox 248 5192 1842 5263">
     <span class='ocr_line' id='line_1_73' title="bbox 248 5192 1842 5263; baseline 0.006 -19"><span class='ocrx_word' id='word_1_512' title='bbox 248 5192 579 5263; x_wconf 67' lang='lat' dir='ltr'><strong>liimdicatitr</strong></span> <span class='ocrx_word' id='word_1_513' title='bbox 607 5202 665 5248; x_wconf 90' lang='lat' dir='ltr'><strong>et</strong></span> <span class='ocrx_word' id='word_1_514' title='bbox 693 5194 947 5259; x_wconf 85' lang='lat' dir='ltr'><strong>creditur.</strong></span> <span class='ocrx_word' id='word_1_515' title='bbox 991 5204 1050 5249; x_wconf 89' lang='lat' dir='ltr'><strong>et</strong></span> <span class='ocrx_word' id='word_1_516' title='bbox 1089 5206 1349 5263; x_wconf 82' lang='lat' dir='ltr'><strong>regnante</strong></span> <span class='ocrx_word' id='word_1_517' title='bbox 1400 5195 1622 5250; x_wconf 82' lang='lat' dir='ltr'><strong>Eracleo</strong></span> <span class='ocrx_word' id='word_1_518' title='bbox 1673 5199 1842 5254; x_wconf 84' lang='lat' dir='ltr'><strong>victo-</strong></span> 
     </span>
    </p>
   </div>
   <div class='ocr_carea' id='block_1_74' title="bbox 251 5282 1840 5350">
    <p class='ocr_par' dir='ltr' id='par_1_74' title="bbox 251 5282 1840 5350">
     <span class='ocr_line' id='line_1_74' title="bbox 251 5282 1840 5350; baseline 0.004 -14"><span class='ocrx_word' id='word_1_519' title='bbox 251 5284 556 5340; x_wconf 85' lang='lat' dir='ltr'><strong>riosissimo</strong></span> <span class='ocrx_word' id='word_1_520' title='bbox 585 5298 712 5350; x_wconf 82' lang='lat' dir='ltr'><strong>rege</strong></span> <span class='ocrx_word' id='word_1_521' title='bbox 740 5292 794 5337; x_wconf 86' lang='lat' dir='ltr'><strong>et</strong></span> <span class='ocrx_word' id='word_1_522' title='bbox 820 5282 1292 5344; x_wconf 68' lang='lat' dir='ltr'><strong>tlhristianissimo</strong></span> <span class='ocrx_word' id='word_1_523' title='bbox 1318 5283 1566 5350; x_wconf 90' lang='lat' dir='ltr'><strong>principe</strong></span> <span class='ocrx_word' id='word_1_524' title='bbox 1598 5283 1840 5350; x_wconf 87' lang='lat' dir='ltr'><strong>ejusdem</strong></span> 
     </span>
    </p>
   </div>
   <div class='ocr_carea' id='block_1_75' title="bbox 1860 3096 1905 3148">
    <p class='ocr_par' dir='ltr' id='par_1_75' title="bbox 1860 3096 1905 3148">
     <span class='ocr_line' id='line_1_75' title="bbox 1860 3096 1905 3148; baseline 0 0"><span class='ocrx_word' id='word_1_525' title='bbox 1860 3096 1905 3148; x_wconf 84' lang='lat' dir='ltr'><strong>C</strong></span> 
     </span>
    </p>
   </div>
   <div class='ocr_carea' id='block_1_76' title="bbox 1866 4425 1915 4483">
    <p class='ocr_par' dir='ltr' id='par_1_76' title="bbox 1866 4425 1915 4483">
     <span class='ocr_line' id='line_1_76' title="bbox 1866 4425 1915 4483; baseline 0 -2"><span class='ocrx_word' id='word_1_526' title='bbox 1866 4425 1915 4483; x_wconf 88' lang='lat' dir='ltr'>D</span> 
     </span>
    </p>
   </div>
   <div class='ocr_carea' id='block_1_77' title="bbox 1938 1846 3511 1923">
    <p class='ocr_par' dir='ltr' id='par_1_77' title="bbox 1938 1846 3511 1923">
     <span class='ocr_line' id='line_1_77' title="bbox 1938 1846 3511 1923; baseline -0.003 -20"><span class='ocrx_word' id='word_1_527' title='bbox 1938 1849 2171 1906; x_wconf 81' lang='lat' dir='ltr'><strong>texendo</strong></span> <span class='ocrx_word' id='word_1_528' title='bbox 2234 1847 2483 1918; x_wconf 79' lang='lat' dir='ltr'><strong>perfecit,</strong></span> <span class='ocrx_word' id='word_1_529' title='bbox 2544 1864 2651 1917; x_wconf 89' lang='lat' dir='ltr'><strong>quo</strong></span> <span class='ocrx_word' id='word_1_530' title='bbox 2709 1847 3002 1916; x_wconf 87' lang='lat' dir='ltr'><strong>pretiosius</strong></span> <span class='ocrx_word' id='word_1_531' title='bbox 3066 1846 3133 1900; x_wconf 87' lang='lat' dir='ltr'><strong>ad</strong></span> <span class='ocrx_word' id='word_1_532' title='bbox 3196 1846 3511 1923; x_wconf 76' lang='lat' dir='ltr'><strong>videndum.</strong></span> 
     </span>
    </p>
   </div>
   <div class='ocr_carea' id='block_1_78' title="bbox 1935 1933 3509 2009">
    <p class='ocr_par' dir='ltr' id='par_1_78' title="bbox 1935 1933 3509 2009">
     <span class='ocr_line' id='line_1_78' title="bbox 1935 1933 3509 2009; baseline -0.003 -15"><span class='ocrx_word' id='word_1_533' title='bbox 1935 1938 2311 1994; x_wconf 59' lang='lat' dir='ltr'><strong>amabilius&#39;ad</strong></span> <span class='ocrx_word' id='word_1_534' title='bbox 2333 1939 2636 2009; x_wconf 84' lang='lat' dir='ltr'><strong>legendum,</strong></span> <span class='ocrx_word' id='word_1_535' title='bbox 2676 1937 2888 1993; x_wconf 89' lang='lat' dir='ltr'><strong>dulcius</strong></span> <span class='ocrx_word' id='word_1_536' title='bbox 2915 1938 2982 1991; x_wconf 85' lang='lat' dir='ltr'><strong>ad</strong></span> <span class='ocrx_word' id='word_1_537' title='bbox 3008 1933 3373 1998; x_wconf 89' lang='lat' dir='ltr'><strong>retinendum,</strong></span> <span class='ocrx_word' id='word_1_538' title='bbox 3410 1951 3509 1990; x_wconf 82' lang='lat' dir='ltr'><strong>nec</strong></span> 
     </span>
    </p>
   </div>
   <div class='ocr_carea' id='block_1_79' title="bbox 1934 2027 3511 2099">
    <p class='ocr_par' dir='ltr' id='par_1_79' title="bbox 1934 2027 3511 2099">
     <span class='ocr_line' id='line_1_79' title="bbox 1934 2027 3511 2099; baseline -0.001 -15"><span class='ocrx_word' id='word_1_539' title='bbox 1934 2030 2256 2087; x_wconf 87' lang='lat' dir='ltr'><strong>laboriosius</strong></span> <span class='ocrx_word' id='word_1_540' title='bbox 2278 2032 2345 2085; x_wconf 88' lang='lat' dir='ltr'><strong>ad</strong></span> <span class='ocrx_word' id='word_1_541' title='bbox 2360 2028 2706 2085; x_wconf 88' lang='lat' dir='ltr'><strong>scribendum</strong></span> <span class='ocrx_word' id='word_1_542' title='bbox 2729 2036 2907 2099; x_wconf 88' lang='lat' dir='ltr'><strong>potest</strong></span> <span class='ocrx_word' id='word_1_543' title='bbox 2923 2027 3153 2082; x_wconf 85' lang='lat' dir='ltr'><strong>inveniri</strong></span> <span class='ocrx_word' id='word_1_544' title='bbox 3174 2042 3271 2082; x_wconf 90' lang='lat' dir='ltr'><strong>nec</strong></span> <span class='ocrx_word' id='word_1_545' title='bbox 3289 2028 3511 2096; x_wconf 90' lang='lat' dir='ltr'><strong>poterit.</strong></span> 
     </span>
    </p>
   </div>
   <div class='ocr_carea' id='block_1_80' title="bbox 1935 2118 3512 2189">
    <p class='ocr_par' dir='ltr' id='par_1_80' title="bbox 1935 2118 3512 2189">
     <span class='ocr_line' id='line_1_80' title="bbox 1935 2118 3512 2189; baseline -0.003 -11"><span class='ocrx_word' id='word_1_546' title='bbox 1935 2123 2141 2178; x_wconf 84' lang='lat' dir='ltr'><strong>Placuit</strong></span> <span class='ocrx_word' id='word_1_547' title='bbox 2169 2122 2465 2177; x_wconf 87' lang='lat' dir='ltr'><strong>beatissimi</strong></span> <span class='ocrx_word' id='word_1_548' title='bbox 2490 2121 2714 2176; x_wconf 80' lang='lat' dir='ltr'><strong>Joannis</strong></span> <span class='ocrx_word' id='word_1_549' title='bbox 2734 2128 3092 2188; x_wconf 82' lang='lat' dir='ltr'><strong>cognomento</strong></span> <span class='ocrx_word' id='word_1_550' title='bbox 3115 2118 3512 2189; x_wconf 81' lang='lat' dir='ltr'><strong>Chrysostomi.</strong></span> 
     </span>
    </p>
   </div>
   <div class='ocr_carea' id='block_1_81' title="bbox 1935 2210 3513 2290">
    <p class='ocr_par' dir='ltr' id='par_1_81' title="bbox 1935 2210 3513 2290">
     <span class='ocr_line' id='line_1_81' title="bbox 1935 2210 3513 2290; baseline -0.004 -19"><span class='ocrx_word' id='word_1_551' title='bbox 1935 2217 2096 2284; x_wconf 70' lang='lat' dir='ltr'><strong>regia:</strong></span> <span class='ocrx_word' id='word_1_552' title='bbox 2128 2214 2369 2290; x_wconf 68' lang='lat' dir='ltr'><strong>civitatis</strong></span> <span class='ocrx_word' id='word_1_553' title='bbox 2420 2212 2740 2269; x_wconf 85' lang='lat' dir='ltr'><strong>nobilissimi</strong></span> <span class='ocrx_word' id='word_1_554' title='bbox 2795 2211 3137 2281; x_wconf 67' lang='lat' dir='ltr'><strong>patriarchae.</strong></span> <span class='ocrx_word' id='word_1_555' title='bbox 3182 2210 3513 2265; x_wconf 87' lang='lat' dir='ltr'><strong>sententiam</strong></span> 
     </span>
    </p>
   </div>
   <div class='ocr_carea' id='block_1_82' title="bbox 1933 2301 3502 2372">
    <p class='ocr_par' dir='ltr' id='par_1_82' title="bbox 1933 2301 3502 2372">
     <span class='ocr_line' id='line_1_82' title="bbox 1933 2301 3502 2372; baseline -0.004 -14"><span class='ocrx_word' id='word_1_556' title='bbox 1933 2305 2000 2358; x_wconf 84' lang='lat' dir='ltr'><strong>de</strong></span> <span class='ocrx_word' id='word_1_557' title='bbox 2029 2306 2184 2362; x_wconf 86' lang='lat' dir='ltr'><strong>laude</strong></span> <span class='ocrx_word' id='word_1_558' title='bbox 2221 2304 2401 2360; x_wconf 86' lang='lat' dir='ltr'><strong>crucis</strong></span> <span class='ocrx_word' id='word_1_559' title='bbox 2446 2302 2571 2358; x_wconf 90' lang='lat' dir='ltr'><strong>huic</strong></span> <span class='ocrx_word' id='word_1_560' title='bbox 2622 2302 2832 2372; x_wconf 69' lang='lat' dir='ltr'><strong>exigua:</strong></span> <span class='ocrx_word' id='word_1_561' title='bbox 2879 2301 3382 2356; x_wconf 71' lang='lat' dir='ltr'><strong>declamatiunculze</strong></span> <span class='ocrx_word' id='word_1_562' title='bbox 3422 2301 3502 2354; x_wconf 85' lang='lat' dir='ltr'><strong>in-</strong></span> 
     </span>
    </p>
   </div>
   <div class='ocr_carea' id='block_1_83' title="bbox 1935 2394 3514 2468">
    <p class='ocr_par' dir='ltr' id='par_1_83' title="bbox 1935 2394 3514 2468">
     <span class='ocr_line' id='line_1_83' title="bbox 1935 2394 3514 2468; baseline -0.004 -17"><span class='ocrx_word' id='word_1_563' title='bbox 1935 2406 2140 2468; x_wconf 78' lang='lat' dir='ltr'><strong>tegram</strong></span> <span class='ocrx_word' id='word_1_564' title='bbox 2164 2395 2428 2456; x_wconf 91' lang='lat' dir='ltr'><strong>inserere.</strong></span> <span class='ocrx_word' id='word_1_565' title='bbox 2454 2408 2520 2449; x_wconf 89' lang='lat' dir='ltr'><strong>eo</strong></span> <span class='ocrx_word' id='word_1_566' title='bbox 2544 2403 2732 2448; x_wconf 86' lang='lat' dir='ltr'><strong>tenore</strong></span> <span class='ocrx_word' id='word_1_567' title='bbox 2770 2403 2827 2447; x_wconf 90' lang='lat' dir='ltr'><strong>ut</strong></span> <span class='ocrx_word' id='word_1_568' title='bbox 2862 2394 3006 2463; x_wconf 87' lang='lat' dir='ltr'><strong>quod</strong></span> <span class='ocrx_word' id='word_1_569' title='bbox 3037 2402 3222 2448; x_wconf 86' lang='lat' dir='ltr'><strong>nostra</strong></span> <span class='ocrx_word' id='word_1_570' title='bbox 3269 2409 3374 2447; x_wconf 91' lang='lat' dir='ltr'><strong>non</strong></span> <span class='ocrx_word' id='word_1_571' title='bbox 3419 2407 3514 2461; x_wconf 87' lang='lat' dir='ltr'><strong>po-</strong></span> 
     </span>
    </p>
   </div>
   <div class='ocr_carea' id='block_1_84' title="bbox 1916 2470 3510 2556">
    <p class='ocr_par' dir='ltr' id='par_1_84' title="bbox 1916 2470 3510 2556">
     <span class='ocr_line' id='line_1_84' title="bbox 1916 2470 3510 2556; baseline -0.003 -14"><span class='ocrx_word' id='word_1_572' title='bbox 1916 2492 2038 2553; x_wconf 80' lang='lat' dir='ltr'><strong>tuit</strong></span> <span class='ocrx_word' id='word_1_573' title='bbox 2056 2488 2218 2556; x_wconf 84' lang='lat' dir='ltr'><strong>digne</strong></span> <span class='ocrx_word' id='word_1_574' title='bbox 2242 2497 2501 2542; x_wconf 85' lang='lat' dir='ltr'><strong>enarrare</strong></span> <span class='ocrx_word' id='word_1_575' title='bbox 2529 2485 2827 2549; x_wconf 87' lang='lat' dir='ltr'><strong>rusticitas,</strong></span> <span class='ocrx_word' id='word_1_576' title='bbox 2860 2485 2977 2554; x_wconf 84' lang='lat' dir='ltr'><strong>ejus</strong></span> <span class='ocrx_word' id='word_1_577' title='bbox 3006 2470 3253 2539; x_wconf 76' lang='lat' dir='ltr'><strong>nobilitat</strong></span> <span class='ocrx_word' id='word_1_578' title='bbox 3282 2485 3510 2552; x_wconf 87' lang='lat' dir='ltr'><strong>simplex</strong></span> 
     </span>
    </p>
   </div>
   <div class='ocr_carea' id='block_1_85' title="bbox 1933 2574 3505 2651">
    <p class='ocr_par' dir='ltr' id='par_1_85' title="bbox 1933 2574 3505 2651">
     <span class='ocr_line' id='line_1_85' title="bbox 1933 2574 3505 2651; baseline -0.004 -19"><span class='ocrx_word' id='word_1_579' title='bbox 1933 2588 1986 2633; x_wconf 87' lang='lat' dir='ltr'><strong>et</strong></span> <span class='ocrx_word' id='word_1_580' title='bbox 2012 2576 2255 2632; x_wconf 86' lang='lat' dir='ltr'><strong>sublimis</strong></span> <span class='ocrx_word' id='word_1_581' title='bbox 2292 2577 2605 2632; x_wconf 86' lang='lat' dir='ltr'><strong>auctoritas.</strong></span> <span class='ocrx_word' id='word_1_582' title='bbox 2638 2575 2867 2646; x_wconf 85' lang='lat' dir='ltr'><strong>Scripsit</strong></span> <span class='ocrx_word' id='word_1_583' title='bbox 2889 2576 3032 2630; x_wconf 89' lang='lat' dir='ltr'><strong>enim</strong></span> <span class='ocrx_word' id='word_1_584' title='bbox 3075 2575 3361 2651; x_wconf 85' lang='lat' dir='ltr'><strong>aliquando</strong></span> <span class='ocrx_word' id='word_1_585' title='bbox 3387 2574 3505 2643; x_wconf 88' lang='lat' dir='ltr'><strong>jam</strong></span> 
     </span>
    </p>
   </div>
   <div class='ocr_carea' id='block_1_86' title="bbox 1933 2664 3514 2731">
    <p class='ocr_par' dir='ltr' id='par_1_86' title="bbox 1933 2664 3514 2731">
     <span class='ocr_line' id='line_1_86' title="bbox 1933 2664 3514 2731; baseline -0.004 -8"><span class='ocrx_word' id='word_1_586' title='bbox 1933 2668 2110 2723; x_wconf 87' lang='lat' dir='ltr'><strong>dictus</strong></span> <span class='ocrx_word' id='word_1_587' title='bbox 2139 2668 2221 2723; x_wconf 77' lang='lat' dir='ltr'><strong>vir</strong></span> <span class='ocrx_word' id='word_1_588' title='bbox 2251 2668 2577 2723; x_wconf 85' lang='lat' dir='ltr'><strong>sententiam</strong></span> <span class='ocrx_word' id='word_1_589' title='bbox 2627 2666 2696 2723; x_wconf 87' lang='lat' dir='ltr'><strong>dc</strong></span> <span class='ocrx_word' id='word_1_590' title='bbox 2760 2680 2924 2725; x_wconf 90' lang='lat' dir='ltr'><strong>cruce</strong></span> <span class='ocrx_word' id='word_1_591' title='bbox 2952 2664 3253 2729; x_wconf 84' lang='lat' dir='ltr'><strong>Dominica,</strong></span> <span class='ocrx_word' id='word_1_592' title='bbox 3303 2665 3356 2718; x_wconf 89' lang='lat' dir='ltr'><strong>in</strong></span> <span class='ocrx_word' id='word_1_593' title='bbox 3406 2680 3514 2731; x_wconf 86' lang='lat' dir='ltr'><strong>qua</strong></span> 
     </span>
    </p>
   </div>
   <div class='ocr_carea' id='block_1_87' title="bbox 1933 2755 3515 2827">
    <p class='ocr_par' dir='ltr' id='par_1_87' title="bbox 1933 2755 3515 2827">
     <span class='ocr_line' id='line_1_87' title="bbox 1933 2755 3515 2827; baseline -0.003 -15"><span class='ocrx_word' id='word_1_594' title='bbox 1933 2758 2198 2813; x_wconf 82' lang='lat' dir='ltr'><strong>allocutus</strong></span> <span class='ocrx_word' id='word_1_595' title='bbox 2240 2768 2325 2814; x_wconf 89' lang='lat' dir='ltr'><strong>est</strong></span> <span class='ocrx_word' id='word_1_596' title='bbox 2355 2757 2643 2827; x_wconf 86' lang='lat' dir='ltr'><strong>quemdam</strong></span> <span class='ocrx_word' id='word_1_597' title='bbox 2676 2772 2833 2811; x_wconf 89' lang='lat' dir='ltr'><strong>suum</strong></span> <span class='ocrx_word' id='word_1_598' title='bbox 2864 2757 3100 2811; x_wconf 85' lang='lat' dir='ltr'><strong>amicum</strong></span> <span class='ocrx_word' id='word_1_599' title='bbox 3137 2755 3323 2811; x_wconf 88' lang='lat' dir='ltr'><strong>dicens</strong></span> <span class='ocrx_word' id='word_1_600' title='bbox 3375 2755 3515 2811; x_wconf 87' lang='lat' dir='ltr'><strong>inter</strong></span> 
     </span>
    </p>
   </div>
   <div class='ocr_carea' id='block_1_88' title="bbox 1933 2842 3515 2908">
    <p class='ocr_par' dir='ltr' id='par_1_88' title="bbox 1933 2842 3515 2908">
     <span class='ocr_line' id='line_1_88' title="bbox 1933 2842 3515 2908; baseline -0.004 -7"><span class='ocrx_word' id='word_1_601' title='bbox 1933 2856 2130 2901; x_wconf 63' lang='lat' dir='ltr'><strong>cattera</strong></span> <span class='ocrx_word' id='word_1_602' title='bbox 2166 2864 2179 2900; x_wconf 89' lang='lat'><strong>:</strong></span> <span class='ocrx_word' id='word_1_603' title='bbox 2213 2866 2231 2898; x_wconf 75' lang='grc' dir='ltr'><strong>ι</strong></span> <span class='ocrx_word' id='word_1_604' title='bbox 2264 2846 2332 2901; x_wconf 87' lang='grc' dir='ltr'>Ει</span> <span class='ocrx_word' id='word_1_605' title='bbox 2373 2845 2418 2901; x_wconf 89' lang='lat' dir='ltr'><strong>si</strong></span> <span class='ocrx_word' id='word_1_606' title='bbox 2464 2860 2623 2900; x_wconf 86' lang='lat' dir='ltr'><strong>nosse</strong></span> <span class='ocrx_word' id='word_1_607' title='bbox 2673 2844 2970 2908; x_wconf 85' lang='lat' dir='ltr'><strong>desideras,</strong></span> <span class='ocrx_word' id='word_1_608' title='bbox 3018 2842 3360 2907; x_wconf 71' lang='lat' dir='ltr'><strong>charissima,</strong></span> <span class='ocrx_word' id='word_1_609' title='bbox 3399 2844 3515 2896; x_wconf 75' lang='lat' dir='ltr'><strong>vir-</strong></span> 
     </span>
    </p>
   </div>
   <div class='ocr_carea' id='block_1_89' title="bbox 1934 2934 3512 3007">
    <p class='ocr_par' dir='ltr' id='par_1_89' title="bbox 1934 2934 3512 3007">
     <span class='ocr_line' id='line_1_89' title="bbox 1934 2934 3512 3007; baseline -0.001 -15"><span class='ocrx_word' id='word_1_610' title='bbox 1934 2947 2103 2993; x_wconf 87' lang='lat' dir='ltr'><strong>tntem</strong></span> <span class='ocrx_word' id='word_1_611' title='bbox 2125 2937 2326 2998; x_wconf 88' lang='lat' dir='ltr'><strong>crucis.</strong></span> <span class='ocrx_word' id='word_1_612' title='bbox 2352 2951 2408 2993; x_wconf 90' lang='lat' dir='ltr'><strong>et</strong></span> <span class='ocrx_word' id='word_1_613' title='bbox 2436 2944 2661 3007; x_wconf 87' lang='lat' dir='ltr'><strong>quanta,</strong></span> <span class='ocrx_word' id='word_1_614' title='bbox 2683 2945 2743 2990; x_wconf 91' lang='lat' dir='ltr'><strong>ut</strong></span> <span class='ocrx_word' id='word_1_615' title='bbox 2773 2951 3013 3006; x_wconf 89' lang='lat' dir='ltr'><strong>possum.</strong></span> <span class='ocrx_word' id='word_1_616' title='bbox 3042 2934 3110 2990; x_wconf 82' lang='lat' dir='ltr'><strong>ad</strong></span> <span class='ocrx_word' id='word_1_617' title='bbox 3155 2934 3272 3005; x_wconf 80' lang='lat' dir='ltr'><strong>ejus</strong></span> <span class='ocrx_word' id='word_1_618' title='bbox 3298 2935 3512 2990; x_wconf 86' lang='lat' dir='ltr'><strong>laudem</strong></span> 
     </span>
    </p>
   </div>
   <div class='ocr_carea' id='block_1_90' title="bbox 1936 3026 3517 3098">
    <p class='ocr_par' dir='ltr' id='par_1_90' title="bbox 1936 3026 3517 3098">
     <span class='ocr_line' id='line_1_90' title="bbox 1936 3026 3517 3098; baseline -0.001 -14"><span class='ocrx_word' id='word_1_619' title='bbox 1936 3029 2146 3089; x_wconf 87' lang='lat' dir='ltr'><strong>dicere.</strong></span> <span class='ocrx_word' id='word_1_620' title='bbox 2196 3029 2317 3084; x_wconf 86' lang='lat' dir='ltr'><strong>audi</strong></span> <span class='ocrx_word' id='word_1_621' title='bbox 2345 3045 2359 3082; x_wconf 90' lang='lat'><strong>:</strong></span> <span class='ocrx_word' id='word_1_622' title='bbox 2389 3043 2521 3082; x_wconf 83' lang='lat' dir='ltr'><strong>crux</strong></span> <span class='ocrx_word' id='word_1_623' title='bbox 2565 3037 2646 3083; x_wconf 89' lang='lat' dir='ltr'><strong>est</strong></span> <span class='ocrx_word' id='word_1_624' title='bbox 2702 3042 2827 3098; x_wconf 88' lang='lat' dir='ltr'><strong>spes</strong></span> <span class='ocrx_word' id='word_1_625' title='bbox 2880 3026 3333 3094; x_wconf 86' lang='lat' dir='ltr'><strong>Christianorum,</strong></span> <span class='ocrx_word' id='word_1_626' title='bbox 3381 3030 3517 3083; x_wconf 77' lang='lat' dir='ltr'><strong>crux&#39;</strong></span> 
     </span>
    </p>
   </div>
   <div class='ocr_carea' id='block_1_91' title="bbox 1937 3117 3516 3183">
    <p class='ocr_par' dir='ltr' id='par_1_91' title="bbox 1937 3117 3516 3183">
     <span class='ocr_line' id='line_1_91' title="bbox 1937 3117 3516 3183; baseline -0.001 -9"><span class='ocrx_word' id='word_1_627' title='bbox 1937 3119 2266 3174; x_wconf 87' lang='lat' dir='ltr'><strong>resurrectio</strong></span> <span class='ocrx_word' id='word_1_628' title='bbox 2307 3127 2665 3182; x_wconf 85' lang='lat' dir='ltr'><strong>mortuorum,</strong></span> <span class='ocrx_word' id='word_1_629' title='bbox 2701 3134 2836 3172; x_wconf 87' lang='lat' dir='ltr'><strong>crux</strong></span> <span class='ocrx_word' id='word_1_630' title='bbox 2881 3130 3148 3173; x_wconf 67' lang='lat' dir='ltr'><strong>catcurnm</strong></span> <span class='ocrx_word' id='word_1_631' title='bbox 3194 3117 3324 3183; x_wconf 85' lang='lat' dir='ltr'><strong>dux,</strong></span> <span class='ocrx_word' id='word_1_632' title='bbox 3379 3133 3516 3173; x_wconf 87' lang='lat' dir='ltr'><strong>crux</strong></span> 
     </span>
    </p>
   </div>
   <div class='ocr_carea' id='block_1_92' title="bbox 1918 3208 3516 3289">
    <p class='ocr_par' dir='ltr' id='par_1_92' title="bbox 1918 3208 3516 3289">
     <span class='ocr_line' id='line_1_92' title="bbox 1918 3208 3516 3289; baseline -0.001 -22"><span class='ocrx_word' id='word_1_633' title='bbox 1918 3213 2346 3289; x_wconf 12' lang='lat' dir='ltr'><strong>‘dcspci&#39;atorum</strong></span> <span class='ocrx_word' id='word_1_634' title='bbox 2384 3212 2494 3270; x_wconf 88' lang='lat' dir='ltr'><strong>via.</strong></span> <span class='ocrx_word' id='word_1_635' title='bbox 2550 3226 2685 3265; x_wconf 81' lang='lat' dir='ltr'><strong>crux</strong></span> <span class='ocrx_word' id='word_1_636' title='bbox 2723 3208 3040 3265; x_wconf 86' lang='lat' dir='ltr'><strong>claudorum</strong></span> <span class='ocrx_word' id='word_1_637' title='bbox 3087 3210 3330 3275; x_wconf 87' lang='lat' dir='ltr'><strong>baculus,</strong></span> <span class='ocrx_word' id='word_1_638' title='bbox 3379 3226 3516 3265; x_wconf 77' lang='lat' dir='ltr'><strong>crux</strong></span> 
     </span>
    </p>
   </div>
   <div class='ocr_carea' id='block_1_93' title="bbox 1936 3290 3509 3371">
    <p class='ocr_par' dir='ltr' id='par_1_93' title="bbox 1936 3290 3509 3371">
     <span class='ocr_line' id='line_1_93' title="bbox 1936 3290 3509 3371; baseline -0.004 -13"><span class='ocrx_word' id='word_1_639' title='bbox 1936 3303 2229 3359; x_wconf 89' lang='lat' dir='ltr'><strong>destructio</strong></span> <span class='ocrx_word' id='word_1_640' title='bbox 2265 3294 2656 3371; x_wconf 81' lang='lat' dir='ltr'><strong>superborum,</strong></span> <span class='ocrx_word' id='word_1_641' title='bbox 2687 3290 3158 3355; x_wconf 66' lang='lat' dir='ltr'><strong>crux&#39;consolatio</strong></span> <span class='ocrx_word' id='word_1_642' title='bbox 3189 3314 3509 3371; x_wconf 82' lang='lat' dir='ltr'><strong>pauperum,</strong></span> 
     </span>
    </p>
   </div>
   <div class='ocr_carea' id='block_1_94' title="bbox 1933 3390 3508 3458">
    <p class='ocr_par' dir='ltr' id='par_1_94' title="bbox 1933 3390 3508 3458">
     <span class='ocr_line' id='line_1_94' title="bbox 1933 3390 3508 3458; baseline -0.004 -9"><span class='ocrx_word' id='word_1_643' title='bbox 1933 3408 2067 3449; x_wconf 83' lang='lat' dir='ltr'><strong>crux</strong></span> <span class='ocrx_word' id='word_1_644' title='bbox 2094 3392 2387 3448; x_wconf 82' lang='lat' dir='ltr'><strong>refrenatio</strong></span> <span class='ocrx_word' id='word_1_645' title='bbox 2407 3392 2658 3453; x_wconf 88' lang='lat' dir='ltr'><strong>divitum,</strong></span> <span class='ocrx_word' id='word_1_646' title='bbox 2680 3404 2816 3445; x_wconf 87' lang='lat' dir='ltr'><strong>crux</strong></span> <span class='ocrx_word' id='word_1_647' title='bbox 2845 3390 2985 3443; x_wconf 87' lang='lat' dir='ltr'><strong>male</strong></span> <span class='ocrx_word' id='word_1_648' title='bbox 3014 3390 3306 3443; x_wconf 74' lang='lat' dir='ltr'><strong>viventium</strong></span> <span class='ocrx_word' id='word_1_649' title='bbox 3324 3404 3508 3458; x_wconf 73' lang='lat' dir='ltr'><strong>pinna.</strong></span> 
     </span>
    </p>
   </div>
   <div class='ocr_carea' id='block_1_95' title="bbox 1935 3480 3508 3548">
    <p class='ocr_par' dir='ltr' id='par_1_95' title="bbox 1935 3480 3508 3548">
     <span class='ocr_line' id='line_1_95' title="bbox 1935 3480 3508 3548; baseline -0.004 -9"><span class='ocrx_word' id='word_1_650' title='bbox 1935 3500 2068 3539; x_wconf 86' lang='lat' dir='ltr'><strong>crux</strong></span> <span class='ocrx_word' id='word_1_651' title='bbox 2093 3485 2351 3538; x_wconf 84' lang='lat' dir='ltr'><strong>adversus</strong></span> <span class='ocrx_word' id='word_1_652' title='bbox 2392 3483 2663 3536; x_wconf 69' lang='lat' dir='ltr'><strong>daemones</strong></span> <span class='ocrx_word' id='word_1_653' title='bbox 2704 3481 3028 3548; x_wconf 86' lang='lat' dir='ltr'><strong>triumphus,</strong></span> <span class='ocrx_word' id='word_1_654' title='bbox 3084 3494 3217 3534; x_wconf 83' lang='lat' dir='ltr'><strong>crux</strong></span> <span class='ocrx_word' id='word_1_655' title='bbox 3272 3480 3508 3534; x_wconf 82' lang='lat' dir='ltr'><strong>devictio</strong></span> 
     </span>
    </p>
   </div>
   <div class='ocr_carea' id='block_1_96' title="bbox 1936 3571 3516 3641">
    <p class='ocr_par' dir='ltr' id='par_1_96' title="bbox 1936 3571 3516 3641">
     <span class='ocr_line' id='line_1_96' title="bbox 1936 3571 3516 3641; baseline -0.004 -12"><span class='ocrx_word' id='word_1_656' title='bbox 1936 3574 2155 3639; x_wconf 85' lang='lat' dir='ltr'><strong>diaboli,</strong></span> <span class='ocrx_word' id='word_1_657' title='bbox 2184 3590 2317 3631; x_wconf 88' lang='lat' dir='ltr'><strong>crux</strong></span> <span class='ocrx_word' id='word_1_658' title='bbox 2339 3571 2761 3628; x_wconf 86' lang='lat' dir='ltr'><strong>adolescentium</strong></span> <span class='ocrx_word' id='word_1_659' title='bbox 2786 3573 3128 3641; x_wconf 66' lang='lat' dir='ltr'><strong>pattlagogus,</strong></span> <span class='ocrx_word' id='word_1_660' title='bbox 3144 3587 3276 3626; x_wconf 74' lang='lat' dir='ltr'><strong>crux</strong></span> <span class='ocrx_word' id='word_1_661' title='bbox 3301 3580 3516 3625; x_wconf 79' lang='lat' dir='ltr'><strong>susten-</strong></span> 
     </span>
    </p>
   </div>
   <div class='ocr_carea' id='block_1_97' title="bbox 1937 3661 3519 3734">
    <p class='ocr_par' dir='ltr' id='par_1_97' title="bbox 1937 3661 3519 3734">
     <span class='ocr_line' id='line_1_97' title="bbox 1937 3661 3519 3734; baseline -0.004 -16"><span class='ocrx_word' id='word_1_662' title='bbox 1937 3666 2070 3720; x_wconf 90' lang='lat' dir='ltr'><strong>tatio</strong></span> <span class='ocrx_word' id='word_1_663' title='bbox 2097 3666 2337 3734; x_wconf 88' lang='lat' dir='ltr'><strong>inopum,</strong></span> <span class='ocrx_word' id='word_1_664' title='bbox 2378 3678 2511 3717; x_wconf 83' lang='lat' dir='ltr'><strong>crux</strong></span> <span class='ocrx_word' id='word_1_665' title='bbox 2556 3676 2681 3731; x_wconf 87' lang='lat' dir='ltr'><strong>spes</strong></span> <span class='ocrx_word' id='word_1_666' title='bbox 2714 3662 3144 3730; x_wconf 85' lang='lat' dir='ltr'><strong>despcratorum,</strong></span> <span class='ocrx_word' id='word_1_667' title='bbox 3192 3674 3323 3713; x_wconf 78' lang='lat' dir='ltr'><strong>crux</strong></span> <span class='ocrx_word' id='word_1_668' title='bbox 3371 3661 3519 3713; x_wconf 67' lang='lat' dir='ltr'><strong>nari-</strong></span> 
     </span>
    </p>
   </div>
   <div class='ocr_carea' id='block_1_98' title="bbox 1937 3748 3516 3825">
    <p class='ocr_par' dir='ltr' id='par_1_98' title="bbox 1937 3748 3516 3825">
     <span class='ocr_line' id='line_1_98' title="bbox 1937 3748 3516 3825; baseline -0.006 -15"><span class='ocrx_word' id='word_1_669' title='bbox 1937 3756 2179 3824; x_wconf 76' lang='lat' dir='ltr'><strong>gantium</strong></span> <span class='ocrx_word' id='word_1_670' title='bbox 2232 3754 2580 3825; x_wconf 82' lang='lat' dir='ltr'><strong>gubernator,</strong></span> <span class='ocrx_word' id='word_1_671' title='bbox 2649 3764 2781 3804; x_wconf 86' lang='lat' dir='ltr'><strong>crux</strong></span> <span class='ocrx_word' id='word_1_672' title='bbox 2834 3748 3254 3820; x_wconf 85' lang='lat' dir='ltr'><strong>periclitantium</strong></span> <span class='ocrx_word' id='word_1_673' title='bbox 3306 3757 3516 3817; x_wconf 85' lang='lat' dir='ltr'><strong>portus.</strong></span> 
     </span>
    </p>
   </div>
   <div class='ocr_carea' id='block_1_99' title="bbox 1935 3836 3515 3907">
    <p class='ocr_par' dir='ltr' id='par_1_99' title="bbox 1935 3836 3515 3907">
     <span class='ocr_line' id='line_1_99' title="bbox 1935 3836 3515 3907; baseline -0.009 -5"><span class='ocrx_word' id='word_1_674' title='bbox 1935 3863 2067 3902; x_wconf 82' lang='lat' dir='ltr'><strong>crux</strong></span> <span class='ocrx_word' id='word_1_675' title='bbox 2118 3845 2462 3900; x_wconf 80' lang='lat' dir='ltr'><strong>obsessorum</strong></span> <span class='ocrx_word' id='word_1_676' title='bbox 2504 3854 2707 3905; x_wconf 85' lang='lat' dir='ltr'><strong>murus,</strong></span> <span class='ocrx_word' id='word_1_677' title='bbox 2739 3855 2873 3893; x_wconf 82' lang='lat' dir='ltr'><strong>crux</strong></span> <span class='ocrx_word' id='word_1_678' title='bbox 2928 3846 3081 3907; x_wconf 85' lang='lat' dir='ltr'><strong>pater</strong></span> <span class='ocrx_word' id='word_1_679' title='bbox 3121 3836 3515 3904; x_wconf 85' lang='lat' dir='ltr'><strong>orphanorum,</strong></span> 
     </span>
    </p>
   </div>
   <div class='ocr_carea' id='block_1_100' title="bbox 1934 3926 3513 3998">
    <p class='ocr_par' dir='ltr' id='par_1_100' title="bbox 1934 3926 3513 3998">
     <span class='ocr_line' id='line_1_100' title="bbox 1934 3926 3513 3998; baseline -0.008 -5"><span class='ocrx_word' id='word_1_680' title='bbox 1934 3954 2070 3993; x_wconf 73' lang='lat' dir='ltr'><strong>crux</strong></span> <span class='ocrx_word' id='word_1_681' title='bbox 2093 3937 2343 3992; x_wconf 80' lang='lat' dir='ltr'><strong>defensor</strong></span> <span class='ocrx_word' id='word_1_682' title='bbox 2367 3934 2670 3994; x_wconf 75' lang='lat' dir='ltr'><strong>viduarum,</strong></span> <span class='ocrx_word' id='word_1_683' title='bbox 2704 3946 2833 3985; x_wconf 73' lang='lat' dir='ltr'><strong>crux</strong></span> <span class='ocrx_word' id='word_1_684' title='bbox 2855 3929 3123 3998; x_wconf 72' lang='lat' dir='ltr'><strong>iustorum</strong></span> <span class='ocrx_word' id='word_1_685' title='bbox 3147 3926 3513 3991; x_wconf 85' lang='lat' dir='ltr'><strong>consiliarius,</strong></span> 
     </span>
    </p>
   </div>
   <div class='ocr_carea' id='block_1_101' title="bbox 1937 4017 3511 4091">
    <p class='ocr_par' dir='ltr' id='par_1_101' title="bbox 1937 4017 3511 4091">
     <span class='ocr_line' id='line_1_101' title="bbox 1937 4017 3511 4091; baseline -0.009 -7"><span class='ocrx_word' id='word_1_686' title='bbox 1937 4045 2069 4086; x_wconf 86' lang='lat' dir='ltr'><strong>crux</strong></span> <span class='ocrx_word' id='word_1_687' title='bbox 2152 4024 2526 4082; x_wconf 87' lang='lat' dir='ltr'><strong>tribuiatorum</strong></span> <span class='ocrx_word' id='word_1_688' title='bbox 2606 4022 2861 4091; x_wconf 88' lang='lat' dir='ltr'><strong>requies,</strong></span> <span class='ocrx_word' id='word_1_689' title='bbox 2941 4034 3078 4074; x_wconf 84' lang='lat' dir='ltr'><strong>crux</strong></span> <span class='ocrx_word' id='word_1_690' title='bbox 3158 4017 3511 4088; x_wconf 79' lang='lat' dir='ltr'><strong>parvulorum</strong></span> 
     </span>
    </p>
   </div>
   <div class='ocr_carea' id='block_1_102' title="bbox 1938 4107 3514 4178">
    <p class='ocr_par' dir='ltr' id='par_1_102' title="bbox 1938 4107 3514 4178">
     <span class='ocr_line' id='line_1_102' title="bbox 1938 4107 3514 4178; baseline -0.01 -4"><span class='ocrx_word' id='word_1_691' title='bbox 1938 4129 2155 4178; x_wconf 89' lang='lat' dir='ltr'><strong>custos.</strong></span> <span class='ocrx_word' id='word_1_692' title='bbox 2205 4131 2338 4170; x_wconf 89' lang='lat' dir='ltr'><strong>crux</strong></span> <span class='ocrx_word' id='word_1_693' title='bbox 2390 4113 2630 4168; x_wconf 87' lang='lat' dir='ltr'><strong>virorum</strong></span> <span class='ocrx_word' id='word_1_694' title='bbox 2699 4122 2883 4178; x_wconf 86' lang='lat' dir='ltr'><strong>caput,</strong></span> <span class='ocrx_word' id='word_1_695' title='bbox 2935 4124 3067 4163; x_wconf 70' lang='lat' dir='ltr'><strong>crux</strong></span> <span class='ocrx_word' id='word_1_696' title='bbox 3122 4123 3315 4162; x_wconf 86' lang='lat' dir='ltr'><strong>senum</strong></span> <span class='ocrx_word' id='word_1_697' title='bbox 3368 4107 3514 4170; x_wconf 87' lang='lat' dir='ltr'><strong>linis,</strong></span> 
     </span>
    </p>
   </div>
   <div class='ocr_carea' id='block_1_103' title="bbox 1938 4201 3520 4265">
    <p class='ocr_par' dir='ltr' id='par_1_103' title="bbox 1938 4201 3520 4265">
     <span class='ocr_line' id='line_1_103' title="bbox 1938 4201 3520 4265; baseline -0.007 -1"><span class='ocrx_word' id='word_1_698' title='bbox 1938 4227 2068 4265; x_wconf 84' lang='lat' dir='ltr'><strong>crux</strong></span> <span class='ocrx_word' id='word_1_699' title='bbox 2141 4209 2321 4263; x_wconf 89' lang='lat' dir='ltr'><strong>lumen</strong></span> <span class='ocrx_word' id='word_1_700' title='bbox 2392 4207 2443 4259; x_wconf 89' lang='lat' dir='ltr'><strong>in</strong></span> <span class='ocrx_word' id='word_1_701' title='bbox 2515 4203 2750 4258; x_wconf 87' lang='lat' dir='ltr'><strong>tenebris</strong></span> <span class='ocrx_word' id='word_1_702' title='bbox 2826 4201 3164 4263; x_wconf 87' lang='lat' dir='ltr'><strong>sedentium,</strong></span> <span class='ocrx_word' id='word_1_703' title='bbox 3222 4216 3355 4253; x_wconf 80' lang='lat' dir='ltr'><strong>ct-ux</strong></span> <span class='ocrx_word' id='word_1_704' title='bbox 3432 4214 3520 4253; x_wconf 84' lang='lat' dir='ltr'><strong>re-</strong></span> 
     </span>
    </p>
   </div>
   <div class='ocr_carea' id='block_1_104' title="bbox 1938 4293 3519 4369">
    <p class='ocr_par' dir='ltr' id='par_1_104' title="bbox 1938 4293 3519 4369">
     <span class='ocr_line' id='line_1_104' title="bbox 1938 4293 3519 4369; baseline -0.004 -20"><span class='ocrx_word' id='word_1_705' title='bbox 1938 4315 2061 4369; x_wconf 84' lang='lat' dir='ltr'><strong>gum</strong></span> <span class='ocrx_word' id='word_1_706' title='bbox 2087 4293 2511 4367; x_wconf 82' lang='lat' dir='ltr'><strong>magniﬁcentia,</strong></span> <span class='ocrx_word' id='word_1_707' title='bbox 2558 4308 2689 4346; x_wconf 84' lang='lat' dir='ltr'><strong>crux</strong></span> <span class='ocrx_word' id='word_1_708' title='bbox 2746 4299 2957 4343; x_wconf 83' lang='lat' dir='ltr'><strong>scutum</strong></span> <span class='ocrx_word' id='word_1_709' title='bbox 3000 4298 3339 4357; x_wconf 86' lang='lat' dir='ltr'><strong>perpetuum,</strong></span> <span class='ocrx_word' id='word_1_710' title='bbox 3382 4303 3519 4343; x_wconf 82' lang='lat' dir='ltr'><strong>crux</strong></span> 
     </span>
    </p>
   </div>
   <div class='ocr_carea' id='block_1_105' title="bbox 1944 4379 3520 4451">
    <p class='ocr_par' dir='ltr' id='par_1_105' title="bbox 1944 4379 3520 4451">
     <span class='ocr_line' id='line_1_105' title="bbox 1944 4379 3520 4451; baseline -0.006 -10"><span class='ocrx_word' id='word_1_711' title='bbox 1944 4389 2340 4440; x_wconf 84' lang='lat' dir='ltr'><strong>insensatormu</strong></span> <span class='ocrx_word' id='word_1_712' title='bbox 2405 4381 2693 4451; x_wconf 85' lang='lat' dir='ltr'><strong>sapientia,</strong></span> <span class='ocrx_word' id='word_1_713' title='bbox 2753 4393 2883 4433; x_wconf 84' lang='lat' dir='ltr'><strong>crux</strong></span> <span class='ocrx_word' id='word_1_714' title='bbox 2942 4379 3166 4432; x_wconf 87' lang='lat' dir='ltr'><strong>libertas</strong></span> <span class='ocrx_word' id='word_1_715' title='bbox 3214 4392 3520 4442; x_wconf 79' lang='lat' dir='ltr'><strong>servorum,</strong></span> 
     </span>
    </p>
   </div>
   <div class='ocr_carea' id='block_1_106' title="bbox 1941 4468 3517 4545">
    <p class='ocr_par' dir='ltr' id='par_1_106' title="bbox 1941 4468 3517 4545">
     <span class='ocr_line' id='line_1_106' title="bbox 1941 4468 3517 4545; baseline -0.006 -14"><span class='ocrx_word' id='word_1_716' title='bbox 1941 4493 2073 4531; x_wconf 80' lang='lat' dir='ltr'><strong>crux</strong></span> <span class='ocrx_word' id='word_1_717' title='bbox 2109 4477 2493 4545; x_wconf 86' lang='lat' dir='ltr'><strong>imperatorum</strong></span> <span class='ocrx_word' id='word_1_718' title='bbox 2530 4468 2898 4542; x_wconf 72' lang='lat' dir='ltr'><strong>philosolihia,</strong></span> <span class='ocrx_word' id='word_1_719' title='bbox 2941 4484 3073 4524; x_wconf 79' lang='lat' dir='ltr'><strong>crux</strong></span> <span class='ocrx_word' id='word_1_720' title='bbox 3096 4468 3179 4523; x_wconf 84' lang='lat' dir='ltr'><strong>lex</strong></span> <span class='ocrx_word' id='word_1_721' title='bbox 3209 4469 3517 4538; x_wconf 87' lang='lat' dir='ltr'><strong>impiorum.</strong></span> 
     </span>
    </p>
   </div>
   <div class='ocr_carea' id='block_1_107' title="bbox 1942 4560 3523 4637">
    <p class='ocr_par' dir='ltr' id='par_1_107' title="bbox 1942 4560 3523 4637">
     <span class='ocr_line' id='line_1_107' title="bbox 1942 4560 3523 4637; baseline -0.006 -15"><span class='ocrx_word' id='word_1_722' title='bbox 1942 4585 2074 4624; x_wconf 89' lang='lat' dir='ltr'><strong>crux</strong></span> <span class='ocrx_word' id='word_1_723' title='bbox 2131 4567 2514 4637; x_wconf 86' lang='lat' dir='ltr'><strong>prophetarum</strong></span> <span class='ocrx_word' id='word_1_724' title='bbox 2569 4562 2923 4632; x_wconf 66' lang='lat' dir='ltr'><strong>praeconetio,</strong></span> <span class='ocrx_word' id='word_1_725' title='bbox 2984 4575 3118 4613; x_wconf 78' lang='lat' dir='ltr'><strong>crux</strong></span> <span class='ocrx_word' id='word_1_726' title='bbox 3183 4560 3523 4614; x_wconf 85' lang='lat' dir='ltr'><strong>adnuutiatio</strong></span> 
     </span>
    </p>
   </div>
   <div class='ocr_carea' id='block_1_108' title="bbox 1939 4651 3524 4731">
    <p class='ocr_par' dir='ltr' id='par_1_108' title="bbox 1939 4651 3524 4731">
     <span class='ocr_line' id='line_1_108' title="bbox 1939 4651 3524 4731; baseline -0.008 -17"><span class='ocrx_word' id='word_1_727' title='bbox 1939 4658 2326 4731; x_wconf 84' lang='lat' dir='ltr'><strong>apostolorum,</strong></span> <span class='ocrx_word' id='word_1_728' title='bbox 2363 4668 2495 4710; x_wconf 86' lang='lat' dir='ltr'><strong>crux</strong></span> <span class='ocrx_word' id='word_1_729' title='bbox 2535 4663 2834 4722; x_wconf 81' lang='lat' dir='ltr'><strong>martyrum</strong></span> <span class='ocrx_word' id='word_1_730' title='bbox 2861 4651 3131 4721; x_wconf 84' lang='lat' dir='ltr'><strong>gloriatio.</strong></span> <span class='ocrx_word' id='word_1_731' title='bbox 3172 4666 3302 4704; x_wconf 78' lang='lat' dir='ltr'><strong>crux</strong></span> <span class='ocrx_word' id='word_1_732' title='bbox 3338 4665 3524 4703; x_wconf 80' lang='lat' dir='ltr'><strong>tuonu-</strong></span> 
     </span>
    </p>
   </div>
   <div class='ocr_carea' id='block_1_109' title="bbox 1940 4743 3523 4813">
    <p class='ocr_par' dir='ltr' id='par_1_109' title="bbox 1940 4743 3523 4813">
     <span class='ocr_line' id='line_1_109' title="bbox 1940 4743 3523 4813; baseline -0.011 -6"><span class='ocrx_word' id='word_1_733' title='bbox 1940 4753 2166 4808; x_wconf 87' lang='lat' dir='ltr'><strong>chorum</strong></span> <span class='ocrx_word' id='word_1_734' title='bbox 2212 4746 2564 4809; x_wconf 85' lang='lat' dir='ltr'><strong>abstinentia,</strong></span> <span class='ocrx_word' id='word_1_735' title='bbox 2609 4758 2744 4799; x_wconf 78' lang='lat' dir='ltr'><strong>crux</strong></span> <span class='ocrx_word' id='word_1_736' title='bbox 2790 4743 3060 4813; x_wconf 82' lang='lat' dir='ltr'><strong>virginum</strong></span> <span class='ocrx_word' id='word_1_737' title='bbox 3104 4743 3348 4799; x_wconf 59' lang='lat' dir='ltr'><strong>castics.</strong></span> <span class='ocrx_word' id='word_1_738' title='bbox 3388 4754 3523 4791; x_wconf 82' lang='lat' dir='ltr'><strong>crux</strong></span> 
     </span>
    </p>
   </div>
   <div class='ocr_carea' id='block_1_110' title="bbox 1939 4839 3527 4927">
    <p class='ocr_par' dir='ltr' id='par_1_110' title="bbox 1939 4839 3527 4927">
     <span class='ocr_line' id='line_1_110' title="bbox 1939 4839 3527 4927; baseline -0.01 -24"><span class='ocrx_word' id='word_1_739' title='bbox 1939 4851 2194 4927; x_wconf 61' lang='lat' dir='ltr'><strong>gaudium</strong></span> <span class='ocrx_word' id='word_1_740' title='bbox 2225 4844 2588 4908; x_wconf 87' lang='lat' dir='ltr'><strong>sacerdotum,</strong></span> <span class='ocrx_word' id='word_1_741' title='bbox 2626 4858 2761 4898; x_wconf 80' lang='lat' dir='ltr'><strong>crux</strong></span> <span class='ocrx_word' id='word_1_742' title='bbox 2799 4841 3053 4896; x_wconf 72' lang='lat' dir='ltr'><strong>Ecclesiae</strong></span> <span class='ocrx_word' id='word_1_743' title='bbox 3094 4839 3527 4901; x_wconf 81' lang='lat' dir='ltr'><strong>lumlamcntuui,</strong></span> 
     </span>
    </p>
   </div>
   <div class='ocr_carea' id='block_1_111' title="bbox 1938 4938 3533 5009">
    <p class='ocr_par' dir='ltr' id='par_1_111' title="bbox 1938 4938 3533 5009">
     <span class='ocr_line' id='line_1_111' title="bbox 1938 4938 3533 5009; baseline -0.012 -3"><span class='ocrx_word' id='word_1_744' title='bbox 1938 4967 2070 5005; x_wconf 87' lang='lat' dir='ltr'><strong>crux</strong></span> <span class='ocrx_word' id='word_1_745' title='bbox 2083 4949 2231 5005; x_wconf 84' lang='lat' dir='ltr'><strong>orbis</strong></span> <span class='ocrx_word' id='word_1_746' title='bbox 2250 4957 2410 5003; x_wconf 59' lang='lat' dir='ltr'><strong>terra:</strong></span> <span class='ocrx_word' id='word_1_747' title='bbox 2429 4943 2642 4999; x_wconf 88' lang='lat' dir='ltr'><strong>cautela</strong></span> <span class='ocrx_word' id='word_1_748' title='bbox 2690 4957 2824 4998; x_wconf 81' lang='lat' dir='ltr'><strong>crux</strong></span> <span class='ocrx_word' id='word_1_749' title='bbox 2857 4940 3183 5009; x_wconf 90' lang='lat' dir='ltr'><strong>templorum</strong></span> <span class='ocrx_word' id='word_1_750' title='bbox 3209 4938 3533 5001; x_wconf 78' lang='lat' dir='ltr'><strong>destructio,</strong></span> 
     </span>
    </p>
   </div>
   <div class='ocr_carea' id='block_1_112' title="bbox 1940 5036 3535 5111">
    <p class='ocr_par' dir='ltr' id='par_1_112' title="bbox 1940 5036 3535 5111">
     <span class='ocr_line' id='line_1_112' title="bbox 1940 5036 3535 5111; baseline -0.012 -6"><span class='ocrx_word' id='word_1_751' title='bbox 1940 5066 2074 5105; x_wconf 85' lang='lat' dir='ltr'><strong>crux</strong></span> <span class='ocrx_word' id='word_1_752' title='bbox 2107 5048 2374 5103; x_wconf 86' lang='lat' dir='ltr'><strong>idolorum</strong></span> <span class='ocrx_word' id='word_1_753' title='bbox 2416 5043 2676 5111; x_wconf 87' lang='lat' dir='ltr'><strong>repulsio,</strong></span> <span class='ocrx_word' id='word_1_754' title='bbox 2700 5056 2834 5096; x_wconf 80' lang='lat' dir='ltr'><strong>crux</strong></span> <span class='ocrx_word' id='word_1_755' title='bbox 2857 5037 3174 5092; x_wconf 86' lang='lat' dir='ltr'><strong>scandalum</strong></span> <span class='ocrx_word' id='word_1_756' title='bbox 3198 5036 3535 5096; x_wconf 62' lang='lat' dir='ltr'><strong>indecorum,</strong></span> 
     </span>
    </p>
   </div>
   <div class='ocr_carea' id='block_1_113' title="bbox 1943 5132 3540 5217">
    <p class='ocr_par' dir='ltr' id='par_1_113' title="bbox 1943 5132 3540 5217">
     <span class='ocr_line' id='line_1_113' title="bbox 1943 5132 3540 5217; baseline -0.011 -14"><span class='ocrx_word' id='word_1_757' title='bbox 1943 5165 2076 5203; x_wconf 88' lang='lat' dir='ltr'><strong>crux</strong></span> <span class='ocrx_word' id='word_1_758' title='bbox 2117 5146 2350 5217; x_wconf 88' lang='lat' dir='ltr'><strong>perditio</strong></span> <span class='ocrx_word' id='word_1_759' title='bbox 2395 5142 2706 5210; x_wconf 88' lang='lat' dir='ltr'><strong>impiorum.</strong></span> <span class='ocrx_word' id='word_1_760' title='bbox 2762 5152 2900 5192; x_wconf 84' lang='lat' dir='ltr'><strong>crux</strong></span> <span class='ocrx_word' id='word_1_761' title='bbox 2943 5135 3304 5190; x_wconf 82' lang='lat' dir='ltr'><strong>invalidorum</strong></span> <span class='ocrx_word' id='word_1_762' title='bbox 3342 5132 3540 5196; x_wconf 86' lang='lat' dir='ltr'><strong>virtus,</strong></span> 
     </span>
    </p>
   </div>
   <div class='ocr_carea' id='block_1_114' title="bbox 1945 5226 3551 5316">
    <p class='ocr_par' dir='ltr' id='par_1_114' title="bbox 1945 5226 3551 5316">
     <span class='ocr_line' id='line_1_114' title="bbox 1945 5226 3551 5316; baseline -0.011 -14"><span class='ocrx_word' id='word_1_763' title='bbox 1945 5264 2081 5302; x_wconf 81' lang='lat' dir='ltr'><strong>crux</strong></span> <span class='ocrx_word' id='word_1_764' title='bbox 2115 5226 2497 5316; x_wconf 47' lang='lat' dir='ltr'><strong>azgrotanti&#39;um</strong></span> <span class='ocrx_word' id='word_1_765' title='bbox 2553 5242 2816 5300; x_wconf 88' lang='lat' dir='ltr'><strong>medicus,</strong></span> <span class='ocrx_word' id='word_1_766' title='bbox 2847 5253 2984 5293; x_wconf 88' lang='lat' dir='ltr'><strong>crux</strong></span> <span class='ocrx_word' id='word_1_767' title='bbox 3021 5234 3340 5290; x_wconf 84' lang='lat' dir='ltr'><strong>emundatio</strong></span> <span class='ocrx_word' id='word_1_768' title='bbox 3371 5230 3551 5297; x_wconf 84' lang='lat' dir='ltr'><strong>lepro-</strong></span> 
     </span>
    </p>
   </div>
  </div>
