4072 5350
267 360 411 415 10⁸57

1033 471 1094 524 ΙΙ.

553 564 745 618 Uritur
775 565 926 620 sidus
956 565 1216 638 inclytum

553 655 833 709 llinstrans
859 670 1020 711 omne
1046 657 1322 721 sarculum,

556 745 659 800 Per
687 746 830 815 quod
854 747 970 802 dies
998 758 1052 802 et
1087 759 1328 819 tempora

554 835 851 892 Assumunt
875 838 998 893 vita:
1021 839 1244 894 lumina.

624 925 846 997 Reliqua
871 944 976 982 non
995 937 1200 982 exstant
1229 931 1280 982 in
1308 946 1404 984 ms.

1013 1019 1100 1074 Ill.

527 1121 575 1172 ο
599 1122 666 1160 sn
705 1123 910 1163 cauca!
943 1109 1276 1179 lanosum:
1313 1125 1536 1166 οιιΑτιο.

338 1195 395 1250 la
433 1195 596 1266 cuius
634 1213 831 1254 nomen
859 1215 1022 1256 omne
1051 1216 1191 1272 genu
1225 1198 1481 1266 ﬂectitur,
1507 1201 1843 1267 caelestium,

263 1288 610 1360 terrestrium
631 1297 687 1344 et
714 1289 1133 1355 infernorum,ei
1157 1308 1298 1347 nunc
1321 1307 1438 1346 mea
1460 1306 1628 1346 curvo
1647 1306 1843 1362 genua,

259 1375 384 1429 sive
429 1377 696 1432 conﬁteor
739 1378 954 1449 culpam
1000 1379 1147 1435 Patri
1204 1380 1464 1436 luminum
1491 1421 1506 1447 ,
1543 1383 1843 1452 possessori

257 1465 506 1519 onmium
563 1468 882 1537 spirituum,
913 1470 1203 1540 imperanti
1255 1481 1364 1525 tam
1419 1474 1649 1528 terrenis
1679 1489 1843 1544 quam

258 1554 580 1611 cmlestibus
608 1574 622 1612 :
656 1559 882 1629 tibique,
913 1559 1132 1616 inimice
1159 1562 1377 1616 humani
1409 1565 1640 1631 generis,
1679 1563 1847 1618 inter-

258 1643 410 1710 dico,
432 1647 523 1714 qui
546 1649 748 1704 circuis
771 1665 1016 1720 quarens
1042 1667 1203 1722 quem
1235 1651 1481 1717 devores,
1497 1664 1682 1708 averte
1703 1670 1733 1706 a
1761 1669 1845 1708 me

279 1855 396 1882 ο·-

1473 363 1850 420 STATUTUM
1894 365 1978 419 DE
2015 366 2144 421 DEF
2157 367 2421 424 UNCTlS.

1875 485 1922 538 Α
1955 477 2234 532 machinas
2258 488 2376 533 tuas
2398 488 2454 534 et
2480 481 2720 537 occultas
2758 482 3012 548 insidias;
3041 483 3170 552 quia
3197 498 3410 539 mecum
3447 497 3538 568 est

3363 374 3527 431 1938

1957 580 2094 618 crux
2142 565 2351 620 Domini
2393 583 2553 637 quem
2583 585 2800 640 semper
2823 573 3010 626 adoro.
3038 571 3180 627 Crux
3227 574 3357 628 mihi
3389 565 3534 630 refu-

1955 656 2130 725 gium,
2160 670 2291 710 crux
2340 657 2470 713 mihi
2512 659 2597 714 via
2627 669 2682 715 et
2711 661 2910 722 virtus,
2955 678 3087 716 crux
3121 663 3537 733 inexpugnabile

1957 745 2168 814 signum
2187 785 2202 809 ,
2229 761 2362 800 crux
2403 747 2708 804 invincibile
2737 765 2907 820 genus
2937 765 3230 806 armorum.
3269 753 3414 807 Crux
3446 768 3534 807 re-

1955 835 2105 905 pellit
2135 851 2297 891 omne
2325 838 2547 892 malum.
2576 839 2720 895 Crux
2751 840 2950 912 ell'ugat
2971 844 3239 898 tenebras.
3269 843 3372 898 Per
3393 845 3535 898 hanc

1953 940 2173 981 crucem
2208 926 2447 982 divinum
2475 931 2760 1000 aggrediar
2797 933 2920 986 iter.
2951 931 3098 987 Crux
3127 934 3256 988 mihi
3285 935 3391 987 vita
3418 945 3534 998 est;

1956 1029 2124 1082 mors,
2143 1015 2377 1082 inimice,
2395 1017 2512 1071 tibi.
2531 1018 2676 1073 Crux
2705 1019 2913 1075 Domini
2935 1022 3104 1075 nostri
3133 1023 3202 1076 sit
3225 1021 3534 1078 sublimitas

1907 1108 2350 1176 Imeaysanguis
2388 1106 2506 1176 ejus
2554 1119 2771 1164 maneat
2814 1111 2867 1164 in
2915 1127 3000 1166 me
3027 1112 3328 1182 redemptio
3378 1128 3526 1166 vera.

1955 1195 2301 1252 Resurrectio
2321 1199 2464 1254 illius
2490 1198 2561 1254 sit
2587 1199 2718 1253 mibi
2749 1201 2815 1254 de
2843 1203 3239 1257 resurrectione
3260 1200 3532 1270 iustorum

1954 1284 2104 1341 lirma
2140 1286 2274 1343 fides
2300 1297 2356 1343 et
2382 1304 2506 1359 spes
2541 1300 2720 1355 certa;
2755 1299 2812 1345 et
2843 1291 2986 1346 illius
3013 1293 3079 1346 ad
3107 1293 3274 1348 cmlos
3298 1293 3532 1362 gloriosa

1951 1380 2198 1433 ascensio
2231 1381 2303 1434 sit
2333 1381 2463 1434 mibi
2510 1382 2578 1435 ad
2609 1381 2829 1437 caleste
2857 1382 3185 1438 desiderium
3214 1383 3531 1452 quotidiana

1950 1473 2256 1540 provectio,
2283 1481 2340 1528 et
2380 1474 2551 1529 sancti
2576 1473 2815 1544 Spiritus
2846 1475 2898 1529 in
2930 1474 3183 1529 cordibus
3212 1475 3411 1529 nostris
3441 1475 3534 1528 in-

1953 1560 2094 1615 fusio
2133 1565 2205 1616 sit
2225 1563 2466 1616 omnium
2496 1565 2905 1632 prieteritorum‘
2923 1573 3229 1620 nostrorum
3262 1564 3526 1621 remissio.

1951 1652 2144 1706 Amen.

415 1857 2053 1885 '—-———-——————-——_———

828 2053 1396 2132 STATUTUM
1454 2055 1538 2133 S.
1593 2057 2096 2137 ODILONIS
2161 2059 2288 2137 DE
2349 2061 2962 2141 DEFUNCTIS.

1465 2254 1747 2326 (Bibliotls.
1779 2253 2042 2320 Cluniac.,
2072 2273 2126 2327 p.
2162 2259 2311 2325 358.)

3169 2323 3183 2348 ν

3167 2357 3186 2398 ἱ

318 2586 616 2646 Decretum
639 2597 725 2644 est
745 2604 774 2643 a
796 2588 1111 2644 beatissimo
1136 2588 1300 2644 Patre
1320 2588 1536 2642 domino
1581 2586 1832 2650 Odilonc,
1869 2589 1910 2648 Β
1939 2592 2210 2638 votorum.
2243 2583 2382 2655 Ergo
2408 2583 2640 2653 qualiter
2686 2587 2927 2640 omnium
2977 2588 3238 2642 memoria
3291 2589 3526 2647 Christi-

243 2693 362 2736 una
384 2696 507 2736 cum
530 2697 793 2738 consensu
815 2689 869 2735 et
891 2691 1078 2751 rogatu
1099 2681 1341 2735 omnium
1371 2679 1600 2734 fratrum
1627 2679 1842 2735 Clunia-

244 2774 518 2838 censium,
552 2785 611 2828 ut
641 2775 781 2829 sicut
809 2775 861 2828 in
889 2774 1138 2830 ecclesiis
1195 2774 1290 2829 Dei
1340 2789 1460 2842 qua:
1507 2789 1607 2843 per
1650 2773 1839 2829 orbem

249 2875 521 2919 terrarum
552 2865 709 2935 longe
738 2865 952 2935 lateque
990 2873 1316 2920 constructae
1338 2873 1484 2928 sunt,
1514 2865 1566 2918 in
1599 2865 1685 2918 die
1733 2864 1841 2918 Ka-

248 2954 538 3008 lendarum
586 2954 969 3009 Novembrium
1030 2956 1208 3025 agitur
1274 2954 1538 3008 festivitas
1587 2954 1838 3008 Omnium

249 3044 602 3109 Sanctorum,
641 3045 710 3097 ita
733 3053 924 3113 agatur
944 3045 1086 3113 apud
1111 3059 1208 3099 nos
1251 3043 1448 3099 festivo
1503 3059 1653 3099 more
1705 3060 1835 3098 con-

247 3135 577 3188 memoratio
607 3135 848 3188 omnium
900 3134 1135 3188 fidelium
1166 3134 1566 3196 defunctorum,
1623 3134 1715 3203 qui
1768 3135 1837 3189 ab

246 3224 407 3279 initio
448 3225 633 3279 mundi
677 3226 897 3280 fuerunt
943 3240 1114 3295 usque
1165 3227 1216 3279 in
1273 3226 1454 3290 finem,
1509 3225 1601 3279 tali
1653 3225 1832 3280 modo.

243 3311 370 3382 Ipso
392 3313 477 3368 die
506 3316 816 3384 supradicto
839 3324 959 3384 post
982 3315 1277 3384 capitulum
1307 3315 1511 3368 faciant
1531 3313 1834 3384 elcemosy-

245 3416 376 3457 nam
404 3403 642 3457 decanus
664 3413 718 3457 et
744 3403 1056 3458 cellerarius
1085 3402 1153 3457 de
1174 3418 1313 3472 pane
1344 3410 1398 3458 et
1427 3402 1552 3455 vino
1580 3401 1834 3455 omnibus

243 3494 756 3562 supervenientibus
783 3495 1136 3564 pauperibus,
1181 3495 1322 3548 sicut
1350 3509 1470 3549 mos
1515 3503 1599 3548 est
1647 3493 1733 3563 agi
1778 3494 1830 3546 in

245 3584 416 3638 Cmna
444 3584 677 3638 Domini.
703 3585 769 3638 Et
805 3585 1064 3656 quidquid
1121 3585 1238 3654 ipso
1284 3587 1372 3641 die
1418 3599 1485 3640 ex
1539 3584 1831 3640 refectione

246 3671 482 3724 fratrum
514 3673 839 3728 remanserit
861 3674 928 3727 ad
953 3675 1260 3742 prandium,
1309 3690 1375 3730 ex
1431 3675 1644 3746 integro
1691 3676 1831 3730 reci-

245 3763 364 3832 piat
389 3763 866 3835 eleemosynarius,
895 3766 997 3821 nisi
1033 3776 1236 3822 tantum
1270 3783 1462 3836 panem
1512 3777 1567 3822 et
1616 3769 1826 3833 vinum,

243 3867 367 3920 quae
389 3863 511 3922 post
533 3868 746 3908 cmnam
776 3856 1018 3924 recipiat.
1060 3856 1181 3926 lpso
1229 3857 1394 3911 etiam
1425 3856 1513 3912 die
1561 3868 1685 3927 post
1736 3875 1827 3913 ve-

1947 2675 2193 2730 colarum
2223 2675 2390 2730 semel
2423 2676 2474 2728 in
2504 2691 2646 2730 anno
2672 2687 2861 2747 agatur
2891 2679 3198 2733 monuimus
3246 2689 3300 2734 ct
3329 2693 3533 2751 praece-

1943 2767 2142 2836 pimus,
2184 2766 2405 2836 dignum
2433 2765 2681 2835 profecto
2703 2767 2948 2822 ducimus
2979 2777 3036 2822 ut
3075 2785 3173 2839 pro
3212 2781 3527 2828 nostrorum

1941 2855 2172 2909 fratrum
2199 2855 2507 2922 animabus,
2565 2857 2665 2911 sub
2713 2857 2838 2912 almi
2897 2857 3171 2914 Bonedicti
3229 2876 3417 2915 norma
3472 2863 3529 2916 in

1940 2945 2206 3001 cmnobiis
2241 2946 2350 3000 Deo
2380 2945 2757 3012 militantibus,
2815 2948 2868 3002 in
2893 2950 3090 3004 divinis
3122 2951 3324 3020 aliquid
3370 2953 3532 3010 obse-

1940 3037 2084 3106 quiis
2113 3036 2234 3106 plus
2265 3051 2417 3091 more
2447 3035 2609 3091 solito
2636 3037 3022 3107 adaugeamus.
3054 3039 3275 3095 Necnon
3321 3051 3380 3096 ut
3414 3059 3530 3100 me~

1939 3127 2110 3181 moria
2136 3126 2285 3182 chari
2318 3127 2491 3181 nostri
2526 3127 2870 3196 imperatoris
2901 3128 3140 3183 lleinrici
3167 3143 3288 3184 cum
3317 3132 3524 3188 eisdem

1936 3218 2210 3288 pracipue
2235 3227 2446 3288 agatur,
2477 3218 2860 3274 constituimus
2885 3237 2899 3272 :
2935 3230 2992 3273 ut
3018 3221 3214 3276 merito
3238 3223 3519 3288 debemus,

1935 3309 2120 3364 multis
2155 3309 2221 3364 ab
2249 3309 2366 3378 ipso
2417 3309 2573 3363 ditati
2627 3309 2841 3378 opibus.
2892 3309 3117 3364 Scilicet
3162 3312 3230 3365 ad
3279 3312 3526 3384 vigiliam

1935 3409 2296 3466 mortuorum,
2325 3407 2447 3469 post
2475 3399 2739 3468 psalmum
2774 3418 2788 3456 :
2824 3401 2906 3454 Ad
2943 3401 3224 3456 Dominum
3255 3421 3372 3458 cum
3421 3407 3522 3458 tri-

1935 3491 2166 3557 bularer,
2205 3492 2292 3560 qui
2326 3499 2448 3560 post
2475 3490 2734 3545 lectiones
2774 3492 3052 3554 recitatur,
3104 3492 3342 3557 Domine,
3393 3496 3524 3564 quid

1933 3582 2266 3651 multiplicati
2295 3593 2440 3647 sunt,
2489 3582 2751 3637 dicamus.
2799 3583 2879 3636 Ad
2926 3585 3222 3639 matutinas
3263 3585 3343 3639 vel
3379 3596 3522 3655 post,

1930 3671 2009 3726 De
2034 3673 2310 3741 profundis
2325 3672 2646 3743 ,‘Usquequo
2675 3671 2914 3726 Domine.
2969 3673 3052 3728 Ad
3101 3689 3352 3744 vesperas
3400 3685 3527 3746 post.

1929 3759 2138 3826 Lauda,
2156 3762 2330 3814 anima
2357 3778 2492 3815 mea.
2523 3761 2644 3816 Nisi
2665 3763 2786 3830 quia
2812 3761 3090 3817 Dominus.
3114 3763 3280 3824 Deus,
3305 3766 3525 3818 auribus

1931 3851 2142 3902 nostris.
2170 3849 2298 3904 Post
2329 3849 2568 3917 Domine,
2623 3851 2907 3921 refugium,
2962 3851 3216 3906 Dominus
3252 3854 3380 3922 regit
3420 3870 3524 3907 me.

244 3944 596 4012 spcrtinalem
618 3947 892 4016 synaxim,
926 3947 1203 4016 pulsentur
1223 3949 1401 4002 omnia
1430 3949 1602 4020 signa,
1636 3958 1689 4004 et
1711 3964 1830 4019 δελ.
1858 3931 1902 3994 C
1933 3941 2013 3996 Ad
2041 3942 2317 4008 letaniam,
2347 3943 2543 3996 Judica
2569 3960 2669 4008 me,
2728 3943 2886 4004 Deus,
2930 3952 2977 3996 et
3021 3945 3276 3998 discerne.
3340 3945 3405 3998 Et
3448 3945 3522 3998 ita

245 4042 334 4088 tur
374 4033 604 4089 officium
662 4053 762 4106 pro
809 4037 1096 4094 defunctis.
1159 4039 1239 4093 Ad
1269 4039 1491 4095 missam
1539 4056 1666 4096 vero
1711 4056 1827 4095 ma-

247 4124 556 4190 tutinalem,
581 4125 776 4181 festivo
799 4144 947 4184 more
986 4129 1166 4200 agitur
1187 4128 1443 4196 oﬂicium,
1469 4132 1649 4186 omnia
1675 4134 1825 4202 signa

241 4214 547 4284 pulsentur.
602 4214 832 4271 Tractus
887 4232 918 4270 a
972 4218 1182 4274 duobus
1239 4221 1498 4275 fratribus
1551 4230 1824 4283 cantetur,

240 4305 423 4358 cuncti
456 4305 650 4361 fratres
679 4306 908 4361 oll'erant
940 4324 954 4360 ε
983 4309 1234 4376 privatim
1273 4319 1330 4364 et
1373 4311 1584 4380 publice
1632 4311 1825 4365 missas

237 4395 519 4448 celebrent
539 4411 637 4464 pro
668 4397 854 4465 requie
883 4398 1124 4452 omnium
1159 4400 1461 4453 animarmu
1488 4400 1747 4463 ﬁdelium,
1770 4409 1824 4454 et

244 4485 528 4539 duodecim
553 4501 816 4555 pauperes
847 4488 1182 4542 reficiantur.
1236 4489 1302 4542 Et
1326 4499 1384 4542 ut
1412 4491 1514 4544 hoc
1545 4491 1821 4544 decretum

239 4586 558 4645 perpetuum
586 4577 826 4646 vigorem
863 4578 1124 4643 obtineat,
1163 4581 1410 4634 volumus
1433 4592 1486 4634 et
1509 4583 1740 4651 petimus
1765 4593 1823 4637 et

238 4665 583 4734 praecipimus
617 4676 722 4721 tam
753 4669 806 4722 in
840 4669 958 4724 loco
1009 4671 1112 4725 hoc
1165 4687 1328 4741 quam
1385 4673 1440 4726 in
1493 4675 1707 4728 cumctis
1755 4675 1822 4728 ad

243 4755 407 4808 istum
455 4755 633 4812 locum
676 4757 1070 4827 pertinentibus
1115 4772 1384 4818 servetur.
1443 4763 1509 4817 Et
1565 4765 1607 4819 si
1685 4765 1820 4819 alius

235 4845 437 4915 aliquis
461 4862 527 4900 ex
584 4847 687 4902 ista
733 4859 912 4904 nostra
967 4851 1106 4904 fideli
1171 4853 1480 4908 inventione
1527 4856 1818 4924 sumpserit

224 4935 567 5015 ὲ(ῑισιιιιριιιιιι,
616 4938 884 5010 particeps
937 4943 1178 4997 omnium
1233 4943 1496 5000 bonorum
1551 4942 1816 5000 elliciatu'

1933 4031 2111 4086 divina
2149 4031 2362 4088 favente
2400 4034 2596 4102 gratia,
2621 4043 2678 4088 ut
2704 4034 3088 4104 praemisimus,
3114 4049 3302 4088 eorum
3331 4046 3520 4104 agatur

1933 4129 2191 4182 memoria
2217 4143 2312 4197 per
2339 4128 2520 4182 omnia
2551 4127 2730 4181 futura
2757 4137 3018 4196 tempora,
3049 4135 3158 4180 tam
3183 4127 3237 4180 in
3267 4128 3367 4180 hoc
3399 4127 3518 4182 loco

1931 4238 2092 4293 quam
2126 4221 2179 4275 in
2203 4221 2455 4275 omnibus
2485 4221 2550 4274 ad
2587 4221 2729 4274 hunc
2767 4219 3204 4289 reSpicieutibus.
3264 4219 3519 4274 Auctori-

1933 4322 2014 4368 tas
2040 4313 2235 4368 divina:
2264 4312 2398 4382 legis
2425 4326 2524 4364 nos
2565 4312 2821 4364 admonet
2865 4317 2920 4363 ut
2975 4309 3026 4362 in
3074 4309 3236 4363 domo
3278 4309 3516 4374 Domini,

1930 4418 2050 4474 qua:
2077 4413 2161 4458 est
2198 4401 2438 4457 Ecclesia
2465 4401 2720 4466 fidelium,
2757 4400 3130 4468 unusquisque
3170 4400 3514 4463 devotorum,

1928 4510 2028 4566 pro
2052 4495 2306 4549 viribusa
2337 4493 2566 4547 Domino
2609 4493 2713 4547 sibi
2771 4492 3002 4556 collatis,
3055 4490 3254 4561 aliquid
3319 4491 3516 4546 offerre

1931 4586 2164 4652 studeat,
2205 4601 2272 4640 ne
2313 4585 2520 4639 scilicet
2549 4595 2605 4638 ut
2630 4584 2780 4656 piger
2818 4599 3009 4639 servus
3039 4599 3136 4654 pro
3167 4584 3353 4638 talenti
3388 4585 3517 4639 abs-

1927 4678 2184 4732 consione
2214 4676 2337 4746 jure
2362 4692 2388 4728 a
2415 4675 2638 4728 Domino
2666 4677 2968 4738 damnetur,
3025 4673 3120 4730 sed
3153 4674 3333 4744 potius
3385 4688 3512 4726 cum

1927 4769 2068 4824 bono
2100 4783 2258 4823 servo
2309 4782 2410 4837 pro
2463 4767 2614 4822 luero
2653 4767 2882 4824 ﬁdeliter
2938 4767 3298 4837 multiplicato
3350 4763 3510 4828 digna

1925 4861 2171 4917 mercede
2198 4867 2590 4914 remuneretur.
