4072 5350
586 173 745 241 ηοω

1707 181 2047 239 ΑΡΡΕΝΒΙΧ
2080 182 2173 239 AD
2211 183 2268 239 S.
2308 183 2677 242 οοιιοΝειι.

3689 192 3835 247 ωε.

619 302 3823 336 W

1238 453 1965 621 APPENDIX
2025 376 2214 569 AD
2298 456 2411 569 s.
2519 456 3295 647 ODILONEM.

1603 691 2240 783 PRIECEPTA
2308 692 2837 799 QUIEDAM

726 889 814 951 De
849 888 1172 951 nonnullis
1251 886 1617 951 ecclesiis'et
1656 885 1810 949 locis
1851 885 2144 954 Cluuium

772 1036 777 1041 .
1866 985 2107 1048 abbatis

2242 886 2250 943 ῐ
2285 885 2557 1048 σφηοὸἐο
2590 888 2927 962 concessis,
2972 895 3242 968 tempore
3280 891 3347 952 Ξ.
3395 889 3690 986 Odi‘onz's

2242 1003 2429 1048 tntae.
2528 1031 2545 1048 .

1983 986 2107 1047 alis
2148 986 2429 1048 Cluniae.
2478 986 2545 1048 ν.

1646 1147 2007 1206 -ΙΒὲὺὶἰοιΙιεσα
2046 1148 2424 1215 Cluniacensis,
2466 1165 2517 1220 p.
2550 1152 2696 1227 409:)
2748 1162 2749 1165 “

1340 1430 1397 1491 ’1.

633 1530 960 1596 Pra'ceptum
1019 1530 1226 1585 Ottonis
1457 1527 1520 1580 de
1563 1533 1744 1580 sancto
1800 1522 1999 1579 Maiolo
2056 1524 2120 1578 de

1327 1613 1466 1648 aura.

1327 1613 1466 1666 opm.

1180 1690 1199 1759 (
1220 1687 1373 1742 Anno
1410 1685 1527 1741 999.
1555 1685 1577 1755 )

655 1804 715 1859 in
772 1803 987 1857 nomine
1015 1809 1215 1855 sanctae
1237 1805 1290 1853 et
1314 1795 1597 1852 individuae
1628 1793 1927 1857 Trinitatis,
1973 1792 2149 1862 Orro,

570 1888 684 1951 lDei
724 1894 918 1965 gratia,
950 1891 1316 1947 Romanorum
1362 1887 1657 1958 imperator
1685 1886 1974 1957 Augustus.

663 1985 973 2061 Notum.sit
1020 1983 1273 2038 omnibus
1319 1979 1569 2035 ﬁdelibus
1633 1978 1837 2033 nostris
1898 1977 2151 2047 quoniam

562 2082 659 2135 ‘oh
709 2077 1023 2151 petitionem
1064 2073 1243 2130 domui
1289 2071 1429 2129 Odili
1473 2069 1795 2126 venerabilis
1852 2069 2061 2125 abbatis
2098 2077 2153 2124 et

586 2171 809 2227 salutem
840 2167 1036 2222 animae
1096 2171 1324 2228 nostrae,
1382 2176 1481 2231 per
1514 2160 1618 2214 hoc
1665 2167 1906 2215 nostrum
1953 2174 2153 2229 praece-

586 2271 742 2330 ptum
779 2255 1165 2313 confirmamus
1216 2251 1428 2308 cuidam
1474 2249 1639 2314 cellae,
1683 2248 1736 2303 in
1791 2248 1996 2304 honore
2025 2264 2152 2304 san-

583 2360 685 2405 cta:
729 2348 909 2403 Mariae
959 2345 1185 2409 dicatae,
1242 2343 1297 2397 in
1361 2341 1578 2396 civitate
1626 2338 1789 2409 Papia
1859 2339 2014 2404 sitae,
2081 2340 2150 2394 ad

566 2439 893 2495 tinniacum
944 2434 1331 2491 monasterium
1385 2433 1526 2488 dono
1577 2440 1635 2487 et
1688 2431 1978 2486 traditione
2023 2431 2150 2488 Gai-

567 2531 709 2589 ψιιῦ
745 2542 1073 2597 suorumque
1095 2525 1368 2582 haeredum
1395 2522 1707 2596 pertinenti,
1753 2522 1844 2593 qui
1878 2524 2146 2594 quondam

562 2620 782 2691 capella
818 2617 1099 2672 dicebatur
1134 2613 1391 2679 Gaidulﬂ,
1440 2613 1536 2669 sed
1589 2628 1736 2670 nunc
1784 2613 1851 2668 ab
1896 2614 2148 2670 omnibus

557 2711 715 2766 *cclla
741 2708 941 2764 dicitur
968 2704 1141 2762 sancti
1173 2704 1374 2771 Maioli,
1403 2718 1589 2759 omnes
1619 2719 1707 2759 res
1750 2712 1807 2758 et
1849 2703 2147 2773 proprieta-

2181 1434 2229 1492 Α
2257 1446 2482 1525 pueros,
2514 1435 2691 1525 divina
2718 1439 3042 1525 propitiante
3073 1443 3373 1525 clementia,
3403 1445 3523 1517 pius
3549 1444 3824 1519 Augustos

2256 1530 2420 1590 atque
2467 1523 2859 1582 invictissimns
2896 1523 3015 1582 rex.

2325 1611 2480 1668 Sicut
2507 1623 2712 1669 certum
2745 1617 3109 1685 indubitanter
3146 1632 3228 1677 est
3267 1623 3464 1679 nullam
3497 1636 3818 1696 potestatem

2248 1702 2364 1758 nisi
2414 1718 2443 1756 a
2464 1700 2586 1758 Deo
2615 1720 2837 1775 prorsus
2866 1708 3122 1774 existere,
3157 1712 3234 1767 sic
3254 1728 3603 1786 consequens
3634 1720 3819 1787 utique

2252 1803 2336 1850 est
2367 1805 2426 1850 ut
2459 1796 2705 1865 quisquis
2737 1797 2856 1865 ejus
2898 1800 3247 1870 dispositione
3276 1811 3502 1860 terrena:
3540 1810 3821 1874 potestatis

2252 1886 2490 1941 culmine
2552 1887 2873 1943 sublimatur
2908 1890 3006 1944 sub
3041 1893 3242 1961 potenti
3278 1893 3512 1962 ejusdem
3544 1894 3821 1965 largitoris

2251 1993 2414 2032 manu
2467 1993 2589 2034 sese
2617 1978 2865 2033 hutniliet
2912 1980 3071 2050 eique
3126 1984 3192 2036 de
3240 1984 3352 2038 suis
3396 1984 3551 2040 denis
3606 1985 3820 2054 placere

2246 2073 2484 2127 studeat.
2523 2069 2859 2141 QttaprOpter
2896 2082 3081 2126 notum
3115 2075 3184 2128 sit
3211 2075 3460 2128 omnibus
3487 2091 3584 2144 per
3613 2088 3819 2145 tempo-

2252 2177 2368 2215 rum
2418 2162 2686 2217 curricula
2717 2161 2817 2217 sibi
2848 2163 3282 2229 succedentibus,
3329 2174 3437 2220 tam
3482 2168 3704 2235 regibus
3743 2168 3819 2219 vi-

2251 2250 2445 2307 delicet
2496 2267 2657 2322 quam
2713 2254 3029 2317 comitibus,
3090 2253 3348 2325 cujusque
3404 2257 3817 2324 magistratuum

2248 2344 2529 2415 gradibus,
2580 2344 2667 2398 vel
2724 2344 3032 2415 reipublicae
3078 2345 3629 2409 administratorihus,
3677 2347 3817 2415 quod

2249 2436 2316 2491 ad
2345 2434 2778 2506 deprecationem
2811 2436 3030 2501 Etumae,
3064 2436 3231 2490 nostri
3257 2436 3465 2505 imperii
3518 2438 3814 2500 consortis,

2247 2527 2581 2597 aliorumque.
2608 2536 2915 2582 nostrorum
2967 2526 3322 2597 quorumdam
3376 2528 3613 2583 ﬁdelium
3653 2544 3816 2598 qua;-

2247 2618 2369 2675 dam
2398 2631 2509 2683 res,
2555 2617 2624 2673 ob
2657 2631 2894 2673 amorem
2923 2617 3016 2673 Dei
3052 2629 3465 2688 sanctorumque
3502 2620 3811 2688 principum

2247 2709 2634 2779 apostolorum,
2683 2707 2825 2763 Petri
2886 2710 3092 2763 scilicet
3145 2718 3305 2778 atque
3354 2707 3523 2773 Pauli,
3575 2708 3643 2761 ad
3684 2707 3813 2762 Clu-

578 2809 663 2856 tes
691 2800 759 2855 ad
793 2797 1037 2853 eamdem
1076 2795 1269 2852 cellam
1317 2795 1461 2850 intus
1505 2803 1561 2850 et
1610 2793 1744 2850 foris
1786 2794 2141 2864 pertinentes,
2175 2777 2218 2835 Β
2247 2777 2433 2855 nieuse
2464 2800 2847 2855 monasterium
2899 2799 3084 2863 trado;
3119 2812 3183 2852 eo
3221 2777 3488 2870 siquidem
3524 2809 3709 2854 tenore
3755 2807 3815 2853 ut

579 2904 717 2957 quas
735 2888 918 2965 habet,
942 2887 1027 2942 vel
1073 2889 1127 2944 in
1165 2886 1348 2942 futuro
1368 2884 1511 2941 Deus
1539 2885 1619 2965 ibi
1638 2887 1987 2949 concesserit,
2019 2902 2143 2942 cum

580 2980 740 3034 terris
765 2977 927 3048 cultis
952 2986 1009 3034 et
1043 2977 1281 3044 incultis,
1318 2977 1491 3046 aquis,
1540 2974 1882 3042 molendinis,
1915 2977 2145 3048 piscato-

554 3055 749 3137 ribus,
807 3070 1059 3154 omnibps
1096 3072 1259 3126 rebus
1304 3067 1591 3124 mobilibus
1644 3075 1700 3122 et
1731 3068 2136 3139 immobilibus;

579 3177 641 3216 ea
693 3161 943 3217 videlicet
992 3162 1200 3217 ratione
1238 3168 1298 3214 ut
1338 3158 1453 3228 jam
1482 3159 1625 3215 dicta
1653 3158 1790 3215 cella
1818 3160 2032 3226 habeat,
2064 3171 2144 3218 te-

547 3259 723 3326 queat,
754 3250 1089 3322 lirmiterque
1112 3249 1405 3322 possideat,
1454 3259 1511 3305 et
1559 3264 1776 3319 semper
1823 3250 1875 3306 in
1921 3251 2142 3305 ordina-

577 3343 725 3396 tione
771 3348 827 3396 et
874 3340 1228 3411 dispositione
1272 3339 1646 3395 Cluniacensis
1702 3340 1954 3406 abbatis,
2001 3341 2143 3396 sicut

575 3430 858 3497 Gaidu‘llus
901 3430 1191 3494 ordinavit,
1227 3428 1565 3500 permaneat.
1595 3428 1769 3484 Etiam
1795 3446 1920 3485 cum
1956 3441 2142 3487 nostra

552 3522 868 3578 donatione
916 3529 973 3576 et
1018 3520 1363 3583 auctoritate,
1400 3520 1620 3590 insuper
1670 3520 1931 3591 imperiali
1981 3520 2142 3590 jube-

571 3629 696 3669 mus
747 3596 991 3683 potentia
1023 3611 1283 3691 ut‘nullus
1334 3610 1476 3675 dux,
1524 3611 1981 3681 archiepiscopus,
2026 3611 2142 3680 epi-

554 3719 786 3775 scopus,
819 3704 1084 3769 marchio,
1131 3717 1336 3769 comes,
1378 3701 1569 3771 judex,
1598 3701 1899 3756 vicecomes
1923 3740 1939 3765 ,
1991 3701 2139 3755 nulla

579 3795 790 3865 imperii
828 3794 1001 3849 nostri
1056 3807 1252 3862 magna
1299 3806 1576 3863 parvaque
1617 3806 1872 3861 persona,
1904 3792 1970 3847 de
2003 3807 2141 3861 prae-

573 3885 715 3938 dicta
751 3883 911 3948 cella,
940 3890 1032 3936 aut
1078 3883 1191 3938 suis
1234 3882 1577 3952 pertinentiis
1600 3921 1614 3947 ,
1642 3881 2025 3948 intromittere,
2055 3883 2141 3938 vel

2239 2880 2557 2945 fraternitas
2605 2891 2989 2945 monachorum
3033 2889 3163 2944 inibi
3200 2888 3508 2961 degentium
3553 2905 3643 2944 res
3666 2891 3814 2957 ipsas

2245 2982 2361 3037 sine
2409 2980 2698 3050 cujuslibet
2721 2989 2815 3034 aut
2858 2980 3024 3051 regis,
3067 2989 3161 3034 aut
3200 2981 3430 3044 comitis,
3476 2980 3560 3035 vel
3590 2980 3813 3050 cujusli.

2240 3070 2335 3126 bet
2372 3069 2643 3125 inferioris
2683 3069 2882 3140 gradus
2938 3070 3322 3124 contrarietate
3381 3078 3642 3140 perpetuo
3687 3069 3813 3137 jure

2240 3149 2574 3230 possideant,
2626 3167 2680 3213 et
2734 3158 2906 3213 eidem
2960 3159 3077 3214 loco
3122 3175 3221 3229 pro
3271 3169 3457 3220 nostro
3512 3158 3811 3215 memoriali

2243 3257 2606 3311 reservantes,
2647 3256 2752 3301 tam
2784 3262 2883 3316 pro
2928 3248 3082 3303 nobis
3125 3264 3286 3319 quam
3332 3263 3431 3316 pro
3481 3257 3626 3303 statu
3657 3247 3805 3319 regni

2244 3337 2440 3400 nostri,
2466 3336 2666 3391 Christi
2702 3337 3040 3391 clementiam
3074 3347 3235 3407 atque
3268 3338 3650 3406 praedictorum
3679 3352 3809 3406 apo-

2238 3414 2510 3487 tetolorum
2543 3429 2838 3498 patrocinia
2874 3426 3076 3498 jugiter
3134 3430 3442 3497 deposcant,
3478 3437 3532 3481 et
3576 3442 3675 3498 pro
3704 3428 3811 3483 illis

2244 3519 2600 3576 nihilominus
2681 3520 2771 3587 Qui
2827 3518 2965 3573 hanc
3038 3518 3383 3574 donationem
3445 3517 3811 3572 inconvulsam

2239 3618 2562 3680 permanere
2611 3606 3001 3664 concesserint.
3057 3606 3193 3663 Sunt
3241 3618 3415 3663 autem
3457 3609 3583 3677 ipsae
3613 3623 3702 3662 res
3739 3607 3815 3660 si-

2244 3713 2310 3756 ta:
2340 3703 2394 3757 in
2447 3701 2707 3758 comitatu
2759 3700 3065 3756 Matiscensi
3113 3702 3167 3757 in
3221 3699 3421 3755 vicaria
3456 3740 3468 3753 .
3515 3738 3529 3753 .
3572 3739 3584 3752 .
3627 3739 3642 3752 .
3687 3738 3702 3752 .
3756 3706 3810 3753 ct

2241 3801 2470 3849 vocatur
2523 3792 2645 3846 villa
2695 3791 2761 3847 ad
2831 3791 3118 3847 Chivineas
3151 3833 3166 3856 ,
3223 3807 3382 3860 quam
3443 3790 3634 3844 damus
3688 3805 3810 3843 cum

2237 3878 2496 3938 omnibus
2525 3882 2856 3951 appendiciis
2898 3882 3034 3948 suis,
3059 3890 3114 3936 et
3149 3883 3359 3936 tertiam
3414 3888 3617 3950 partem
3650 3880 3811 3948 pisci-

541 3973 773 4044 —aliquid
797 3973 1071 4037 ordinare,
1123 3979 1218 4025 aut
1266 3971 1582 4040 dispensare
1627 3971 1745 4026 sine
1786 3971 2034 4039 jussione
2084 3979 2140 4027 et
2242 3989 2325 4029 nm
2369 3989 2488 4044 qum
2534 3981 2761 4028 vocatur
2802 3972 2928 4035 Osa.
2960 3989 3080 4030 cum
3109 3972 3410 4043 mancipiis,
3467 3970 3552 4027 vel
3583 3971 3810 4043 reliquis

541 4062 848 4118 ‘voluntate
886 4060 1099 4116 abbatis
1150 4058 1520 4115 Cluniacensis
1556 4068 1866 4129 praesumat.
1900 4059 1962 4116 Si
2017 4060 2157 4139 quis
2166 4104 2209 4139 ρ
2238 4061 2402 4117 ‘rebus
2427 4063 2492 4117 ad
2520 4063 2763 4118 eamdem
2796 4064 3059 4132 piscinam
3095 4062 3506 4132 pertinentibus,
3556 4069 3615 4115 ut
3666 4077 3809 4115 sem-

537 4143 553 4183 έ
566 4153 735 4222 igitur
777 4152 881 4207 hoc
933 4160 1131 4207 nostra:
1183 4151 1496 4207 stabilitatis
1521 4162 1848 4223 prmceptum
1877 4152 2134 4225 fregerit,
2166 4143 2211 4166 υ
2240 4164 2336 4225 per
2365 4154 2526 4209 iidem
2560 4150 2810 4208 monachi
2850 4154 3084 4209 medium
3113 4163 3345 4209 tractqu
3377 4155 3629 4209 habeant.
3660 4153 3805 4207 Con-

533 4251 861 4312 racomponat
888 4250 1100 4297 centum
1134 4241 1300 4298 libras
1339 4244 1478 4309 auri,
1506 4245 1854 4300 medietatem
1901 4260 2136 4301 camera:
2240 4246 2519 4300 ﬁrmamus
2551 4245 2713 4299 etiam
2741 4246 3083 4301 donationem
3123 4260 3283 4316 quam
3320 4247 3402 4300 vir
3446 4246 3621 4300 bonus
3648 4245 3810 4299 Leut-

548 4341 768 4391 quStrae
834 4343 889 4389 et
942 4326 1307 4391 medietatem
1372 4335 1714 4393 Cluniacensi
1782 4338 2132 4393 monasterio.
2234 4336 2427 4393 baldus
2481 4337 2548 4392 de
2576 4335 2839 4393 Blenosco
2865 4336 3031 4403 fecit;
3073 4339 3167 4393 sed
3205 4346 3260 4393 et
3305 4338 3445 4392 illam
3491 4338 3557 4392 de
3606 4336 3808 4407 capella

535 4422 719 4489 τρυοά
781 4436 837 4477 ut
881 4424 1064 4479 verius
1113 4424 1364 4479 credatur
1406 4434 1461 4479 et
1498 4440 1713 4494 semper
1764 4426 2088 4483 observetur
2115 4467 2132 4492 ,
2237 4430 2412 4485 sancti
2443 4429 2696 4497 Victoris,
2735 4446 2855 4499 quae
2893 4433 2977 4485 e‘st
3005 4430 3060 4485 in
3100 4430 3387 4500 Absgogia,
3434 4428 3516 4483 vel
3566 4428 3633 4483 de
3690 4428 3809 4481 aliis

568 4530 732 4570 manu
780 4515 998 4585 propria
1047 4515 1406 4583 roborantes,
1467 4516 1642 4587 sigillo
1691 4529 1877 4574 nostro
1912 4519 2136 4590 sigillari
2239 4519 2401 4576 rebus
2463 4536 2582 4590 quae
2652 4519 2895 4575 Altaldus
2946 4506 3034 4575 vel
3072 4519 3173 4573 .alii
3232 4519 3300 4573 ad
3353 4519 3661 4588 praedictam
3716 4532 3809 4571 ca-

554 4607 947 4675 praecepimus.
2240 4611 2432 4680 pellam
2462 4611 2736 4665 tradentes
2772 4610 3027 4666 Cluniaco
3056 4608 3456 4679 delegaverant.
3482 4607 3591 4660 llas
3628 4606 3807 4673 itaque

640 4694 863 4766 Signum
921 4696 1099 4751 damni
1150 4695 1366 4752 Ottonis
1426 4695 1739 4752 inclitissimi
1811 4698 2137 4768 imperatoris
2237 4716 2326 4755 res
2347 4716 2468 4755 cum
2497 4700 2734 4769 capellis,
2766 4701 3052 4770 mancipiis
3079 4701 3361 4768 utriusque
3391 4713 3574 4762 sexus,
3615 4697 3803 4757 vineis.

540 4786 817 4854 -Αιιθυδιίο
2237 4786 2432 4858 pratis,
2488 4789 2674 4857 aquis,
2720 4789 3084 4855 molendinis,
3126 4787 3311 4852 silvis,
3363 4788 3503 4842 casis
3545 4786 3704 4841 cultis
3751 4794 3816 4869 et5

640 4876 773 4929 Data
823 4876 957 4932 Idib.
986 4876 1202 4948 Aprilis,
1233 4894 1376 4933 anno
1402 4879 1695 4935 Dominicae
1739 4879 2105 4934 incarnationi
2236 4876 2476 4941 incultis,
2508 4884 2669 4945 atque
2694 4877 2946 4933 omnibus
2974 4892 3092 4946 qua:
3122 4878 3189 4932 ad
3219 4891 3314 4931 eas
3365 4876 3642 4945 pertinere
3674 4891 3824 4968 pro-t

535 4966 694 5029 ‘999,
744 4967 856 5021 ind.
902 4983 1003 5031 ut,
1047 4983 1191 5021 anno
1239 4968 1383 5022 tertii
1433 4966 1649 5024 Ottonis
1679 4970 1820 5038 regis
1871 4967 1957 5030 15,
2003 4967 2131 5035 imp.
2234 4964 2455 5030 bantur,
2489 4965 2571 5020 vel
2597 4967 2853 5035 praedicto
2898 4968 3226 5022 monasterio
3273 4965 3604 5034 acquirentla
3650 4964 3825 5051 sunl.§

567 5052 604 5108 ὃ
650 5055 788 5125 Aug.
843 5054 1026 5110 Romae
1059 5055 1311 5111 feliciter.
2234 5069 2335 5123 per
2379 5063 2618 5109 nostram
2670 5055 3076 5110 concessionem
3120 5056 3418 5110 ﬁrmamus.
3471 5053 3799 5122 Scripturam

1333 5165 1394 5219 11⁸
2236 5158 2451 5214 quoque
2502 5144 2645 5198 illam
2692 5160 2853 5214 quam
2910 5144 3089 5200 Berno
3140 5144 3428 5213 episcopus
3483 5140 3801 5210 supradictis

558 5244 897 5319 ‘Prtrceptnm
942 5251 1163 5350 Ro'dul‘ll'i.
1197 5255 1329 5350 regis
1374 5254 1438 5350 sic
1475 5252 1790 5350 ΙςξΙιαυὶηἱὶᾖἔ
1853 5251 2133 5315 Bienosro,

2242 5234 2520 5290 monachis
2567 5234 2635 5289 de
2697 5249 2882 5290 eorum
2943 5235 3173 5290 decimis
3220 5234 3388 5297 fecit,
3468 5243 3641 5287 ratam
3687 5244 3803 5285 esse

2242 5336 2517 5350 ιιηηιηιηη...
2600 5323 2671 5350 ξι..
2728 5332 2784 5350 ..ι
2840 5324 2970 5350 ..ειη
3029 5324 3091 5350 .1-
3166 5323 3383 5350 .l-..:...:.-
3433 5336 3553 5350 ιιι-η.
3603 5321 3667 5350 -ιΙ
3711 5332 3798 5350 Μ·
