4072 5350
292 205 429 260 1041

1504 213 1796 273 ιιγξνιΜῑε
1835 218 1922 274 DE
1963 220 2018 274 S.
2061 220 2380 278 ODILONE.

3412 227 3545 288 1042

293 332 502 375 nostrae
548 319 892 375 auctoritatis
935 331 1205 392 prmcepto
1257 324 1658 392 confirmamus,
1710 339 1870 398 atque
1902 331 1943 390 Α
1979 340 2087 394 tur,
2119 348 2277 387 manu
2308 345 2489 389 nostra
2520 336 2927 402 roboravimus,
2960 349 3012 394 et
3041 340 3260 410 sigillari
3299 342 3543 404 fecimus.

291 413 458 480 sigilli
517 413 687 466 nostri
729 412 1085 482 impressione
1143 416 1554 484 consignamus;
1592 433 1870 472 successo-

293 505 447 558 ri‘us
475 504 676 558 nostris
703 503 754 558 id
781 514 1130 574 suggerentes
1161 520 1176 559 :
1223 505 1546 561 Maledicta:
1574 509 1662 576 qui
1691 518 1853 563 (rans-

293 592 398 660 ferzt
442 593 729 654 terminos,
788 593 838 647 id
888 604 972 648 est
1021 596 1435 652 constitutiones
1485 600 1712 669 proximi
1766 600 1867 655 sui.

371 683 590 752 Signum
623 683 837 752 Rodulﬁ
874 687 1006 754 regis
1040 686 1425 755 gloriosissimi.

369 771 723 828 Reamundus
786 772 851 827 ad
901 775 1071 829 vicem
1126 776 1346 842 ,Ansusi
1419 779 1658 849 episc0pi
1717 794 1872 835 reco-

299 863 509 930 gnovit.

374 951 566 1004 Actum
618 950 889 1010 Ansavilla
939 970 993 1010 xt
1062 954 1179 1012 Kal.
1218 955 1386 1023 Julii,
1445 960 1740 1015 indictione
1795 975 1872 1023 tu,

301 1055 448 1096 anno
496 1043 529 1098 9
558 1054 812 1114 regnante
848 1046 1076 1102 Rodull'o
1115 1062 1241 1118 rege
1267 1049 1676 1120 gloriosissimo.

1053 1156 1140 1210 HI.

300 1237 502 1295 Charta
532 1241 766 1312 ejusdem
812 1245 945 1316 regis
973 1246 1038 1299 de
1072 1243 1130 1299 S.
1179 1245 1364 1301 Blasio
1412 1249 1467 1302 in
1507 1249 1726 1316 Viculis,
1763 1267 1880 1304 cum

696 1314 935 1367 omnibus
990 1317 1314 1383 pertinentiis
1363 1319 1491 1372 suis.

935 1406 1113 1477 (Anno
1154 1407 1335 1479 1019.)

383 1493 442 1550 In
481 1495 698 1551 nomine
743 1506 944 1552 sanctae
991 1507 1046 1552 et
1092 1499 1380 1554 individua:
1423 1500 1726 1566 Trinitatis,
1777 1501 1884 1557 Ro-

306 1599 514 1640 ncuus
552 1585 646 1638 Dei
693 1587 864 1655 gratia
889 1601 1008 1640 rex.

381 1675 681 1744 lgiturcum
707 1675 1016 1730 totiusordo
1047 1677 1345 1745 religionis,
1359 1671 1883 1748 secundumdccrcta
1916 1677 1961 1734 Β

304 1767 730 1837 przecedentium
771 1783 980 1837 regum,
1020 1778 1222 1829 sanctae
1252 1772 1677 1826 conversationis
1731 1788 1887 1828 exor-

305 1857 717 1928 diumgsumeret
733 1898 749 1922 ,
772 1859 903 1912 etad
928 1861 1382 1926 perseverandum
1420 1862 1472 1916 in
1504 1877 1588 1926 ea,
1613 1872 1887 1918 sustenta-

308 1947 432 2002 cula
457 1947 725 2002 alimoniae
746 1949 828 2003 his
851 1948 943 2018 qui
971 1949 1273 2007 districtius
1291 1961 1455 2022 atque
1482 1953 1804 2009 familiarius
1834 1954 1886 2008 in

309 2041 409 2096 Dei
432 2041 654 2095 servitio
670 2057 728 2098 se
749 2043 1132 2116 coercent[al.,
1146 2045 1445 2118 exercent],
1464 2047 1676 2117 publica
1695 2049 1891 2119 regalis

308 2146 403 2184 res
422 2131 488 2184 ad
518 2128 890 2187 sullicientiam
920 2132 1065 2198 aliis,
1088 2141 1145 2188 et
1169 2135 1348 2189 minus
1372 2135 1493 2190 aliis
1515 2137 1892 2192 subministra-

311 2230 418 2288 ret,
440 2231 496 2276 et
527 2223 599 2276 ita
623 2238 720 2293 per
740 2223 982 2280 ordinem
1013 2235 1218 2282 sancta:
1243 2226 1496 2282 Ecclesia;
1526 2236 1704 2283 status
1723 2244 1895 2298 usque

310 2313 382 2367 ad
431 2329 670 2383 presens
701 2331 799 2384 per
823 2315 978 2386 longa
1011 2326 1313 2388 temporum
1341 2320 1613 2376 curricula
1639 2329 1894 2376 extensus

311 2407 428 2459 sit:
464 2406 816 2462 nihilominus
844 2409 1064 2479 dignum
1096 2419 1180 2465 est
1227 2420 1286 2464 ut
1309 2427 1431 2476 nos,
1482 2411 1574 2482 qui
1606 2412 1759 2481 quasi
1798 2427 1895 2482 per

312 2495 644 2550 novissimos
682 2499 1036 2566 operariosin
1071 2500 1229 2555 vinea
1273 2502 1370 2556 Dei
1410 2502 1742 2568 laboramus,
1775 2519 1894 2560 eos-

312 2587 442 2639 dem
485 2587 763 2656 operarios
805 2589 860 2643 in
889 2589 1150 2644 exercitio
1179 2590 1359 2660 operis
1398 2591 1488 2645 Dei
1529 2593 1762 2647 deiicere
1790 2607 1894 2647 non

315 2676 593 2742 sinamus;
636 2679 764 2748 quin
812 2681 1012 2749 potius,
1055 2688 1116 2734 ut
1162 2681 1308 2735 vires
1353 2690 1685 2751 suppetunt,
1741 2684 1896 2738 nobis

317 2780 492 2832 usque
545 2767 613 2821 ad
641 2784 873 2839 unguem
903 2769 1203 2838 perducere
1235 2779 1526 2825 tentcmus.
1560 2771 1898 2843 QuaprOpter

318 2858 498 2913 sciant
525 2873 738 2924 omnes,
785 2861 1039 2928 praesenti
1081 2871 1319 2930 tempore
1357 2863 1683 2920 decedentes
1711 2872 1766 2919 et
1808 2864 1919 2920 fu-_

321 2958 446 3002 turo
490 2951 870 3014 succedentes,
913 2949 1144 3018 qualiter
1199 2967 1299 3022 ego
1342 2953 1635 3020 Rodull‘us,
1681 2963 1896 3024 petente

2043 420 2260 491 Signum
2296 423 2507 494 Rodulﬁ
2537 429 2667 496 regis
2691 431 2784 498 pii.

2040 509 2274 578 Albicer,
2316 513 2564 583 indignus
2592 518 2906 588 presbyter,
2944 516 3096 586 jussu
3144 521 3286 590 regis
3332 524 3546 594 scripsit

1975 614 2110 654 DJKL

2045 689 2180 745 Acta
2229 703 2354 747 sunt
2395 695 2508 749 hmc
2547 697 2601 750 in
2649 698 2772 751 villa
2816 697 3104 766 Tabernis,
3131 715 3293 770 quam
3321 702 3426 755 alio
3452 719 3552 754 no-

1976 782 2124 836 mine
2149 791 2367 852 propter
2393 782 2609 839 liuvium
2642 787 2836 841 ibidem
2862 787 3182 843 deﬂuentem
3212 789 3348 844 Utba
3373 792 3550 859 appel-

1979 871 2112 925 lant.
2147 873 2276 926 Data
2328 888 2462 928 xvtu
2515 874 2634 928 Kal.
2664 875 2848 940 Fel:r.,
2903 893 3043 930 anno
3085 878 3152 932 ab
3188 878 3556 932 incarnatione

1981 961 2190 1016 Domini
2225 963 2380 1026 1019,
2411 973 2672 1035 regnante
2726 965 2953 1021 Rodull‘o
3004 982 3148 1036 rege,
3202 983 3346 1023 anno
3405 970 3557 1039 regni

1981 1051 2062 1104 sui
2095 1051 2181 1104 31⁵.
2729 1043 2732 1045 λ

2054 1138 2164 1192 Hoc
2201 1141 2380 1211 itaque
2407 1142 2806 1209 heneiiciolum,
2837 1161 2892 1200 tt.
2926 1155 3028 1209 est,
3065 1161 3224 1216 supra
3262 1159 3558 1202 memorata

1983 1228 2232 1292 ecclesia,
2257 1246 2416 1299 quam
2447 1232 2638 1287 damus
2665 1233 2923 1287 fratribus
2943 1234 3196 1288 Cluniaco
3218 1235 3557 1305 degentibus,

1977 1318 2199 1387 jacetin
2233 1337 2370 1392 pago
2401 1331 2458 1376 et.
2499 1323 2551 1376 in
2594 1325 2853 1378 comitatu
2888 1322 3236 1390 Genevense,
3263 1340 3384 1380 cum
3429 1327 3564 1380 vicis

1986 1407 2184 1464 ibidem
2223 1412 2675 1482 appendentibus.

2737 1503 2825 1559 IV.

1986 1588 2182 1645 Charta
2210 1591 2422 1646 Δωδεάεί
2449 1593 2735 1666 comitisde
2761 1593 2976 1648 ecclesia
3001 1592 3060 1649 S.
3089 1594 3332 1654 Hauritii
3359 1595 3410 1654 in
3432 1612 3568 1666 pago
3607 1650 3612 1654 ,

2621 1663 2672 1715 Μ
2681 1665 2939 1716 allacena.

2587 1755 2762 1822 (Anno
2824 1755 3004 1827 i023.)

2061 1861 2117 1916 ln
2149 1864 2365 1919 nomine
2404 1863 2614 1919 Domini
2649 1867 2819 1920 nostri
2849 1865 2976 1922 Jesu
3015 1867 3215 1940 Christi
3242 1907 3256 1932 ,
3309 1879 3588 1940 regnante-

1993 1952 2225 2010 Rodulfo
2251 1972 2394 2010 anno
2423 1957 2515 2022 57,
2549 1957 2936 2014 incarnationis
2961 1936 3171 2015 Domini
3199 1958 3354 2019 1025.
3378 1936 3425 2015 λι
3446 1960 3568 2016 Kal.

1992 2043 2126 2099 Nov.
2160 2045 2288 2100 luna
2313 2063 2406 2100 xx.

2065 2135 2175 2204 Ego
2203 2137 2474 2191 Amedeus
2498 2135 2638 2191 ﬁlius
2681 2136 2964 2193 ilumberti
3012 2141 3245 2204 comitis,
3295 2149 3350 2195 et
3379 2141 3582 2196 Adale-

1993 2223 2116 2293 gida
2143 2239 2277 2276 uxor
2309 2239 2450 2286 mea,
2473 2224 2614 2278 hanc
2648 2225 2893 2280 chartam
2933 2227 3240 2281 donationis
3267 2229 3380 2283 lieri
3403 2230 3571 2299 jussi-

1994 2326 2118 2374 mus
2156 2311 2224 2366 de
2249 2310 2476 2366 ecclesia
2515 2310 2574 2366 S.
2617 2311 2874 2379 Mauritii,
2911 2331 3030 2384 qua:
3070 2327 3152 2371 cst
3201 2317 3302 2372 sita
3336 2318 3388 2372 in
3434 2334 3572 2389 pago

1995 2400 2087 2469 qui
2119 2409 2345 2454 vocatur
2372 2400 2695 2468 Maltacena,
2733 2404 2878 2458 etde
2901 2406 3339 2462 omnibusterris
3364 2423 3498 2477 (pias
3519 2410 3572 2464 in

1993 2491 2245 2563 praesenti
2277 2492 2469 2546 damus
2487 2531 2503 2558 ,
2523 2501 2578 2546 et
2603 2493 2654 2546 in
2679 2493 2861 2550 futuro
2887 2495 3062 2550 daturi
3089 2512 3275 2552 sumus
3301 2498 3368 2552 ad
3407 2498 3580 2552 bono-

1997 2599 2110 2638 rem
2155 2583 2366 2638 Domini
2410 2585 2498 2638 Dei
2543 2593 2601 2640 et
2637 2585 2891 2641 Ecclesiae
2945 2586 3045 2642 SS.
3087 2587 3233 2643 Petri
3273 2598 3331 2644 et
3379 2587 3532 2644 Pauli
3555 2628 3576 2656 ,

1997 2673 2304 2728 Clunieusis
2331 2675 2677 2741 monasterii,
2704 2676 2789 2729 cui
2823 2691 3055 2745 praeesse
3087 2677 3299 2732 videtur
3343 2679 3574 2734 domnus
3616 2732 3624 2737 .

1999 2773 2152 2834 pater
2177 2762 2366 2828 Odilo,
2395 2779 2496 2833 pro
2541 2764 2912 2834 redemptione
2952 2775 3006 2820 et
3047 2766 3220 2820 salute
3266 2767 3607 2821 animarum~

1999 2862 2326 2918 nostrarum,
2349 2855 2692 2924 permittente
2719 2865 2774 2909 et
2808 2856 3166 2910 conﬁrmante
3189 2856 3387 2911 domno
3420 2859 3579 2914 Male-

2001 2960 2090 3008 no,
2119 2944 2370 3013 episcopo
2410 2942 2925 3014 Gratianopolitanm
2972 2945 3370 3013 Ecclesim,scu
3413 2947 3582 3002 Hunn-

322 3047 483 3107 atque
504 3039 1154 3107 exoptantedilectissima
1174 3040 1398 3113 conjuge
1421 3057 1537 3097 mea
1562 3043 1894 3108 lrainsanda,
1925 3012 1970 3074 Ο
2003 3037 2155 3089 ὺετιο
2192 3035 2444 3105 episcopo
2482 3044 2534 3089 ει
2566 3037 2816 3090 “milibus
2852 3037 3128 3092 canoniCiS
3171 3037 3408 3107 ell'Sdem
3445 3039 3580 3094 οῖνί·

323 3127 467 3181 dono
493 3141 562 3180 ex
590 3127 927 3182 hmreditaria
959 3145 1078 3183 mea
1103 3132 1443 3198 possessione
1471 3133 1737 3202 quoddam
1767 3149 1900 3203 pra:-

323 3213 549 3279 diolum,
598 3216 668 3270 ob
699 3215 896 3270 anima:
936 3232 1068 3272 mea:
1117 3228 1171 3272 et
1199 3234 1362 3287 supra
1413 3229 1730 3297 memoratae
1760 3236 1895 3276 con-

317 3302 466 3373 jugis
495 3319 627 3358 mea;
674 3306 991 3369 remedium,
1026 3309 1276 3363 cmnohio
1330 3308 1387 3364 S.
1441 3309 1588 3364 Petri
1637 3310 1781 3379 quod
1813 3309 1898 3364 di-

326 3402 462 3447 cunt
489 3392 810 3451 Cluniacum
865 3406 920 3450 et
963 3399 1145 3453 abbati
1187 3399 1428 3468 ejusdem
1471 3399 1806 3463 monasterii,
1848 3410 1903 3456 et

326 3486 614 3541 monachis
663 3489 805 3558 ejus,
859 3496 1130 3558 praecepto
1181 3501 1238 3545 et
1282 3491 1341 3546 S.
1380 3489 1658 3548 Benedicti
1703 3491 1902 3562 regula:

327 3577 490 3631 modo
519 3587 574 3631 et
612 3579 869 3650 deinceps
905 3581 1307 3648 obedientibus,
1350 3591 1405 3638 et
1448 3583 1648 3639 ibidem
1681 3585 1792 3639 Deo
1819 3584 1902 3638 ra-

331 3666 686 3735 mulantihus,
720 3672 1006 3728 ecclesiam
1052 3672 1112 3728 S.
1166 3673 1328 3729 Blasii
1371 3674 1424 3728 in
1457 3675 1661 3730 V’iculis
1711 3685 1901 3740 totam,

329 3769 453 3808 cum
481 3757 733 3820 omnibus
789 3760 988 3816 ibidem
1029 3761 1452 3831 pertinentibus,
1481 3777 1603 3818 cum
1631 3765 1906 3819 montibus

327 3851 384 3897 et
409 3842 672 3913 planitiis,
707 3850 891 3919 agris,
922 3851 1116 3920 pratis,
1162 3853 1399 3921 pascuis,
1449 3853 1619 3916 silvis,
1668 3853 1906 3908 decima-

328 3935 496 3998 tione,
530 3939 704 3994 servis
731 3950 788 3996 et
815 3941 1046 4007 ancillis,
1074 3951 1130 3997 et
1170 3958 1294 3998 cum
1339 3944 1594 3999 omnibus
1655 3943 1906 3999 utensili-

326 4023 447 4087 bus,
481 4025 622 4082 dono
649 4041 750 4098 ego
775 4038 830 4084 et
854 4031 1116 4100 prmdicta
1143 4032 1340 4102 coniux
1368 4046 1490 4088 mea
1518 4033 1586 4088 ad
1613 4033 1910 4102 suprascri-

332 4120 485 4180 ptum
510 4118 919 4184 monasterium,
946 4132 1007 4174 ut
1042 4122 1088 4176 si
1127 4137 1230 4178 nos
1270 4122 1452 4177 minus
1508 4121 1698 4178 idonee
1727 4121 1909 4190 injun-

329 4213 476 4259 etum
506 4222 535 4259 a
582 4208 698 4263 Deo
720 4211 1032 4280 peregimus
1055 4211 1310 4277 cilicium,
1335 4212 1515 4268 delicti
1537 4212 1709 4268 nostri
1735 4221 1789 4266 et
1819 4225 1912 4266 ne-

330 4292 602 4362 gligentia:
653 4312 761 4354 non
799 4317 902 4371 pro
942 4302 1141 4358 merito
1188 4303 1516 4373 recipiamus
1544 4301 1904 4373 dispendium,

2006 3126 2152 3188 tatis,
2189 3129 2380 3180 damus
2409 3125 2636 3180 Domino
2669 3125 2776 3179 Deo
2804 3140 2964 3180 omne
2991 3126 3132 3196 quod
3175 3143 3338 3196 supra
3378 3143 3584 3182 memo-

2005 3229 2182 3273 ratum
2211 3226 2328 3284 est,
2356 3226 2412 3272 et
2442 3217 2616 3272 beatis
2657 3217 2915 3287 apostolis
2950 3217 3066 3286 ejus
3104 3217 3265 3274 Petro
3301 3228 3355 3273 et
3392 3219 3578 3281 Paulo,
3611 3259 3643 3283 η

2004 3306 2310 3362 Cluuieusis
2341 3305 2686 3371 monasterii,
2719 3314 2772 3360 et
2793 3306 3044 3361 omnibus
3072 3307 3351 3361 monachis
3381 3306 3577 3360 ibidem

2005 3397 2377 3459 morantibus,
2433 3404 2492 3449 ut
2537 3395 2844 3450 orationum
2899 3411 3086 3450 eorum
3131 3397 3425 3466 participes
3466 3411 3592 3452 esse.

2003 3486 2295 3557 possimus,
2323 3483 2477 3538 nobis
2503 3485 2829 3538 reservando
2856 3485 2981 3538 illud
3020 3483 3141 3552 jus,
3184 3487 3326 3555 quod
3360 3493 3587 3540 vocatur

2001 3574 2090 3642 jus
2119 3581 2473 3643 patronatus,
2501 3580 2662 3640 atque
2684 3571 2773 3639 jus
2797 3572 3155 3640 przcsentandi
3185 3588 3280 3642 pro
3311 3572 3495 3637 nobis,
3531 3580 3588 3626 et
3637 3624 3658 3637 ,_

2007 3664 2152 3719 natis
2180 3661 2379 3717 nostris
2414 3669 2470 3716 et
2516 3675 2702 3715 eorum
2752 3659 3338 3727 successoribus,dum
3391 3669 3588 3716 nostra
3637 3696 3657 3703 η-

2009 3754 2173 3807 l'uerit
2212 3752 2528 3816 voluntatis,
2553 3759 2660 3805 etc.
2697 3749 2752 3805 Si
2780 3750 2901 3819 quis
2933 3751 3071 3803 hanc
3110 3749 3452 3804 donationem
3504 3750 3588 3804 in-

2013 3824 2259 3916 quietare
2288 3845 2619 3922 voluerit,in
2663 3843 2783 3897 aula
2832 3844 3226 3912 regiscentum
3275 3844 3444 3900 libras
3469 3845 3590 3898 auri

2013 3945 2329 4006 componat,
2361 3943 2416 3990 et
2446 3935 2664 4004 insuper
2708 3931 3144 3992 maledictionem
3193 3931 3593 4002 GratianOpolis

2013 4025 2252 4096 episcopi
2281 4025 2542 4090 incurrat,
2568 4032 2675 4078 etc.

2083 4113 2330 4183 Sigillum
2369 4111 2646 4166 Ilumberti
2675 4110 2906 4173 comitis,
2952 4109 3195 4163 Ancillia:
3234 4109 3415 4162 uxoris
3457 4111 3595 4179 ejus.

2015 4203 2074 4260 S.
2107 4204 2320 4258 Amedei
2350 4203 2572 4257 comitis.
2605 4199 2664 4255 S.
2694 4199 2928 4253 Adelidis
2952 4201 3131 4253 uxoris
3156 4199 3283 4269 ejus.

2088 4293 2239 4350 Hanc
2270 4292 2612 4349 donationem
2638 4287 2900 4355 fecerunt,
2929 4299 2985 4344 ct
3011 4291 3253 4345 chartam
3287 4292 3444 4346 istam
3478 4290 3594 4343 ﬁeri

331 4382 427 4436 sed
476 4400 576 4454 per
599 4352 1100 4450 eorumtorationes
1147 4352 1732 4462 quosrsustentamits;
1782 4391 1910 4446 sub—
1943 4352 1991 4411 θ
2011 4387 2312 4462 jusserunl.
2340 4392 2396 4448 et
2423 4384 2476 4438 in
2502 4380 2753 4453 ιη’ίηεειιῑῖ
2777 4379 2831 4434 ill
2862 4379 3011 4434 ουΐῖε
3035 4381 3177 4451 regis
3201 4381 3415 4436 ﬁrmare
3438 4393 3596 4451 rei?”

331 4475 705 4534 ministrantes
750 4483 1100 4553 temporalia,
1131 4485 1198 4539 ad
1226 4484 1462 4539 stadium
1499 4490 1783 4542 currentes
1820 4497 1909 4536 re-

332 4579 680 4624 muneremur
718 4574 967 4630 mercede
1011 4583 1290 4645 perpetua.
1345 4574 1506 4640 lixae,
1556 4581 1629 4630 ut.
1664 4588 1695 4626 a
1759 4572 1914 4628 nobis

331 4651 474 4712 facta
501 4657 799 4722 credantur
833 4670 892 4716 et
929 4677 961 4717 a
990 4665 1224 4733 posteris
1254 4662 1460 4720 nostris
1482 4677 1588 4718 non
1618 4659 1916 4731 infringen-

2019 4484 2229 4530 verunt.

2091 4564 2336 4634 Signum.
2377 4559 2588 4629 Rodulﬁ
2647 4557 2827 4630 regis,
2882 4554 3296 4628 Ermingradis,
3356 4553 3591 4620 adonis,
3649 4627 3667 4648 Α

2020 4655 2280 4718 Λῃσειὶηἰ.

1287 4895 1722 5002 HYMNUS
1798 4917 1932 4992 DE
1987 4915 2072 4990 s.
2129 4913 2624 4995 ODILONE.

1491 5053 1652 5123 (Bibl.
1687 5051 1846 5107 Clun.
1872 5050 1962 5104 ubi
1991 5067 2178 5121 supra,
2206 5066 2261 5121 p.
2289 5051 2442 5121 528,)

3620 4865 3651 4901 ξ
