4072 5350
566 319 704 376 1043

763 519 939 572 Mundi
974 519 1227 588 procellis
1251 519 1400 589 eripe
1431 537 1444 572 :

757 611 926 675 Quem
950 610 1078 664 dum
1106 609 1304 665 ﬂuenta
1329 615 1574 666 metuunt

757 699 976 754 Naturae
1003 701 1146 756 vires
1168 703 1489 770 reprimunt.

829 787 988 846 Certe
1011 791 1253 846 membra
1281 791 1541 847 debilium

768 878 954 934 Robur
981 881 1290 936 instaurant
1323 883 1621 952 pristinum.

771 968 964 1024 Manus
991 971 1186 1026 abluta:
1213 991 1227 1027 :
1255 971 1517 1041 poculum

765 1057 914 1113 Muto
942 1061 1118 1115 reddit
1141 1061 1432 1132 eloquium.

1715 313 2050 369 KPPENDIX
2104 315 2194 368 AD
2245 314 2301 368 S.
2357 313 2723 370 ODll.ONE.\I.

835 425 913 483 Tn
947 442 1043 482 nos
1080 431 1248 483 decus
1284 427 1539 482 Ecclesiae
2147 433 2193 487 Α

3655 313 3804 371 10M

2504 426 2580 480 Tu
2615 425 2814 481 nostris
2840 425 3018 480 lumen
3045 425 3337 490 mentibus,

2438 518 2622 573 Sacris
2649 518 2869 573 infunde
2898 520 3148 588 precibus
3171 536 3188 574 :

2437 609 2538 674 Qui
2569 609 2725 663 caecis
2752 610 2926 662 visum
2960 625 3198 679 reparas.

2436 697 2504 752 Et
2538 708 2752 753 nostras
2778 699 2922 768 pelle
2943 700 3199 754 tenebras

2514 787 2599 843 Sit
2630 789 2776 843 Patri
2806 790 2923 845 laus
2953 791 3221 862 ingenito,

2446 879 2530 932 Sit
2567 879 2730 934 decus
2765 879 3048 950 Unigenito
3076 900 3090 936 ;

2440 969 2523 1024 Sit
2551 972 2831 1040 utriusque
2856 972 3039 1043 Parilia

2440 1061 2690 1133 Maiestas
2717 1078 2922 1118 summa
2960 1060 3211 1117 Flamini.
3250 1077 3442 1118 nmen.

1548 1411 1848 1489 M’ISSA
1910 1411 2212 1488 BEATI
2265 1409 2812 1489 ODILONIS.

1977 1583 2101 1654 (Ubi
2137 1585 2360 1657 supra.)

1233 1863 1452 1903 ORATIO.

626 1938 790 2004 Deus,
817 1939 909 2009 qui
951 1937 1112 1993 beato
1156 1938 1367 1994 Odiloni
1411 1953 1574 2008 super
1603 1939 1782 2010 gregis
1811 1939 1889 1994 tui
1933 1939 2129 1994 dedisti

553 2029 782 2101 vigilare
816 2028 1140 2096 custodiam,
1186 2028 1252 2082 da
1299 2027 1518 2082 familia:
1549 2037 1671 2093 tute,
1717 2037 2131 2097 quaesumus,ut

556 2125 675 2194 ejus
699 2121 1024 2177 informetur
1056 2121 1315 2190 exemplis
1345 2121 1507 2189 cujus.
1529 2129 1612 2176 est
1649 2121 1896 2175 instituta
1928 2121 2144 2175 doctri-~

557 2215 661 2268 nis.
687 2211 790 2268 Per
816 2211 1130 2267 hominum.

1209 2315 1463 2356 SECRETA.

628 2391 878 2448 Olrlatum
931 2393 1028 2448 tibi
1087 2392 1432 2455 sacrificium,
1481 2407 1812 2462 quaesumus,
1879 2392 2128 2459 DOmine,

555 2484 704 2539 beati
751 2483 1004 2538 Odilonis
1039 2486 1378 2540 commendet
1416 2487 1612 2550 oratio,
1653 2488 1798 2556 quod
1843 2501 1942 2541 nos
1973 2495 2029 2540 et
2062 2486 2130 2544 ab

559 2575 981 2631 adversitatibus
1025 2576 1234 2630 muniat
1257 2585 1311 2630 et
1339 2577 1403 2629 ad
1443 2593 1684 2632 amorem
1730 2587 1880 2632 tuum
1929 2577 2144 2632 indesi--

560 2675 754 2720 neuter
773 2667 1056 2722 accendat.
1089 2667 1194 2721 Per
1222 2667 1531 2722 Dominum.

2799 1866 3218 1908 POSTCOIIUNIO.
3719 1894 3726 1898 ι

2302 1940 2399 2004 Da,
2421 1954 2750 2012 quaesumus,
2774 1941 3118 2009 omnipotens
3135 1941 3297 2004 Deus,
3322 1948 3399 2006 ut,
3430 1943 3819 1999 intercedente

2228 2031 2289 2086 Β.
2330 2030 2557 2087 Odilone
2597 2031 2907 2086 confessore
2957 2041 3082 2097 tuo,
3136 2047 3274 2102 quos
3324 2035 3535 2102 pondus
3597 2036 3806 2104 proprii

2231 2133 2411 2178 reatus
2443 2131 2724 2193 aggravat,
2757 2122 2993 2178 ccelestis
3020 2138 3222 2178 mensae
3253 2123 3404 2194 vigor
3428 2107 3664 2179 attollat.
3705 2124 3818 2179 Per

2231 2211 2542 2268 Dominum.

2778 2317 2943 2359 ευρειι
2981 2318 3244 2359 Ρονυιυι.

2300 2395 2377 2452 Da
2400 2410 2728 2466 quaesumus,
2756 2397 3100 2466 omnipotens
3130 2395 3292 2461 Deus,
3320 2410 3419 2464 per
3445 2396 3592 2451 beati
3624 2394 3814 2452 Odilo-

2231 2491 2316 2546 nis
2366 2491 2434 2545 ad
2489 2499 2542 2545 te
2592 2488 2815 2559 vestigia
2873 2489 3114 2553 tendere,
3167 2487 3319 2556 cujus
3354 2503 3456 2545 nos
3490 2489 3822 2563 magisterio

2230 2580 2481 2650 dignatus
2516 2593 2576 2633 es
2604 2579 2842 2634 erudire.
2873 2577 2980 2633 Per.
3002 2577 3312 2634 Dominum.

1125 2834 3784 2864 MM

1565 2975 2138 3068 JOTSALDI
2211 2973 2760 3067 MONACHI

1005 3158 1364 3221 PLANCTUS
1403 3162 1489 3218 DE
1526 3162 1868 3218 TRANSITU
1906 3160 2122 3216 DOMNI
2159 3159 2473 3217 ODILONIS
2511 3159 2803 3217 ABBATIS
2841 3160 3358 3218 CLUNIACENSIS.

1696 3313 1967 3383 (Biblioth.
1997 3312 2266 3379 Cluniac.,
2291 3329 2342 3385 p.
2381 3313 2546 3382 $9.)-

631 3580 711 3638 Ad
739 3577 894 3637 ﬂetus
919 3592 1078 3634 voces
1109 3578 1360 3635 extendat
1384 3577 1584 3632 chorda
1610 3587 1858 3638 sonoras,

563 3675 774 3741 Organa
799 3680 1116 3727 cunctorum
1143 3677 1422 3723 vertantur
1453 3679 1599 3724 sorte
1631 3669 1931 3721 modorum.

561 3761 824 3833 Plaugite,
863 3776 959 3815 vos
985 3759 1188 3830 populi,
1217 3775 1314 3813 vos
1340 3759 1534 3826 lingua:
1563 3758 1740 3812 sidera
1763 3757 1910 3821 caali,

561 3853 797 3906 l’roruat
817 3852 867 3904 in
899 3852 1150 3904 tenebras
1176 3851 1524 3919 reSplendens
1557 3849 1733 3904 orbita
1763 3847 1916 3911 solis,

559 3942 822 3997 Deﬁciunt
846 3942 1002 4010 plene
1030 3941 1291 3994 radiantia
1321 3956 1523 3996 cornua
1548 3941 1706 4004 lunae,

558 4029 769 4100 Lugeat
795 4038 850 4085 et
879 4031 1109 4084 mundus
1138 4038 1396 4098 protenso
1433 4044 1662 4098 corpore
1688 4037 1832 4083 totus
1858 4047 1871 4081 :

561 4119 716 4175 Nunc
745 4130 938 4184 terras,
967 4120 1206 4190 pelagus.
1238 4129 1470 4182 montes,
1493 4121 1763 4190 silvasque
1784 4121 1938 4175 ciebo
1964 4138 1977 4173 :

562 4211 969 4280 Quadru'pedes,
993 4210 1235 4280 bipedes,
1261 4212 1525 4281 reptantia
1549 4221 1745 4265 cuncta
1774 4213 2032 4264 movebo.-

560 4301 896 4355 tloudoleaut
916 4301 1129 4355 Patrem
1154 4302 1494 4356 subtractum
1519 4317 1660 4356 nunc
1689 4300 1968 4358 Odilonem

557 4390 789 4444 Conciso
819 4392 1029 4459 plausu.
1061 4401 1363 4462 pungantur
1391 4393 1596 4447 viscera
1631 4391 1776 4458 ﬂetu,

558 4479 626 4533 Et
656 4483 820 4534 variis
850 4481 1114 4551 lacrymas
1146 4482 1477 4552 profundant
1506 4485 1730 4538 vocibus
1763 4485 1900 4539 istas
1938 4501 1952 4536 :

557 4569 740 4632 Odilo,
770 4570 927 4624 dulce
953 4573 1141 4636 decus,
1174 4576 1383 4629 venturi
1413 4575 1580 4646 gloria
1609 4576 1759 4634 set-li,

557 4656 739 4721 Odilo,
771 4659 928 4713 dulce
956 4660 1139 4722 decus,
1168 4660 1422 4717 fraterna!
1443 4665 1590 4733 pacis
1613 4665 1842 4726 ωιιῑοιιε,

561 4746 741 4810 Odilo,
777 4747 933 4803 dulce
955 4749 1142 4813 decus,
1167 4751 1480 4805 meritorum
1513 4751 1761 4821 lampade
1784 4754 1982 4807 clarus.

561 4838 640 4892 Tu
669 4839 830 4894 fessis
873 4840 1105 4909 requies,
1140 4842 1514 4910 languentibus
1542 4858 1602 4896 es
1625 4843 1912 4904 medicina,

560 4929 825 4983 Debilium
859 4931 1101 4988 baculus.
1141 4934 1466 4986 miserorum
1491 4933 1720 4986 Inaxima
1758 4933 1968 4986 virtus:

2154 3579 2199 3640 C
2229 3575 2476 3631 Jussit'iu
2501 3575 2758 3631 occiduas
2796 3577 3090 3633 morientes
3114 3577 3195 3633 ire
3226 3579 3496 3634 tenebras.

2234 3665 2427 3720 T—endit
2454 3665 2520 3720 ad
2546 3679 2799 3720 occasum
2824 3667 3083 3736 quidquid
3114 3666 3249 3722 lucis
3274 3670 3418 3738 capit
3439 3678 3667 3735 ortum,

2232 3759 2432 3814 Doctus
2453 3769 2509 3813 et
2533 3760 2780 3814 indoctus
2805 3760 2996 3828 aequali
3026 3770 3174 3816 sorte
3201 3762 3479 3823 recedunt,

2239 3849 2427 3902 Divitis
2454 3856 2509 3901 et
2537 3847 2736 3902 modici
2764 3849 2995 3903 similem
3022 3863 3171 3904 mors
3196 3849 3420 3918 suscipit
3447 3851 3664 3914 umbra,

2233 3936 2474 3990 \‘ertitur
2494 3937 2546 3990 in
2576 3937 2816 3991 cinerem
2842 3938 3043 3993 cineris
3071 3952 3330 4007 compago
3353 3938 3528 3993 soluta
3555 3957 3568 3992 :

2231 4027 2382 4092 Quod
2422 4027 2609 4094 nequit
2643 4027 2869 4090 absolvi,
2893 4027 3056 4082 debet
3078 4028 3345 4096 patienter
3372 4028 3582 4082 haberi.

2458 4116 2720 4172 Revelatio
2747 4117 2966 4182 doloris,
2994 4128 3045 4172 et
3074 4119 3360 4172 consolatio
3385 4121 3588 4172 "tortis.

2302 4208 2473 4274 Musa,
2505 4209 2634 4264 mihi
2662 4223 2857 4264 causas
2890 4223 3153 4271 memora,
3181 4209 3494 4277 quoltristia
3523 4209 3738 4263 solvam

2231 4298 2520 4368 Deponens
2555 4297 2828 4367 Iacrymas
2857 4296 3094 4359 steriles,
3122 4305 3176 4349 et
3203 4296 3396 4366 gaudia
3428 4312 3663 4352 sumam.

2232 4391 2388 4448 Odilo
2419 4407 2524 4444 non
2551 4391 2802 4455 moritur,
2829 4391 2922 4445 sed
2948 4391 3138 4445 mortis
3167 4389 3354 4444 funera
3377 4391 3584 4461 spernit
3612 4411 3624 4444 :

2235 4483 2529 4536 Odilo-nou
2559 4483 2812 4548 moritur,
2835 4482 2927 4536 sed
2955 4482 3121 4535 vitam
3152 4482 3306 4536 duxit
3332 4483 3635 4538 honestam.

2232 4575 2387 4629 Odilo
2413 4590 2518 4628 non
2547 4575 2799 4639 moritur,
2829 4573 2922 4628 sed
2956 4573 3128 4627 vitam
3153 4583 3328 4628 morte
3355 4576 3575 4644 recepit.

2233 4667 2442 4734 Regnat
2474 4666 2527 4718 in
2563 4674 2824 4719 :eternum
2854 4663 3181 4734 gaudens-se
3207 4680 3430 4719 cernere
3456 4664 3736 4720 Christum

2233 4756 2402 4821 Quem
2435 4756 2618 4818 coluit,
2647 4756 2849 4819 docuit,
2880 4756 3151 4824 quaasivit,
3177 4756 3519 4824 gloriﬁcavit,

2232 4846 2396 4912 Cujus
2421 4846 2590 4912 gloria
2619 4861 2750 4901 crux
2780 4845 2900 4908 fuit,
2929 4856 2985 4900 et
3007 4845 3254 4901 Christus
3280 4848 3596 4902 cruciﬁxus.

2156 4936 2205 4972 "-"
2239 4937 2396 4994 'v'irgo
2426 4936 2614 4994 Maria.
2649 4944 2739 4988 tuo
2766 4944 3027 4994 quantum
3058 4936 3276 4989 servivit
3302 4937 3520 4990 honori!
