4072 5350
235 291 265 345 1
280 290 382 346 M5

239 401 468 476 Hacque
498 399 586 455 die
609 397 806 454 merito
833 393 1017 450 carnis
1043 389 1360 448 dissolvitur
1394 397 1573 448 antro,

240 475 594 560 Compatitur
615 486 852 549 Christo,
880 482 1097 538 radians
1115 480 1227 550 jam
1253 477 1385 531 vivit
1409 475 1464 530 in
1487 475 1598 538 illo,

239 579 466 636 ϐυτ-ἰειο
487 576 861 639 commoritur,
896 569 1266 633 cumChristo
1291 566 1522 634 denique
1546 562 1738 633 surgit.

357 683 445 738 Ex
467 682 649 737 eadem
671 679 762 736 die,
785 677 1038 758 Dominus
1068 673 1365 797 Wfllelmus
1395 670 1458 722 ab
1485 671 1582 722 hac
1611 667 1725 720 luce

909 760 1130 797 tmaraut
1159 782 1176 797 ο

909 760 1176 816 tmgravu.

323 843 540 898 llis-lem
573 837 810 893 decessit
833 834 1142 889 Willelmus
1167 839 1313 886 sorte
1335 826 1615 890 Kalendis,

244 934 481 1003 Magnus
497 940 554 986 et
579 932 692 1000 ipse
721 928 881 981 Pater
903 923 1291 980 monachorum
1316 917 1677 978 Divioncusis.

250 1025 322 1082 Ili
354 1022 571 1077 fuerant
607 1016 856 1073 monachi
887 1012 1083 1084 Mayoli
1116 1011 1346 1078 denique
1377 1009 1574 1071 sancti,

249 1115 381 1170 lino
407 1111 660 1166 florentes
683 1109 736 1161 itt
765 1117 1030 1176 tempore,
1057 1115 1286 1172 corpore
1309 1098 1531 1160 mttndo,

247 1204 430 1271 Unius
449 1212 502 1258 et
521 1201 668 1263 ﬁdei,
701 1213 844 1253 verae
873 1195 1092 1268 pietatis
1124 1191 1306 1247 amici.

243 1295 444 1360 iunxit
462 1302 720 1360 utrosque
752 1288 906 1348 fides,
931 1283 1136 1340 similes
1159 1281 1398 1334 habuere
1421 1288 1692 1337 recessus,

246 1384 440 1444 Gloria
469 1398 575 1437 non
600 1383 805 1449 dispar,
825 1377 1020 1441 eadem
1049 1374 1402 1442 sequiturque
1434 1382 1656 1423 corona.

294 1495 400 1552 llic
428 1494 618 1549 dilecto
649 1491 869 1548 lectulus
894 1499 1248 1558 praeparatur,
1282 1495 1329 1539 et
1367 1485 1584 1540 diverse
1611 1479 1802 1551 species

747 1562 980 1630 πενθήσω
1015 1559 1332 1626 oﬂ'eruntur.

329 1655 486 1713 Udilo
512 1654 765 1717 dilectus,
796 1666 938 1706 nunc
960 1648 1226 1708 candidus
1257 1655 1311 1701 et
1337 1642 1694 1707 rubicundus,

249 1750 464 1804 Securo
485 1747 698 1802 incessu
723 1743 968 1814 sequitur
991 1740 1214 1811 vestigia
1237 1738 1474 1803 Christi;

250 1840 506 1902 ﬂoridus
541 1848 594 1894 et
625 1838 816 1898 niveus
841 1834 1084 1890 defertur
1105 1831 1334 1887 lectulus
1364 1830 1438 1885 illi

248 1934 430 2000 Quem
461 1929 594 2000 tegit
615 1927 722 1982 alta
765 1928 982 1989 cedrus,
1020 1922 1378 1990 redolensque
1417 1933 1711 1989 cupressus
1741 1915 1836 1969 ad-

253 2022 600 2090 Sparguntur
625 2017 796 2082 violae,
823 2023 1144 2071 sternuntur
1164 2012 1277 2072 lilia.
1297 2025 1543 2082 quaeque.
1625 2008 1836 2081 [ornat:

255 2111 400 2166 Tum
434 2113 616 2167 videas
637 2125 823 2166 roseos
853 2108 1001 2164 illum
1035 2108 1136 2162 sibi
1171 2107 1396 2177 pingere
1423 2103 1608 2170 flores,

256 2203 326 2258 Et
353 2205 530 2258 varias
567 2203 762 2256 herbas
783 2200 954 2255 oculis
978 2208 1228 2269 spectare
1263 2195 1529 2266 benignis.

261 2293 510 2350 Balsama
532 2309 638 2347 non
665 2293 879 2354 desunt,
907 2300 962 2346 et
990 2298 1234 2344 aromata
1267 2286 1432 2341 multa
1463 2293 1734 2351 teruntur,

258 2382 492 2446 Nardus,
518 2383 761 2454 myrrha,
788 2382 981 2447 nitent,
1021 2388 1074 2436 et
1117 2378 1278 2434 fortia
1301 2377 1551 2432 cinnama
1589 2374 1842 2446 ﬂagrant,

1303 271 1625 334 JOTSALDI
1661 267 1964 326 HONAClll
1998 266 2378 327 PLANCTUS.

1851 385 1900 441 Α
1929 381 2102 449 Ipsius
2133 390 2300 452 atque
2323 381 2458 439 mibi
2482 381 2741 438 dulcescit
2765 389 2982 454 gutture
3006 380 3233 446 fructus,

3370 260 3505 319 40M

1931 469 2096 540 Cujus
2129 485 2282 528 amor
2315 471 2551 541 propriis
2581 473 2842 526 membris
2866 486 3010 526 nunc
3032 471 3262 542 pulvere
3281 470 3435 527 lectis

1927 557 2185 613 Concedit
2216 568 2400 628 gratos
2421 561 2586 614 nimia
2613 559 2897 614 dulcedine
2927 574 3164 614 somnos.

1930 651 2009 706 Ad
2043 649 2184 718 ﬁlias
2225 649 2577 716 Hierusalem,
2626 668 2689 706 tte
2719 651 2964 721 uigilare
2993 652 3195 718 faciant
3235 651 3506 706 dilectum.

2001 741 2336 795 Hierusalem
2368 751 2528 808 natae,
2566 751 2862 808 contestor,
2886 741 3036 811 pacis
3067 741 3276 806 amicae,

1930 833 2207 888 Prasstetis
2234 833 2476 902 requiem
2504 834 2627 898 sibi,
2653 848 2752 889 nec
2777 833 3059 904 prohibete
3079 833 3294 903 jacere,

1935 925 2117 982 Donec
2145 926 2259 996 ipse
2289 924 2440 989 velit,
2457 934 2523 992 et
2544 925 2717 981 donec
2743 933 2985 982 transeat
3006 925 3220 986 umbra,

1934 1017 2308 1087 Adveniatque
2345 1017 2461 1071 dies
2477 1017 2566 1072 cui
2599 1031 2703 1070 nox
2736 1018 3034 1071 succedere
3074 1015 3268 1072 nescit.

2390 1103 2441 1158 11
2449 1105 2494 1158 ic
2524 1106 2786 1158 excitatus
2817 1106 3058 1176 resurgit.

2005 1196 2161 1257 0dilo
2189 1206 2742 1269 supremumspectat
2772 1197 2838 1252 de
2865 1206 3040 1252 morte
3065 1197 3399 1268 triumphum
3423 1213 3440 1263 ;

1937 1288 2058 1349 lam
2088 1289 2286 1344 renitet
2310 1290 2505 1358 prima,
2537 1300 2786 1344 servatur
2807 1299 2861 1344 et
2886 1288 3054 1343 altera
3086 1289 3286 1360 palma,

1936 1380 2102 1437 Custis
2133 1382 2338 1444 divisis,
2365 1398 2490 1436 cum
2523 1381 2733 1435 venerit
2769 1380 2975 1435 arbiter
3003 1381 3153 1436 orbis

1937 1471 2181 1529 Cernere
2209 1483 2530 1528 cunctorum
2563 1489 2758 1529 causas
2780 1481 3040 1542 actusque
3071 1472 3312 1527 virorum
3344 1493 3358 1527 ζ

1941 1560 2093 1616 Tunc
2121 1562 2302 1617 crucis
2339 1563 2600 1617 indicium
2630 1562 2842 1632 parebit
2871 1571 2925 1616 et
2957 1561 3208 1616 omnibus
3234 1561 3456 1654 altum"i

1941 1653 2114 1720 Quam
2152 1654 2412 1710 Dominus
2440 1652 2598 1709 Jesus
2623 1668 2921 1725 suspensus
2950 1663 3125 1709 morte
3154 1653 3408 1709 sacravit.
3443 1723 3449 1730 .

1861 1719 1910 1778 Β
1938 1745 2227 1816 Angelicus
2257 1755 2432 1800 cattus
2462 1756 2588 1799 tunc
2612 1719 2946 1807 formidabit,
2983 1753 3038 1798 et
3065 1745 3245 1800 omnis

1939 1837 2217 1893 C(elorum
2248 1839 2422 1893 virtus
2454 1852 2717 1892 resonans
2748 1835 3064 1891 tremefacta
3096 1835 3306 1902 silebit;

1941 1928 2246 1999 Splendens
2267 1928 2346 1984 sol
2377 1926 2565 1999 fugiet,
2597 1926 2896 1998 pallescens
2918 1925 3040 1981 luna
3071 1926 3324 1981 recedet:

1941 2019 2183 2092 Corpora
2211 2020 2277 2075 de
2308 2019 2526 2074 tumulis
2549 2019 2843 2088 procedent
2868 2027 2995 2073 tunc
3018 2018 3308 2082 reseratis;

1943 2112 2129 2169 Gloria
2157 2119 2472 2167 sanctorum
2501 2117 2820 2180 segregatur
2847 2116 2994 2162 sorte
3021 2107 3286 2162 malorum
3317 2124 3330 2158 :

1944 2201 2078 2256 Nam
2105 2199 2280 2260 bonus
2307 2198 2374 2253 ad
2398 2200 2594 2264 lucem,
2618 2213 2923 2268 pravusque
2947 2207 3190 2266 resurget
3218 2197 3284 2251 ad
3309 2197 3484 2270 ignem
3505 2212 3543 2261 ε,

1944 2291 2102 2358 Odilo
2135 2299 2374 2358 tuncque
2401 2304 2574 2346 novus
2597 2288 2805 2343 caelesti
2834 2287 3036 2342 lumine
3059 2287 3282 2353 clarus,_
3363 2273 3378 2280 ”

1947 2383 2269 2439 Sanctorum
2299 2378 2507 2438 medius
2545 2379 2776 2445 incedet,
2799 2385 2854 2433 et
2884 2377 3076 2433 obvius
3103 2377 3223 2442 ibit,

255 2472 525 2529 Omnibus
551 2484 606 2529 et
634 2473 824 2544 primis
843 2472 1170 2548 copulantur.
1197 2469 1376 2528 ﬁstula
1417 2465 1694 2540 [fmstula]
1726 2481 1849 2520 cru-
1947 2471 2174 2543 Agmine
2205 2471 2496 2524 multorum
2529 2468 2757 2523 vallatus
2787 2467 3246 2531 commilitonum,

261 2564 565 2635 Unguentis
594 2563 762 2628 aloes,
792 2572 1030 2628 stactus,
1050 2571 1109 2619 et
1130 2561 1366 2615 maxima
1389 2574 1607 2638 cyprus.

259 2652 405 2709 Mille
432 2654 816 2724 suntgspecies,
849 2653 1033 2723 plures
1057 2654 1341 2714 variantur
1365 2651 1586 2714 odores,

263 2737 676 2817 Nectar-eosque
705 2755 868 2810 sapor
891 2725 1093 2802 caelum
1120 2738 1293 2810 replet
1317 2737 1477 2794 altius
1505 2738 1701 2810 ipsum.

705 2829 806 2887 Hic
839 2847 1031 2902 sponso
1057 2831 1414 2904 conjungitur.

333 2921 492 2986 0dilo
515 2923 728 2979 deliciis
756 2923 841 2979 bis
869 2924 1068 2988 utitur,
1092 2934 1146 2977 et
1171 2931 1486 2988 renovatur,

263 3015 556 3079 Proximus
570 3013 634 3070 'et
660 3030 858 3085 sponso
889 3013 1196 3086 resplendet
1220 3014 1424 3070 lumine
1443 3013 1633 3070 claro:

263 3104 591 3174 Osculajam
621 3105 880 3172 celebrat,
911 3115 967 3160 et
988 3119 1202 3176 sponsa:
1231 3103 1435 3158 fmdera
1467 3105 1670 3159 ﬁrmat.

262 3195 488 3258 Cantica
515 3211 658 3251 nunc
681 3207 956 3262 resonant,
981 3197 1254 3268 paschalia
1285 3205 1538 3268 tympana
1565 3197 1806 3266 ludunt,”

263 3283 390 3347 1am
415 3285 560 3342 videt
583 3286 635 3340 in
666 3285 805 3342 facie
832 3287 986 3347 lactus
1010 3286 1408 3358 Dominumque
1429 3287 1726 3358 Deumque.

1745 2556 1848 2634 [cis

373 3393 611 3450 Dilectus
645 3397 780 3451 turri
817 3407 1179 3478 comparatur,
1221 3407 1269 3454 et
1307 3399 1540 3468 mysticis
1582 3399 1748 3454 aristis

921 3477 1179 3522 munitur.

337 3556 512 3623 O.Iilo,
545 3558 674 3613 dum
708 3559 866 3624 vixit,
889 3559 1149 3614 virtutum
1175 3560 1374 3630 sparsit
1394 3561 1613 3625 odores,

268 3649 463 3704 Turris
498 3660 620 3704 erat
645 3649 824 3716 fortis,
849 3649 1074 3722 clypeos
1101 3652 1310 3706 munita
1337 3652 1608 3722 supernis,

271 3740 447 3808 Quam
475 3742 979 3814 circumcingebant
1008 3743 1412 3814 propugnacula
1443 3752 1674 3813 septem,

272 3829 456 3884 Fortia
487 3831 796 3899 pendebant
827 3847 893 3886 ex
927 3831 1035 3887 illis
1066 3847 1221 3888 arma
1239 3834 1503 3895 virorum,

274 3919 464 3983 Nullus
489 3930 543 3978 et
579 3922 721 3977 hanc
750 3922 923 3978 hostis
951 3924 1126 3992 potuit
1153 3938 1411 3993 superare
1453 3923 1743 3994 malignus.

799 4013 1036 4072 Dilectus
1055 4016 1341 4086 .quwritur.

345 4101 464 4171 Quo
491 4104 672 4174 pascis
701 4104 993 4168 recubans,
1025 4113 1275 4160 votorum
1304 4106 1469 4160 chare
1490 4106 1776 4160 meorum?

856 4193 960 4249 Hic
991 4197 1276 4250 invenitur.

347 4287 643 4345 Meridiana
673 4301 847 4356 tenes,
875 4298 934 4344 ut
965 4291 1044 4345 sol
1074 4290 1327 4345 sublimia
1360 4289 1559 4362 tangis.

701 4382 903 4436 Dilecto
931 4382 1188 4451 ferculum
1213 4383 1452 4452 offertur.

349 4469 610 4542 Mystieus
633 4479 687 4527 et
711 4470 963 4527 Salomon
989 4472 1084 4526 tibi
1111 4471 1314 4526 fercula
1347 4481 1536 4527 sancta
1566 4471 1854 4526 ministrat.

277 4559 514 4616 Libanus
541 4561 658 4614 hate
687 4569 912 4630 prastat
942 4561 1146 4616 nullius
1169 4560 1329 4616 sorde
1353 4571 1673 4631 putresccns
1703 4580 1714 4615 :

282 4653 530 4720 Argento.
549 4653 735 4707 solide
764 4653 1108 4709 fabricantur
1141 4668 1378 4724 namque
1406 4654 1672 4710 columnae
1701 4673 1714 4707 :

281 4741 458 4795 Aurea
491 4741 550 4794 ﬁt
582 4743 821 4810 requies,
851 4758 1142 4799 ascensum
1171 4758 1412 4814 pttrpura
1441 4745 1637 4810 nescit,

284 4829 523 4902 Denique
543 4841 900 4896 constrantur
924 4834 1104 4902 medio
1130 4835 1350 4906 pietatis
1372 4849 1580 4892 amove.

687 4923 928 4988 Qualiter
967 4927 1160 4980 musice
1195 4926 1456 4982 concinat.

350 5011 587 5068 Alternis
617 5012 851 5068 modulis
882 5029 1027 5069 nunc
1049 5013 1398 5076 epithalamia
1421 5023 1632 5076 cantas,

1948 2562 2092 2630 Quos
2119 2561 2348 2622 Domino
2373 2560 2569 2625 verbis,
2601 2559 2863 2630 exemplis
2886 2558 3238 2614 consociavit.

2442 2648 2680 2705 Precatio
2716 2667 2810 2721 pro
2836 2649 3042 2704 dilecto.

2019 2741 2186 2811 Virgo
2212 2738 2402 2806 Maria,
2438 2747 2591 2794 tuum
2619 2739 2886 2794 miserans
2913 2747 3040 2792 tunc
3065 2735 3256 2809 collige
3287 2747 3529 2806 servum,

1951 2832 2019 2887 Et
2047 2832 2286 2902 Baptista
2318 2840 2530 2902 potens,
2559 2838 2614 2885 tn
2648 2830 2858 2901 respice
2886 2837 2941 2884 te
2963 2828 3291 2885 recolentem
3317 2847 3330 2883 :

1953 2921 2189 2993 Spiritus
2217 2921 2496 2993 angelicus
2525 2921 2700 2991 rapiat
2727 2921 2868 2976 hunc
2894 2920 3048 2976 hoste
3085 2920 3291 2992 fugato.

1951 3015 2111 3072 Petre
2141 3016 2320 3080 beate,
2350 3016 2495 3086 piam
2525 3015 2666 3071 ccelo
2693 3015 2794 3071 sibi
2835 3015 3084 3085 prOSpice
3113 3015 3319 3079 sedem,

1953 3109 2054 3187 Qui
2095 3110 2191 3166 tibi
2223 3111 2450 3166 devotus
2471 3124 2690 3178 semper
2717 3107 2820 3162 fuit
2849 3105 3138 3162 otliciosus.

1952 3207 2139 3264 Coetus
2168 3203 2512 3274 apostolicus
2531 3200 2744 3256 Domini
2770 3199 3057 3270 splendore
3090 3197 3300 3263 beatus,

1952 3298 2144 3354 Testes
2171 3294 2429 3367 purpurei
2461 3289 2723 3350 caelorum
2749 3292 2973 3347 cardine
2999 3288 3220 3354 summi,
3428 3363 3432 3372 ἱ

1953 3388 2098 3446 Ordo
2127 3388 2494 3450 sacerdotum,
2531 3386 2636 3439 dus
2667 3393 2723 3437 et
2748 3382 2928 3437 lumen
2958 3379 3345 3467 populorum“
3426 3399 3428 3401 >

1952 3479 2351 3551 Virgineusque
2381 3477 2582 3533 chorus
2614 3475 2668 3530 in
2697 3474 2916 3530 Christo
2937 3469 3334 3535 sanctificatus,
3373 3534 3386 3541 ~
3425 3469 3429 3474 ’

1954 3571 2346 3634 Intercessores
2374 3569 2574 3624 habeat
2599 3581 2696 3620 νινε
2720 3565 2875 3622 0dilo
2899 3572 3106 3629 noster,
3147 3631 3156 3638 _

1954 3661 2074 3730 Quo
2101 3655 2261 3715 simul
2291 3661 2344 3714 in
2371 3658 2528 3715 caelis
2549 3671 2644 3726 per
2663 3653 2857 3710 sateula
2881 3651 3130 3723 gaudeat.
3159 3649 3354 3704 Amen.
3411 3713 3416 3716 _

2421 3748 2677 3819 Epilogus
2712 3745 3076 3805 salutationis.

2029 3842 2208 3906 Ollilo,
2236 3840 2378 3905 vive,
2410 3837 2550 3903 vale,
2582 3845 2694 3891 toto
2721 3835 2853 3890 mihi
2879 3833 3102 3889 charior.
3126 3830 3284 3896 orbe,

1959 3936 2216 3992 Lucidior
2240 3934 2406 3997 vitro,
2438 3929 2668 4001 fulgenti
2695 3927 2896 3984 clarior
2924 3939 3078 3988 auro,

1961 4028 2120 4082 Vultu
2150 4025 2465 4095 conspicuo,
2503 4019 2956 4082 niveocandente
2985 4015 3204 4085 capillo,

1959 4115 2254 4172 Candidior
2280 4127 2476 4184 cygno,
2502 4111 2674 4165 ruben
2700 4107 2987 4162 formosior
3021 4113 3191 4160 astro.
3211 4163 3224 4169 η

1962 4209 2060 4272 Te,
2087 4209 2250 4272 bone,
2281 4207 2408 4261 dum
2434 4203 2638 4268 recolo,
2669 4201 3031 4274 lacrymarum
3060 4212 3186 4253 rore
3224 4198 3522 4264 madescoh

1963 4299 2076 4371 Qui.
2100 4299 2195 4360 tibi
2230 4297 2494 4367 praecipui
2519 4291 2966 4363 nodis;_cingebar
2989 4289 3208 4344 amoris.

1967 4389 2139 4456 Quam
2166 4388 2412 4445 celebres
2439 4385 2580 4442 oculi
2609 4383 2830 4456 pietatis
2862 4382 3011 4437 fonte
3039 4379 3252 4451 repleti,

1969 4479 2024 4533 In
2061 4493 2147 4532 me
2167 4487 2298 4547 quot
2325 4477 2560 4547 gemitus
2585 4481 2713 4528 sunt
2741 4471 2924 4528 dulces
2948 4485 3089 4540 saepe
3110 4469 3326 4524 retecti!
3359 4531 3363 4535 Α

1967 4571 2136 4637 Quem
2177 4569 2409 4624 similem
2448 4566 2727 4637 quaeram?
2751 4579 2911 4634 quem
2939 4563 3170 4620 similem
3207 4557 3482 4620 teneamt'

1967 4661 2106 4714 Tum
2136 4675 2248 4730 pax-
2266 4667 2321 4723 et
2351 4658 2588 4726 requies,
2613 4657 2735 4710 vita:
2762 4670 2887 4725 spes
2908 4664 3058 4717 certa
3092 4653 3370 4718 manebat,
3399 4711 3407 4724 ,

1967 4749 2164 4805 Portus
2193 4734 2324 4804 eras
2361 4746 2686 4816 tranquillus
2710 4746 2776 4801 de
2805 4744 2994 4816 pelago
3023 4744 3294 4798 redeunti.

1972 4838 2166 4899 Turris
2195 4852 2340 4902 eras,
2371 4837 2439 4892 de
2475 4850 2580 4905 qua
2617 4843 2892 4890 terrentes
2920 4831 3302 4901 respiciebam,

1975 4929 2286 4997 Antidotum
2319 4926 2559 4990 salubre,
2585 4939 2693 4994 quo
2714 4932 2910 4979 cuncta
2933 4935 3141 4974 venena
3169 4916 3419 4989 fugabo!!!
3443 4933 3458 4970 :

1975 5018 2054 5076 Tn
2081 5034 2196 5088 pes,
2237 5025 2403 5086 tuque
2429 5031 2646 5080 manus,
2674 5023 2729 5068 et
2765 5014 2819 5066 in
2840 5009 3093 5066 omnibus
3115 5010 3296 5064 omnia
3325 5007 3540 5077 factusL
