4072 5350
554 229 691 290 1047

555 440 1910 474 W

1725 220 1954 289 BERNO
1989 226 2211 284 ABBAS
2249 218 2614 285 AUGIENSIS

3651 221 3815 315 ista

1922 440 2317 458 “———-‘

1238 601 1888 707 TBANSLATIO
1943 598 2435 679 CORPORIS
2486 601 2562 677 S.
2617 601 3111 679 ODILONIS

1060 818 1070 829 -
1154 780 1243 842 αΑ
1285 779 1558 857 Rogerio
1606 776 1989 841 Bilurt’ccitsi
2030 777 2502 859 archiepiscopo
2545 782 2713 860 facta
2755 798 2918 841 anno
2967 780 3143 843 1345.

1186 934 1530 1003 (Bibliotheca
1567 929 1944 999 Cluniacensis,
1983 954 2036 1009 p.
2078 937 2205 1003 545,
2245 955 2310 993 ea:
2341 937 2669 993 chartulario
2706 936 3133 1010 Silviniacensi.)

623 1219 924 1287 nocentes,
968 1217 1330 1289 permissione
1355 1210 1535 1273 divina
1576 1219 1930 1275 Bituricensis
1960 1218 2137 1273 archi—
2163 1221 2209 1281 Α
2240 1228 2478 1282 neretur,
2514 1234 2723 1276 necnon
2755 1228 2813 1274 ut
2837 1213 3062 1276 ecclesia
3116 1228 3416 1275 memorata
3441 1236 3506 1277 eo
3548 1222 3807 1279 libentius

555 1302 864 1381 episcopus.
894 1310 1161 1367 universis
1193 1309 1397 1365 (lbi-isti
1425 1310 1673 1366 ﬁdelibus
1694 1311 1923 1367 salutem
1951 1310 2004 1365 in
2035 1309 2136 1365 Do-

552 1399 700 1454 mino
727 1398 1134 1467 sempiternam.

624 1487 902 1544 Noveritis
940 1489 1083 1559 quod
1113 1489 1179 1545 de
1209 1488 1423 1545 licentia
1449 1496 1505 1545 et
1530 1488 1783 1544 mandato
1808 1488 2133 1544 sanctissimi

550 1580 608 1633 in
647 1578 865 1634 Christo
901 1576 1079 1635 Patris
1104 1581 1309 1636 domini
1356 1583 1547 1646 nostri,
1585 1582 1786 1637 domini
1817 1580 2133 1647 Clementis,

551 1662 712 1739 digna
736 1669 829 1723 Dei
851 1670 1190 1739 providentia
1227 1685 1378 1741 papae
1408 1671 1568 1738 sexti,
1606 1686 1705 1728 nos
1741 1688 1846 1726 una
1875 1686 1997 1727 cum
2053 1688 2136 1727 re-

552 1763 811 1827 verendis
853 1755 907 1816 in
965 1760 1180 1819 Christo
1230 1762 1483 1820 Patribus
1546 1764 1759 1820 domuis
1810 1764 2132 1834 Capitulien.

551 1853 1007 1923 Augustinorum,
1038 1864 1094 1909 et
1131 1853 1445 1910 Saulonien.
1478 1854 1896 1910 Prmdicatorum
1929 1854 2135 1910 ordinis

551 1941 825 2013 episcopis
876 1951 931 1997 et
973 1943 1388 2013 quamplurimis
1458 1944 1767 2005 abbatibus.
1819 1944 2054 2015 praelatis
2080 1953 2136 2000 et

549 2037 800 2105 personis
831 2033 1212 2104 ecclesiasticis
1256 2037 1322 2091 ad
1348 2035 1461 2092 haec
1478 2036 1705 2102 vocatis,
1735 2046 1789 2092 et
1832 2036 2048 2091 insimul
2080 2035 2132 2090 in

552 2124 787 2186 ecclesia
853 2124 1230 2181 Silviniacensi
1268 2122 1643 2181 Cluniacensi‘s
1696 2126 1900 2182 ordinis
1946 2124 2134 2182 Cieros

552 2216 853 2299 montensis
903 2216 1174 2282 dimcesis,
1206 2218 1566 2288 congregatis,
1597 2214 1905 2273 venerabile
1939 2231 2136 2288 corpus

555 2307 683 2361 almi
724 2302 1053 2363 confessoris
1096 2304 1158 2361 B.
1198 2306 1441 2364 0dilonis
1475 2309 1541 2363 de
1571 2306 1691 2363 loco
1719 2309 1773 2363 in
1813 2323 1920 2379 quo
1957 2308 2136 2365 hacte-

553 2412 660 2452 nus
684 2394 884 2452 ibidem
916 2398 1240 2454 tumulatum
1286 2399 1497 2454 exstitit
1530 2398 1845 2455 solemniter
1876 2401 2138 2456 relevavi-

553 2503 698 2553 mus,
726 2487 881 2557 juxta
909 2500 1273 2550 sacrosanctae
1301 2490 1559 2547 Romana:
1595 2492 1852 2550 Ecclesiae
1881 2496 2132 2551 traditam

2235 1328 2394 1369 causa
2421 1313 2722 1368 devotionis
2759 1313 2825 1366 ab
2862 1312 2992 1383 ipsis
3019 1310 3218 1367 Christi
3271 1312 3514 1368 fidelibus
3560 1314 3809 1369 visitetur

2233 1421 2295 1461 ac
2326 1406 2488 1461 etiam
2528 1404 2919 1474 frequentetur,
2945 1406 3010 1460 de
3035 1407 3419 1473 omnipotentis
3464 1406 3558 1460 Dei
3591 1407 3807 1461 miseri-

2232 1497 2415 1554 mrdia
2443 1505 2496 1549 et
2529 1495 2811 1550 beatorum
2854 1494 2999 1549 Petri
3035 1506 3090 1551 et
3139 1495 3288 1549 Pauli
3336 1494 3726 1565 apostolorum,
3754 1507 3809 1551 et

2232 1586 2372 1640 beati
2424 1585 2678 1655 Stephani
2729 1573 3145 1657 protomartyris
3193 1590 3411 1656 patroni
3442 1588 3639 1652 nostri,
3690 1586 3810 1658 ejus

2233 1677 2557 1731 auctoritate
2585 1676 2805 1744 confisi,
2837 1677 3088 1732 omnibus
3135 1691 3261 1732 vere
3310 1670 3703 1746 pmniteutibus
3754 1689 3811 1734 et

2232 1762 2520 1829 confessis,
2552 1762 2643 1835 qui
2686 1765 2736 1819 in
2768 1766 3008 1836 ejusdem
3037 1765 3160 1819 almi
3192 1764 3519 1821 confessoris
3546 1764 3811 1821 festivita-

2236 1854 2397 1924 tibus,
2427 1863 2482 1910 et
2533 1854 2843 1926 specialiter
2882 1856 2935 1910 in
2975 1856 3062 1910 die
3091 1854 3433 1910 relevatiouis
3470 1854 3814 1925 ejusdem,et

2232 1961 2329 2016 per
2355 1945 2525 2015 ipsius
2569 1955 2810 2010 octavas,
2855 1946 3021 2015 ipsam
3054 1946 3338 2001 ecclesiam
3389 1947 3546 2001 annis
3588 1945 3814 2016 singulis

2231 2028 2592 2099 visitaverint,
2630 2036 2986 2108 quadraginta
3027 2035 3144 2092 dies
3170 2037 3236 2092 de
3273 2035 3529 2106 iniunctis
3571 2035 3677 2091 sibi
3700 2051 3813 2105 pe-

2234 2130 2479 2187 nitentiis
2521 2128 2719 2185 futuris
2746 2138 2804 2182 et
2842 2129 3116 2199 perpetuis
3158 2126 3486 2197 temporibus
3515 2127 3814 2192 duraturis,

2234 2212 2667 2278 misericorditer
2711 2220 2764 2274 in
2797 2218 3023 2273 Domino
3051 2218 3378 2273 relaxamus.
3424 2215 3695 2271 Praeterea
3716 2230 3815 2271 vo-

2234 2310 2412 2365 lumus
2438 2319 2493 2365 et
2517 2308 2867 2365 concedimus
2886 2306 2953 2362 de
2985 2306 3206 2376 speciali
3232 2305 3402 2376 gratia
3424 2305 3568 2375 quod
3590 2303 3819 2374 quilibet

2234 2394 2557 2471 pradicator
2584 2399 2675 2470 qui
2741 2398 2795 2452 in
2841 2396 3071 2452 ecclesia
3103 2395 3326 2465 praefata
3386 2394 3586 2465 populo
3615 2394 3817 2448 ibidem

2235 2491 2488 2546 existenti
2521 2489 2683 2545 verba
2717 2486 2898 2542 divina
2923 2487 3256 2555 praedicabit,
3282 2484 3533 2538 omnibus
3556 2497 3682 2538 vere
3704 2496 3818 2553 pm-

551 2579 708 2634 nobis
731 2555 1005 2645 formam,
1046 2579 1439 2636 ordinationem
1472 2593 1635 2653 atque
1672 2585 1909 2650 modum,
1950 2602 2013 2642 ac
2053 2588 2132 2658 ip-
2162 2555 2208 2614 Β
2236 2581 2533 2637 nitentibus
2552 2587 2607 2634 et
2633 2577 2914 2641 confessis,
2938 2575 3028 2645 qui
3060 2576 3112 2629 in
3141 2574 3522 2644 pra-dicntione
3548 2572 3816 2641 ejusmodi

550 2674 666 2731 sius
698 2672 755 2728 S.
784 2673 1117 2730 confessoris
1146 2685 1307 2746 caput
1358 2686 1409 2732 et
1458 2678 1558 2732 alia
1606 2680 1849 2749 corporis
1888 2682 2130 2736 membra

549 2754 805 2830 vidimus,
829 2772 883 2821 et
918 2767 1155 2839 propriis
1183 2768 1432 2823 manibus
1465 2770 1755 2841 tetigimus,
1788 2771 2058 2828 tenuimus
2080 2783 2134 2829 et

550 2854 913 2925 palpavimus,
945 2865 1000 2911 et
1027 2859 1215 2912 eadem
1244 2859 1298 2912 in
1339 2874 1501 2929 capsa
1541 2861 1818 2930 posuimus
1841 2869 1896 2916 et
1936 2877 2132 2939 reconf

555 2946 791 3002 didimus
815 2949 1113 3004 honorifice
1152 2959 1206 3004 et
1234 2951 1509 3006 decenter.
1561 2952 1669 3007 Nos
1698 2953 1865 3019 enim,
1893 2955 2133 3024 pensatis

556 3026 865 3108 huiusmodi
901 3043 1075 3097 sancti
1105 3041 1432 3097 confvssouis
1470 3032 1711 3107 meritis,
1755 3060 1876 3114 qua:
1921 3062 2021 3101 nos
2073 3047 2139 3101 ad

559 3132 642 3184 sui
699 3130 1080 3186 revelationem
1146 3132 1493 3188 adduxerunt
1553 3134 1745 3189 devote
1795 3145 1851 3190 et
1898 3146 2141 3205 ,attraxe

556 3228 706 3285 runt,
736 3207 1015 3292 cupientes
1059 3222 1185 3278 totis
1217 3222 1424 3278 viribus
1462 3223 1855 3278 incrementum
1885 3219 2059 3281 laudis
2087 3234 2141 3282 et

554 3309 784 3365 honoris
808 3311 1045 3381 ejusdem
1073 3328 1352 3381 exercere,
1389 3325 1496 3368 uta
1522 3313 1723 3369 Christi
1750 3314 1992 3371 fidelibus
2012 3333 2142 3373 con-

560 3402 711 3469 gruis
741 3401 1036 3489 honoribus
1069 3413 1124 3460 et
1158 3405 1411 3463 laudibus
1433 3405 1739 3473 decoretur,
1770 3416 1826 3462 et
1852 3408 2014 3462 etiam
2048 3423 2140 3463 ve-

2236 2681 2528 2746 prtesenles
2551 2670 2879 2733 exstiterint,
2903 2683 2968 2723 ex
3004 2679 3157 2737 parte
3192 2675 3247 2721 et
3276 2667 3599 2721 auctoritate
3630 2673 3818 2719 nostra

2239 2765 2427 2836 viginti
2461 2764 2576 2819 dies
2596 2763 2664 2817 de
2698 2761 3030 2832 indulgentia
3064 2759 3365 2814 concedere
3389 2757 3564 2812 valeat
3598 2765 3653 2811 et
3681 2770 3818 2812 con-

2240 2856 2402 2917 ferre,
2429 2854 2645 2925 quando
2678 2862 2733 2908 et
2786 2853 3214 2922 quotiescunque
3273 2848 3674 2920 praedicationis
3699 2846 3817 2902 otii.

2239 2947 2382 3003 cium
2420 2945 2706 3016 contigerit
2734 2957 3012 2997 exercere.
3044 2942 3098 2996 in
3127 2956 3357 3011 quorum
3391 2941 3631 2995 omnium
3660 2938 3819 2993 testi-

2241 3038 2478 3092 monium
2503 3043 2798 3108 praesentes
2828 3034 3037 3088 litteras
3067 3031 3294 3086 fecimus
3320 3029 3616 3084 munimine
3649 3027 3821 3081 nos:ri

2241 3130 2399 3199 sigilli
2434 3128 2697 3185 roborari.
2730 3127 2921 3180 Datum
2964 3124 3102 3194 apud
3132 3120 3324 3178 Tolon.
3354 3120 3821 3175 Claromontensis

2241 3220 2517 3285 didecesis,
2551 3227 2788 3273 nostram
2820 3214 3151 3285 provinciam
3180 3213 3483 3271 visitautes,
3509 3212 3597 3264 die
3620 3209 3685 3264 2!
3719 3206 3822 3264 Ju-

2242 3314 2339 3379 nii,
2372 3327 2516 3366 anno
2548 3310 2756 3365 Domini
2792 3307 2952 3362 1555.
2982 3305 3255 3374 Signatum
3291 3319 3309 3357 :
3338 3302 3665 3358 Guillermus
3689 3297 3822 3354 Vin-

2242 3406 2406 3463 cenﬁ.

629 3541 660 3570 οι
2668 3580 2673 3584 ἢ
2747 3540 2750 3544 ’
3040 3552 3043 3557 ·

1739 3830 1746 3836 -
1798 3800 1968 3848 ANNO
2011 3796 2241 3847 DOHINI
2284 3798 2562 3844 MXLVHI.

2698 3988 2745 4099 Ξῖ
2786 4047 2973 4103 ““Q
3015 4052 3051 4091 “
3098 3997 3107 4071 ξ
3154 3984 3599 4133 ζέῖῗίω]

1871 4157 1882 4181 ο

2026 4508 2334 4532 ﬂ-n—-—--

1354 4268 1796 4388 ABBAS
1882 4266 2359 4382 AUGUE
2445 4264 3041 4383 DlVITIS.

1635 4656 2073 4740 NOTITIA
2137 4654 2718 4773 HISTO’RICA.

580 4827 683 4913 (Ex
702 4832 929 4915 Joannis
952 4823 1153 4908 Egonis
1177 4833 1315 4891 libro
1352 4824 1431 4891 De
1468 4834 1593 4890 viris
1619 4833 1911 4890 illustribus
1933 4834 2116 4904 Augia’
2143 4828 2355 4898 Divitis,
2375 4832 2517 4901 apud
2549 4828 2881 4886 Bernardum
2915 4822 3159 4892 Pezium,
3203 4822 3458 4880 Thamar.
3490 4820 3537 4889 l,
3561 4835 3648 4889 ω,
3670 4820 3821 4891 Μ.)

624 5126 949 5193 Bernonem,
981 5143 1139 5199 quem
1171 5117 1264 5184 alii
1293 5130 1626 5187 Bernardum
1667 5126 1876 5184 malunt
1908 5136 2126 5188 vocare,
2157 5127 2201 5189 (ζ
2233 5126 2407 5188 stans,
2432 5120 2776 5190 musicesque
2802 5114 2941 5175 adeo
2956 5117 3183 5189 peritus,
3215 5126 3274 5170 ut
3304 5111 3630 5171 doctissimis
3670 5109 3818 5167 illam

554 5230 620 5270 ex
675 5219 942 5271 monacho
990 5217 1293 5276 Prumie‘nsi
1343 5236 1372 5275 a
1427 5219 1488 5274 S.
1538 5220 1772 5275 Henrico
1812 5219 2138 5288 imperatore

560 5307 800 5346 Διιοῖρηαί
833 5308 1081 5346 nminnhin
1104 5309 1416 5346 “venrant-nn
1464 5309 1923 5346 nwnclnnticcimie
1960 5308 2137 5346 Διισῗω

2240 5210 2645 5269 commentariis
2673 5209 2985 5273 illustrarit;
3018 5206 3214 5260 litteris
3243 5205 3406 5260 etiam
3448 5202 3500 5256 in
3532 5201 3706 5256 sacris
3744 5201 3821 5254 ita

2241 5300 2497 5346 nobiliter
2519 5300 2836 5346 instructus.
2861 5304 2920 5346 ut
2940 5288 3129 5346 omnes
3149 5295 3202 5346 in
3224 5306 3326 5346 n0n
3348 5293 3599 5346 eximiam
3624 5291 3703 5345 sui
3726 5292 3820 5345 ad-
