4072 5350
255 235 398 289 1019

1627 233 1894 291 PROLEG
1907 236 1995 291 ΟΜ
2006 235 2159 294 ENA.

3379 243 3399 295 1
3413 241 3519 296 050

252 347 450 400 nolilus
479 342 639 399 Wion
667 353 720 399 et
769 343 1036 399 Antonius
1081 344 1403 401 Possevinus
1446 346 1829 412 meminerunt,
1862 355 1907 411 Α
1937 349 2130 412 Βοτηο,
2193 351 2336 421 quod
2383 351 2491 408 huc
2543 367 2755 422 quoque
2801 361 3046 422 spectare
3074 353 3248 407 visum
3301 362 3400 417 est,
3455 353 3515 410 S.

254 445 502 506 suntque
529 443 820 504 sequentes
846 453 859 488 :

332 529 410 581 De
459 525 636 580 oﬂicio
686 527 867 580 missae
919 525 1012 580 lib.
1045 543 1084 589 ι,
1116 527 1230 596 qui,
1265 528 1538 584 multoties
1572 545 1842 595 excusas,

253 631 435 685 nuper
459 625 637 671 tamen
669 625 797 674 tom.
833 615 900 669 XI
929 617 1183 671 Biblioth.
1217 618 1436 672 Patrum
1482 628 1562 673 est
1592 621 1842 674 insertus.

336 708 409 760 De
444 707 562 761 Vita
592 706 650 759 S.
685 705 919 761 Udalrici
954 707 1047 760 Iih.
1088 724 1137 771 ι,
1167 709 1256 776 qui
1300 710 1478 763 editus
1507 719 1591 764 est
1626 719 1756 763 tom.
1780 710 1844 763 IV

256 797 427 850 Surii.
459 797 534 850 De
559 798 788 850 adventu
821 798 1031 852 Domini
1064 798 1133 851 ad
1162 800 1450 854 Ariboaem
1475 802 1844 870 archiepisco-

256 902 393 954 pum
429 885 666 956 Mogunt.
697 886 790 941 lib.
837 902 876 940 l.

336 977 410 1031 De
443 977 652 1048 jejunio
696 977 940 1043 Quatuor
967 979 1291 1048 Temporum
1326 981 1416 1035 lib.
1452 997 1491 1035 ι.

335 1068 411 1122 De
433 1068 640 1137 jejunio
702 1067 924 1122 Sabbati
957 1069 1051 1122 lib.
1097 1086 1134 1123 ι.

335 1160 660 1214 Semnonum
689 1171 798 1215 tam
823 1162 890 1215 ad
925 1161 1124 1216 fratres
1148 1177 1308 1230 quam
1341 1164 1478 1218 alios
1501 1162 1592 1219 lib.
1627 1181 1668 1218 ι.

334 1249 696 1318 Epistolarum
728 1252 794 1303 ad
839 1251 1084 1305 diversos
1115 1251 1206 1304 lib.
1241 1268 1276 1304 l.

334 1340 412 1394 De
452 1341 658 1395 musica
687 1341 753 1395 ad
784 1341 1113 1411 Pilegrinum
1164 1341 1538 1404 Coloniensem
1579 1344 1848 1412 archiepi-

261 1442 488 1496 scopum
515 1428 689 1494 no.1,
722 1427 882 1498 cujus
925 1429 1193 1497 originale
1241 1445 1300 1486 se
1349 1431 1605 1487 habuisse
1655 1420 1846 1488 scribit

263 1515 621 1574 Trithemius.

335 1609 414 1665 De
440 1611 821 1665 instrumentis
859 1612 1079 1668 musica:
1111 1613 1203 1668 lib.
1238 1629 1276 1668 ι.

334 1702 413 1756 De
443 1717 696 1756 mensura
725 1705 1075 1759 monochordi
1111 1705 1205 1758 lib.
1239 1721 1277 1758 ι.

337 1789 414 1844 De
463 1791 690 1845 historia
720 1790 1162 1861 _Alemannorum
1216 1795 1308 1850 lib.
1363 1811 1418 1858 ι,
1468 1806 1628 1866 prout
1677 1797 1847 1852 refert

265 1881 639 1940 Thrithemius
663 1883 714 1938 in
749 1885 972 1956 prologo
999 1886 1251 1944 Chronici
1299 1890 1380 1944 sui
1427 1890 1854 1961 lIirsaugiensis,

264 1976 572 2044 a’sseritque
621 1991 682 2032 se
729 1991 796 2031 ex
845 1993 910 2032 eo
959 1978 1187 2049 alii-sque
1255 1981 1527 2036 historicis
1577 1982 1746 2036 multa
1792 1981 1846 2036 in

264 2065 596 2120 Chronicum
623 2083 779 2122 suum
827 2069 1142 2133 inseruisse,
1186 2086 1346 2140 quam
1379 2082 1556 2128 tamen
1601 2075 1852 2129 Aleman-

267 2173 462 2212 narum
515 2159 798 2216 historiam
859 2163 989 2216 mihi
1040 2163 1223 2218 videre
1277 2179 1550 2233 nunquam
1603 2165 1852 2235 contigit.

268 2248 566 2317 Sciipsisse
595 2261 854 2320 praeterea
883 2253 1054 2307 fertur
1081 2253 1231 2324 plura
1271 2255 1392 2316 alia,
1425 2255 1568 2310 inter
1605 2271 1724 2324 qua:
1748 2272 1850 2310 non

267 2350 430 2392 nemo
461 2339 754 2394 arbitratus
781 2355 900 2396 esse
950 2357 1164 2412 quoque
1213 2342 1391 2398 Vitam
1445 2343 1505 2399 S.
1553 2344 1850 2414 Meginradi

271 2430 544 2500 martyris,
601 2431 756 2499 cujus
804 2448 967 2500 supra
1001 2446 1276 2490 auctorem
1329 2435 1432 2492 feci
1480 2449 1805 2506 anonymum
1833 2451 1854 2500 ς.

269 2517 368 2569 sed
417 2518 482 2572 de
529 2519 630 2576 hac
679 2537 780 2592 ego
844 2523 1266 2592 nuncjudicium
1329 2539 1508 2580 meum
1561 2524 1850 2580 susoendo.

1949 441 2179 494 Ilenrico
2205 441 2513 510 imperatori
2545 442 2894 499 charissimus
2934 442 3054 505 fuit,
3092 452 3144 497 ct
3187 443 3302 510 ejus
3340 444 3391 497 in
3419 459 3516 498 cx-

1946 531 2216 598 peditione
2245 530 2425 585 Italica
2479 532 2780 602 itinereque
2820 532 3063 587 Romano
3099 534 3403 588 individuus
3431 549 3521 588 co-

1947 638 2096 685 mes;
2155 623 2294 677 unde
2341 623 2564 693 contigit
2620 633 2678 676 ut
2729 637 2816 677 res
2869 624 3156 693 Augiensis
3208 627 3521 681 monasterii

1947 715 2149 782 Optime
2164 712 2583 776 administrarit.
2603 714 3011 783 insignibusque
3030 716 3325 786 privilegiis
3345 731 3374 770 a
3397 717 3522 772 sedc

1946 805 2234 874 apostolica
2271 806 2570 873 impetratis
2599 807 2901 860 adauxerit.
2942 807 2998 861 S.
3043 807 3223 861 Marco
3253 809 3378 863 item
3413 808 3523 862 Au-

1946 896 2115 965 giensi
2148 905 2378 963 patrono
2422 911 2613 948 novam
2644 895 2926 950 basilicam
2957 897 3249 960 exstruxit,
3296 910 3524 966 eamque

1946 985 2252 1042 consecrari
2291 984 2418 1040 fecit
2450 1001 2593 1039 anno
2631 985 2827 1040 Christi
2867 984 3002 1039 1048
3049 987 3223 1056 pridie
3273 987 3526 1042 solemni-

1951 1079 2075 1131 tatis
2121 1076 2178 1130 S.
2212 1075 2396 1130 Marci.

2018 1169 2117 1222 llic
2163 1169 2342 1236 gravis
2395 1166 2558 1222 etiam
2589 1167 2771 1237 lapsus
2820 1167 3110 1223 Erkerardi
3165 1168 3525 1224 San-Gallen-

1947 1259 2022 1316 sis
2061 1260 2411 1329 castigandus
2438 1259 2606 1322 venit,
2641 1259 2729 1327 qui
2759 1259 2951 1312 honori
2983 1273 3198 1312 suorum
3230 1260 3348 1330 plus
3372 1273 3528 1328 aquo

1948 1348 2158 1415 favens,
2205 1351 2282 1402 ait
2312 1349 2610 1402 Bernonem
2647 1357 2772 1401 ante
2801 1348 3142 1416 prtelatnram
3176 1349 3227 1402 in
3277 1350 3333 1402 S.
3367 1348 3521 1404 Gallo

1948 1438 2114 1494 fuisse
2157 1438 2502 1492 monachum.
2536 1436 2641 1491 Sed
2673 1451 2794 1490 cum
2847 1437 2963 1490 sine
3009 1437 3218 1491 ratione
3249 1438 3396 1490 solus
3426 1439 3528 1492 hoc

1949 1529 2174 1588 scribat,
2207 1541 2380 1596 neque
2417 1527 2554 1580 adeo
2583 1526 2838 1593 antiquus
2881 1527 2970 1586 sit,
3003 1540 3116 1578 non
3139 1525 3332 1594 opiner
3371 1526 3530 1588 [idem

1950 1622 2091 1690 apud
2138 1619 2304 1674 ullum
2360 1619 2587 1683 mereri;
2633 1616 2938 1687 praesertim
2982 1631 3104 1671 eum
3161 1615 3531 1669 Hermannum

1874 1704 1920 1763 Β
1949 1711 2318 1768 Contractum.
2345 1709 2436 1778 qui
2469 1709 2772 1763 Bernonem
2801 1707 2972 1770 novit,
3017 1705 3445 1775 magistrumque
3471 1705 3527 1759 in

1949 1803 2119 1873 Augia
2153 1802 2360 1865 habuit,
2395 1809 2450 1855 et
2474 1799 2708 1854 Annales
2736 1798 3037 1870 Augienses
3063 1796 3388 1852 Germanice
3413 1796 3532 1851 elu-

1951 1896 2208 1950 cubratos
2254 1893 2659 1961 Arnoldumque
2727 1891 2980 1946 Wionem
3029 1898 3396 1961 repugnantes
3434 1889 3532 1944 ba-

1953 1985 2100 2049 beat,
2132 1984 2223 2054 qni
2253 1999 2509 2053 expresse
2559 1991 2825 2038 testantur
2851 1981 3152 2036 Bernonem
3199 1981 3532 2036 Prumicnsis

1955 2076 2190 2131 emnobii
2245 2075 2570 2128 monachum
2631 2074 2820 2127 fuisse.
2879 2072 3026 2127 Obiit
3084 2072 3300 2125 tandem
3359 2071 3531 2126 bonus

1956 2165 2149 2226 Berno,
2183 2164 2342 2218 annis
2393 2171 2450 2216 et
2500 2161 2710 2216 meritis
2749 2175 2901 2228 aeque
2939 2167 3202 2223 maturus,
3252 2172 3356 2211 non
3415 2159 3532 2212 sine

1957 2264 2104 2310 certa
2169 2268 2374 2322 magna:
2437 2251 2740 2306 sanctitatis
2805 2249 3057 2318 opinione
3119 2263 3264 2302 anno
3326 2247 3537 2303 Christi

1959 2345 2115 2408 I0b8,
2154 2360 2193 2398 ll
2219 2344 2341 2399 Idus
2367 2342 2533 2404 Junii,
2565 2349 2620 2396 et
2661 2341 2714 2395 in
2745 2339 2804 2396 S.
2829 2339 2992 2393 Marci
3039 2353 3069 2391 a
3115 2352 3174 2392 se
3218 2346 3532 2393 constructa

1958 2438 2181 2493 basilica
2211 2437 2514 2490 tumulatus
2541 2447 2646 2490 est.

283 2699 3080 2734 mw

1229 2873 1737 2966 NOTITIA
1806 2875 2573 3006 LITTERARIA.

899 3085 1073 3156 (Apud
1114 3085 1314 3151 Oudin,
1357 3083 1646 3140 Comment.
1672 3088 1736 3140 de
1768 3085 2126 3156 Scriptoribus
2151 3096 2196 3139 et
2219 3088 2425 3159 scriptis
2448 3085 2629 3140 eccles.
2662 3086 2720 3152 II,
2751 3086 2908 3144 ωδ.)

280 3449 286 3455 -
351 3413 559 3478 Bcrno,
613 3411 798 3483 Augize
851 3411 1045 3465 Divitis
1108 3412 1304 3476 abbas,
1364 3412 1574 3468 exstitit
1614 3413 1850 3481 primum
1878 3415 1922 3475 C
1954 3421 2122 3476 clum,
2148 3409 2446 3466 monastico
2469 3409 2677 3466 cucullo
2699 3409 2896 3464 ibidem
2920 3408 3188 3472 indutum,
3216 3408 3534 3468 monasterii

277 3507 576 3563 monachus
627 3504 812 3559 sancti.
843 3503 982 3556 Galli
1037 3503 1089 3556 in
1135 3503 1443 3564 Germania,
1491 3505 1698 3559 ordinis
1743 3505 1850 3559 divi

278 3597 574 3662 Benedicti,
601 3596 690 3648 ubi
720 3609 840 3649 cum
879 3595 968 3647 diu
1010 3595 1111 3648 sub
1152 3594 1432 3662 disciplina
1471 3594 1704 3663 regulari
1734 3594 1852 3646 lau-

281 3685 534 3740 dabiliter
564 3683 866 3745 militasset,
894 3691 1055 3752 atque
1079 3684 1318 3736 animum
1348 3685 1570 3738 scientia
1595 3692 1707 3737 tum
1743 3700 1857 3737 mu-

281 3779 440 3840 sices,
475 3786 584 3829 tum
609 3775 1098 3830 ecclesiasticarum
1126 3774 1476 3828 historiarum
1503 3774 1851 3838 excoluissct,

282 3869 462 3922 clarus
511 3867 722 3925 meritis
771 3867 837 3921 ad
893 3866 1162 3921 abbatiam
1212 3865 1398 3936 Augia:
1450 3866 1640 3920 Divitis
1687 3881 1856 3935 prope

281 3956 742 4022 Constantiamad
776 3956 1040 4017 Rhenum,
1073 3969 1220 4008 anno
1242 3955 1378 4009 1014
1410 3963 1708 4024 promotus.
1737 3954 1856 4020 Quo

283 4063 413 4116 ergo
455 4056 692 4116 tempore
723 4046 988 4102 Henricus
1031 4045 1073 4099 II
1106 4057 1162 4099 et
1197 4045 1478 4100 Conradus
1509 4046 1546 4099 Il
1581 4046 1855 4114 ac.primo

285 4137 501 4190 llenrici
524 4135 589 4189 IlI
614 4135 984 4205 quinquennio
1004 4134 1201 4190 claruit
1225 4134 1424 4197 Berno,
1455 4135 1544 4202 qui
1575 4135 1788 4188 llenrici
1815 4133 1856 4186 II

283 4228 620 4282 coronationi
652 4243 711 4282 se
749 4227 1059 4282 interfuisse
1087 4227 1200 4294 ipse
1231 4227 1405 4296 inquit
1435 4241 1553 4296 cap.
1581 4227 1617 4280 2
1647 4226 1720 4278 De
1740 4227 1858 4295 qui-

283 4319 502 4371 busdam
551 4318 701 4372 rebus
745 4317 814 4370 ad
857 4317 1028 4371 missa:
1058 4317 1279 4386 ofﬁcium
1313 4317 1678 4385 spectantibus.
1718 4315 1856 4383 Quid

281 4415 462 4459 autem
490 4405 542 4458 in
572 4413 733 4459 cantu
760 4404 1014 4460 Ecclesiae
1055 4406 1389 4474 prmstiterit,
1420 4405 1630 4459 docebit
1661 4405 1859 4460 Ecker—

281 4498 484 4552 bardus
510 4497 701 4552 .Iunior
742 4499 797 4552 in
835 4497 951 4552 Vita
997 4498 1057 4551 Bs.
1098 4496 1317 4552 Notkeri
1350 4497 1578 4561 Balbuli,
1609 4513 1731 4567 cap.
1765 4497 1853 4551 I0.

282 4585 555 4641 Gerardus
578 4585 812 4642 Joannes
841 4588 1064 4645 Vossius
1092 4587 1188 4642 lib.
1218 4603 1280 4650 tt,
1308 4603 1430 4658 cap.
1452 4587 1544 4652 41,
1569 4602 1692 4658 pag.
1726 4587 1858 4643 mihi

281 4676 406 4742 567,
441 4678 576 4733 falso
607 4679 750 4733 hunc
778 4679 1079 4736 Bernonem
1105 4680 1233 4734 facit
1263 4679 1541 4735 llincmari
1573 4679 1858 4736 Remeusis

1955 3503 2153 3558 scholre
2177 3505 2495 3574 praeposuit;
2525 3504 2589 3556 de
2617 3517 2724 3572 quo
2749 3503 2908 3556 etiam
2935 3502 3156 3570 intelligi
3189 3503 3383 3557 debent
3412 3521 3533 3574 qua:

1956 3593 2296 3646 Eckerardus
2327 3592 2483 3646 habet
2515 3606 2676 3658 supra
2702 3593 2898 3644 citatus
2927 3591 2978 3643 in
3009 3589 3124 3642 Vita
3154 3589 3368 3644 Notkeri
3400 3591 3526 3644 Bal-

1956 3681 2091 3744 bnli,
2122 3696 2242 3750 cap.
2285 3681 2370 3734 l0.
2413 3681 2477 3733 Et
2511 3694 2640 3733 sane
2685 3688 2892 3746 tempus
2929 3677 3190 3732 Bernonis
3235 3673 3528 3747 Augiensis

1955 3771 2166 3825 abbatis
2190 3786 2310 3825 cum
2337 3779 2496 3825 aetate
2525 3769 2795 3823 Hincmari
2825 3770 3107 3823 Ilemcnsis
3135 3771 3530 3840 archiepiscopi

1956 3863 2177 3930 ejusque
2207 3863 2529 3932 discipulatu
2555 3871 2706 3916 stare
2737 3876 3075 3929 nequaquam
3108 3870 3301 3931 potest.
3338 3863 3531 3916 Exstat

1957 3954 2023 4008 ab
2045 3967 2110 4006 eo
2137 3952 2372 4019 scriptus
2401 3951 2607 4005 libellus
2637 3951 2712 4003 De
2735 3952 3042 4020 quibusdam
3075 3951 3224 4003 rebus
3253 3951 3322 4004 ad
3361 3952 3534 4005 missa:

1957 4046 2176 4114 ofﬁcium
2198 4043 2594 4112 pertinentibus,
2617 4043 2794 4097 editus
2818 4043 3048 4112 primum
3077 4043 3218 4095 inter
3240 4042 3536 4111 scriptorcs

1958 4137 2032 4191 De
2075 4136 2275 4190 divinis
2299 4135 2509 4199 oﬂiciis,
2541 4135 2767 4189 collatus
2810 4135 2876 4188 ad
2909 4149 3041 4188 mss.
3081 4135 3240 4188 codd.
3274 4135 3451 4188 studio
3482 4142 3537 4187 et

1958 4244 2089 4283 cura
2132 4227 2436 4281 Melchioris
2463 4226 2738 4294 Ilittorpii,
2779 4222 3016 4280 Colonia:
3048 4225 3184 4279 1568
3227 4234 3280 4278 et
3315 4224 3539 4278 Parisiis

1959 4317 2116 4380 1610,
2140 4331 2262 4388 pag.
2292 4316 2389 4371 66l
2425 4316 2476 4370 in
2506 4315 2652 4369 folio.
2682 4315 2810 4369 Item
2846 4313 3085 4368 Venetiis
3116 4313 3348 4369 seorsim
3377 4312 3535 4377 1572,

1960 4407 2011 4461 in
2037 4408 2089 4471 8,
2115 4423 2236 4462 cum
2266 4407 2387 4462 aliis
2431 4406 2669 4475 ejusdem
2701 4407 3029 4476 argumenti.
3072 4405 3210 4461 llinc
3239 4404 3539 4458 translatus

1959 4499 2012 4553 in
2051 4498 2438 4554 Bibliothecam
2483 4496 2702 4551 Patrum
2740 4498 2993 4552 editionis
3032 4495 3356 4552 Parisiensis
3380 4493 3537 4562 1575,

1961 4597 2108 4643 torno
2149 4588 2239 4653 IV,
2275 4587 2380 4642 col.
2423 4587 2561 4652 572;
2599 4587 2728 4642 anni
2777 4585 2938 4651 1589,
2969 4594 3116 4640 tomo
3143 4583 3233 4648 Vl,
3265 4584 3369 4639 col.
3402 4581 3537 4638 709.

1961 4678 2086 4732 anni
2120 4677 2276 4742 1610,
2336 4677 2533 4732 ibidem
2564 4685 2710 4731 tomo
2742 4674 2809 4740 X,
2841 4691 2963 4746 pag.
2993 4675 3130 4741 697;
3155 4672 3412 4731 editionis
3437 4670 3542 4724 Co-

283 4767 674 4837 archiepiscOpi
698 4769 1044 4840 discipulum,
1065 4757 1160 4826 cui
1176 4771 1252 4825 rei
1283 4771 1484 4826 indicio
1503 4785 1626 4826 esse
1649 4771 1859 4826 videtur
1884 4767 1935 4829 D
1961 4766 2220 4822 loniensis
2263 4765 2419 4831 1618,
2450 4766 2646 4822 seculo
2685 4780 2779 4821 seu
2817 4774 2966 4819 tomo
2993 4764 3084 4829 Xl,
3127 4777 3252 4834 pag.
3278 4758 3374 4824 5|;
3409 4759 3540 4814 item

281 4858 507 4926 epistola
557 4859 725 4928 ipsius
771 4859 1047 4916 Ilincmari
1100 4861 1168 4916 ad
1218 4858 1448 4917 lineam
1500 4863 1859 4919 Parisiensem

281 4947 615 5020 episcopum,
640 4963 804 5018 quam
831 4965 898 5006 ex
934 4951 1196 5005 Vaticana
1238 4951 1564 5007 bibliotheca
1596 4953 1861 5008 Baronius

285 5036 452 5092 refert
480 5039 533 5092 in
568 5037 887 5103 Annalibus,
935 5038 1006 5092 ad
1046 5054 1246 5094 annum
1275 5041 1401 5096 912.
1448 5039 1644 5096 Verum
1673 5051 1859 5112 aperte

283 5127 508 5185 Vossius
534 5129 746 5185 fallitur
772 5138 828 5186 et
859 5129 1024 5194 fallit,
1063 5129 1114 5184 id
1157 5131 1301 5186 enim
1340 5129 1746 5201 intelligendum
1776 5140 1860 5187 est

279 5218 351 5273 de
395 5219 642 5278 Bernone
685 5219 855 5278 altero
897 5222 1054 5278 annis
1103 5231 1316 5278 centum
1371 5223 1618 5290 seniore,
1665 5224 1860 5280 abbate

283 5311 459 5350 nrimn
485 5311 853 5350 ("unitum-mi:
887 5311 1138 5350 anlncim
1188 5311 1280 5350 nul
1307 5323 1455 5350 annn
1481 5311 1584 5350 ἔξΙῆ
1617 5314 1859 5350 Rus-nun-

1969 4857 2287 4914 Parisiensis
2330 4857 2457 4912 anni
2503 4857 2662 4919 1621,
2703 4865 2851 4910 torno
2899 4855 2966 4918 Χ,
2999 4869 3124 4922 pag.
3161 4853 3291 4913 697;
3329 4848 3545 4916 Lugdu-

1965 4950 2150 5005 nensis
2189 4951 2348 5014 1677,
2381 4958 2526 5004 torno
2569 4947 2754 5010 XVIII,
2799 4962 2924 5015 pag.
2967 4943 3058 4997 56.
3103 4944 3250 4998 Idem
3284 4938 3548 4992 ornatiori

1965 5039 2264 5096 Latinitate
2313 5037 2570 5109 expolivit
2620 5037 2802 5090 Vitam
2857 5021 2919 5090 Β.
2978 5031 3228 5087 υάειιιήίεὶ
3272 5027 3555 5094 Augustini

1966 5134 2228 5202 episcopi,
2253 5143 2418 5200 quant
2447 5128 2612 5181 babes
2637 5127 2779 5193 apud
2807 5123 3023 5181 Surium
3051 5121 3154 5180 die
3176 5123 3210 5176 4
3238 5116 3382 5172 Julii.
3408 5116 3561 5170 Hanc

1968 5234 2147 5280 autem
2177 5232 2304 5280 ante
2330 5220 2629 5274 Bernonem
2659 5216 3110 5284 conscripserunt
3153 5212 3242 5268 alii
3273 5208 3396 5268 duo,
3429 5220 3565 5276 quo-

1968 5328 2089 5348 ...η
2133 5314 2347 5350 manum
2399 5317 2702 5350 annnvmns
2754 5318 2848 5350 seu
2915 5299 3208 5350 Gerardns
3258 5293 3566 5350 oresbvter.
