4072 5350
559 216 691 272 1051

1736 217 1963 273 BERNO
1995 214 2216 272 ABBAS
2254 213 2633 273 AUGIENSIS.

3670 217 3810 272 i052

563 327 785 384 Vossius
820 329 925 384 liba
961 348 1020 386 ιιι
1049 331 1126 387 De
1163 332 1438 389 historicis
1461 331 1706 396 Latinis,
1737 340 1890 401 parte
1931 345 2016 394 tv;
2056 329 2129 384 De
2157 335 2204 391 Α
2234 327 2566 398 ineleganter
2609 326 2808 396 scripta
2850 335 2991 391 erat,
3043 327 3266 383 nitidius
3305 328 3665 398 ornatiusque
3708 343 3807 384 ex-

562 419 854 476 Ilistoricis
875 424 1252 492 praetermissis
1277 441 1397 495 cap.
1429 425 1482 491 5,
1514 442 1567 496 p.
1595 425 1719 480 76L.

637 530 656 562 ι
694 513 764 567 At
790 511 1002 570 Ottonis
1025 515 1131 584 I.et
1153 515 1197 569 II
1226 517 1557 587 temporibus
1588 516 1687 572 fuit
1716 517 1762 570 is
1783 515 2142 586 (Gerliardus).

561 602 658 672 qui
677 603 880 671 primus
904 604 997 658 sed
1023 604 1152 659 rudia
1169 605 1308 677 ston
1333 604 1934 661 conscribilavitVitam
1957 605 2144 659 sancti.

563 693 802 752 Udalrici
836 696 1074 765 episcopi
1107 698 1428 766 Augustani.
1460 697 1696 754 Etatem
1729 697 1953 760 indicat,
1987 695 2146 766 quod)

562 800 685 842 cum
718 785 823 841 hoc
865 785 932 840 S.
971 786 1226 843 Udalrico
1249 798 1602 844 conversatus
1649 789 1831 854 fuerit,
1868 789 2146 858 quianno.

558 877 766 936 Christi
802 876 906 932 9‘24
945 877 1231 949 episcopus
1279 877 1454 935 factus
1491 889 1612 944 est,
1634 888 1798 950 atque
1831 893 1974 932 anno
2027 877 2132 932 975

563 982 614 1021 tv
644 964 824 1020 Nonas
852 965 976 1020 Julii
1008 967 1161 1029 obiit,
1209 968 1551 1038 episcopatus
1595 969 1675 1023 sui
1711 983 1852 1022 anno
1879 968 1969 1030 50,
2008 981 2132 1020 cum

561 1072 732 1110 annos
761 1057 829 1111 85
854 1058 1100 1114 vixisset.
1135 1059 1210 1113 Ex
1248 1061 1351 1116 hoc
1395 1060 1658 1130 scriptore
1700 1075 1797 1114 sua
1827 1060 1880 1114 in
1917 1059 2038 1114 Vita
2071 1057 2130 1112 S.

565 1146 799 1207 Udairici
831 1149 1129 1204 hauserunt
1167 1150 1519 1211 Gebehardus
1559 1151 1843 1220 cpiscopus
1869 1151 2134 1219 Angusta-

561 1250 664 1298 nus
690 1243 744 1290 et
771 1236 957 1308 Augiae
999 1240 1192 1305 abbas,
1226 1239 1316 1308 qui
1347 1240 1399 1294 in
1437 1254 1502 1295 eo
1543 1240 1894 1295 elaborarunt
1921 1249 1978 1294 ut
2014 1255 2135 1309 qua:

563 1329 765 1387 rustica
793 1329 1028 1382 dictione
1057 1329 1124 1382 ab
1168 1344 1435 1400 anonymo
1459 1329 1610 1399 prius
1644 1343 1897 1398 expressa
1929 1339 2131 1395 essent,

561 1432 592 1473 ι
632 1432 691 1472 se
725 1417 1025 1486 elegantius
1065 1418 1390 1488 politiusqne
1435 1419 1729 1488 composita
1773 1421 1953 1490 plures
1988 1420 2136 1474 oble-

562 1515 803 1572 ctarent;
835 1516 997 1575 atque
1027 1507 1100 1562 ita
1130 1515 1354 1578 egerunt
1390 1516 1450 1561 ιιι
1494 1507 1616 1562 fons
1650 1508 1764 1578 ipse
1794 1509 2017 1563 multum
2049 1525 2137 1564 ne-

562 1595 872 1668 gligeretur,
899 1597 1009 1652 imo
1033 1597 1240 1668 aliquot
1259 1598 1469 1654 saeculis
1488 1599 1811 1665 nesciretur,
1833 1600 2132 1670 usquedum

2228 418 2512 487 presserit,
2539 417 2614 471 uti
2659 425 2714 471 et
2759 433 2789 470 a
2820 416 3068 472 Bernone
3111 418 3369 487 Augiensi
3407 418 3603 472 abbate
3647 419 3833 488 paulo~

2227 519 2348 580 post
2370 507 2570 564 factum
2596 510 2791 564 iterum
2816 508 2935 563 fuit.
2953 509 3181 579 Scripsit
3197 525 3410 580 quoque
3431 510 3608 565 Berno
3630 511 3810 564 Vitam

2231 601 2288 655 S.
2344 600 2636 674 Meginardi
2681 601 2920 671 episcopi
2973 610 3028 657 et
3080 602 3372 672 martyris,
3427 618 3589 672 quam
3643 604 3834 659 edidit‘

2229 690 2463 746 Joannes
2493 690 2748 746 Mabillon
2778 690 2987 746 Sazculo
3015 690 3432 747 lVSanctorum
3453 693 3675 748 ordinis
3700 694 3810 748 divi

2229 784 2506 860 Benedicti
2547 795 2692 841 torno
2717 786 2779 851 II,
2811 801 2934 857 pag.
2967 786 3036 840 65
3066 795 3121 842 et
3149 801 3302 856 seqq.
3336 787 3565 844 Exstant
3595 802 3816 857 quoque

2232 875 2373 930 inter
2396 889 2526 930 mss.
2548 876 2766 931 codices
2786 876 3184 947 philosOphicos
3207 877 3835 933 bibliotheca-Paulina:-

2231 966 2544 1034 Lipsiensis,
2601 968 2924 1037 repositorio
2965 967 3332 1038 philosophico
3373 969 3424 1031 I,
3477 970 3620 1024 serie
3651 969 3708 1035 2,
3757 970 3810 1024 iu

2233 1057 2386 1111 libris
2439 1055 2837 1112 mathematicis
2877 1065 2933 1111 et
2978 1057 3366 1112 astronomicis
3412 1059 3468 1112 in
3519 1058 3670 1123 folio,
3717 1073 3813 1112 co—

2233 1151 2351 1206 dice
2371 1151 2469 1204 δατ
2501 1150 2759 1205 Bernonis
2789 1150 2993 1206 abbatis
3015 1151 3291 1220 Augirnsis
3320 1150 3524 1204 libellus
3548 1152 3811 1204 tenerius.

2235 1244 2486 1314 Ejusdem
2521 1243 2963 1313 Antiphonarium
2990 1252 3037 1296 et
3067 1242 3294 1298 Musica.
3324 1241 3524 1297 Codice
3547 1241 3610 1295 51
3642 1257 3658 1294 :
3685 1240 3822 1295 Ber-

2235 1337 2384 1392 nonis
2402 1335 2630 1400 Marica,
2650 1334 3155 1400 Libellus-lanarius,
3174 1333 3519 1388 Monac/tardi
3539 1348 3780 1387 mensura
3796 1351 3816 1395 ,-

2235 1429 2434 1497 quibus
2456 1425 2812 1497 opusculisin
2840 1425 3046 1479 musica
3063 1433 3125 1478 et
3152 1432 3315 1478 cantu
3337 1421 3658 1477 excelluisse
3687 1437 3818 1478 con-

2237 1523 2363 1571 stat.
2410 1513 2534 1569 Ilaac
2565 1513 2882 1569 Joachimus
2925 1512 3170 1568 Fellerus
3201 1513 3254 1566 in
3284 1511 3541 1582 Catalogo
3569 1525 3699 1565 mss.
3733 1526 3821 1564 co-

2240 1606 2419 1660 dicum
2471 1604 2836 1660 bibliothecae
2870 1603 3108 1658 Paulinae
3165 1602 3491 1671 Lipsiensis,
3549 1602 3822 1671 impresso

565 1688 779 1743 tandem
825 1689 1158 1758 incognitum
1211 1691 1448 1760 reperit,
1498 1701 1660 1760 atque
1709 1691 1974 1746 litterario
2018 1692 2136 1746 orbi
2167 1685 2216 1745 Β
2241 1713 2362 1768 pag.
2389 1696 2492 1752 328
2513 1697 2667 1750 codd.
2689 1696 2757 1750 30
2781 1705 2837 1751 et
2861 1695 2922 1750 3i
2962 1696 3216 1751 editionis
3246 1694 3403 1759 1686,
3430 1694 3629 1763 Lipsia:
3653 1695 3705 1746 in
3732 1693 3816 1746 I6.

561 1777 757 1832 obtulit
787 1777 1002 1834 Marcus
1041 1778 1342 1844 Welserus;
1393 1795 1517 1834 nam
1563 1782 1610 1836 is
1651 1781 1857 1849 primus
1889 1780 2031 1834 illam
2076 1780 2146 1838 S..

564 1865 800 1925 Udalrici
829 1867 1006 1924 Vitam
1037 1885 1068 1925 e
1096 1871 1335 1926 tenebris
1361 1872 1524 1934 eruit,
1571 1888 1632 1927 ac
1661 1872 1855 1942 publici
1892 1872 2032 1940 juris
2062 1872 2140 1928 fe-

567 1958 664 2012 cit.
697 1976 718 2008 ι
749 1958 893 2014 Idem
922 1974 1044 2029 pag.
1094 1958 1196 2014 7,66
1228 1978 1241 2012 :
1291 1980 1309 2011 ι
1342 1959 1591 2030 κΕαιιιιΙίε
1614 1960 1887 2015 Dietmaro
1917 1961 2015 2014 fuit
2037 1961 2145 2016 Ge-

563 2049 1158 2120 bhardusAugustanus
1184 2051 1486 2121 episcopus,
1508 2053 1598 2120 qui
1623 2066 1766 2106 anno
1790 2050 1927 2105 I006
1951 2051 2146 2106 sedere

562 2139 755 2208 cmpit,
797 2153 862 2193 ac
911 2141 1179 2194 noveunio
1225 2139 1480 2195 Ecclesiae
1521 2140 1756 2210 praefuit.
1809 2140 1906 2196 Est
1956 2150 2138 2195 autem

563 2231 880 2287 Gebhardus
929 2231 1052 2300 ille,
1098 2233 1189 2300 qui
1233 2231 1522 2288 ecclesiam
1569 2232 1626 2288 S.
1672 2231 1817 2286 Afra:
1863 2248 1893 2285 a
1950 2241 2140 2287 sancto

565 2320 816 2378 Udalrico
856 2331 1213 2390 exstructam,
1254 2325 1348 2379 ubi
1386 2333 1441 2380 et
1485 2325 1701 2394 sepeliri
1737 2324 1998 2390 voluerat,
2041 2325 2140 2378 ad-

561 2411 740 2466 ductis
767 2426 832 2466 eo
863 2413 921 2468 S.
953 2413 1228 2470 Benedicti
1255 2415 1560 2480 monachis,
1588 2415 1640 2468 in
1668 2413 2056 2468 monasterium
2085 2423 2140 2468 et

567 2503 840 2558 abbatiam
884 2508 1173 2562 convertit.
1206 2507 1282 2563 De
1308 2508 1410 2562 hoc
1450 2508 1701 2577 superius
1730 2509 1966 2563 diximus
1999 2507 2144 2577 quod

563 2590 744 2647 Vitam
771 2591 832 2648 S.
858 2593 1120 2660 Udalrici,
1150 2611 1270 2666 quae
1296 2596 1364 2652 ab
1387 2595 1502 2666 ejus
1531 2597 1723 2668 aequali
1751 2597 1952 2653 rustice
1981 2607 2148 2666 atque

2235 1790 2415 1858 Agunt
2458 1788 2525 1842 de
2565 1788 2810 1842 Bernone
2857 1788 3054 1842 abbate
3099 1787 3385 1858 Angiensi,
3440 1786 3531 1854 qui
3589 1785 3823 1840 decessit

2242 1893 2388 1932 anno
2415 1878 2604 1948 gratiae
2634 1877 2791 1943 I045,
2822 1893 2898 1931 vn
2937 1877 3060 1931 Idus
3086 1875 3354 1939 Ianuarii,
3385 1890 3508 1930 cum
3550 1875 3828 1943 Augiense

2240 1969 2632 2025 monasterium
2677 1969 2836 2022 annis
2874 1969 2945 2024 59
2987 1967 3235 2031 rexisset,
3273 1966 3548 2023 Gerardus
3586 1962 3834 2020 Joannes-

2253 2058 2479 2114 Vossius
2524 2058 2618 2113 lib.
2645 2074 2685 2112 ιι
2728 2058 2804 2112 De
2849 2059 3126 2114 historicis
3155 2058 3380 2122 Latinis,
3422 2073 3543 2126 cap.
3575 2056 3666 2119 44,
3697 2073 3825 2126 pag.

2245 2149 2376 2204 mihi
2409 2149 2534 2204 367.
2582 2148 2694 2218 Ego
2734 2149 2850 2218 ipse
2889 2149 2943 2202 in
2985 2148 3374 2218 Supplementa
3403 2147 3717 2201 Beliarmini
3751 2146 3838 2200 De

2247 2240 2605 2308 scriptoribus
2659 2237 3046 2294 ecclesiasticis
3097 2254 3240 2294 anno
3293 2237 3462 2302 I050,
3517 2252 3643 2306 pag.
3696 2236 3834 2291 327.-

2245 2331 2562 2387 Guillelmus
2593 2331 2771 2387 Cavus
2809 2331 2862 2385 in
2909 2330 3144 2386 Historia
3190 2330 3266 2386 rei
3300 2331 3580 2385 litterariae
3623 2329 3692 2385 ad
3728 2344 3831 2381 an-

2247 2439 2375 2477 num
2423 2422 2583 2490 I014,
2627 2438 2750 2492 pag.
2791 2423 2912 2478 599.
2945 2422 3212 2477 Antonius
3245 2421 3594 2484 Possevinus,
3632 2429 3780 2473 tonio
3811 2417 3858 2471 ιτ

2243 2511 2548 2582 Apparatus
2577 2512 2741 2578 sacri,
2774 2513 2941 2567 ver-bo
2966 2511 3139 2567 Berno
3165 2511 3326 2565 abbas
3360 2510 3663 2581 Augiemis.

1382 2926 1828 3008 NOTITIA
1887 2929 2514 3007 LITTEBARIA
2573 2929 3018 3008 ALTERA.

1257 3103 1586 3171 (Bcrnardus
1614 3103 1829 3170 Pezius,
1861 3103 2157 3161 Thesaurus
2183 3106 2409 3172 Anecd.,
2437 3113 2570 3161 tom.
2597 3105 2689 3172 IV,
2718 3105 2877 3164 Praef.
2907 3121 2960 3177 p.
2997 3108 3121 3179 vn.)

1953 3270 2413 3290 ψ

639 3389 716 3445 De
758 3389 866 3444 vita
901 3397 968 3450 et
1015 3389 1229 3458 scriptis
1275 3389 1540 3446 Bemoms
1565 3393 1778 3448 abbatis
1826 3394 2138 3464 Angiensis,
2167 3396 2214 3460 c
2246 3393 2374 3447 mini
2419 3392 2642 3457 haoere,
2668 3394 2916 3462 quintum
2954 3393 3095 3447 diem
3144 3393 3481 3448 Dominicum
3525 3395 3872 3466 specialiter-

569 3498 729 3552 quem
759 3481 1076 3554 Sigebertus
1101 3481 1507 3539 Gemblacensis
1535 3485 1590 3538 in
1624 3485 1855 3539 humana
1881 3496 1928 3540 et
1970 3485 2148 3540 divina

567 3577 785 3630 scientia
823 3576 1076 3630 claruisse
1108 3577 1320 3642 scribit,
1379 3591 1536 3632 nemo
1575 3579 1882 3634 accuratius
1930 3579 2147 3650 elegan-

571 3668 746 3722 tiusve
767 3667 878 3735 egit
897 3667 1105 3723 Joanne
1130 3668 1310 3739 Egone
1341 3669 1393 3724 in
1425 3669 1563 3726 libro
1593 3671 1667 3725 De
1695 3673 1826 3727 viris
1852 3672 2150 3726 illustribus

546 3731 756 3828 ’Augia'.
795 3731 1010 3823 Divitis,
1049 3731 1205 3828 parte
1251 3775 1312 3823 tt,
1360 3775 1478 3830 cap.
1527 3761 1595 3814 27
1638 3762 1774 3832 (vide
1818 3763 2024 3832 supra).
2071 3763 2151 3816 Eo

572 3846 756 3916 itaque
779 3847 1034 3902 lectorem
1075 3850 1165 3918 qui
1191 3850 1341 3920 plura
1365 3851 1432 3906 de
1473 3851 1742 3915 Bernone,
1785 3867 1928 3905 anno
1951 3851 2150 3906 Christi

573 3935 712 3992 IOIO
741 3936 1018 4002 defuncto,
1064 3954 1224 3993 nosse
1262 3940 1430 4010 cupit,
1473 3941 1819 3995 remittimus.
1874 3940 1974 3995 llic
2015 3941 2151 3994 dun-

575 4037 724 4082 taxat
753 4029 819 4084 de
839 4030 958 4099 ejus
981 4029 1255 4099 opusculis
1282 4046 1424 4087 nunc
1454 4031 1682 4100 primum
1719 4031 1868 4101 prelo
1895 4033 2154 4086 commiso

571 4119 650 4175 sis
697 4121 1073 4176 tractabimus.
1135 4122 1334 4176 Eorum
1393 4125 1627 4192 primum
1678 4131 1761 4177 est
1833 4108 2150 4192 inscriptum

575 4209 796 4264 Ariboni
833 4212 1240 4281 archiepiscopo
1280 4211 1608 4282 Moguntina,
1637 4212 1728 4280 qui
1762 4211 2018 4267 Ecclesia:
2044 4227 2154 4266 sua

575 4302 644 4352 ab
673 4316 814 4356 anno
841 4302 1062 4357 circiter
1112 4304 1251 4358 I030
1300 4319 1470 4374 usque
1524 4305 1590 4359 ad
1623 4304 1749 4359 I03l
1804 4304 2041 4374 praefuit.
2095 4313 2154 4360 ιιι

579 4392 695 4445 Nic.
718 4391 1002 4447 Serrarius
1031 4393 1342 4449 traditRer.
1367 4395 1692 4464 Moguntiac.
1723 4394 1816 4449 lib.
1849 4411 1902 4458 v,
1931 4411 1984 4464 p.
2025 4395 2149 4450 7‘29.

577 4479 968 4549 Argumentum
1001 4481 1120 4536 libri
1147 4493 1232 4538 est
1257 4503 1269 4537 :
1300 4484 1542 4548 Qualiter
1565 4485 1831 4540 Adventus
1862 4485 2072 4540 Domini
2095 4503 2155 4540 eo

577 4584 717 4622 anno
747 4568 997 4624 celebrari
1024 4573 1207 4628 debeat
1235 4591 1336 4643 quo
1367 4574 1631 4629 Nativitas
1682 4576 1893 4630 Domini
1923 4577 2154 4631 secunda

578 4658 710 4726 feria
735 4661 976 4713 evenerit.
1008 4661 1122 4727 Qua
1154 4664 1220 4717 de
1251 4678 1308 4717 re
1336 4679 1442 4717 non
1480 4680 1585 4718 una
1617 4674 1733 4719 erat
1769 4674 1880 4718 tum
1909 4665 2150 4719 omnium

576 4751 846 4808 sententia
893 4771 907 4805 :
943 4771 963 4803 ι
995 4752 1063 4808 Ut
1097 4754 1262 4820 enim,
1298 4755 1472 4824 inquit
1521 4757 1697 4810 Berno
1744 4756 1811 4811 ad
1859 4757 2153 4812 Aribonem

575 4855 697 4912 cap.
735 4843 788 4909 I,
834 4843 1094 4912 apertius,
1137 4845 1278 4900 unde
1315 4860 1644 4915 quaeramus,
1694 4861 1976 4917 agnoscas,
2025 4846 2154 4900 inti-

577 4947 812 4996 mamus,
842 4935 982 5003 quod
1030 4945 1210 4991 tamen
1247 4934 1361 5005 jam
1391 4936 1588 4991 dudum
1619 4945 1673 4992 te
1715 4936 1884 4992 latere
1930 4937 2154 4992 minime

578 5024 852 5080 credimus
871 5042 884 5078 :
903 5026 1330 5097 quotiescunque
1357 5026 1564 5082 Natalis
1588 5027 1796 5082 Domini
1829 5028 1886 5082 in
1913 5027 2153 5082 secunda

582 5111 742 5178 feria,
780 5113 923 5168 velut
957 5116 1008 5169 in
1041 5119 1295 5186 praesenti
1326 5133 1488 5184 anno,
1520 5118 1779 5180 evenerit,
1811 5132 2036 5185 magnus
2069 5130 2159 5169 er-

585 5219 679 5257 ror
707 5220 803 5274 per
847 5205 1118 5264 Ecclesias
1166 5211 1260 5265 Dei
1310 5226 1369 5266 sc
1415 5209 1671 5275 infundit,
1701 5209 1822 5264 aliis
1853 5207 2157 5264 dicentibus

589 5308 694 5346 non
722 5295 917 5350 debere
941 5299 1058 5350 nlus
1087 5317 1247 5350 nnam
1278 5309 1511 5350 nnatuor
1540 5301 1656 5350 dies
1685 5300 1996 5350 Dominicos
2035 5313 2158 5350 cum

2251 3483 2446 3554 vigilia:
2476 3482 2688 3540 Domini
2737 3485 3048 3539 dedicantes
3082 3503 3095 3538 :
3142 3483 3344 3538 nullum
3374 3484 3544 3550 aliud,
3581 3493 3641 3539 ιιι
3687 3485 3842 3540 inre-

2251 3578 2449 3646 stigare
2485 3576 2781 3646 potuimus,
2831 3575 3159 3631 defensionis
3193 3591 3303 3630 sua:
3336 3585 3714 3646 argumentum
3749 3577 3837 3630 vel

2251 3671 2518 3724 rationem
2547 3668 2831 3734 habentes,
2863 3669 2967 3723 nisi
2999 3678 3056 3723 ut
3100 3669 3188 3723 illa
3213 3678 3445 3739 quatuor
3484 3665 3685 3732 ofﬁcia,
3715 3686 3840 3738 qua:

2253 3759 2309 3813 in
2344 3751 2750 3814 nocturnalibus
2787 3758 3200 3830 Antiphonariis
3236 3759 3604 3824 inveniuntur,
3638 3760 3725 3814 vel
3756 3761 3836 3814 le-

2255 3849 2462 3906 ctiones
2485 3860 2794 3904 sanctorum
2821 3850 3232 3921 Evangeliorum
3258 3865 3356 3904 nec
3385 3865 3489 3905 non
3515 3860 3570 3904 et
3589 3850 3839 3919 Apostoli

2252 3939 2464 4009 plenius
2517 3940 2934 4010 adimpleantur.
2967 3961 2987 3994 ι
3036 3942 3210 3996 Berno
3244 3941 3409 4011 priori
3453 3942 3743 3995 sententiae
3782 3943 3836 3996 in

2257 4030 2361 4084 hoc
2385 4030 2644 4099 Opuscnlo
2667 4031 2896 4096 accedit,
2912 4047 3143 4101 eamque
3169 4032 3491 4086 auctoritate
3512 4031 3840 4086 celebrium-

2254 4135 2362 4190 que
2406 4120 2772 4176 Ecclesiarum
2820 4124 3214 4178 consuetudine
3258 4123 3566 4178 confirmat.
3607 4122 3838 4193 Egregia

2255 4219 2382 4265 sunt
2411 4225 2472 4266 ea
2499 4212 2694 4282 quibus
2733 4213 2930 4284 capitis
2971 4215 3196 4269 secundi
3245 4215 3668 4284 disputationem
3709 4230 3838 4269 cons

2255 4301 2426 4358 cludit
2457 4321 2473 4356 :
2507 4320 2526 4353 ι
2557 4301 2714 4358 Hune
2737 4319 2964 4368 morem,
2993 4303 3188 4372 inquit,
3220 4314 3332 4359 tota
3366 4319 3516 4374 pene,
3547 4313 3605 4358 ut
3637 4302 3834 4366 fertur,

2254 4393 2701 4450 observatGallia
2745 4409 2812 4450 ac
2866 4395 2981 4464 ipsa
3037 4397 3229 4450 civitas
3276 4395 3837 4464 Romana,quondam

2257 4484 2440 4538 mundi
2489 4484 2724 4550 domina,
2762 4493 2821 4538 ut
2862 4500 2960 4554 per
3004 4485 3382 4540 veracissi-mos
3431 4484 3715 4546 relatores.
3772 4498 3872 4537 ac.

2255 4574 2528 4644 praecipue
2571 4584 2774 4630 sanctae
2805 4575 3196 4630 recordationis
3242 4573 3599 4629 Adalboldum
3626 4574 3841 4642 episco-

2259 4678 2412 4731 pum,
2443 4664 2541 4732 qui.
2589 4664 2807 4734 scriptis
2847 4665 3052 4719 nostris
3095 4663 3358 4734 pulsatus,
3406 4662 3591 4716 Bonna:
3636 4664 3842 4732 positus

2185 4741 2233 4799 ι)
2261 4753 2365 4806 hnc
2395 4753 2699 4821 requisivit,
2751 4753 3059 4818 didicimus,
3107 4755 3353 4824 quamvis
3399 4761 3605 4824 postea,
3657 4754 3842 4807 nescio

2261 4858 2368 4912 qua
2414 4843 2480 4898 de
2507 4858 2695 4907 causa,
2724 4843 2884 4898 aliter
2909 4853 3150 4913 agerent,
3195 4844 3507 4898 Placentina
3540 4851 3743 4904 tamen,
3785 4850 3843 4894 ιιι

2262 4933 2378 5002 ipse
2406 4933 2723 5002 ego-eodem
2759 4933 2812 4987 in
2846 4943 3088 5002 tempore
3120 4941 3174 4987 et
3221 4934 3490 4988 audiendo
3509 4942 3565 4988 et
3612 4933 3843 4986 videndo

2267 5023 2518 5092 cognovi,
2545 5021 2774 5092 aliisque
2796 5023 2962 5078 Italia:
2991 5024 3300 5079 civitatibus
3350 5025 3590 5093 antiquae
3627 5024 3844 5077 institu-

2267 5113 2427 5167 tionis
2459 5112 2697 5182 regulam
2730 5115 3094 5170 servantibus.
3127 5115 3232 5170 Sed
3253 5126 3312 5170 et
3333 5115 3506 5169 abbas
3533 5113 3840 5185 Herigerus.

2266 5204 2350 5256 vir
2377 5219 2480 5258 non
2507 5219 2687 5272 parva:
2727 5205 3066 5259 auctoritatis
3105 5206 3302 5259 nostris
3333 5203 3684 5274 temporibus,
3719 5218 3846 5270 pro-

2269 5293 2446 5350 nrium
2477 5309 2640 5350 super
2679 5295 2781 5350 hac
2809 5311 2867 5350 re
2895 5295 3132 5350 libellum
3177 5295 3496 5350 composuit.
3528 5295 3580 5350 in
3615 5307 3743 5350 nuo.
3787 5303 3846 5346 ut
