4072 5350
252 323 418 382 I053'

1592 323 2122 380 PROLEGOMENA.

3352 331 3490 388 1051

245 440 462 494 Iebrare
517 435 862 490 contendunt.
900 459 918 486 ι
987 435 1316 491 Adalboldus
1361 437 1448 492 hic
1499 451 1528 490 a
1578 435 1822 490 Bernone
1849 442 1894 497 Α
1925 436 2136 490 nianzez
2174 455 2193 488 ‹
2223 435 2298 492 De
2331 436 2536 492 incerto
2563 447 2739 493 autem
2755 438 2962 509 jejunio
2992 438 3233 506 Quatuor
3262 440 3491 514 Tempo-

243 531 500 585 laudatus
528 529 644 582 sine
672 527 835 580 dubio
863 526 1092 582 celebris
1138 525 1228 580 ille
1267 526 1552 596 episcopus
1595 524 1825 594 Ultraje-

243 617 452 671 ctensis
489 623 592 680 est,
629 615 783 683 cujus
807 614 1122 684 opusculum
1147 616 1222 671 De
1243 616 1600 671 crassitudine
1616 615 1824 682 sphera:

244 717 380 760 tom.
410 706 498 768 lll,
529 715 682 776 parte
703 721 772 770 tl,
805 704 1070 760 edidimus
1104 704 1397 776 (Patrolog.
1431 712 1470 758 t.
1499 702 1813 772 CXXXIX).

242 796 418 851 Porro
443 795 686 865 Herigeri
717 795 925 850 abbatis
967 793 1282 849 Laubiensis
1312 796 1378 849 de
1404 796 1658 864 praesenti
1689 809 1819 849 cou-

244 887 521 942 troversia
569 883 799 947 libellus,
837 899 870 937 a
917 884 1062 938 nullo
1095 885 1239 953 quod
1277 885 1511 939 sciamus
1549 884 1824 952 hucusque

247 986 609 1039 memoratus,
625 975 837 1046 penitus
856 974 1123 1030 excidisse
1148 974 1378 1028 videtur.
1407 973 1665 1028 Bernonis
1691 989 1822 1042 opu-

242 1067 464 1122 sculum
492 1061 735 1135 sequitur
761 1064 1087 1134 Rescriptum
1116 1065 1366 1119 Aribonis
1403 1065 1818 1134 archiepiscOpi,

241 1158 303 1210 in
333 1171 439 1225 quo
464 1156 586 1210 bene
611 1165 659 1209 et
697 1155 977 1223 artiﬁciose
1011 1157 1254 1217 inventis,
1303 1156 1491 1224 optimc
1533 1154 1817 1223 dispositis,

241 1246 470 1316 facunde
493 1246 798 1309 elocutis,et
822 1255 1078 1313 postremo
1107 1245 1263 1312 ﬁrma
1299 1246 1549 1299 memoria
1579 1261 1820 1312 pronun-

243 1335 418 1400 tiatis,
445 1351 508 1388 ea:
531 1336 706 1388 animo
735 1335 871 1403 [avet
914 1333 1168 1388 Bernouis
1195 1337 1524 1396 tractatibus,
1564 1346 1610 1388 et
1637 1335 1682 1388 si
1715 1352 1821 1405 qua

245 1424 347 1479 illa
383 1434 457 1478 est
481 1424 817 1494 pontiﬁcatus
840 1423 1035 1478 tautilli
1066 1425 1377 1486 auctoritas,
1414 1423 1552 1492 ejus,
1583 1423 1714 1476 sicut
1743 1440 1822 1476 ro-

241 1515 409 1582 gavit,
442 1530 653 1568 manum
697 1515 770 1568 eis
792 1515 1030 1582 imponit.
1058 1513 1245 1568 Prodit
1262 1513 1576 1582 opusculum
1601 1528 1666 1568 ex
1713 1527 1815 1566 ms.

241 1607 368 1658 cod.
405 1604 591 1675 inclyti
623 1605 934 1660 monasterii
963 1605 1022 1659 S.
1049 1605 1427 1660 Emmerammi
1453 1604 1817 1660 Ratisbonen-

242 1693 331 1745 sis
352 1693 403 1746 in
433 1693 486 1757 ι,
515 1701 889 1746 sescentorum
918 1707 1198 1748 annorum.
1238 1694 1378 1748 Idem
1402 1693 1707 1749 vidimusin
1731 1708 1820 1747 ec—

242 1780 428 1835 etesiae
448 1779 1143 1850 cathedralisFrisingensis
1161 1782 1506 1838 membraneo
1528 1783 1816 1844 volumine,
1848 1775 1895 1833 Β

242 1868 401 1936 cujus
448 1869 789 1926 characteres
835 1878 1045 1925 aetatem
1090 1869 1353 1926 Bernouis
1398 1872 1609 1939 assequi
1666 1869 1816 1924 vide-

247 1962 472 2015 bantur.

316 2052 560 2107 Alterum
593 2051 852 2106 Bernonis
891 2051 1102 2106 abbatis
1130 2050 1470 2121 opusculum,
1503 2051 1644 2120 quod
1676 2065 1818 2105 nunc

240 2143 403 2210 primi
435 2142 554 2196 luce
574 2140 1183 2204 donamus,inscribitur
1206 2141 1256 2194 in
1280 2127 1596 2195 mox'citato
1625 2140 1809 2195 codice

242 2235 432 2288 Sancti
478 2233 1008 2288 Emmerammensi:
1052 2231 1209 2286 Ratio
1249 2232 1504 2302 generalis
1556 2233 1620 2285 de
1671 2231 1818 2285 initio

241 2323 498 2376 adcentus
524 2322 735 2376 Domini
755 2322 1040 2376 secundum
1069 2321 1430 2374 auctoritatem
1473 2317 1673 2376 Hilarii
1714 2323 1821 2391 epi-

240 2413 418 2480 scopi,
445 2412 658 2466 tametsi
689 2426 848 2465 nemo
869 2420 1112 2465 veterum
1133 2411 1576 2480 .recentiorumve
1601 2412 1818 2482 scripto-

239 2514 366 2554 rum
395 2500 494 2554 sub
520 2499 620 2553 hoc
649 2498 804 2553 titulo
835 2499 991 2554 istius
1019 2499 1579 2554 commentatiuncula:
1612 2500 1817 2556 Berno-

243 2590 422 2644 niana:
473 2589 796 2644 meminerit.
850 2588 1033 2644 Tenue
1079 2589 1295 2658 quidem
1345 2591 1447 2645 hoc
1499 2590 1817 2660 opusculum

240 2689 349 2746 est,
405 2680 515 2744 sed,
549 2688 609 2734 ut
658 2695 970 2750 speramus,
1024 2681 1157 2736 viris
1203 2681 1448 2746 eruditis,
1499 2681 1708 2736 duabus
1751 2682 1817 2737 de

243 2771 427 2825 causis
475 2771 862 2840 gratissimum.
928 2770 1112 2825 Primo
1157 2772 1301 2826 enim
1341 2771 1582 2842 excerpit
1632 2772 1819 2825 librum

245 2859 548 2931 Oﬂiciorum
596 2861 656 2917 S.
691 2861 909 2926 Hilarii,
959 2862 1173 2932 gloriosi
1204 2860 1454 2917 Ecclesia:
1496 2864 1730 2917 auctoris
1771 2873 1819 2917 et

242 2951 480 3005 doctoris
505 2953 705 3016 eximii,
738 2952 791 3009 id
820 2962 904 3007 est
933 2953 1169 3023 episcopi
1198 2953 1341 3008 illius
1365 2953 1700 3009 celeberrimi
1728 2954 1818 3008 Pi-

241 3043 562 3106 ctaviensis,
591 3043 746 3113 cujus
777 3052 955 3098 tamen
985 3043 1104 3098 libri
1137 3045 1278 3099 nulla
1316 3045 1456 3114 apud
1489 3046 1814 3116 scriptorum

244 3132 743 3188 ecclesiasticarum
773 3133 1202 3188 nomenclatores
1248 3133 1507 3188 memoria
1543 3143 1808 3203 superest.
1842 3119 1887 3181 C

243 3222 449 3278 Deinde
471 3222 630 3293 paulo
651 3231 775 3278 ante
801 3222 959 3277 linem
987 3238 1179 3277 novam
1205 3223 1359 3278 nobis
1391 3223 1819 3278 Aurelianensem

242 3315 521 3384 synodum,
573 3315 634 3369 in
652 3330 756 3383 qua
783 3314 850 3370 de
877 3314 1112 3386 legitimo
1139 3313 1439 3369 Adventum
1486 3315 1697 3370 Domini
1732 3316 1816 3368 in-

247 3406 481 3460 choandi
511 3406 614 3460 ritu
647 3413 825 3460 actum
855 3405 950 3468 sit,
982 3405 1231 3468 recludit,
1272 3404 1425 3474 cujus
1471 3404 1637 3470 nulla,
1676 3403 1820 3473 quod

244 3495 494 3564 equidem
523 3495 713 3557 sciam,
738 3493 877 3562 apud
898 3492 1250 3549 conciliorum
1271 3500 1328 3546 et
1355 3494 1679 3561 synodorum
1707 3491 1819 3547 col-

244 3585 477 3640 lectores
507 3584 706 3638 mentio
745 3584 1000 3654 injicitur.
1031 3584 1182 3638 Adeo
1212 3583 1346 3638 nihil
1375 3582 1533 3640 facile
1561 3583 1816 3653 antiquo-

245 3691 368 3731 rum
399 3686 862 3731 monumentorum
889 3677 1249 3747 spernendum
1271 3684 1375 3730 est.

319 3766 518 3836 Dialogi
566 3766 643 3821 De
691 3765 930 3831 Quatuor
981 3764 1288 3834 Temporum
1324 3762 1574 3834 ‘jejuniis,
1607 3773 1735 3826 etc.,
1785 3781 1814 3820 a

245 3858 492 3912 Bernone
524 3857 745 3912 Ariboni
791 3855 1194 3924 archiepiscopo
1238 3854 1581 3925 Moguntiaco
1627 3857 1818 3922 dicati,

246 3955 620 4016 argumentum
651 3947 737 4002 his
757 3947 939 4001 verbis
963 3945 1278 4017 Sigebertus
1323 3945 1729 4000 Gemblacensis
1761 3947 1814 4000 in

245 4040 386 4095 libro
416 4039 492 4095 De
534 4040 890 4110 scriptoribus
932 4039 1150 4102 eccles.,
1181 4052 1300 4107 cap.
1333 4037 1456 4101 156,
1503 4038 1815 4107 complexus

246 4138 328 4184 est
367 4147 380 4182 :
425 4129 579 4184 (Sed
606 4145 710 4184 non
745 4130 1032 4199 praeteribo
1063 4129 1205 4198 quod
1241 4129 1461 4197 scripsit
1487 4129 1707 4198 (Berno)
1749 4130 1815 4184 de

240 4217 464 4289 jejuniis
491 4218 731 4285 Quatuor
766 4217 1113 4286 Temporum,
1145 4218 1214 4272 de
1240 4218 1436 4287 quibus
1478 4216 1814 4273 celebrandis

243 4317 330 4360 est
379 4307 520 4360 inter
562 4306 760 4360 multos
799 4307 1153 4371 dissonantia,
1197 4306 1323 4360 dum
1378 4305 1468 4359 alii
1517 4307 1811 4360 secundum

1925 545 2042 582 rum
2096 529 2235 584 hanc
2272 530 2652 584 certitudinem
2701 531 2988 584 statuimus
3038 540 3096 584 ut
3148 531 3191 586 si
3238 531 3489 589 Kalendas

1924 618 2098 672 Martii
2131 620 2181 672 iu
2209 628 2399 687 quarta
2433 618 2564 673 feria
2597 619 2710 673 sive
2746 628 2903 673 antea
2950 620 3245 685 evenerint,
3301 623 3488 677 eadem

1922 710 2252 764 hebdomada
2281 709 2544 780 jejunium
2573 711 2896 766 celebretur.
2945 709 3002 765 Si
3031 720 3208 766 autem
3239 711 3490 768 Kalendae

1923 796 2098 851 Martii
2132 797 2184 850 in
2214 797 2455 866 quintam
2489 797 2675 852 feriam
2700 808 2792 852 aut
2827 806 3034 852 sextam
3066 806 3160 851 aut
3191 797 3486 852 Sabbalum

1921 887 2322 949 distenduntur,
2352 887 2406 940 in
2451 896 2764 955 sequentem
2806 886 3193 941 hebdomadam
3227 885 3488 954 jejunium

1919 978 2218 1034 dill‘eratur.
2260 977 2434 1033 Simili
2466 993 2680 1047 quoque
2713 977 2872 1033 modo
2902 978 2947 1031 si
2991 976 3244 1033 Kalendae
3268 977 3410 1031 Junii
3436 978 3488 1031 in

1919 1077 2167 1139 quartam
2198 1067 2388 1122 feriam
2419 1077 2511 1121 aut
2531 1076 2689 1122 antea
2719 1067 3016 1131 evenerint,
3056 1068 3108 1122 in
3133 1070 3490 1138 subsequente

1919 1160 2256 1214 hebdomada
2301 1157 2565 1227 jejunium
2600 1157 2922 1212 celebretur.
2963 1157 3030 1211 Et
3059 1158 3104 1212 si
3152 1158 3204 1211 i‘n
3247 1159 3489 1226 quintam

1919 1248 2110 1303 feriam
2157 1257 2251 1302 aut
2277 1257 2482 1302 sextam
2507 1255 2599 1300 aut
2648 1245 2944 1301 Sabbatum
2985 1246 3290 1315 contigerit,
3332 1245 3476 1314 jeju-

1918 1339 2064 1392 nium
2105 1339 2159 1392 in
2215 1339 2426 1393 tertiam
2470 1336 2858 1398 hebdomadam
2892 1345 3217 1392 reservetur.
3269 1337 3334 1391 Et
3383 1338 3485 1392 hoc

1917 1427 2194 1482 sciendum
2226 1436 2308 1481 est
2329 1425 2468 1495 quod
2501 1427 2544 1481 si
2577 1427 2791 1495 quando
2809 1424 3074 1495 jejunium
3109 1425 3310 1480 mensis
3335 1424 3482 1481 Junii

1918 1517 1971 1569 in
2002 1515 2180 1586 vigilia
2210 1515 2560 1570 Pentecostes
2587 1515 2880 1570 secundum
2910 1513 3220 1583 praedictam
3250 1514 3487 1583 regulam

1916 1608 2176 1668 evenerit,
2229 1621 2334 1659 non
2383 1605 2453 1660 ibi
2503 1605 2882 1660 celebrandum
2934 1603 3058 1668 erit,
3105 1603 3197 1657 sed
3257 1603 3308 1655 in
3378 1603 3492 1670 ipsa

1920 1697 2254 1754 hebdomada
2295 1697 2524 1753 solemni
2567 1696 2931 1759 Pentecostes,
2965 1713 2984 1745 ›
3022 1700 3128 1748 etc.
3172 1691 3300 1758 Qua:
3332 1691 3492 1760 ipsis-

1922 1791 2055 1844 sima
2087 1790 2349 1845 Bernonis
2370 1790 2539 1846 nostri
2571 1790 2672 1844 hac
2697 1788 2763 1842 de
2792 1803 2850 1842 re
2872 1787 3112 1841 doctrina
3135 1794 3214 1841 est
3242 1794 3354 1840 toto
3383 1784 3494 1840 fere

1921 1881 2199 1950 opusculo,
2228 1873 2525 1950 praesertim
2551 1894 2670 1948 cap.
2702 1877 2760 1940 4,
2790 1878 2930 1947 quod
2961 1876 3100 1930 vide.
3127 1876 3238 1930 lloc
3263 1890 3495 1942 opuscu-

1920 1971 2028 2025 lum
2072 1986 2138 2026 es
2184 1978 2493 2039 pervetusto
2546 1966 2730 2023 codice
2772 1967 3117 2022 membranco
3151 1961 3524 2020 celeberrimi"

1921 2061 2238 2115 monasterii
2267 2058 2748 2114 Benedictoburani
2786 2057 2990 2125 excepi,
3032 2057 3083 2110 in
3111 2056 3378 2110 calamum
3410 2057 3492 2110 di-

1919 2155 2100 2202 ctante
2155 2148 2524 2202 eruditissimo
2596 2157 2650 2199 et
2697 2146 3026 2200 amicissimo
3079 2143 3239 2198 Patre
3298 2144 3492 2196 Carolo

1920 2237 2355 2299 Meichelbeckio,
2389 2237 2475 2290 cui
2515 2235 2698 2289 multis
2738 2235 2906 2290 titulis
2953 2243 3139 2289 uoster
3189 2232 3490 2287 Thesaurus

1919 2326 2213 2380 obstrictus
2241 2334 2343 2379 est.
2382 2325 2526 2378 Idem
2558 2334 2740 2393 postea
2780 2323 2944 2377 etiam
2984 2322 3163 2376 inveni
3212 2323 3265 2375 in
3306 2323 3492 2377 codice

1919 2414 2217 2483 imperialis
2245 2414 2559 2468 monasterii
2603 2414 2670 2466 ad
2715 2411 2774 2466 S.
2805 2411 3281 2475 Emmerammum,
3329 2425 3491 2480 supra

1919 2507 2105 2570 citato,
2139 2519 2203 2559 ex
2236 2520 2342 2574 quo
2369 2504 2671 2574 prologum,
2696 2503 2786 2572 qui
2812 2503 2864 2557 in
2895 2503 3078 2558 codice
3107 2500 3489 2557 Benedictobu-

1919 2610 2052 2650 rano
2080 2593 2508 2658 desiderabatur,
2541 2592 2803 2663 supplevi.

1987 2685 2260 2741 Johannes
2280 2684 2611 2740 Trithemius
2634 2686 2706 2740 De
2724 2682 3084 2752 scriptoribus
3106 2681 3492 2738 ecclesiasticis

1919 2790 2037 2844 cap.
2066 2775 2163 2830 3H
2200 2775 2300 2829 tria
2329 2773 2563 2829 Bernoni
2593 2788 2754 2843 opera
2787 2772 2974 2827 tribuit
3002 2770 3198 2840 quibus
3249 2771 3490 2824 musicen

1920 2863 2221 2926 illustrarit,
2268 2862 2519 2917 videlicet
2560 2863 2624 2916 de
2679 2862 2887 2915 Musica
2924 2877 3014 2915 seu
3065 2859 3222 2913 Tonis
3261 2860 3353 2912 lib.
3401 2859 3488 2924 Il,

1920 2968 2148 3023 quorum
2179 2953 2388 3023 primus
2414 2953 2667 3022 incipiat:
2701 2953 2883 3006 Omnis
2910 2952 3068 3021 igitur
3093 2950 3346 3020 regularis
3377 2948 3487 3004 Mo.

1925 3043 1998 3099 De
2022 3029 2378 3099 instrumentis
2405 3044 2616 3098 musica:
2644 3043 2734 3097 lib.
2765 3042 2817 3106 I,
2846 3043 2998 3112 cujus
3031 3042 3243 3095 initium
3277 3059 3291 3094 :
3323 3039 3492 3094 Musi-

1917 3151 2033 3188 cam
2076 3151 2177 3188 non
2222 3151 2332 3188 esse
2381 3143 2602 3188 contem.
2645 3132 2713 3186 Et
2745 3132 2817 3185 De
2861 3149 3105 3186 mensura
3150 3133 3490 3186 monocltordi

1917 3227 2008 3281 lib.
2036 3225 2086 3289 1,
2125 3223 2278 3293 cujus
2320 3225 2522 3279 nullum
2552 3225 2835 3280 exordium
2882 3225 3092 3280 recitat.
3148 3224 3224 3280 Ex
3259 3223 3344 3279 his
3373 3225 3488 3294 pri-

1918 3331 2035 3369 mos
2082 3315 2218 3369 duos
2269 3315 2476 3369 libellos
2509 3326 2564 3370 et
2611 3315 2862 3369 ultimum
2906 3331 3071 3369 unum
3112 3329 3335 3384 prorsus
3360 3330 3484 3370 esse

1916 3405 2163 3474 itemque
2191 3420 2326 3475 Opus
2357 3406 2704 3461 vehementer
2739 3405 3002 3474 suspicor.
3035 3403 3198 3459 Certe
3225 3404 3479 3474 Sigeber-

1917 3506 2004 3552 tus
2031 3496 2432 3552 Gemblacensis
2468 3496 2543 3551 De
2588 3496 2939 3566 scriptoribus
2985 3493 3177 3550 eccles.
3210 3509 3329 3564 cap.
3362 3494 3482 3557 l56,

1915 3587 1989 3640 ita
2023 3588 2087 3639 de
2115 3586 2349 3639 inventis
2376 3584 2597 3639 musicis
2631 3583 2893 3638 Bernouis
2921 3582 3172 3651 loquitur,
3200 3591 3258 3636 ut
3281 3597 3345 3635 ex
3371 3581 3489 3648 cjus

1917 3675 2101 3730 verbis
2137 3674 2260 3744 quis
2287 3689 2429 3742 :egre
2457 3673 2610 3743 plura
2641 3661 2880 3742 ejusdem
2906 3673 2971 3728 de
2998 3673 3082 3726 his
3106 3670 3362 3740 opuscula
3388 3686 3485 3724 ex-

1917 3766 2148 3819 tundat:
2189 3781 2209 3815 c
2236 3762 2506 3817 Praetereo
2533 3777 2622 3824 ea,
2664 3761 2836 3830 inquit
2873 3760 3205 3830 Sigebertus,
3255 3773 3374 3827 quae
3422 3758 3488 3811 de

1915 3855 2148 3910 humana
2201 3851 2428 3906 scientia
2478 3850 2727 3919 scripsit,
2777 3849 2831 3903 in
2889 3849 3082 3918 quibus
3125 3847 3325 3902 eminet
3385 3847 3488 3900 hoc

1913 3945 2055 4013 quod
2099 3943 2152 3996 in
2182 3951 2299 3996 arte
2327 3941 2529 3996 musica
2571 3939 2891 4010 praepollens
2917 3941 2983 3995 de
3007 3939 3206 4010 regulis
3234 3927 3514 4009 sympth

1913 4034 2123 4088 niarum
2171 4041 2227 4088 et
2271 4042 2518 4086 tonorum
2569 4031 2827 4099 scripsit,
2875 4038 2935 4084 et
2973 4031 3115 4099 quod
3163 4030 3216 4082 in
3273 4044 3488 4082 mensu-

1913 4123 2082 4180 rando
2154 4121 2516 4176 monochordo
2582 4121 2720 4174 ultra
2793 4119 3032 4190 regulam
3110 4119 3278 4174 Boetii
3307 4158 3322 4183 ,
3379 4119 3474 4172 sed

1913 4229 2131 4270 assensu
2193 4213 2416 4268 minoris
2467 4212 2654 4268 Boetio
2692 4211 2951 4267 Guidouis
2987 4211 3266 4280 supposuit
3311 4226 3478 4264 unum

1915 4312 2098 4359 tonum
2153 4302 2758 4372 tetrachordohypaton,
2801 4309 2875 4364 et,
2924 4309 3114 4355 contra
3167 4314 3320 4354 usum
3373 4313 3488 4351 ma~

243 4394 730 4450 considerationem
764 4403 1084 4464 temporum,
1116 4395 1184 4449 ad
1219 4393 1480 4462 jejunium
1511 4405 1715 4462 quarta:
1757 4403 1813 4450 et
1843 4456 1880 4464 _
1909 4391 2110 4464 jorum,
2157 4393 2215 4446 in
2259 4392 2376 4463 ipso
2415 4391 2962 4462 tetrachordohypato
3007 4389 3236 4444 inseruit
3282 4387 3488 4442 utiliter

243 4493 411 4539 sextae
441 4485 586 4540 ferite
616 4456 888 4554 accipiunt
920 4485 1036 4539 dies
1063 4484 1366 4548 Februarii,
1397 4485 1481 4540 vel
1526 4485 1672 4549 Maii,
1723 4486 1807 4539 vel
1843 4456 2319 4554 D'synemmenon.
2346 4500 2366 4534 ι
2421 4481 2530 4537 Nec
2551 4483 2654 4536 nisi
2703 4482 2769 4537 de
2817 4496 2925 4536 uno
2965 4482 3031 4535 de
3074 4480 3280 4534 musica
3323 4491 3487 4546 opere

245 4575 597 4644 Septembris,
629 4583 683 4629 et
709 4573 947 4629 Sabbato
971 4575 1021 4628 in
1052 4574 1304 4628 Kalendis
1329 4574 1678 4642 proveniente
1702 4584 1809 4629 ter-

243 4666 454 4719 minant
501 4663 797 4734 jejunium;
861 4663 951 4718 alii
1020 4679 1150 4718 vero
1206 4664 1324 4718 sine
1381 4663 1811 4718 consideratione

245 4769 546 4826 temporum
594 4772 702 4810 non
741 4757 986 4826 jejunant
1014 4756 1116 4810 nisi
1149 4764 1342 4824 quarta
1378 4763 1434 4810 et
1486 4765 1637 4809 sexta
1680 4755 1810 4810 leria

238 4851 427 4919 jejunii
459 4864 580 4904 cum
610 4849 729 4918 ipso
762 4849 998 4904 Sabbato
1042 4850 1096 4903 in
1143 4848 1356 4912 Martio,
1388 4847 1469 4900 vel
1504 4845 1683 4912 iunio,
1729 4848 1816 4902 vel

241 4942 458 4997 Octobri
492 4941 834 5010 proveniant.
856 4940 924 4994 Et
949 4940 1114 4995 talem
1135 4938 1409 5010 jejunandi
1443 4939 1606 4994 ritum
1632 4948 1818 4994 aucto.-

240 5035 418 5090 rizant
469 5032 646 5094 multi,
693 5040 749 5086 et
783 5031 1018 5086 maxime
1068 5029 1362 5094 Teutones,
1419 5031 1504 5085 his
1556 5030 1817 5085 Bernonis

239 5124 479 5194 scriptis.
515 5143 538 5177 ι
588 5122 758 5177 Porro
801 5121 928 5190 quid
959 5119 1123 5174 Aribo
1167 5119 1398 5176 Bernoni
1441 5119 1509 5174 ad
1541 5120 1643 5173 hoc
1677 5135 1813 5188 epu-

237 5219 448 5262 cmlnm
474 5231 573 5262 nm
597 5231 748 5262 more
769 5212 1122 5262 rescrinserit.
1150 5213 1336 5262 nullibi
1362 5210 1640 5262 hucusaue
1661 5226 1817 5262 renes

1915 4574 2175 4628 Beruouis
2224 4572 2335 4642 agit
2384 4573 2698 4642 Anonymus
2765 4570 3088 4626 Mellicensis
3151 4569 3219 4624 de
3285 4566 3486 4634 Script.

1916 4666 2120 4722 Eccles.
2149 4682 2269 4736 cap.
2314 4667 2403 4732 81,
2453 4665 2542 4719 ubi
2593 4663 2896 4733 hujusmodi
2947 4662 3159 4717 abbatis
3201 4658 3487 4727 Augiensis

1917 4756 2149 4826 elogium
2203 4758 2380 4811 texit:
2423 4773 2446 4806 ι
2476 4755 2612 4809 Bern
2665 4755 2935 4819 musicus,
2975 4752 3060 4806 vir
3105 4751 3230 4821 pius
3281 4763 3346 4801 ac
3393 4747 3489 4798 do-

1915 4856 2060 4910 etus,
2101 4847 2154 4900 in
2206 4845 2536 4900 monasterio
2581 4843 2863 4897 Prumensi
2909 4842 3006 4896 sub
3035 4836 3328 4893 monastica
3360 4847 3488 4902 pro-

1887 4939 2153 5009 ‘fessione
2190 4937 2395 5007 deguit,
2443 4949 2603 5004 quem
2653 4932 2994 5002 postmodum
3050 4927 3317 4981 Henricus
3363 4921 3490 4974 Pius

1917 5032 2212 5101 imperator
2259 5029 2508 5083 abbatem
2561 5024 2748 5093 Augiaa
2794 5018 3091 5074 constituit.
3142 5014 3241 5081 Qui
3275 5021 3495 5082 gratan-

1924 5130 2008 5174 ter
2049 5127 2305 5187 acceptus
2355 5131 2384 5168 a
2438 5112 2700 5165 fratribus
2755 5109 3023 5176 dispersos
3081 5101 3384 5169 recollegit,
3439 5104 3495 5150 et

1921 5225 1950 5262 a
2016 5210 2302 5262 Lamberto
2361 5197 2765 5256 Coustantiensi
2820 5196 3069 5262 episc0po
3113 5199 3495 5249 consecratus,
