4072 5350
607 184 628 238 l
647 183 743 238 355

1694 176 2036 234 BERNONlS
2075 179 2364 235 ABBATIS
2403 178 2768 237 AUGlENSlS

3708 180 3848 238 {038

603 298 712 374 sica
769 309 861 349 seu
894 294 1031 349 tonis
1063 303 1110 349 et
1163 294 1233 348 de:
1257 293 1622 349 monocliordo
1670 294 1810 348 inter
1851 308 1910 348 se
1936 293 2166 347 distincti
2202 300 2246 356 τι
2346 296 2542 351 Verum
2574 297 2686 352 hsce
2709 298 2782 351 de
2799 297 3058 367 The-egeri
3093 297 3293 352 Musica
3325 311 3431 351 non
3460 296 3563 351 nisi
3595 296 3847 350 inciden-

601 390 731 448 sint,
759 395 816 440 nt
849 386 961 439 vult
1000 385 1351 449 'l‘rithcmins,
1408 385 1520 439 sive
1556 399 1686 447 non,
1728 388 1861 452 opus
1899 383 2171 438 'Bcrno'nis

603 477 676 551 De
707 479 844 532 tonis
869 484 1044 531 exstat
1091 478 1141 530 in
1176 477 1360 531 codice
1407 475 1722 540 Mellicensi,
1772 476 1982 545 signato
2031 491 2169 530 nunc

600 570 681 620 lit.
715 567 779 631 Ν,
809 583 955 620 num.
978 566 1030 629 3,
1057 581 1160 619 non
1193 565 1292 619 nisi
1320 564 1515 619 szeculo
1556 580 1642 628 xv,
1677 573 1732 618 et
1779 567 1997 633 quidem
2051 581 2169 635 pcr-

598 677 667 727 qn
708 674 758 711 m
788 655 1051 726 ﬂagitiose
1084 664 1325 709 exarato.
1368 655 1610 709 Alterum
1660 655 1898 724 ejusdem
1947 653 2166 709 Tonarii

596 749 898 817 exemplum
932 755 1179 802 servatur
1210 747 1260 800 in
1295 746 1482 800 codice
1534 747 1879 801 memhraaco
1935 745 2167 815 Tcgcrn-

595 841 770 897 Icensi
808 839 1219 910 quingentorum
1257 836 1476 890 circiter
1515 850 1798 889 annorum.
1845 836 2009 906 Cujus
2049 853 2164 892 mo-

594 931 812 985 nastcrii
839 938 1048 982 veteres
1076 928 1544 999 praestantissimos
1568 927 1731 981 libros
1774 929 1897 981 dum
1956 939 2167 984 excute-

594 1036 794 1083 rctnus,
829 1020 1111 1073 incidimus
1151 1020 1312 1072 etiam
1343 1019 1394 1071 in
1428 1018 1569 1071 alittd
1619 1018 1890 1086 egregium
1951 1019 2024 1073 De
2055 1035 2164 1073 mu-

590 1114 700 1168 sica
751 1127 882 1180 opus
911 1110 1173 1179 'l‘hcogeri
1228 1125 1321 1163 seu
1372 1106 1656 1178 Dietgerie
1685 1108 1886 1160 nostris
1927 1109 2161 1177 episcopi

589 1207 862 1268 Metensis,
889 1207 955 1260 de
975 1221 1081 1276 quo
1105 1204 1417 1275 Anonymus
1451 1202 1772 1259 Mellicensis
1815 1203 1889 1256 De
1921 1203 2164 1272 Scripto-

586 1297 738 1350 ribus
763 1295 960 1350 eceles.
988 1311 1108 1364 cap.
1145 1295 1240 1348 109
1267 1313 1279 1345 :
1315 1312 1332 1343 ε
1362 1293 1644 1365 Dietgerns
1675 1293 1859 1349 abbas.
1892 1310 1919 1345 a
1955 1292 2162 1347 Latinis

586 1386 922 1457 Theogorus,
973 1402 1002 1440 a
1055 1385 1408 1440 TheOtunicis
1457 1384 1776 1455 quibusdam
1828 1382 2162 1438 Thenkarius

585 1476 782 1538 dictus,
799 1475 998 1529 domini
1020 1473 1290 1528 Wilhelmi
1308 1473 1514 1528 abbatis
1528 1472 1969 1544 (Hirsangicnsisl
1988 1473 2160 1540 primo

582 1564 897 1634 discipulus.
928 1563 1196 1619 deindein
1244 1563 1572 1618 monasterio
1626 1561 1684 1617 S.
1739 1562 1951 1632 Georgii
1992 1563 2158 1616 abbas

2273 393 2355 441 te'r
2377 397 2798 443 commemorata
2831 390 2940 443 sint
2992 390 3278 444 occasione
3319 389 3536 443 Tonarii
3580 389 3851 442 Bernonis

2268 478 2575 548 A‘ngiensis,
2620 479 2775 545 cujus
2825 479 3024 548 operis,
3072 493 3195 531 cum
3245 477 3516 532 veteribus
3563 477 3756 547 ﬁguris
3796 488 3851 531 et

2267 567 2566 636 peregrinis
2610 566 2912 622 litterarum
2941 555 3028 622 lac
3069 578 3318 621 notarum
3367 568 3612 621 ductibus
3637 607 3651 628 ,
3710 583 3851 636 quos

2269 657 2584 727 typographi
2649 660 2817 712 nostri
2855 659 3134 729 aegerrime
3177 658 3474 722 imitentur,
3528 659 3846 713 distinctum

2267 755 2321 801 et
2349 749 2551 818 pictum
2584 750 2671 815 sit,
2705 765 2809 804 non
2843 751 2946 805 nisi
2985 750 3266 821 prologum
3325 751 3412 804 hic
3457 750 3620 806 edere
3669 751 3845 806 visum

2263 833 2384 893 fuit.
2749 863 2752 866 ι

2335 927 2574 986 Joannes
2602 929 2932 987 Trithcmius
2973 933 3137 986 etiam
3167 932 3429 987 Bernonis
3459 931 3661 986 librum
3713 933 3844 1002 Epi-

2263 1020 2522 1075 stolarum
2549 1023 2614 1075 ad
2645 1022 2890 1077 diversos
2937 1022 3139 1086 laudat,
3173 1037 3331 1091 quem
3364 1025 3582 1091 quidam
3636 1025 3845 1078 amico-

2263 1126 2380 1163 rum
2413 1118 2718 1165 nostrorum
2751 1112 3063 1182 nuperrime
3104 1112 3156 1165 in
3199 1113 3494 1182 percelebri
3535 1113 3860 1169 Germaniae-

2259 1197 2582 1255 bibliotheca
2613 1201 2832 1254 detexit.

2319 1288 2503 1360 Magni
2529 1293 2783 1346 momenti
2813 1301 2939 1347 sunt
2983 1293 3222 1364 epistolae
3273 1293 3555 1358 Bernonis,
3605 1310 3839 1364 praeser-

2262 1380 2356 1433 tim
2391 1396 2620 1435 numero
2677 1383 2980 1449 undecima,
3032 1385 3120 1438 ubi
3170 1400 3383 1440 errores
3432 1385 3664 1441 Joannis
3705 1387 3854 1442 Cas-—

2259 1469 2393 1524 siani
2424 1471 2565 1525 circa
2597 1472 2823 1526 liberum
2855 1473 3138 1527 arbitrium
3175 1489 3240 1528 ex
3267 1473 3591 1529 Cassiodoro
3623 1485 3679 1529 et
3705 1474 3837 1529 Pro-

2261 1575 2418 1630 spero
2446 1561 2550 1616 late
2571 1563 2814 1632 exponit,
2863 1572 2918 1617 et;
2950 1581 2969 1616 ι
3006 1563 3344 1628 Cassianum,
3386 1565 3563 1618 virum
3616 1565 3744 1621 licet
3782 1567 3832 1620 in

579 1629 798 1718 tertius,
822 1671 887 1712 ac
914 1655 1128 1709 tandem
1153 1655 1407 1709 Metensis
1434 1657 1736 1726 episc0pns,
1771 1629 2157 1724 aliquantisper
2186 1629 2230 1686 Β
2257 1629 2378 1703 aliis
2408 1629 2715 1719 probatum,
2748 1651 2798 1705 in
2829 1651 2931 1706 hac
2960 1661 3116 1721 parte
3146 1653 3271 1722 jure
3298 1652 3570 1724 culpatum
3593 1673 3611 1707 ι
3669 1655 3834 1710 fuisse

577 1748 951 1803 administrate
973 1748 1248 1818 episcopio
1278 1747 1522 1818 sepultus
1551 1757 1635 1802 est
1666 1747 1716 1800 in
1767 1745 2044 1801 Cluniaco.
2087 1747 2156 1801 Et

575 1840 666 1895 hic
701 1854 914 1909 quoque
937 1848 1225 1894 tractatum
1256 1854 1421 1891 unum
1453 1837 1525 1891 De
1576 1837 1780 1892 musica
1831 1836 2044 1898 scribit,
2097 1838 2150 1891 in

573 1945 682 2000 quo
710 1931 776 1985 de
802 1929 918 1998 ejus
940 1930 1250 1984 inventione
1279 1937 1334 1984 et
1358 1928 1600 1982 numeris
1654 1942 1716 1982 ac
1769 1927 2150 1997 propositioni-

572 2019 673 2074 bus
691 2019 846 2088 juxta
878 2019 1253 2074 arithmeticos
1300 2017 1539 2072 breviter
1585 2015 1825 2084 quidem,
1874 2015 1968 2070 sed
2015 2016 2149 2071 satis

571 2109 846 2165 subtiliter
871 2110 1004 2179 agit.
1045 2129 1064 2162 ›
1096 2108 1204 2164 Nec
1254 2123 1365 2162 rem
1408 2107 1599 2162 lectori
1660 2115 1848 2162 nostro
1882 2106 2147 2175 ingratam

568 2213 668 2253 nos
690 2197 927 2253 facturos
956 2212 1259 2268 speramus,
1293 2198 1334 2251 si
1369 2197 1661 2266 integrum,
1690 2195 1781 2266 qui
1813 2195 1993 2249 brevis
2040 2202 2145 2258 cst,

569 2284 927 2358 Theogeriani
958 2287 1140 2356 operis
1188 2287 1467 2357 prologum
1499 2288 1601 2342 hoc
1643 2285 1764 2340 loco
1817 2285 2141 2340 dederimus.

565 2374 644 2430 En
671 2392 790 2430 eum
819 2376 983 2447 igitur
1020 2391 1085 2430 ex
1112 2376 1296 2432 codice
1323 2375 1710 2446 Tcgcrnseensi
1743 2392 1755 2428 :

867 2465 1057 2534 Incipit
1085 2465 1288 2519 Marica
1315 2463 1561 2534 Tlteogeri
1581 2466 1824 2534 episcopi.

607 2529 612 2630 ξ
648 2575 667 2608 ι
692 2529 1024 2626 Pythagoras
1046 2555 1391 2626 philosophus
1416 2529 1553 2626 apud
1568 2529 1784 2611 Graecos
1803 2557 2008 2628 primus
2034 2574 2167 2644 mu-'

563 2647 689 2729 sica:
715 2647 850 2701 artis
881 2656 1129 2716 repertor
1178 2647 1345 2702 fuisse
1379 2647 1610 2718 legitur:
1641 2649 1932 2703 translator
1961 2658 2141 2703 autem

563 2738 827 2809 asseritur
857 2738 1073 2792 Boetius
1095 2753 1291 2808 genere
1314 2748 1370 2792 et
1407 2739 1636 2794 scientia
1675 2740 2033 2804 clarissimus,
2089 2749 2146 2796 et

562 2825 804 2891 ejusdem
853 2828 986 2881 artis
1024 2829 1317 2882 secundum
1370 2845 1719 2883 numerorum
1770 2830 2144 2898 proportiones

563 2915 843 2984 indagator
891 2916 1369 2986 profundissimus.
1438 2918 1612 2973 Guido
1659 2935 1787 2973 vero
1845 2920 2143 2974 monachus

561 3007 764 3059 exstitit
790 3021 979 3060 vocum
1031 3008 1383 3079 investigator
1430 3011 1891 3078 diligentissimus.
1950 3011 2142 3066 Exstat

559 3104 737 3156 autem
786 3096 1206 3156 Monochordum
1253 3098 1412 3167 hujus
1439 3101 1570 3153 artis
1603 3109 1975 3169 argumentum
2029 3100 2140 3154 evi-

559 3185 954 3251 dentissimum,
977 3185 1130 3254 cujus
1163 3189 1325 3242 etiam
1379 3189 1655 3244 institutor
1688 3189 1894 3258 primus
1939 3191 2137 3244 dicitur

556 3276 896 3346 supradictus
917 3277 1229 3334 Graecorum
1260 3279 1632 3350 philosophus.
1666 3301 1683 3334 ι
1720 3281 1910 3350 lncipit
1939 3283 2085 3351 Opus
2115 3299 2129 3335 :

556 3364 968 3437 Monac/tardum
993 3381 1166 3422 autem
1181 3381 1253 3424 est
1270 3372 1526 3424 musicum
1549 3373 1973 3435 instrumentum,
1997 3370 2134 3442 quod

553 3456 867 3512 naturaliter
911 3471 960 3514 et
1003 3462 1316 3530 sufﬁcienter
1355 3452 1652 3533 antiquitus
1695 3463 1964 3516 constabat
2021 3475 2150 3537 octo,

550 3545 782 3614 chordis,
807 3557 914 3603 etc.

2256 1739 2547 1794 cencludit.
2601 1740 2671 1797 Ut
2717 1742 2852 1796 adeo
2895 1741 3023 1798 hinc
3057 1741 3213 1798 facile
3261 1743 3486 1814 colligas
3539 1747 3842 1801 monachos

2255 1832 2580 1887 auctoritate
2608 1833 2851 1889 Cassiani
2876 1851 2980 1890 non
3015 1851 3185 1904 usque
3205 1849 3270 1890 eo
3310 1845 3484 1891 motos
3522 1835 3718 1902 fuisse,
3774 1846 3834 1892 ut

2251 1937 2316 1976 ex
2349 1922 2464 1992 ejus
2493 1922 2894 1987 Collationibus,
2922 1940 3057 1994 quas
3083 1936 3342 1995 perpetuo
3365 1926 3418 1980 in
3446 1927 3702 1982 manibus
3731 1927 3832 1982 ba-

2250 2013 2470 2077 bebant,
2497 2028 2602 2068 una
2637 2029 2759 2068 cum
2784 2029 2929 2069 sana:
2974 2015 3236 2070 doctrinae
3280 2014 3416 2070 lacte
3460 2017 3625 2070 etiam
3678 2015 3848 2071 Pela-

2251 2101 2436 2171 gianos
2488 2113 2582 2157 aut
2611 2103 3073 2175 Semipelagianos
3122 2120 3338 2160 errores
3385 2105 3545 2176 vulgo
3606 2105 3834 2162 imbibe-

2251 2200 2390 2255 rent,
2424 2193 2566 2260 quod
2600 2209 2774 2264 nuper
2799 2194 2903 2260 vir,
2933 2194 3067 2249 alias
3093 2194 3476 2250 celeberrimus
3521 2192 3606 2249 Jo.
3659 2194 3833 2249 Fran-

2247 2281 2426 2337 ciscus
2451 2281 2714 2347 Bnddeus,
2737 2283 2791 2336 in
2818 2282 3107 2337 Academia
3133 2283 3342 2338 lenensi
3391 2283 3582 2338 doctor
3632 2285 3850 2339 theolo~

2248 2373 2370 2442 giae,
2403 2374 2454 2426 in
2504 2371 2936 2427 lnstitntionibus
2992 2372 3300 2442 Theologia:
3349 2373 3684 2442 Dogmaticae
3730 2374 3838 2429 lit...

2247 2480 2332 2527 tu,
2361 2479 2410 2518 e.
2439 2465 2494 2528 2,
2521 2479 2626 2518 non
2657 2465 2774 2519 sine
2801 2473 3116 2520 sanctorum
3155 2464 3206 2517 in
3256 2463 3495 2518 Ecclesia
3537 2465 3828 2520 catholica

2247 2547 2487 2610 virorum
2519 2571 2583 2611 ac
2622 2557 2950 2626 integrorum
2982 2557 3230 2610 ordinum
3282 2556 3478 2627 injuria
3525 2555 3826 2611 contendit.

2247 2632 2417 2712 Quale
2443 2646 2587 2700 enim
2615 2655 2698 2702 est
2726 2647 2852 2700 illud
2880 2661 2894 2697 :
2929 2663 2947 2696 ι
2968 2644 3193 2700 Factum
3220 2644 3269 2699 id
3293 2646 3609 2715 cumprimis
3629 2665 3646 2697 ι
3682 2645 3828 2716 (sci-

2245 2736 2370 2792 licet
2384 2748 2436 2790 ut
2455 2735 2732 2807 Pelagiani
2751 2738 3016 2790 erroresin
3035 2736 3144 2790 dies
3168 2737 3324 2790 latius
3348 2748 3609 2805 serpemu
3627 2738 3647 2807 )
3665 2755 3686 2788 ‹
3705 2752 3828 2791 cum

2247 2828 2443 2884 sreculo
2465 2843 2558 2883 xm
2584 2828 2904 2882 Franciscns
2928 2838 3088 2897 atque
3110 2828 3422 2882 Dominicus
3448 2842 3616 2882 novos
3639 2843 3830 2881 mona-

2245 2919 2468 2973 chorum
2492 2919 2730 2984 ordines,
2756 2920 2847 2987 qui
2893 2932 3140 2988 magnam
3184 2919 3440 2987 deinceps
3482 2920 3536 2973 in
3581 2919 3825 2974 Ecclesia

2245 3010 2486 3063 Romana
2505 3009 2874 3063 celebritatem
2887 3007 3161 3062 consecuti
3185 3015 3328 3072 sunt,
3343 3009 3824 3062 instituerent.Do-

2244 3100 2446 3155 minico
2469 3099 2610 3152 enim
2632 3099 2921 3152 Cassianus
2945 3098 3179 3152 maxime
3199 3112 3258 3152 se
3276 3098 3555 3167 probavit;
3583 3098 3711 3152 hinc
3747 3108 3820 3162 et,

2243 3201 2303 3244 ut
2316 3189 2431 3258 ejus
2443 3189 2639 3258 placita
2653 3188 2901 3242 certatim
2918 3187 2970 3240 in
2989 3187 3822 3248 monasteriisresuscitarentur,

2237 3280 2437 3344 elfecit,
2477 3298 2496 3332 ›
2540 3289 2645 3334 ctc.
2693 3278 3113 3333 Doletamicoin
3137 3291 3196 3331 re
3223 3278 3489 3332 litteraria'
3511 3278 3625 3333 ista
3677 3277 3822 3333 exci—

2238 3371 2411 3425 disse!
2448 3368 2581 3424 Vide
2605 3369 2941 3423 Edmundum
2983 3367 3239 3432 Martene,
3282 3367 3456 3421 virum
3502 3367 3708 3436 pietate
3759 3383 3830 3424 ac.

2239 3461 2546 3516 eruditione
2568 3459 2861 3523 celebrem,
2895 3460 2946 3514 in
2995 3457 3397 3515 Commentario
3446 3459 3500 3512 in
3558 3458 3843 3528 Regulam.

2241 3551 2299 3607 S.
2327 3551 2626 3615 Benedicti,
2656 3565 2776 3621 pag.
2807 3551 2874 3604 10
2895 3558 2948 3605 et
2972 3549 3064 3604 24.

1545 3790 2730 4136 ,αΒΕΒΝΟΝξδ

1834 4171 2504 4287 LlBELLUS

915 4388 1022 4449 DE
1061 4388 1527 4462 QUIBUSDAM
1568 4391 1820 4453 BEBUS
1860 4391 1971 4453 AD
2012 4390 2273 4453 MISSE
2317 4393 2706 4458 OFFlClUM
2748 4394 3397 4458 PERTINENTIBUS.

1572 4549 1846 4622 [Bibliotlu
1872 4559 1973 4605 ret.
2005 4548 2157 4605 Patr.
2183 4560 2314 4607 tom.
2341 4551 2524 4619 XV'lll,
2557 4569 2679 4625 pag.
2709 4553 2824 4626 56.]

2074 4699 2290 4721 ..ι-ό

1055 4769 1284 4862 CAPUT
1321 4805 1609 4866 PRIMUM.

539 4887 779 4955 Qualiter
828 4893 1015 4961 priscis
1067 4896 1420 4968 apostolorum
1474 4900 1787 4968 temporibus
1835 4899 2114 4956 missarum

1052 4966 1318 5021 celebritas
1347 4966 1605 5038 ageretur.

606 5070 774 5141 Igitur
825 5072 876 5128 in
906 5075 1129 5128 exordio
1182 5078 1456 5133 nascentis
1486 5077 1740 5133 Ecclesiae
1769 5093 1874 5133 non
1912 5093 1977 5134 eo
2011 5093 2118 5148 quo

534 5176 677 5218 nunc
701 5163 860 5220 modo
883 5165 966 5219 vel
989 5167 1177 5222 ordine
1205 5182 1358 5223 sacra
1385 5169 1802 5224 celebrabantur
1830 5169 2114 5225 missarum

537 5251 820 5321 solemnia,
867 5265 1004 5312 teste
1049 5257 1212 5313 etiam
1257 5257 1570 5314 beatissimo
1621 5258 1880 5330 Gregorio
1933 5274 2069 5330 papa
2098 5302 2114 5326 ,

2147 4815 2201 4873 D
2226 4811 2440 4881 guinem
2476 4810 2697 4874 Christi,
2745 4810 3044 4866 orationem
3083 4807 3420 4867 Dominicam
3451 4809 3581 4867 fecit
3608 4812 3824 4868 deant

2223 4901 2348 4966 tari,
2375 4902 2514 4957 sicut
2537 4902 2603 4956 de
2624 4916 2688 4956 eo
2709 4902 2967 4972 seriptum
2995 4911 3108 4958 est:
3135 4901 3446 4958 Orationem
3470 4902 3800 4958 Dominicam

2222 4990 2346 5046 mox
2381 4999 2503 5062 post
2549 5004 2807 5046 canonem
2857 5005 3022 5062 super
3056 4991 3291 5047 hostiam
3320 4992 3534 5048 censuit
3557 4993 3797 5048 recitari.

2220 5080 2295 5136 De
2320 5081 2418 5136 hoc
2443 5091 2496 5137 et
2521 5081 2585 5136 de
2610 5081 2730 5136 aliis
2749 5098 2870 5137 cum
2893 5083 3150 5152 quosdam
3179 5097 3528 5138 murmurare
3557 5084 3797 5145 sentiret,

2218 5171 2474 5241 pissimus
2505 5170 2665 5227 Pater
2691 5172 2836 5227 inter
2857 5173 2961 5228 alia
3000 5188 3106 5228 non
3135 5173 3457 5242 dedignatus
3491 5181 3576 5228 est
3621 5171 3801 5240 hujus-

2220 5261 2362 5316 modi
2391 5262 2652 5317 rationem
2699 5263 2942 5328 reddere,
2995 5263 3180 5318 dicens
3213 5250 3573 5318 :Orationem
3610 5260 3795 5316 Domi-
