4072 5350
236 292 380 351 1051

1544 295 1634 352 DE
1667 287 1932 352 Ol‘FlCIO
1969 288 2214 345 IlSSrE.

3347 300 3488 356 {058

225 404 563 460 conveniens
595 403 771 465 visum
803 412 887 461 est
908 410 972 461 ἰιι
991 419 1228 477 precem,
1254 418 1418 476 quam
1440 402 1809 460 Scholastieus
1835 415 1882 475 Α
1910 401 2257 475 Evangelium
2287 405 2630 476 praedicatur.
2675 404 3056 465 Verumtamen
3077 420 3142 463 es
3168 408 3491 466 auctoritate

224 502 632 563 rotnposuerat,
678 508 841 564 super
862 494 1190 551 oblath
1215 495 1538 558 diceremus,
1561 502 1616 548 et
1641 492 1814 562 ipsam

225 582 601 651 traditionem,
659 597 824 654 quam
881 584 1212 654 Redemptor
1255 594 1442 640 noster
1490 582 1812 653 composuit,

225 687 391 743 super
416 672 535 741 ejus
563 688 761 743 corpus
783 681 840 728 et
858 674 1176 745 sanguinem
1200 689 1307 729 non
1331 663 1657 729 diceremus.
1704 670 1814 727 Sed

223 771 506 818 crescente
527 770 673 818 statu
704 762 977 833 religionis
1000 762 1159 817 simul
1190 764 1431 819 accrevit
1451 763 1619 819 decus
1642 761 1814 817 eccle-

223 850 430 907 siastici
470 850 714 907 honoris.
743 850 996 906 Attamen
1027 851 1207 921 ipsum
1241 866 1507 907 canonem
1532 865 1647 905 non
1674 862 1814 906 unus

223 939 372 997 solus
411 950 587 997 totum
632 942 957 1010 composuit,
984 942 1082 997 sed
1107 956 1208 1012 per
1234 950 1475 1012 tempora
1504 940 1650 995 aliud
1676 940 1815 997 altus

222 1032 547 1103 interposuit
568 1031 651 1086 vel
676 1030 894 1099 adjecit,
920 1034 1062 1089 sicut
1083 1035 1149 1090 de
1171 1034 1273 1089 hoc
1298 1034 1638 1089 sanctissimo
1669 1046 1810 1103 papa

223 1122 470 1194 legimus.
501 1122 559 1178 In
590 1136 798 1178 canone
817 1126 1101 1193 apposuit:
1142 1123 1365 1195 Diesque
1388 1134 1591 1178 nostra:
1635 1124 1691 1177 in
1718 1133 1811 1177 tua

223 1226 348 1279 pace
383 1210 627 1280 dispone,
656 1221 811 1281 atque
846 1212 912 1266 ab
947 1221 1142 1268 (eterna
1167 1213 1500 1266 damnatione
1535 1227 1630 1265 nos
1656 1212 1809 1280 eripi,

224 1310 273 1353 et
320 1302 377 1354 in
422 1300 706 1356 electorum
749 1311 959 1357 tuorum
979 1302 1170 1373 jubeas
1209 1318 1360 1372 grege
1401 1303 1687 1356 numerari.
1732 1301 1813 1356 De

221 1390 534 1446 Alexandro
554 1406 769 1462 quoque
789 1407 944 1463 papa,
970 1392 1062 1463 qui
1084 1408 1114 1445 a
1132 1390 1194 1445 Β.
1222 1392 1382 1447 Petro
1412 1392 1672 1461 septimus
1690 1399 1813 1446 erat

222 1482 275 1535 in
296 1481 516 1546 ordine,
542 1483 617 1536 ita
639 1482 894 1553 legimus:
917 1483 1014 1549 llic
1031 1483 1336 1554 passionem
1360 1482 1569 1537 Domini
1594 1482 1811 1536 miscuit

204 1572 275 1624 in
296 1572 611 1642 precatione
630 1574 990 1638 sacerdotum,
1014 1574 1229 1644 quando
1248 1571 1426 1627 missa:
1442 1571 1806 1627 celebrantur.

217 1659 329 1717 Leo
363 1678 503 1733 papa
532 1663 817 1718 constituit
841 1664 1057 1719 utintra
1083 1664 1350 1719 actionem
1376 1662 1631 1718 sacriticii
1664 1662 1809 1716 dice-

1914 499 2117 549 nnctae
2144 492 2400 548 Romana:
2424 493 2700 563 Ecclesia,
2728 505 2915 565 postea
2939 506 3026 552 est
3050 496 3401 552 constitutum
3431 505 3491 552 ιιι

1915 580 2258 649 responsoria
2326 591 2382 637 et
2446 584 2660 640 alleluia
2727 597 2990 641 canentur
3053 598 3179 642 ante
3238 594 3487 642 sanctum

1911 669 2282 741 Evangelium.
2337 671 2499 728 Iidem
2547 675 2711 730 etiam
2768 675 2824 730 in
2883 673 3144 749 Tolezano
3184 684 3492 733 statuerunt

1908 759 2143 816 concilio
2186 758 2369 832 (Cone.
2415 761 2579 825 Tolet.
2620 779 2696 831 tv,
2735 780 2786 821 c.
2824 764 2912 836 ll)
2948 774 3006 820 ut
3051 766 3283 837 hymnus
3326 766 3491 822 trium

1911 865 2202 923 puerorum
2245 854 2391 908 omni
2440 855 2717 912 Deminico
2743 858 2848 922 die,
2891 866 2948 913 et
2974 859 3029 913 in
3052 858 3487 914 solemnitatibus

1912 952 2211 1013 martyrum
2234 944 2288 998 in
2310 944 2519 1014 pulpito
2537 946 2882 1002 decantetur:
2905 948 3046 1017 quod
3065 957 3243 1003 tamen
3259 946 3489 1003 Romani

1912 1031 2135 1089 minime
2163 1031 2368 1089 faciunt
2395 1034 2499 1089 nisi
2524 1045 2717 1104 quater
2744 1036 2797 1091 in
2819 1052 2978 1099 anno,
3014 1038 3099 1093 his
3124 1037 3490 1093 Sabbatorum

1911 1122 2102 1181 diebus
2147 1126 2238 1194 qui
2269 1125 2684 1194 praetitulantur,
2728 1127 2782 1181 in
2825 1127 3105 1184 duodecim
3146 1128 3486 1184 lectionibus.

1915 1211 2230 1284 Symbolum
2279 1229 2491 1284 quoque
2538 1215 2661 1271 lidei
2690 1216 2969 1272 catholicae
2995 1227 3114 1287 post
3140 1219 3488 1289 Evangelium

1911 1303 2190 1368 recitatur,
2214 1313 2274 1358 ut
2298 1319 2395 1374 per
2418 1314 2665 1360 sanctum
2688 1306 3036 1375 Evangeliutn
3059 1310 3219 1363 corde
3239 1308 3493 1363 credatur

1911 1392 1977 1446 ad
2001 1391 2288 1460 justitiam,
2316 1409 2410 1464 per
2430 1395 2729 1465 symbolum
2743 1406 2921 1450 autem
2936 1411 3030 1451 ore
3040 1397 3309 1453 confessio
3324 1397 3418 1453 iiut
3433 1398 3488 1453 in

1910 1484 2139 1539 salutem
2153 1485 2170 1555 t'
2180 1484 2329 1538 Rom.
2345 1486 2421 1555 ι).
2435 1485 2587 1552 Quod
2602 1496 2777 1541 tamen
2792 1501 2896 1541 non
2910 1488 3202 1541 secunlum
3215 1487 3489 1541 Nicmuum

1910 1577 2219 1642 concilium,
2242 1578 2335 1632 sed
2354 1578 2646 1633 secundum
2667 1577 3126 1647 Constantinopoli
3136 1589 3316 1633 tanum
3339 1580 3491 1633 cani-

1912 1683 2031 1723 mus
2061 1670 2400 1723 translatum.
2427 1668 2667 1725 Concilio
2696 1685 2912 1740 quoque
2933 1670 3193 1726 Toletano
3229 1679 3491 1724 statutum

224 1762 406 1806 retur:
454 1752 711 1808 Sanctum
756 1754 1092 1822 sacriﬁcium,
1123 1764 1178 1808 et
1203 1762 1421 1809 caetera.
1450 1754 1653 1808 Deinde
1676 1752 1810 1809 Gre.
1839 1762 1883 1820 Β
1910 1766 1993 1810 est
2026 1756 2210 1826 (Coac.
2243 1756 2405 1811 Tolet.
2438 1774 2519 1822 ιιι,
2545 1774 2594 1812 c.
2622 1759 2732 1829 ll),
2761 1759 2812 1812 id
2834 1760 2978 1814 omni
3003 1760 3088 1814 die
3112 1759 3388 1815 Dominico
3409 1775 3494 1812 se-

210 1846 423 1915 gorius,
461 1847 656 1901 tertius
678 1845 915 1915 ejusdem
945 1847 1180 1902 nominis
1205 1863 1364 1918 papa,
1404 1847 1607 1902 faciens
1628 1856 1812 1901 orato-

223 1937 359 1990 rium
408 1937 463 1990 in
501 1937 723 1993 basilica
758 1939 933 1993 sancti
969 1938 1118 1993 Petri
1163 1938 1390 2009 apostoli
1439 1939 1492 1992 in
1542 1940 1808 1993 honorem

220 2025 461 2080 omnium
505 2037 842 2093 sanctorum,
881 2028 1194 2097 quotidiana
1228 2030 1514 2083 missarum
1545 2028 1809 2105 solemnia

219 2116 415 2172 ibidem
442 2119 723 2175 celebrare
746 2121 1061 2185 constituit,
1110 2121 1420 2190 pariterque
1450 2122 1502 2176 in
1542 2138 1749 2176 canone
1777 2136 1809 2175 a

220 2209 499 2265 sacerdote
538 2210 822 2266 dicendum
873 2213 1174 2267 ordinavit:
1221 2210 1455 2276 Quorum
1502 2211 1807 2266 solemnitas

216 2298 367 2354 hodie
392 2301 446 2355 in
472 2312 751 2369 conspectu
773 2313 880 2356 tute
906 2302 1192 2371 majestatis
1236 2301 1539 2363 celebratur,
1587 2301 1811 2357 Domine

220 2388 356 2443 Deus
385 2402 582 2457 noster,
609 2402 717 2444 toto
746 2393 799 2444 in
821 2391 941 2446 orbe
965 2401 1248 2446 terrarum.
1279 2390 1433 2457 Quod
1452 2391 1578 2461 quia
1600 2394 1811 2462 specia-

220 2474 342 2531 liter
365 2480 434 2533 ad
462 2480 608 2533 illam
641 2481 874 2550 pertinet
911 2480 1282 2535 celebritatem
1324 2496 1431 2535 non
1473 2490 1557 2536 est
1588 2482 1806 2550 cationi,

218 2567 306 2634 qui
332 2568 661 2637 generaliter
700 2569 915 2634 dicitur,
946 2570 1282 2625 adnotatum.
1332 2569 1458 2625 llaec
1487 2570 1552 2624 de
1577 2586 1804 2639 canone,

220 2658 387 2726 quiet
408 2659 556 2715 actio
581 2658 801 2725 dicitur,
826 2660 970 2714 dicta
993 2669 1151 2716 sunt:
1191 2673 1332 2714 nunc
1354 2659 1420 2714 de
1449 2660 1661 2715 caeteris
1688 2675 1808 2729 qua:

227 2749 479 2806 Dominus
509 2752 741 2816 dederit,
768 2752 1062 2806 videamus.
1088 2749 1417 2806 leestinus
1444 2765 1581 2821 papa
1607 2751 1811 2807 consti-

222 2839 320 2892 tuit
341 2848 400 2893 ut
420 2838 615 2908 psalmi
642 2840 809 2895 David
832 2850 1051 2895 centum
1072 2836 1460 2911 quinquaginta
1489 2852 1614 2895 ante
1635 2841 1805 2896 sacri-

224 2928 398 2982 licium
418 2927 793 2999 psallerentur
813 2930 867 2984 in
888 2930 1079 2985 ordine
1105 2931 1525 2999 antiphonarum
1549 2947 1614 2987 ex
1636 2932 1805 2989 ontniv

225 3018 338 3086 bus,
381 3019 530 3090 quod
574 3031 732 3075 antea
775 3037 883 3076 non
930 3023 1113 3088 ﬂebat,
1162 3023 1265 3087 nisi
1313 3031 1517 3078 tantum
1563 3024 1802 3094 Epistula

1910 1848 2145 1903 cundum
2192 1862 2395 1903 morem
2426 1848 2768 1913 orientalium
2818 1848 3168 1904 ecclesiarum
3191 1847 3492 1903 decantari.

1977 1938 2158 2009 Agnus
2208 1938 2327 2003 Dei,
2384 1939 2436 1993 in
2468 1938 2836 1994 conl‘t'actione
2880 1941 3121 2008 corporis
3178 1938 3410 2003 Domini,
3460 1955 3492 1993 a

1910 2030 2058 2085 clero
2078 2041 2132 2086 et
2152 2048 2181 2084 a
2208 2032 2404 2101 populo
2428 2031 2650 2101 Sergius
2673 2047 2810 2102 papa
2843 2032 2948 2086 dici
2980 2031 3492 2086 eonstitnit..0ll'er-

1910 2123 2126 2185 torium,
2168 2126 2311 2192 quod
2340 2124 2483 2177 inter
2514 2122 2848 2177 olferendum
2885 2131 3154 2185 cantatur,
3178 2122 3426 2192 quamvis
3456 2137 3487 2175 a

1907 2213 2107 2282 prioris
2144 2213 2321 2282 pepuli
2352 2212 2740 2268 consuetudine
2788 2212 2843 2265 in
2873 2228 3028 2265 usum
3057 2211 3491 2266 Christianarum

1909 2292 2121 2358 venisse
2166 2303 2395 2370 dicatur,
2457 2313 2631 2360 tamen
2680 2302 2810 2373 quid
2864 2302 3174 2372 specialiter
3227 2302 3494 2357 addiderit

1909 2403 2093 2463 aperte
2123 2408 2231 2447 non
2267 2394 2525 2465 legimus;
2556 2393 3007 2462 quemadmodum
3044 2394 3110 2448 de
3136 2393 3225 2448 illo
3252 2393 3495 2463 angelico

1910 2486 2132 2555 hymno,
2154 2483 2401 2548 Sanctus,
2426 2485 2674 2549 Sanctus,
2702 2483 2947 2547 Sanctus,
2993 2484 3073 2539 vel
3117 2485 3184 2539 de
3225 2483 3313 2538 illa
3354 2486 3495 2538 anti-

1906 2575 2084 2642 phona
2108 2589 2227 2643 qua:
2252 2583 2373 2643 post
2402 2574 2833 2627 communionem
2857 2573 3074 2636 dicitur,
3118 2571 3271 2625 lateri
3299 2584 3490 2640 possu—

1908 2676 2052 2727 mus,
2072 2678 2194 2716 cum
2213 2662 2476 2717 veraciter
2491 2663 2634 2716 credi
2652 2662 2840 2730 possit,
2870 2662 3078 2731 priores
3091 2671 3306 2715 sanctos
3319 2659 3491 2714 silen-

1910 2753 1986 2806 tio
2008 2752 2272 2807 obtulisse
2295 2752 2376 2807 vel
2405 2752 2856 2815 communicasse,
2883 2753 3024 2821 quod
3048 2751 3210 2805 etiam
3233 2751 3494 2805 hacienus

1907 2844 1962 2898 in
1994 2844 2231 2899 Snbbalo
2251 2845 2310 2898 S.
2330 2844 2557 2899 Pascha:
2578 2843 2810 2899 solemus
2829 2846 3119 2899 observare
3142 2858 3157 2897 :
3182 2856 3491 2913 quanquam

1905 2949 2013 2989 non
2056 2934 2233 2990 desint
2277 2936 2367 3004 qui
2416 2935 2680 2991 allirment
2711 2936 2925 2990 Xistum
2979 2950 3190 3006 papam,
3244 2937 3494 3005 supradi-

1907 3036 2048 3079 ctum
2072 3025 2350 3096 hymnum,
2374 3023 2620 3091 Sanctus,
2640 3025 2887 3091 Sanctus,
2913 3022 3247 3090 Sanctus,“
3271 3023 3493 3080 missam

228 3109 285 3164 li.
313 3111 461 3167 Pauli
493 3113 844 3179 recitabatur,
895 3121 952 3168 et
992 3122 1240 3168 sanetum
1265 3114 1634 3184 Evangelium.
1661 3114 1808 3170 Lita-
1831 3108 1878 3172 C
1908 3115 2199 3169 addidisse.
2244 3114 2441 3170 Verum
2468 3114 2525 3169 in
2564 3116 2650 3170 bis
2686 3115 2938 3176 omnibus
2967 3122 3052 3169 est
3075 3113 3495 3193 attendendum,

227 3207 342 3274 nim,
364 3208 416 3267 id
439 3217 528 3264 est
550 3206 598 3261 Κ
601 3207 714 3278 yrie
732 3207 944 3274 eleison,
967 3205 1171 3262 Christe
1191 3206 1404 3271 eleiron,
1427 3222 1547 3278 qua:
1572 3222 1812 3278 sequun-

228 3302 327 3363 tur,
359 3313 390 3353 a
416 3297 732 3354 Graecorum
762 3312 862 3353 usu
900 3306 1128 3368 sumpta:
1169 3298 1487 3353 creduntur.
1520 3297 1810 3354 Orationes

229 3397 426 3453 autem,
451 3403 590 3458 quas
610 3387 874 3443 Collectas
901 3389 1150 3453 dicimus,
1182 3404 1211 3442 a
1242 3388 1471 3443 diversis
1498 3387 1810 3443 auctoribus

222 3479 530 3548 compositae
554 3479 868 3545 creduntur,
908 3495 940 3534 a
976 3478 1192 3535 Gelasio
1220 3479 1450 3550 praesule
1479 3478 1725 3535 Romano
1752 3487 1810 3535 et

227 3563 381 3627 beato
406 3568 670 3640 Gregorio
694 3583 852 3640 papa.
880 3568 1031 3624 Unde
1056 3577 1112 3624 et
1134 3568 1187 3623 in
1212 3567 1333 3623 Vita
1356 3569 1523 3638 ipsius
1545 3567 1804 3639 legimus:

231 3655 331 3711 Sed
359 3668 411 3714 et
437 3659 786 3716 Gelasianum
836 3661 1075 3714 codicem
1107 3659 1174 3713 de
1212 3658 1499 3715 missarum
1532 3659 1810 3715 solemniis

230 3745 387 3801 multa
408 3749 759 3813 subtrahens,
788 3762 956 3818 pauca
971 3756 1312 3813 convertens,
1344 3747 1599 3803 nonnulla
1614 3764 1805 3819 super-

232 3836 499 3907 adjiciens,
536 3840 590 3895 in
618 3842 777 3897 unius
800 3840 964 3901 libelli
990 3840 1266 3895 volumine
1304 3840 1620 3895 coarctavit.
1654 3832 1809 3907 Quod

231 3929 470 3986 volumen
495 3933 693 3987 librum
717 3931 1194 3987 Sacramentornm
1216 3930 1583 4001 pmtitulavit.
1609 3929 1675 3984 Et
1700 3930 1809 3984 l'or-

233 4026 367 4074 tasse
381 4022 572 4091 primis
590 4023 918 4092 temporibus
935 4022 1100 4077 solius
1118 4020 1271 4075 Pauli
1289 4019 1541 4092 Epistolu:
1557 4019 1809 4092 legeban-

234 4119 337 4176 tur,
365 4114 706 4182 postmodum
736 4113 1055 4169 intermistze
1084 4113 1203 4168 alite
1224 4112 1485 4168 lectiones
1516 4122 1661 4179 sunt,
1700 4127 1816 4166 non'

238 4207 438 4256 tantum
494 4205 560 4258 de
611 4202 759 4257 Novo
813 4217 998 4258 verum
1050 4204 1214 4262 etiam
1269 4204 1335 4259 de
1388 4203 1588 4267 Veteri,
1647 4200 1819 4273 prout'

238 4292 625 4349 solemnitatum
646 4295 782 4351 ordo
804 4298 1079 4366 poscebat,
1106 4296 1474 4351 Testamento.
1502 4294 1601 4350 Ubi
1624 4304 1811 4349 notan-

239 4382 379 4450 dum,
424 4396 483 4441 ut
526 4387 667 4442 sicut
694 4397 942 4442 sanetum
970 4386 1313 4457 Gregorium,
1354 4386 1659 4454 quicunque
1707 4385 1808 4439 has

1909 3204 2037 3274 quia
2083 3204 2221 3259 sicut
2275 3205 2702 3273 sapientissimus
2753 3219 2890 3274 papa
2944 3202 3238 3274 Gregorius
3294 3203 3491 3257 librum

1912 3293 2385 3351 Sacramentorum
2434 3295 2843 3364 diligentissime
2885 3295 2971 3350 ad,
2995 3295 3238 3355 veritatis
3294 3294 3493 3350 lineam

1911 3389 2166 3449 correxit,
2217 3387 2290 3440 ita
2342 3387 2559 3449 musica:
2601 3386 2839 3457 quoque.
2866 3386 3247 3441 modulationis
3277 3385 3493 3442 harmo-

1908 3475 2055 3530 niam
2092 3475 2226 3530 satis
2263 3475 2467 3530 utiliter
2501 3475 2803 3544 composuit
2840 3489 2905 3529 ac
2940 3476 3229 3529 ordinavit.

2535 3562 2762 3618 CAPUT
2800 3562 2862 3617 ll.

2372 3652 2447 3707 De
2480 3651 2662 3722 gloria
2712 3652 2769 3706 in
2803 3651 3039 3708 excelsis.

1979 3741 2131 3797 Nune
2154 3742 2325 3812 stylus
2351 3743 2418 3796 ad
2441 3744 2755 3796 movendam
2782 3745 3129 3812 quaestionem
3153 3757 3271 3798 sese
3296 3752 3490 3806 vertat,

1909 3835 1978 3888 ad
2006 3847 2167 3902 quam
2215 3840 2358 3887 totus
2385 3830 2646 3886 hactenus
2677 3845 2858 3885 sermo
2903 3831 3117 3886 habitus
3158 3832 3491 3895 intendebst,

1907 3923 2159 3977 videlicet
2183 3936 2281 3976 cur
2305 3935 2410 3976 non
2441 3921 2601 3976 liceat
2620 3919 2768 3981 omni
2806 3919 2892 3977 die
2919 3921 3198 3977 Dominico
3225 3921 3309 3977 \el
3335 3933 3491 3974 nata.

1908 4013 2039 4070 litiis
2078 4023 2385 4069 sanctorum
2420 4012 2764 4084 presbyteros
2801 4011 2948 4067 illum
2985 4012 3240 4083 hymnum
3273 4027 3491 4076 canere,

1907 4119 2069 4175 quem
2114 4114 2240 4159 nato
2267 4103 2323 4157 in
2356 4116 2519 4156 carne
2542 4102 2770 4157 Domino
2796 4102 2969 4173 angeli
3016 4102 3282 4165 cecinere,
3308 4100 3492 4156 dicet.-

1909 4205 2031 4278 tes;
2060 4194 2242 4251 Gloria
2280 4197 2336 4250 in
2360 4196 2572 4251 excelsis
2601 4195 2731 4261 Deo,
2759 4205 2864 4252 etc.
2906 4197 3061 4263 Quod
3090 4198 3135 4251 si
3176 4212 3492 4252 (Otlccssutll

1910 4298 1993 4344 est
2016 4287 2165 4342 illum
2195 4297 2418 4342 cantare
2447 4288 2501 4341 in
2528 4286 2735 4343 Pascha
2783 4288 3075 4342 secundum
3121 4287 3497 4356 practitulatio-

1913 4393 2037 4434 nem
2073 4377 2325 4444 Missalis,
2354 4394 2460 4434 non
2490 4378 2660 4434 multo
2692 4379 2870 4435 minus
2900 4378 3106 4432 licitum
3142 4387 3271 4448 puto
3305 4379 3357 4433 in
3388 4379 3495 4432 Na.

237 4473 314 4529 vel
340 4476 435 4533 has
459 4479 758 4535 cantilenas
777 4474 1309 4548 compesuissetlibri
1332 4476 1802 4532 Sacramentorun
1836 4459 1884 4518 1)
1912 4472 2116 4529 tivitate
2168 4470 2399 4537 Domini,
2447 4472 2660 4539 quando
2704 4470 2935 4541 primum
2986 4471 3152 4540 coepit
3195 4472 3370 4531 audiri
3425 4474 3495 4527 ab

239 4570 290 4615 et
322 4563 769 4638 Antiphonarum,
807 4568 877 4621 ita
904 4575 959 4622 et
982 4566 1197 4621 beatum
1222 4565 1609 4635 Hieronymum
1634 4565 1807 4619 credi-

241 4665 350 4708 mus
372 4658 733 4713 ordinatorem
754 4656 1102 4721 Lectionarii,
1129 4655 1367 4726 utipsius
1389 4664 1617 4709 testatur
1629 4656 1804 4723 prolo-

241 4753 332 4808 gus
369 4741 640 4816 appositus
678 4748 732 4802 in
760 4748 936 4818 capite
982 4745 1221 4816 ejusdem
1264 4743 1488 4800 Comitis
1535 4745 1638 4816 (sic
1680 4760 1804 4800 eum

244 4835 552 4910 appellavit).
600 4839 792 4894 Postea
835 4854 956 4894 cum
986 4839 1260 4911 gradualia
1308 4846 1362 4894 et
1403 4838 1616 4894 alleluia
1664 4839 1806 4894 inter

246 4928 574 4989 apostolicam
604 4939 659 4985 et
687 4930 1051 5003 evangelicum
1079 4929 1368 4987 lectionem
1397 4940 1677 5000 coeperunt
1696 4929 1805 4985 fre-

242 5018 492 5083 qnentari,
520 5018 740 5089 Hispani
763 5022 917 5091 quasi
944 5022 1180 5076 novitate
1210 5022 1286 5076 rei
1315 5020 1547 5091 perculsi
1578 5022 1802 5076 multum

1908 4561 2220 4616 hominibus
2249 4562 2303 4614 in
2330 4561 2489 4616 terris
2520 4559 2753 4631 qualLter
2780 4560 2847 4615 ab
2876 4561 3080 4631 angelis
3107 4561 3403 4616 cauebatur
3436 4561 3491 4614 in

1905 4654 2078 4710 caelis.
2118 4653 2401 4708 Proferam
2430 4653 2858 4708 contradictores
2897 4654 2950 4706 in
3012 4653 3243 4709 medium
3277 4651 3494 4705 ubinam

1907 4745 2030 4798 sita
2062 4744 2263 4799 sanctis
2291 4743 2564 4807 Patribus,
2600 4742 2683 4797 vel
2727 4744 2797 4798 ab
2842 4744 2956 4813 ipso
2991 4743 3279 4797 sanctissii
3302 4754 3336 4793 ο
3358 4753 3495 4808 [ηιμ

1908 4832 2168 4906 Gregorio
2207 4834 2578 4899 interdictum,
2608 4841 2665 4888 et
2690 4832 2736 4889 si
2777 4836 2844 4887 ad
2883 4838 2997 4887 lucc
3027 4847 3221 4900 uspon
3246 4834 3352 4883 'e.'e
3391 4843 3498 4882 non

1908 4926 2169 4992 valemus,
2211 4925 2405 4979 merito
2435 4939 2626 4979 manus
2650 4924 2861 4978 damus.
2898 4922 3159 4989 Quisquis
3201 4919 3349 4975 enim
3390 4918 3504 4972 vult

1910 5031 1974 5071 ex
2004 5031 2172 5071 sacrm
2208 5015 2503 5086 Scriptura:
2541 5016 2861 5068 auctoritate
2902 5010 3106 5078 aliquid
3154 5008 3420 5065 continua
3449 5023 3507 5071 e,
