4072 5350
567 120 592 176 l
604 120 706 178 059

1640 123 1979 182 BERNONIS
2016 127 2309 186 ABBATIS
2346 130 2707 191 AUGIENSIS

3675 154 3809 210 ωδο

561 256 654 308 illo
679 254 929 324 capitulo.
972 255 1077 309 Sed
1099 269 1217 309 cum
1241 263 1484 308 sanctum
1521 241 1836 325 Gregorium
1867 274 2110 327 nusquan

2233 242 2392 335 paulo
2420 255 2568 312 post:
2605 246 2754 301 Sicut
2805 250 2965 320 igitur
3003 254 3296 323 orationes,
3349 259 3424 314 ita
3474 272 3529 316 et
3579 264 3810 335 hymnos

561 343 801 410 legamus
825 341 996 410 ipsum
1032 342 1284 411 hymnum
1322 342 1681 407 iuterdixisse,
1723 344 1879 398 liceat
1921 356 2131 401 nostros

556 448 768 504 quoque
799 442 961 488 testes
994 434 1213 488 idoneos
1239 435 1600 498 introducere,
1632 451 1738 503 quo
1768 452 1951 490 eorum
1983 439 2132 493 testi-

556 524 736 577 monio
765 524 932 592 possit
961 524 1196 592 probari,
1230 535 1534 577 utrumnam
1564 525 1686 591 jure
1715 527 1906 582 debeat
1940 530 2124 583 decan-

555 613 680 666 tari.
721 613 856 667 Nam
900 629 1021 667 cum
1059 616 1315 683 scriptum
1366 616 1435 668 sit
1467 615 1560 668 :ln
1609 631 1706 671 ore
1758 618 1984 673 duorum
2037 629 2131 674 aut

554 703 715 756 trium
764 703 979 757 testium
1026 712 1133 758 stat
1178 719 1336 758 omne
1385 704 1604 759 verbum
1661 706 1877 776 (Matth.
1927 710 2125 778 xvm),

455 831 458 853 ς
551 790 702 857 prius
729 790 996 858 proferam
1039 789 1190 853 duos,
1221 791 1411 844 deinde
1441 793 1657 848 multos.
1697 794 1942 862 Denique
1967 795 2123 850 Tele-

553 882 786 950 sphorus
812 896 970 950 papa,
1001 895 1031 933 a
1072 880 1230 934 beato
1274 879 1432 935 Petro
1478 892 1721 947 octavus,
1757 883 2034 937 constituit
2071 894 2127 940 ut

550 980 678 1025 ante
715 969 1041 1024 sacriﬁcium
1087 971 1318 1040 hymnus
1361 971 1630 1025 diceretur
1675 973 1968 1041 angelieus,
2024 975 2126 1029 hoc

449 1055 466 1134 ζ
549 1065 634 1112 est
675 1075 688 1110 :
722 1055 901 1111 Gloria
940 1058 994 1110 in
1032 1057 1250 1110 excelsis
1296 1057 1426 1111 Deo.
1485 1057 1724 1124 Qualiter
1765 1061 1880 1129 ejus
1935 1062 2125 1116 debeat

445 1137 461 1214 ξ
548 1144 692 1199 credi
736 1145 1058 1211 testimonio,
1092 1153 1322 1198 testatur
1349 1147 1660 1216 martyrium
1702 1148 1844 1218 quod
1872 1149 2126 1204 sustinuit

446 1289 449 1293 _
546 1249 646 1303 pro
688 1234 934 1289 Domino.
987 1233 1060 1287 De
1103 1235 1424 1319 Symmacho
1468 1249 1680 1304 quoque
1726 1252 1859 1306 papa
1895 1238 1968 1292 ita
1999 1239 2124 1310 legi-

547 1339 703 1378 mus:
745 1323 844 1377 Hic
871 1323 1152 1378 constituit
1178 1332 1237 1377 ut
1265 1324 1408 1376 omni
1440 1324 1524 1377 die
1555 1324 1828 1380 Dominica
1861 1328 2125 1382 velqiata-

546 1419 674 1475 litiis
699 1428 991 1492 martyrum
1021 1419 1200 1474 Gloria
1241 1419 1297 1472 in
1329 1417 1543 1472 excelsis
1568 1419 1799 1490 hymnus
1826 1421 2115 1477 diceretur.

543 1509 708 1579 Cujus
731 1509 1034 1564 sanctitatis
1061 1509 1144 1562 vir
1165 1509 1265 1563 iste
1292 1507 1474 1573 fuerit,
1504 1509 1568 1564 de
1605 1509 1760 1563 bonis
1801 1508 1916 1578 ejus
1947 1512 2121 1580 operi-

2231 331 2284 383 in
2324 331 2533 386 laudem
2585 336 2677 389 Dei
2722 342 3067 408 compositos,
3106 345 3284 401 nullus
3327 331 3636 407 nostrorum
3672 357 3806 412 ulte-

2232 419 2343 520 rius
2389 421 2675 520 improbet,
2712 427 2827 520 sed
2858 429 2971 496 pari
3015 433 3174 520 modo
3219 435 3391 491 Gallia
3443 437 3520 510 [in
3551 441 3807 520 Gallicis]

2235 506 2598 578 Hispaniaque
2645 512 2934 580 celebrent,
2990 517 3204 588 sintque
3251 506 3806 591 excommunicationi;

2229 597 2498 667 plectendi
2546 601 2636 670 qui
2676 602 2905 672 hymnos
2943 605 3164 675 rejicere
3213 611 3413 669 fuerint
3457 621 3599 674 ausi.
3653 623 3807 681 Unde

2227 697 2444 744 sanctus
2495 689 2656 746 Pater
2701 694 3022 752 Benedictus
3045 699 3197 768 jubet
3241 718 3338 758 nos
3392 713 3691 767 monachos
3735 717 3803 770 ad

2225 791 2415 834 omnes
2444 782 2715 851 regulares
2745 800 2936 841 cursus
2970 789 3248 846 celebrare
3277 795 3508 864 hymnos
3545 816 3686 869 quos
3713 804 3802 858 ille

2226 879 2383 924 vocat
2436 873 2850 932 Ambrosianus.
2895 877 2974 931 Ad
3007 881 3121 935 ham
3150 891 3328 951 potest
3353 886 3550 955 aliquis
3581 891 3800 958 dicere,

2227 967 2352 1013 tunc
2382 963 2638 1030 temporis
2659 963 2840 1020 Gallos
2863 975 2919 1021 et
2966 967 3228 1038 Hispanos
3272 971 3325 1026 in
3357 976 3644 1032 missarum
3676 994 3802 1033 sua-

2225 1061 2342 1099 rum
2367 1047 2676 1104 celebritate
2691 1053 2926 1107 nondum
2952 1054 3210 1112 habuisse
3234 1073 3387 1114 usum
3411 1073 3614 1118 sancta:
3636 1064 3794 1120 Rom.

2222 1135 2496 1192 Ecclesia}.
2526 1139 2678 1206 Quod
2709 1153 2766 1197 et
2791 1159 2890 1199 nos
2917 1156 3020 1200 nan
3060 1162 3343 1219 negamus.
3397 1151 3655 1209 Testatur
3699 1158 3798 1212 hoc

2222 1227 2387 1282 abbas
2409 1227 2746 1297 Hilduvinus,
2777 1233 2861 1286 vir
2901 1234 2954 1288 in
2993 1236 3171 1290 divina
3199 1238 3318 1308 lege
3343 1243 3588 1311 apprime
3612 1247 3795 1302 erudi-

2224 1322 2329 1381 tus,
2355 1317 2405 1370 in
2431 1332 2493 1372 ea
2515 1320 2736 1388 epistola
2761 1337 2922 1390 quam
2943 1325 3010 1378 ad
3050 1326 3380 1384 Ludovicum
3413 1333 3795 1402 imperatorem

2220 1404 2418 1461 direxit
2443 1422 2540 1476 pro
2563 1411 2812 1478 passione
2837 1424 3147 1470 sanctorum
3193 1429 3489 1490 martyrum
3543 1422 3786 1495 Dionysii

2221 1503 2275 1548 et
2307 1497 2572 1552 sociorum
2599 1498 2736 1568 ejus,
2761 1501 2848 1555 ubi
2877 1502 3016 1558 inter
3041 1505 3143 1558 alia
3183 1522 3301 1576 quae
3344 1525 3454 1564 suae
3485 1515 3791 1570 narrationi

543 1577 784 1671 1,",qu
805 1601 949 1665 fecit,
983 1617 1046 1656 ει
1070 1600 1206 1655 libro
1237 1600 1575 1670 Dialogorum
1606 1601 1782 1670 legere
1815 1577 2116 1659 ἱέοιεηίίιηις,
2149 1577 2192 1636 Β
2223 1587 2542 1643 videbantur
2562 1605 2798 1661 congrua
2844 1593 2957 1649 haec
3005 1595 3227 1665 adjecit:
3255 1601 3351 1655 Cui
3398 1605 3682 1674 astipulari
3715 1609 3789 1662 vi-

543 1688 676 1742 satis
719 1687 958 1758 liquebit.
1017 1688 1113 1743 Ubi
1170 1687 1356 1742 beatus
1401 1703 1538 1758 papa
1590 1689 1880 1760 Gregorius
1929 1702 2116 1747 narrat

543 1779 686 1847 quod
729 1779 943 1849 quidam
992 1778 1312 1834 Paschasius
1360 1790 1561 1834 sancta:
1589 1779 1842 1835 Romanae
1866 1782 2116 1838 Ecclesia:

541 1871 821 1935 diaconus,
873 1886 992 1926 cum
1044 1871 1176 1925 tanti
1228 1871 1405 1925 meriti
1462 1872 1600 1942 apud
1640 1872 1804 1927 Deum
1861 1884 2006 1930 esset
2059 1885 2118 1930 ut

541 1959 755 2026 quidam
786 1959 1144 2014 dtemoniacus
1163 2001 1175 2022 ,
1202 1960 1486 2030 tacta,ejus
1514 1971 1633 2031 post
1667 1972 1893 2018 mortem
1917 1965 2119 2021 dahna-

540 2048 667 2111 tica,
701 2062 731 2100 a
757 2049 997 2104 daemone
1019 2049 1091 2104 sit
1116 2049 1372 2106 liberatus
1398 2068 1411 2104 :
1446 2060 1621 2106 tamen
1651 2054 1775 2121 quia
1802 2054 1934 2108 tanti
1978 2071 2114 2125 pono

479 2154 487 2166 -
541 2135 702 2192 tiﬁcis
728 2137 1052 2192 ordinationi
1094 2139 1310 2205 restitit,
1357 2140 1569 2196 cuidam
1609 2141 1857 2213 religioso
1899 2145 2016 2200 viro
2059 2145 2114 2200 in

537 2227 860 2297 purgatoriis
905 2229 1079 2299 plenis
1121 2230 1480 2298 constitutus,
1533 2247 1639 2287 non
1689 2249 1784 2305 per
1823 2235 2114 2302 somnium,

535 2319 632 2375 sed
687 2312 967 2374 visibililer
1013 2320 1280 2388 apparuit,
1341 2335 1406 2376 ac
1457 2334 1556 2390 pro
1611 2337 1716 2391 qua
1781 2322 1934 2392 culpa
2004 2325 2117 2378 haec

534 2418 813 2478 pateretur
859 2409 1108 2464 innotuit.
1169 2409 1308 2465 Ecce
1365 2411 1430 2466 de
1481 2411 1584 2466 hoc
1637 2412 1833 2482 hymno
1878 2413 2116 2484 angelico

535 2499 643 2554 duo
691 2510 852 2556 testes
904 2500 1107 2554 inventi
1154 2509 1276 2555 sunt
1320 2501 1516 2568 idonei,
1565 2502 1658 2570 qui
1700 2518 1728 2557 a
1771 2503 2007 2568 nemine,
2057 2513 2116 2558 ut

532 2596 683 2656 puto,
720 2596 945 2658 possunt
989 2587 1178 2642 refelli.
1226 2587 1375 2655 Quod
1415 2590 1459 2645 si
1505 2590 1680 2645 adhuc
1732 2593 2111 2662 tertius'qute-

533 2677 694 2742 ritur,
741 2693 845 2731 non
884 2676 995 2746 jam
1027 2679 1202 2743 unius,
1234 2679 1327 2734 sed
1357 2680 1632 2749 sexaginta
1659 2680 2031 2749 episcoporum
2059 2680 2113 2734 in

534 2767 769 2823 medium
796 2769 1009 2838 profero
1039 2771 1420 2835 testimonium,
1445 2771 1534 2838 qui
1558 2770 1610 2824 in
1629 2779 1825 2840 quarto
1853 2770 2113 2826 Toletauo

536 2859 765 2914 concilto
795 2857 932 2930 (Tol.
961 2876 1106 2914 conc.
1137 2877 1206 2930 n,
1237 2878 1358 2934 pag.
1392 2861 1538 2931 750),
1580 2862 1631 2915 in
1659 2863 1874 2916 nomine
1903 2863 2110 2916 Domini

537 2950 866 3020 congregati,
902 2961 1007 3004 tam
1034 2966 1195 3020 super
1225 2952 1325 3006 hoc
1353 2967 1514 3020 quam
1565 2946 1730 3022 super
1765 2953 1887 3008 aliis
1927 2953 2110 3022 hujus-

537 3039 681 3093 modi
713 3039 925 3110 hymnis
949 3039 1416 3108 promulgaverunt
1449 3041 1721 3095 decretum
1757 3056 1880 3110 cap.
1909 3040 1992 3094 12.
2035 3041 2110 3094 De

535 3128 769 3198 hymnis,
801 3127 1068 3198 inquiunt,
1114 3131 1277 3183 etiam
1322 3131 1577 3184 canendis
1621 3139 1676 3184 et
1720 3129 2015 3184 Salvatoris
2053 3138 2109 3184 et

536 3218 895 3288 apostolorum
942 3219 1200 3274 habemus
1247 3220 1568 3288 exemplum.
1605 3218 1737 3273 Nam
1767 3228 1822 3274 et
1856 3219 1968 3288 ipse
1999 3218 2107 3272 Do-

535 3312 712 3366 minus
742 3311 996 3381 hymnum
1018 3311 1217 3365 dixisse
1248 3312 1576 3380 perhibetur,
1608 3309 1854 3365 Matthaeo
1879 3325 2108 3380 evange-

535 3399 656 3453 lista
702 3408 931 3453 testante
959 3415 972 3451 :
1005 3398 1070 3452 Et
1102 3399 1290 3468 hymno
1315 3399 1474 3462 dicto,
1506 3399 1740 3452 exierunt
1782 3399 1835 3450 in
1881 3408 2105 3451 montem

537 3491 722 3545 Oliveti
758 3490 968 3562 (Matth.
1002 3492 1149 3561 xxv).
1189 3491 1256 3545 Et
1279 3491 1477 3545 Paulus
1505 3491 1775 3560 apostolus
1820 3489 1890 3543 ad
1925 3489 2104 3559 Ephe-

535 3582 643 3636 sios
690 3582 1026 3651 subscripsit,
1071 3581 1253 3636 dicens
1289 3599 1302 3634 :
1334 3581 1628 3651 Implemt'ni
1659 3581 1856 3650 Spiritu
1903 3590 2102 3644 sancto,

534 3671 796 3739 loquentes
820 3671 1185 3740 nobismetipsis
1223 3671 1274 3724 in
1297 3671 1509 3740 psalmis
1530 3682 1575 3725 et
1596 3670 1798 3739 hymnis
1819 3681 1865 3724 et
1892 3670 2104 3723 canticis

533 3761 888 3830 spiritualibus
919 3761 1130 3830 (Ephes.
1163 3760 1236 3829 v).
1262 3761 1327 3814 Et
1345 3761 1472 3830 quia
1495 3762 1787 3814 cernebant
1823 3758 2105 3814 nonnullos

533 3851 588 3906 in
616 3850 852 3906 Ecclesia
882 3865 974 3906 eos
1004 3852 1228 3921 hymnos
1265 3864 1536 3919 Spernere.
1574 3851 1662 3919 qui
1687 3851 1921 3905 humano
1952 3849 2101 3918 inge-

533 3943 624 3998 nio
648 3942 962 3998 videbantur
989 3943 1041 3996 in
1070 3942 1278 3996 laudem
1313 3941 1674 4010 apostolorum
1713 3951 1767 3995 et
1805 3950 2101 4011 martyrum

535 4035 832 4103 triumphos
878 4033 1156 4102 compositi
1200 4046 1356 4096 esse,
1406 4033 1752 4086 vehementer
1809 4031 2105 4102 arguebant

531 4137 626 4176 eos
664 4121 964 4190 hujusmodi
1005 4121 1203 4184 verbis,
1243 4120 1522 4176 dicentes:
1553 4119 1826 4190 Respuaut
1861 4130 1916 4174 et
1955 4114 2100 4174 illuin

533 4227 664 4282 ergo
699 4214 765 4266 ab
805 4212 1108 4267 hominibus
1143 4213 1516 4281 compositum,
1548 4227 1706 4281 quem
1749 4212 1986 4280 quotidie
2010 4228 2102 4282 pu-

533 4303 672 4356 blico
701 4302 1015 4371 privatoque
1035 4301 1208 4358 oﬁicio
1251 4302 1305 4356 in
1348 4302 1451 4356 ﬁne
1483 4302 1720 4356 omnium
1771 4301 2095 4370 psalmorum

534 4391 1003 4457 dicimus:Gloria,
1025 4393 1190 4447 honor
1211 4390 1359 4446 Patri
1378 4403 1425 4446 et
1451 4391 1588 4446 Filio
1606 4402 1652 4446 et
1676 4391 1897 4462 Spiritui
1916 4403 2097 4446 sancto

533 4485 590 4536 in
613 4481 805 4536 sa’cula
831 4481 1158 4536 sazculorum.
1187 4481 1366 4536 Amen.
1403 4481 1506 4536 Pro
1543 4497 1648 4550 quo
1699 4498 1797 4536 nos
1817 4483 2091 4537 canimus:

533 4569 714 4626 Gloria
744 4569 895 4624 Patri
908 4581 954 4624 et
973 4569 1021 4624 F
1025 4569 1114 4624 ilio
1135 4581 1180 4625 et
1209 4570 1428 4640 Spiritui
1447 4582 1628 4625 sancto
1651 4588 1812 4642 usque
1834 4574 1886 4624 in
1910 4573 2090 4640 ﬁnem.

534 4663 601 4716 Et
643 4671 762 4732 post
815 4663 929 4717 hazc
977 4661 1234 4716 inferunt.
1282 4659 1412 4714 Nam
1448 4668 1504 4714 et
1540 4660 1632 4714 ille
1680 4661 1910 4731 hymnus
1936 4677 2096 4730 quem

499 4763 660 4808 anato
687 4754 740 4808 in
777 4766 940 4807 carne
989 4751 1206 4807 Christo
1243 4749 1414 4821 angeli
1450 4750 1790 4805 cecinerunt:
1833 4747 2012 4804 Gloria
2041 4752 2097 4804 in

533 4846 752 4900 excelsis
779 4844 908 4911 Deo,
929 4854 977 4899 et
1004 4845 1057 4898 in
1080 4855 1218 4899 terra
1237 4858 1342 4914 pax
1363 4841 1654 4896 hominibus
1683 4842 1830 4895 bona:
1857 4841 2095 4896 volunta-

533 4940 622 5002 tis,
649 4938 922 5006 angelicus
940 4947 1040 4992 est.
1070 4935 1294 5005 Reliqua
1333 4948 1453 5004 quae
1479 4931 1549 4987 ibi
1598 4942 1896 5000 sequuntur
1921 4931 2093 4985 eccle~

533 5029 736 5082 siastiei
751 5028 997 5082 doctores
1017 5033 1455 5096 composuerunt.
1480 5022 1620 5091 Ergo
1659 5038 1758 5077 nec
1779 5021 1877 5091 ipsi
1918 5020 1972 5074 in
2001 5035 2092 5074 ec-

535 5120 712 5174 clesiis
733 5119 956 5174 canendi
983 5127 1127 5182 sunt,
1149 5118 1274 5187 quia
1289 5118 1342 5172 in
1366 5125 1674 5170 sanctarum
1693 5113 2092 5182 Scripturarum

535 5209 667 5263 locis
717 5224 821 5263 non
874 5209 1234 5264 inveniuntur.
1295 5207 1701 5275 Componuntur
1752 5204 1930 5257 missa:
1979 5199 2094 5254 sive

537 5311 745 5350 preces.
792 5299 873 5350 vel
923 5300 1197 5350 orationes
1260 5299 1376 5350 sive
1423 5294 1939 5350 commendationes.
2003 5304 2097 5343 seu

2127 4260 2177 4320 D

2214 1677 2408 1732 dentur
2443 1682 2801 1750 antiquissimi
2840 1695 2895 1740 et
2943 1687 3108 1742 nimia
3143 1700 3410 1747 vetustate
3464 1708 3604 1762 pene
3655 1711 3792 1752 eon-

2213 1771 2408 1838 sumpti
2450 1771 2690 1827 missales
2743 1773 2886 1840 libri,
2937 1778 3276 1834 continentes
3327 1781 3504 1836 missa:
3547 1785 3787 1839 ordinem

2215 1873 2364 1914 more
2409 1859 2632 1926 Gallico,
2671 1863 2764 1931 qui
2810 1863 2878 1918 ab
2928 1865 3083 1921 initio
3139 1879 3368 1938 recepta:
3414 1871 3538 1926 ﬁdei
3564 1888 3700 1928 usus
3736 1874 3792 1929 in

2216 1948 2317 2003 hac
2363 1950 2683 2006 occidentali
2723 1953 2878 2024 plaga
2925 1965 3008 2010 cst
3058 1957 3293 2024 habitus,
3334 1975 3616 2030 usquequo
3641 1974 3792 2019 teno-

2216 2051 2352 2103 rem,
2425 2054 2532 2108 quo
2597 2056 2739 2096 nunc
2803 2044 2992 2109 utitur,
3047 2045 3351 2102 Romanum
3414 2053 3676 2120 suscepit.
3729 2052 3788 2108 la

2215 2127 2383 2182 nostri
2407 2143 2619 2198 quoque
2645 2135 2955 2188 monasterii
2977 2137 3197 2192 archivo
3253 2140 3484 2195 habetur
3557 2142 3790 2200 Missalis

2215 2218 2370 2289 longe
2417 2221 2572 2275 aliter
2611 2222 2889 2279 ordinatus
2923 2241 3082 2294 quam
3133 2229 3386 2286 Romame
3431 2234 3685 2290 Ecclesia:
3731 2252 3790 2293 se

2215 2308 2402 2364 habeat
2432 2324 2580 2365 usus.
2623 2311 2691 2365 Et
2723 2314 2863 2381 quod
2904 2314 2970 2370 iis
3009 2319 3258 2374 omnibus
3301 2322 3474 2392 majus
3513 2335 3599 2378 est
3665 2341 3790 2380 cum

2213 2415 2317 2453 una
2365 2401 2435 2455 sit
2493 2401 2644 2466 ﬁdes,
2705 2419 2804 2458 cur
2829 2421 2988 2475 super
3045 2410 3332 2464 missarum
3391 2413 3786 2481 celebratione,

2214 2492 2510 2548 Galliarum
2540 2494 2794 2552 Ecclesiae
2824 2513 2854 2551 a
2881 2499 3124 2555 Romana
3152 2503 3460 2559 discordent
3485 2506 3788 2576 Augustino

2215 2585 2528 2655 requirenti,
2572 2585 2863 2657 Gregorius
2907 2593 3213 2661 respondit:
3260 2587 3416 2650 Novit
3471 2597 3788 2655 fraternitas

2215 2685 2305 2728 tua
2354 2675 2607 2730 Romana:
2660 2677 2916 2732 Ecclesiae
2962 2683 3429 2746 consuetudinem,
3481 2685 3535 2738 in
3580 2701 3686 2755 qua
3729 2703 3786 2742 se

2214 2763 2459 2818 meminit
2489 2766 2803 2820 enutritam.
2833 2767 2938 2822 Sed
2992 2769 3122 2824 mihi
3166 2771 3342 2840 placet
3371 2781 3430 2826 ut
3454 2773 3568 2828 sive
3595 2776 3650 2828 in
3681 2775 3786 2828 Ro-

2215 2873 2394 2923 mana,
2445 2859 2558 2913 sive
2607 2859 2659 2912 in
2701 2860 2944 2928 qualibet
2995 2862 3234 2918 Ecclesia
3281 2864 3483 2935 aliquid
3531 2866 3783 2920 invenisti

2215 2949 2354 3018 quod
2385 2948 2503 3017 plus
2548 2950 2902 3019 omnipotenti
2931 2951 3038 3006 Deo
3069 2953 3242 3021 possit
3270 2953 3502 3022 placere,
3549 2956 3782 3011 sollicite

2207 3038 2391 3108 eligas,
2421 3048 2473 3092 et
2500 3039 2794 3108 Anglorum
2825 3041 3101 3106 Eeclesim,
3134 3057 3252 3111 quae
3298 3044 3473 3097 adhuc
3507 3059 3642 3098 nova
3674 3057 3780 3106 est,

2211 3128 2276 3180 ad
2310 3128 2468 3182 Iidem
2511 3129 2850 3184 institutione
2902 3132 3191 3200 praecipua,
3223 3147 3343 3201 quae
3369 3135 3435 3187 de
3465 3134 3652 3189 multis
3678 3135 3780 3188 Ec-

2206 3215 2382 3271 clesiis
2428 3218 2681 3288 colligere
2722 3221 2963 3289 potuisti,
3025 3220 3295 3277 infundas.
3327 3221 3442 3276 Non
3491 3225 3636 3277 enim
3684 3239 3779 3293 pro

2205 3304 2338 3361 locis
2365 3322 2473 3372 res,
2505 3310 2599 3362 sed
2646 3308 2940 3382 probonis
2983 3309 3144 3364 rebus
3189 3310 3305 3366 loca
3366 3313 3599 3364 amanda
3630 3322 3775 3366 sunt.

2206 3397 2283 3450 Ex
2321 3397 2548 3467 singulis
2577 3413 2707 3467 ergo
2735 3399 3038 3468 quibusque
3065 3399 3330 3466 ecclesiis,
3374 3416 3496 3470 qum
3527 3403 3638 3470 pia,
3663 3417 3777 3470 qua:

2207 3485 2481 3556 religiosa,
2503 3501 2623 3556 quae
2653 3499 2796 3542 recta
2822 3497 2949 3542 sunt
2977 3489 3164 3560 eligas,
3195 3499 3250 3544 et
3278 3492 3388 3544 hazc
3404 3493 3556 3560 quasi
3587 3508 3778 3547 vascu-

2205 3577 2255 3631 lo
2275 3577 2495 3631 collecta
2524 3579 2663 3646 apud
2697 3577 2992 3646 Anglorum
3018 3589 3225 3634 mentes
3253 3581 3305 3633 in
3329 3581 3775 3635 consuetudinem

2203 3674 2402 3718 vertas.
2435 3665 2530 3720 llis
2553 3665 2687 3721 satis
2733 3668 3055 3722 instruimur
3084 3670 3348 3738 exemplis
3377 3670 3450 3723 nil
3479 3685 3577 3723 nos
3608 3671 3776 3724 deliu-

2202 3765 2387 3821 quere,
2435 3753 2480 3807 si
2522 3767 2606 3818 ea,
2663 3769 2784 3823 quae
2826 3769 2892 3808 ex
2941 3756 3263 3810 auctoritate
3315 3757 3650 3826 pontiﬁcum,
3688 3757 3773 3825 qui

2202 3844 2350 3898 illum
2397 3854 2641 3900 sanctum
2685 3847 2856 3900 virum
2898 3856 3142 3916 tempore
3163 3858 3579 3918 praecesserunt,
3617 3849 3772 3902 iusti-

2203 3942 2316 3988 tuta
2338 3935 2692 4005 suscepimus,
2717 3944 2772 3990 et
2801 3936 2884 3991 vel
2911 3952 2976 3990 ex
3001 3937 3395 3992 Gallicanarum
3419 3937 3773 3992 ecclesiarum

2201 4035 2294 4097 aut
2317 4025 2724 4094 Hispanicarum
2763 4042 2861 4081 usu
2890 4030 3276 4094 mutuavimus,
3311 4029 3452 4084 ﬁdeli
3489 4029 3773 4084 devotione

2199 4130 2495 4180 servamus,
2541 4118 2813 4172 imitantes
2867 4118 3038 4186 ipsius
3072 4120 3365 4174 beatissimi
3401 4134 3550 4188 papae
3581 4118 3776 4188 praedi-

2202 4206 2425 4260 caudam
2485 4206 2864 4261 humilitatem.
2909 4208 3167 4275 Quicum
3207 4211 3700 4278 reprehenderetur
3741 4223 3773 4262 a

2201 4297 2517 4366 quibusdam
2575 4299 2715 4366 quod
2767 4297 2993 4350 aliarum
3051 4282 3402 4353 ecclesiarum
3451 4313 3657 4352 morem
3689 4313 3771 4352 se-

2199 4397 2474 4457 queretur,
2516 4389 2656 4442 iuter
2696 4387 2798 4441 alia
2831 4387 3047 4454 fatetur,
3101 4391 3283 4444 dicens
3317 4408 3328 4442 :
3377 4388 3432 4443 Si
3469 4390 3598 4459 quid
3643 4391 3769 4446 boni

2201 4476 2280 4530 vel
2335 4476 2448 4547 ipsa
2502 4476 2750 4530 videlicet
2792 4477 3412 4546 Constantinpolitana,
3458 4478 3540 4529 vel
3596 4478 3768 4531 altera

2199 4566 2437 4622 Ecclesia
2477 4566 2657 4630 habet,
2686 4583 2786 4636 ego
2807 4577 2861 4621 et
2896 4569 3131 4622 minores
3152 4583 3302 4622 meos
3325 4583 3462 4636 quos
3509 4568 3579 4622 ab
3613 4567 3768 4622 illici-

2203 4657 2271 4712 tis
2290 4656 2585 4726 prohibebo
2632 4657 2684 4709 in
2711 4658 2850 4711 bono
2899 4658 3097 4713 imitari
3137 4668 3360 4729 paratus
3387 4673 3528 4712 sum.
3561 4656 3769 4713 Stultus

2203 4758 2286 4802 est
2307 4747 2451 4800 enim
2476 4747 2566 4816 qui
2614 4746 2668 4800 in
2699 4762 2764 4802 eo
2793 4761 2850 4800 se
2900 4749 3133 4815 primum
3194 4747 3473 4802 existimat
3518 4757 3578 4801 ut
3628 4745 3765 4801 bona

2201 4854 2320 4908 quae
2363 4839 2560 4892 viderit
2604 4839 2813 4892 discere
2857 4847 3190 4893 contemnat.
3229 4837 3364 4891 Nam
3419 4838 3467 4892 si
3518 4838 3658 4902 ideo,
3709 4846 3768 4891 ut

2197 4943 2338 4997 serpe
2389 4927 2614 4991 dictum,
2645 4927 2790 4981 illum
2817 4928 3114 4996 angelicqu
3137 4929 3394 4998 hymnum
3421 4927 3768 4998 prohibemur

2197 5018 2250 5071 in
2279 5017 2485 5072 festivis
2515 5016 2703 5070 diebus
2733 5031 2928 5071 canere
2957 5031 3023 5070 eo
3049 5015 3190 5085 quod
3219 5013 3587 5068 Romanorum
3641 5027 3761 5082 pre-

2198 5106 2394 5176 sbyteri
2421 5120 2526 5158 non
2583 5104 2759 5158 solent
2821 5119 2943 5156 cum
2996 5117 3208 5166 cauere,
3263 5114 3552 5170 possumus
3603 5097 3763 5153 simili

2198 5199 2356 5250 modo
2405 5204 2516 5264 priet
2573 5194 2916 5232 It‘vnnonlilnn
2965 5194 3263 5232 evlnhnltlm
3322 5191 3570 5232 mIiDnI'F-
3623 5189 3763 5232 1811Ίά

2200 5287 2425 5340 Romani
2479 5301 2649 5350 usque
2701 5286 2768 5338 ad
2835 5285 2950 5339 haec
3004 5294 3246 5350 tempora
3304 5281 3444 5336 diva:
3495 5278 3766 5334 memoria

3997 193 4009 224 'I

3997 225 4009 310 il

3997 315 4009 358 ||

4003 597 4010 636 i
