4072 5350
321 193 460 256 {061

1594 200 1681 255 DE
1715 199 1982 256 OFFICIO
2024 201 2274 258 MISSE.

3441 209 3582 266 {062

321 326 522 376 stente.
558 314 736 370 audivi
763 329 858 368 eos
878 311 1188 382 hujusmodi
1219 329 1536 383 responsum
1560 316 1806 379 reddere,
1832 317 1908 370 vi-
1935 319 1985 379 Α
2012 327 2133 386 post
2168 327 2414 372 octavam
2461 317 2828 386 Pcntecostes,
2869 321 2991 377 aliis
3031 337 3062 376 e
3103 323 3319 390 regione
3353 336 3582 382 conten-

319 407 716 476 delicet,'quod
751 405 996 460 Romana
1023 405 1264 459 Ecclesia
1305 421 1410 459 non
1450 405 1899 475 fuissetaliquan-

317 501 390 552 do
422 498 526 551 ulla
559 498 828 550 hmrescos
851 496 980 548 lzccc
1021 493 1242 558 infecta,
1273 496 1367 549 sed
1407 497 1701 550 secundum
1729 497 1898 550 sancti

315 587 466 642 Petri
499 586 798 639 doctrinam
828 584 879 636 in
909 582 1183 637 soliditate
1227 582 1507 637 catholica:
1544 583 1660 638 tidei
1691 598 1900 652 perma-

317 682 478 728 neret
519 674 869 726 inconcussa:
899 681 954 726 et
1010 672 1130 725 ideo
1183 673 1356 740 magis
1405 673 1489 725 his
1533 672 1898 726 necessarium

313 781 440 820 esse
472 765 599 818 illud
627 763 927 834 symbolum
959 764 1154 831 sacpius
1196 761 1464 816 cantando
1521 761 1897 830 frequentare,

313 856 408 923 qui
463 854 753 924 aliquando
781 853 885 906 ulla
909 893 912 895 Α
939 854 1130 908 hzcresi
1160 863 1454 924 potuerunt
1508 854 1796 908 maculari.
1828 854 1901 907 At

313 945 568 999 dominus
593 945 896 1012 imperator
925 957 1031 996 non
1072 953 1229 996 antea
1259 942 1419 997 desiit
1449 958 1610 1012 quam
1657 943 1899 996 omniutn

311 1049 582 1089 consensu
613 1033 664 1087 id
709 1034 928 1087 domino
964 1033 1252 1087 Benedicto
1287 1033 1581 1101 apostolico
1607 1033 1896 1101 persuasit,

313 1133 374 1177 ut
408 1125 471 1178 ad
496 1125 761 1193 publicam
789 1124 1010 1177 missam
1033 1123 1162 1176 illud
1184 1123 1560 1177 decantarent.
1585 1120 1690 1176 Sed
1719 1131 1897 1176 utrum

313 1216 456 1270 hanc
503 1214 947 1269 consuetudinem
1011 1221 1227 1268 servent
1281 1214 1457 1266 adhuc
1501 1211 1770 1266 amrmare
1792 1227 1898 1266 non

308 1307 609 1377 possimus,
671 1306 798 1374 quia
846 1312 1055 1358 certum
1113 1317 1219 1356 non
1281 1311 1548 1356 tenemus.
1598 1302 1675 1356 Eo
1721 1301 1898 1356 etiam

307 1395 477 1448 modo
511 1404 738 1464 possunt
764 1393 929 1462 objici
959 1383 1127 1446 multa
1182 1407 1303 1461 quae
1326 1401 1448 1460 post
1493 1393 1666 1447 sancti
1695 1392 1900 1463 Grego-

313 1490 380 1542 rii
430 1499 671 1559 tempora
713 1505 876 1543 causa
933 1488 1149 1543 decoris
1188 1490 1442 1543 videntur
1495 1487 1725 1541 adducta
1775 1483 1894 1557 [al.,

307 1580 566 1652 adjecta},
626 1595 749 1634 cum
806 1595 836 1634 e
872 1581 1146 1634 contrario
1185 1580 1472 1635 Psalmista
1514 1579 1687 1634 dicat:
1735 1579 1891 1648 Adji-

2006 405 2295 470 deutibus,
2330 406 2381 460 in
2413 409 2517 463 hac
2543 410 2914 474 solemnitate,
2944 414 3068 480 quia
3102 413 3337 483 Spiritus
3362 426 3584 473 sanctus

2004 514 2169 567 super
2197 499 2474 567 apostolos
2506 501 2557 554 in
2589 501 2786 570 linguis
2815 503 2988 572 igneis
3017 505 3298 572 apparuit,
3326 519 3433 560 non
3464 506 3585 576 plus

2001 601 2164 658 quam
2195 598 2400 658 septem
2429 591 2545 644 dies
2573 592 2769 646 debere
2806 594 3039 661 expendi
3071 593 3226 661 juxta
3257 595 3398 650 dona
3437 596 3584 666 ejus-

2001 681 2122 734 dem
2156 678 2391 750 Spiritus
2421 682 2616 736 sancti.
2646 683 2752 738 Sed
2779 685 2844 737 ad
2877 686 3018 740 hanc
3049 685 3196 740 litem
3231 688 3374 743 inter
3402 699 3582 746 utras-

2000 784 2106 838 que
2145 782 2328 840 partes
2360 771 2753 840 dirimendum,
2801 774 2922 843 ipso
2955 786 3144 830 sancto
3183 777 3389 848 Spiritu
3426 781 3584 850 adju-

1999 869 2181 923 vante,
2207 861 2558 916 ostendamus
2581 863 2665 916 cui
2689 866 2828 932 parti
2851 867 3043 919 merito
3065 867 3244 922 lavere
3265 868 3580 926 debeamus.

2000 950 2133 1005 Nam
2170 967 2290 1006 cum
2327 952 2385 1007 S.
2419 953 2750 1023 Augustinus
2776 956 2963 1011 doctor
2989 959 3239 1029 egregius
3267 959 3334 1015 de
3375 976 3582 1016 sermo-

2001 1057 2068 1095 ne
2101 1042 2309 1096 Domini
2351 1043 2403 1096 in
2439 1053 2623 1100 monte
2659 1045 2844 1100 habito
2882 1047 3212 1116 disputaret,
3254 1062 3310 1104 et
3342 1051 3581 1121 singulas

1999 1129 2360 1186 beatitudines
2400 1141 2604 1201 septem
2651 1134 2807 1188 donis
2847 1133 3082 1202 Spiritus
3129 1139 3300 1193 sancti
3354 1155 3578 1210 compa-

2000 1229 2188 1272 raret:
2223 1237 2345 1274 nam
2385 1223 2559 1292 prima
2600 1223 2876 1278 beatitudo
2916 1223 3116 1293 incepit
3148 1245 3162 1278 :
3200 1225 3350 1281 Beati
3386 1246 3582 1300 paupe-

2000 1323 2084 1361 res
2122 1309 2312 1377 spiritu
2336 1350 2354 1374 ,
2390 1311 2638 1380 quoniam
2677 1313 2908 1382 ipsorum
2945 1325 3019 1367 est
3062 1331 3277 1384 regnum
3327 1320 3580 1377 calorum

1999 1397 2233 1466 (Matth.
2265 1414 2294 1451 v
2316 1399 2367 1467 ),
2409 1415 2533 1454 cum
2574 1402 2641 1455 ad
2671 1410 2920 1457 octavam
2957 1405 3300 1472 perveniret,
3335 1408 3408 1462 ita
3439 1409 3583 1464 intu-

1997 1486 2106 1540 ‘lit:
2147 1487 2346 1542 Octava
2387 1498 2641 1560 tanquam
2681 1492 2748 1544 ad
2781 1503 2941 1562 caput
2972 1495 3140 1562 redit,
3173 1497 3298 1565 quia
3327 1513 3580 1553 consum-

1999 1588 2200 1633 matum
2215 1579 2622 1650 perfectumque
2641 1585 2944 1640 ostenditet
2963 1587 3177 1654 probat.
3199 1588 3379 1659 Itaque
3392 1591 3444 1645 in
3471 1593 3580 1662 pri-

306 1674 446 1724 ciam
492 1688 647 1741 super
693 1688 896 1725 omnem
941 1672 1154 1724 laudem
1205 1681 1350 1724 tuam
1396 1670 1569 1740 (Psal.
1619 1669 1765 1739 us).
1823 1669 1890 1723 Et
1919 1665 1964 1723 Β
1993 1683 2078 1722 ma
2102 1679 2158 1724 et
2176 1678 2366 1725 octava
2398 1672 2732 1726 nominatum
2761 1682 2846 1728 est
2875 1686 3097 1745 regnum
3127 1678 3410 1734 cmlorum.
3436 1682 3570 1738 Cum

310 1763 509 1815 mirum
549 1761 705 1815 valde
753 1760 968 1814 videtur
995 1775 1118 1814 cum
1137 1768 1297 1814 certa
1347 1760 1418 1814 sit
1446 1759 1657 1813 ratione
1685 1759 1892 1813 discre-

307 1862 447 1915 tum,
476 1850 605 1921 quid
643 1850 739 1905 soli
777 1849 936 1904 liceat
971 1850 1246 1921 episcopo,
1293 1851 1399 1904 non
1449 1859 1629 1904 autem
1668 1851 1896 1920 presbya-

309 1951 434 1995 tero
478 1957 492 1994 :
527 1940 806 2004 videlicet,
839 1948 898 1994 ut
939 1940 1006 1995 ad
1048 1940 1359 2010 episcopum
1413 1941 1722 2010 pertineant
1749 1941 1893 1995 ordi-

303 2031 564 2086 nationes
591 2031 940 2096 clericorum,
968 2030 1339 2086 dedicationes
1396 2031 1770 2097 ecclesiarum,
1806 2048 1892 2087 sa-

300 2123 390 2178 cri
439 2123 749 2177 chrismatis
777 2121 1068 2186 confectio,
1100 2121 1167 2175 ad
1206 2122 1442 2176 dandum
1490 2122 1752 2192 Spiritum
1798 2138 1893 2192 pa-

300 2213 598 2278 racletum,
623 2229 777 2269 sacra
804 2213 1076 2282 impositio
1111 2227 1388 2279 manuum,
1427 2214 1556 2284 quid
1603 2213 1748 2267 aliud
1771 2227 1892 2269 esse

307 2305 482 2375 possit
512 2304 565 2357 in
608 2303 966 2359 sacramentis
1003 2303 1200 2357 divinis
1228 2303 1371 2373 quod
1419 2318 1524 2358 non
1559 2302 1643 2356 .sit
1669 2304 1894 2374 presby-

309 2396 453 2450 ‘teris
501 2409 793 2449 commune
835 2408 958 2447 cum
1009 2393 1299 2463 episcopis,
1353 2393 1621 2462 pracipue
1657 2407 1782 2448 cum
1837 2393 1890 2448 id

307 2485 452 2554 quod
519 2483 1031 2538 excellentissimum
1123 2492 1209 2538 est
1276 2482 1329 2537 in
1394 2483 1645 2537 omnibus
1703 2496 1890 2537 sacra-

307 2577 527 2640 mentis,
593 2585 844 2632 sanctum
897 2575 1153 2630 videlicet
1205 2589 1407 2644 corpus
1459 2585 1516 2629 et
1567 2574 1887 2643 sanguinem

299 2666 530 2732 Christi,
563 2668 802 2736 quotidie
853 2666 994 2721 sicut
1036 2666 1299 2735 episcopi,
1352 2665 1426 2719 ita
1475 2675 1530 2720 et
1564 2673 1889 2721 consecrent

298 2756 627 2827 presbyteri,
655 2771 756 2811 nec
784 2757 1026 2811 sanctius
1075 2755 1144 2810 sit
1190 2755 1404 2809 illorum
1436 2771 1597 2826 quam
1636 2756 1882 2833 istorum,

303 2847 463 2902 Unde
491 2856 712 2902 sanctus
747 2846 1108 2915 Hieronymus
1146 2845 1279 2900 dicit
1321 2845 1388 2900 de
1428 2846 1621 2900 iisdem
1659 2847 1882 2915 presby-

301 2939 469 2991 teris:
527 2937 590 2991 Hi
645 2952 880 3006 namque
925 2938 978 2991 in
1027 2936 1408 2991 benedictione
1448 2951 1570 2991 cum
1616 2936 1886 3005 episcOpis

1997 1759 2196 1816 dicitur
2224 1770 2402 1815 autem
2423 1779 2436 1814 :
2462 1761 2595 1829 Quis
2615 1778 2714 1819 nos
2733 1767 3008 1834 separabit
3029 1782 3059 1821 a
3079 1769 3386 1825 charitate?
3407 1773 3578 1827 tribu-

1995 1848 2164 1904 latio?
2182 1865 2250 1904 an
2281 1852 2573 1921 angustia?
2598 1857 3034 1923 an'persecutio?
3060 1873 3130 1912 an
3159 1859 3364 1915 fames?
3381 1879 3450 1916 an
3477 1880 3576 1918 nu-

1994 1937 2171 1993 ditas?
2187 1956 2254 1993 an
2277 1941 2610 2009 periculum?
2630 1960 2698 1997 an
2723 1945 2964 2015 gladius?
2980 1947 3157 2016 (Rom.
3175 1951 3294 2020 vni)
3322 1970 3335 2006 :
3361 1962 3569 2022 septem

1993 2039 2121 2088 sunt
2143 2046 2274 2100 ergo
2299 2047 2419 2100 quat
2445 2032 2782 2104 perficiunt:
2802 2051 2928 2090 nam
2955 2046 3143 2093 octava
3184 2041 3475 2108 clariﬁcat,
3509 2053 3567 2098 et

1991 2119 2133 2188 quod
2151 2119 2450 2189 perfectum
2467 2123 2902 2191 est-demonstrat
2923 2136 2983 2180 ut
3002 2143 3098 2197 per
3111 2129 3210 2184 hos
3225 2132 3424 2197 gradus
3441 2147 3564 2202 per-

1993 2208 2247 2263 ﬁciantur
2275 2219 2332 2265 et
2361 2212 2541 2266 caeteri
2561 2253 2576 2278 ,
2604 2221 2860 2284 tanquam
2888 2230 2918 2269 a
2946 2217 3121 2286 capite
3147 2234 3365 2274 rursum
3401 2236 3568 2276 exor-

1991 2298 2174 2353 diens.
2203 2299 2429 2355 Videtur
2454 2317 2584 2372 ergo
2607 2303 2739 2357 mihi
2768 2304 2932 2359 etiam
2956 2305 3293 2375 scptil‘ormis
3321 2311 3571 2378 operatio

1991 2387 2227 2459 Spiritus
2251 2392 2426 2446 sancti
2446 2431 2459 2456 ,
2488 2393 2554 2447 de
2581 2409 2686 2463 qua
2717 2395 2884 2450 Isaias
2927 2396 3168 2467 loquitur
3189 2399 3324 2469 (lsa.
3351 2418 3402 2455 χι
3422 2402 3460 2472 ),
3487 2402 3572 2459 his

1990 2481 2248 2548 gradibus
2267 2483 2656 2553 sententiisque
2676 2501 2996 2556 congruere.
3020 2488 3087 2541 Et
3107 2503 3227 2558 post
3250 2491 3528 2561 aliquanta
3553 2509 3570 2548 :

1988 2567 2113 2624 Haec
2133 2578 2322 2624 octava
2351 2574 2640 2637 sententia,
2670 2590 2790 2644 qua:
2810 2576 2875 2628 ad
2901 2587 3060 2646 caput
3084 2579 3222 2632 redit
3245 2579 3572 2648 perfectum-

1987 2669 2091 2724 que
2117 2657 2390 2712 hominem
2416 2660 2675 2727 declarat,
2706 2662 2973 2732 signilicat
3004 2665 3234 2722 fortasse
3252 2677 3306 2722 et
3332 2669 3568 2726 circum-

1985 2746 2243 2802 cisionem
2292 2759 2481 2805 octava
2510 2752 2598 2806 die
2639 2753 2692 2806 in
2733 2754 2911 2808 Veteri
2955 2754 3316 2822 Testamento.
3365 2770 3420 2815 et
3463 2761 3569 2819 Do-

1985 2838 2114 2892 mini
2141 2842 2591 2897 resurrectionem
2634 2854 2754 2914 post
2783 2845 3094 2912 Sabbatum,
3126 2849 3217 2917 qui
3257 2859 3341 2904 est
3381 2853 3568 2922 utique

1984 2940 2208 2986 octavus
2242 2933 2356 2987 dies
2385 2935 2634 3004 idemque
2663 2937 2868 3006 primus
2901 2939 3035 3004 dies,
3066 2949 3118 2992 et
3146 2941 3565 2999 celebrationem

301 3037 584 3083 consortes
611 3035 735 3082 sunt
762 3027 1147 3097 mysteriorum
1185 3041 1249 3081 ac
1280 3025 1426 3080 nulla
1463 3029 1518 3080 in
1542 3025 1881 3081 conﬁciendo
1907 3019 1952 3079 C
1981 3029 2294 3076 Octavarum
2326 3022 2588 3079 feriarum
2612 3042 2748 3095 quas
2778 3027 2831 3082 in
2875 3031 3282 3097 regeneratione
3312 3035 3434 3086 novi
3464 3035 3563 3089 bo-

303 3136 534 3191 corpore
557 3120 762 3189 Christi
815 3134 880 3173 ac
928 3119 1187 3186 sanguine
1218 3118 1356 3172 inter
1386 3132 1481 3172 vos
1505 3125 1560 3170 et
1597 3116 1885 3185 episcopos

305 3211 575 3267 credenda
619 3211 874 3266 distantia
893 3220 993 3276 est,
1043 3209 1167 3279 quia
1197 3217 1252 3264 et
1274 3209 1653 3263 eucharistiam
1677 3207 1882 3276 pridem

307 3316 405 3370 per
442 3302 786 3372 presbyteros
818 3300 1179 3364 benedictum,
1207 3300 1252 3353 si
1282 3299 1575 3354 necessitas
1621 3298 1878 3368 exegerit,

301 3393 556 3460 accipere
594 3393 809 3446 debent.
862 3390 930 3444 Et
979 3401 1102 3461 post
1144 3407 1352 3461 pauca:
1388 3389 1523 3444 Nam
1577 3391 1621 3445 si
1667 3390 1790 3459 quis
1815 3389 1881 3443 ad

299 3484 554 3552 injuriam
601 3490 837 3547 revocat,
880 3490 939 3536 ut
976 3490 1126 3551 putet
1167 3497 1272 3537 non
1296 3483 1493 3536 debere
1531 3495 1589 3535 se
1634 3479 1882 3548 accipere

303 3574 691 3628 eucharistiam
714 3587 877 3642 quam
913 3573 1196 3641 presbyter
1230 3571 1518 3635 benedicit,
1557 3570 1602 3624 is
1635 3567 1934 3638 profecto,

294 3673 742 3734 perversus'est:
775 3665 1003 3720 credens
1029 3665 1197 3719 Deum
1221 3664 1327 3718 duo
1355 3677 1583 3732 corpora
1602 3663 1876 3729 habuisse,

295 3770 464 3810 unum
493 3752 684 3822 majus,
712 3752 858 3806 aliud
886 3753 1096 3818 minus;
1148 3753 1292 3822 quod
1339 3755 1622 3821 episcopus
1658 3751 1879 3807 coniicit

299 3843 491 3913 majus,
545 3833 690 3912 quod
738 3842 1043 3913 presbyteri
1084 3842 1297 3906 minus;
1331 3842 1424 3911 qui
1471 3841 1750 3896 Christum
1800 3843 1874 3895 ita

295 3935 506 3996 dividit,
538 3934 649 3988 Deo
702 3931 956 3999 injuriam
1004 3931 1154 3986 facit.
1188 3930 1364 3999 Super
1409 3931 1523 3985 haec
1547 3930 1726 3984 omnia
1751 3945 1874 3984 cum

293 4023 352 4077 in
373 4023 551 4092 capite
593 4021 716 4076 libri
747 4021 1002 4086 missalis,
1048 4020 1266 4089 quando
1305 4018 1607 4089 presbyteri
1641 4018 1870 4073 Romani

295 4109 476 4165 Gloria
505 4113 558 4165 in
586 4111 799 4166 excelsis
833 4109 938 4164 Deo
974 4125 1172 4165 canere
1191 4118 1246 4164 et
1283 4125 1387 4164 non
1415 4125 1612 4164 canere
1631 4109 1869 4173 soleant,

291 4205 522 4275 legimus
552 4203 890 4258 solummodo
923 4201 1308 4271 prmtitulatum
1337 4219 1350 4254 :
1382 4216 1650 4270 nusquam
1683 4210 1868 4255 autem

290 4295 376 4349 Vel
408 4311 437 4347 a
469 4295 627 4349 beato
673 4309 809 4364 papa
853 4293 1138 4364 Gregorio,
1195 4293 1282 4346 vel
1333 4293 1516 4360 aliquo
1557 4305 1868 4348 sanctorum

290 4382 515 4437 Patrum
567 4383 723 4437 nobis
778 4383 1125 4437 interdictum
1178 4390 1330 4450 puto,
1387 4381 1518 4449 quin
1587 4383 1738 4437 omni
1781 4383 1869 4437 die

290 4474 570 4528 Dominica
617 4473 698 4528 vel
748 4474 800 4528 iu
830 4482 1139 4528 sanctorum
1188 4470 1451 4526 natalitiis
1504 4471 1667 4525 liceat
1709 4472 1868 4527 nobis

287 4577 432 4632 saepe
459 4562 672 4618 dictum
698 4563 955 4634 hymnum
986 4575 1181 4618 canere
1210 4561 1277 4615 ad
1301 4571 1651 4631 augmentum
1695 4561 1872 4618 laudis

285 4655 505 4710 divinat.

889 4741 1116 4798 CAPUT
1149 4741 1234 4795 Ill.

745 4830 822 4886 De
843 4841 1026 4886 octava
1055 4829 1404 4886 Pentecostes.

355 4923 454 4979 llis
489 4922 564 4977 ita
600 4929 876 4988 utcunque
910 4918 1162 4989 digestis,
1213 4933 1321 4972 non
1361 4917 1612 4973 absimile
1651 4919 1866 4977 videtur

281 5019 330 5073 si
363 5017 493 5087 quid
523 5016 590 5070 de
619 5013 829 5069 octavis
860 5011 1204 5067 Pentecosles
1236 5011 1546 5082 loquamur.
1573 5010 1706 5066 Nam
1735 5014 1862 5072 dum

280 5109 463 5164 adhuc
489 5106 632 5176 apud
662 5103 840 5159 Gallos
868 5117 1044 5160 essem
1075 5101 1426 5167 constitutus,
1462 5115 1567 5154 non
1597 5103 1861 5162 modicam

279 5213 448 5270 super
485 5199 586 5252 hac
622 5211 683 5250 re
715 5197 1066 5264 quaestionem
1100 5196 1320 5259 cognovi
1360 5201 1611 5248 exortam
1649 5195 1701 5248 in
1757 5199 1860 5255 illis

281 5287 626 5350 regionibus,
678 5284 799 5338 aliis
844 5279 1235 5339 allirmautibus
1283 5281 1431 5350 quod
1497 5278 1636 5334 sicut
1669 5285 1856 5344 Domi.

1984 3110 2146 3164 minis
2180 3111 2516 3168 celebramus
2544 3125 2598 3168 et
2623 3131 2846 3169 numero
2875 3116 2992 3185 ipso
3018 3117 3384 3176 Pentecostes.
3425 3119 3563 3178 Nam

1981 3202 2287 3270 septenario
2313 3218 2537 3257 numero
2566 3205 2764 3271 septies
2787 3205 3155 3273 multiplicato,
3181 3222 3288 3276 quo
3315 3207 3448 3263 ﬁunt
3470 3211 3560 3274 49,

1981 3295 2136 3363 quasi
2185 3303 2408 3350 octavus
2443 3297 2678 3360 additur,
2721 3307 2778 3351 ut
2803 3297 2871 3351 50
2897 3297 3285 3368 compleantur,
3337 3309 3391 3355 et
3439 3309 3560 3356 tan-

1980 3400 2141 3453 quam
2169 3385 2421 3440 redeatur
2457 3387 2522 3439 ad
2545 3397 2722 3454 caput,
2747 3402 2852 3456 quo
2879 3388 2964 3442 die
2994 3389 3188 3444 missus
3219 3400 3300 3444 est
3326 3389 3560 3459 Spiritus

1979 3483 2222 3537 sanctus,
2277 3489 2383 3543 quo
2435 3474 2487 3528 in
2538 3489 2760 3546 regnum
2808 3475 3064 3530 cmlorutn
3123 3479 3457 3545 inducimur,
3505 3488 3561 3534 et

1978 3563 2347 3630 haereditatcm
2373 3565 2692 3633 accipimus,
2725 3574 2776 3620 et
2799 3567 3160 3632 consolamur,
3191 3570 3555 3638 ctpascimur,

1978 3663 2034 3709 et
2086 3653 2514 3708 misericordiam
2563 3655 2963 3724 consequimur,
3012 3665 3068 3710 et
3105 3660 3461 3724 mundamur,
3501 3671 3559 3718 et

1976 3746 2344 3815 paciﬁcamur,
2389 3755 2550 3815 atque
2601 3747 2675 3800 ita
2728 3745 2951 3816 perfecti
2992 3763 3181 3804 omnes
3223 3751 3558 3809 extrinsecus

1977 3836 2154 3890 illatas
2183 3835 2458 3890 molestias
2485 3851 2583 3905 pro
2610 3836 2836 3891 veritate
2864 3845 2918 3891 et
2943 3836 3152 3904 justitia
3203 3842 3552 3897 sustinemus.

1974 3928 2054 3982 Ex
2087 3928 2168 3982 his
2203 3926 2260 3982 S.
2299 3927 2585 3995 Augustini
2631 3927 2806 3981 verbis
2851 3927 3054 3997 liquido
3109 3938 3286 3998 potest
3330 3931 3554 4003 intelligi

1974 4018 2102 4088 quid
2136 4018 2202 4073 de
2229 4019 2435 4073 octavis
2476 4017 2822 4074 Pentecostes
2862 4020 3033 4088 possit
3074 4022 3286 4076 sentiri.
3328 4022 3438 4078 Sed
3467 4024 3552 4078 iu-

1973 4110 2132 4164 terim
2175 4110 2259 4164 vel
2287 4109 2522 4165 breviter
2550 4108 2617 4163 de
2646 4112 2986 4164 sacramento
3014 4111 3182 4164 nostri
3213 4110 3556 4181 baptismatis
3645 4123 3652 4130 ’

1971 4199 2172 4268 aliquid
2215 4199 2536 4271 loquamur,
2577 4201 2720 4269 quod
2760 4200 2814 4253 in
2869 4199 3272 4256 similitudinem
3322 4204 3552 4269 mortis,

1972 4291 2279 4361 sepulturas,
2329 4291 2742 4347 resurrectionis
2786 4288 2986 4345 Christi
3037 4292 3256 4360 regitur,
3298 4293 3555 4362 Apostolo

1976 4390 2111 4435 teste
2144 4379 2235 4450 qui
2267 4380 2343 4434 ait
2377 4399 2390 4433 :
2421 4380 2727 4451 Quicunque
2763 4381 3011 4450 baptizati
3040 4399 3219 4436 sumus
3255 4385 3308 4438 in
3343 4382 3553 4440 Christo

1973 4469 2122 4536 Jesu,
2147 4472 2202 4524 iu
2229 4481 2389 4524 morte
2409 4471 2568 4540 ipsius
2591 4469 2838 4540 baptizati
2859 4487 3057 4524 sumus.
3096 4469 3395 4542 Consepulti
3416 4477 3556 4529 enim

1972 4575 2152 4613 sumus
2175 4577 2292 4612 cum
2318 4559 2408 4612 illo
2431 4575 2522 4629 per
2542 4559 2852 4628 baptismum
2873 4559 2927 4613 in
2950 4571 3186 4625 mortem,
3215 4572 3270 4615 ut
3294 4562 3556 4630 quomodo

1973 4649 2200 4704 surrexit
2222 4649 2458 4703 Christus
2481 4666 2514 4702 a
2538 4648 2758 4702 mortuis
2787 4665 2878 4718 per
2908 4649 3127 4718 gloriam
3160 4648 3360 4711 Patris,
3399 4651 3472 4701 ita
3505 4659 3556 4704 et

1975 4743 2140 4794 nosin
2168 4739 2392 4795 novitate
2421 4741 2536 4793 vitta
2558 4738 2903 4793 ambulemus.
2944 4737 3002 4791 Si
3043 4739 3178 4790 enim
3219 4738 3560 4805 complantati

1973 4833 2097 4901 facti
2122 4847 2300 4887 sumus
2327 4829 2661 4883 similitudini
2683 4829 2866 4882 mortis
2891 4828 3027 4894 ejus,
3057 4827 3212 4878 s‘mul
3249 4837 3296 4880 et
3330 4839 3564 4878 resurre-

1972 4924 2158 4977 ctionis
2191 4923 2388 4976 erimus
2419 4917 2596 4988 (Rom.
2632 4919 2730 4987 vt),
2769 4928 2826 4972 et
2860 4925 3072 4969 caetera.
3113 4914 3268 4971 Unde
3290 4923 3346 4969 et
3374 4915 3575 4973 beatus

1975 5027 2112 5083 papa
2157 5010 2396 5068 Leo:ln
2442 5008 2814 5087 baptismatis,
2861 5005 3052 5071 inquit,
3100 5007 3285 5075 regula
3323 5013 3379 5058 et
3406 5019 3592 5076 mors

1977 5103 2267 5158 intervenit
2302 5095 2677 5154 interiectione
2707 5093 2926 5165 peccati
2958 5107 2972 5144 :
3003 5094 3337 5161 sepulturam
3365 5093 3596 5148 tridua-

1976 5206 2101 5245 nam
2145 5194 2390 5246 imitatur
2423 5183 2696 5248 dimersio,
2742 5181 2901 5241 etab
2938 5179 3086 5247 aqtis
3110 5180 3364 5242 elevatio,
3395 5193 3602 5262 resur-

1973 5283 2152 5347 gentis
2175 5283 2353 5334 instar
2372 5281 2455 5327 est
2483 5271 2549 5324 dc
2569 5271 2854 5338 sepulcro.
2895 5266 3045 5321 Unde
3072 5270 3378 5325 rectissime
3401 5275 3601 5330 sancti
