4072 5350
570 175 712 232 1063

1657 169 1998 236 ΒΕΒΝΟῌΞΞ
2034 168 2325 232 ABBATIS
2365 169 2404 224 A
2418 165 2730 225 L'GIENSIS

3694 169 3836 224 {064

567 297 798 355 utraque
823 297 922 355 per
945 292 1069 342 octo
1099 282 1216 340 dies
1244 281 1603 340 celebramur.
1646 281 1837 350 Merito
1886 296 2148 352 consepe-
2179 291 2225 346 Α
2258 283 2310 336 in
2340 280 2706 346 Lectiouario,
2727 294 2888 350 quem
2910 280 3102 336 librum
3128 273 3356 336 Comitis
3383 281 3695 353 appellavit,
3716 289 3798 337 sic

565 381 769 435 liuutur
810 377 1026 433 Christo
1072 375 1330 446 baptizati
1378 375 1430 428 in
1481 375 1742 433 Sablgato.
1773 383 1831 428 ut
1866 390 1988 428 cum
2037 375 2154 443 ipso

564 475 782 530 valeant
826 489 1110 544 resurgere
1137 474 1224 528 die
1247 471 1547 528 Dominica.
1587 471 1738 527 Sicut
1767 473 1910 527 enim
1951 471 2152 527 Sabba-

564 565 678 622 tum
702 567 944 637 requiem
973 565 1299 626 animarum,
1337 563 1414 618 sic
1441 563 1753 617 Domiuicus
1780 562 1912 628 dies,
1950 565 2040 632 qui
2067 571 2154 618 est

563 657 772 727 primus
800 665 856 710 et
877 664 1119 716 octavus,
1165 653 1435 724 signiﬁcat
1477 653 1929 708 resurrectionem
1959 670 2153 722 corpo-

471 803 474 806 ,
563 761 706 801 rum.
749 745 807 801 Si
847 745 990 799 enim
1035 744 1172 798 certi
1221 743 1393 812 gratia
1436 744 1676 814 mystcrii
1725 757 1822 811 per
1867 753 1990 798 octo
2036 744 2153 800 dies

470 839 481 906 ἶ
562 846 750 894 noster
788 836 1086 906 baptismus
1120 835 1335 901 colitur,
1375 835 1449 890 ita
1497 844 1556 890 ut
1610 845 1798 891 octava
1857 836 1942 891 die
1990 837 2153 890 vesti-

469 904 497 968 i~
561 937 742 984 menta
774 904 1052 982 mutentur
1078 926 1494 995 baptizatorum,
1527 942 1624 980 cur
1651 942 1756 980 non
1804 928 1974 996 magis
2005 928 2149 983 cele—

469 1017 477 1038 ⁷
560 1025 750 1075 bratur
779 1033 878 1090 per
899 1027 1023 1073 octo
1054 1020 1169 1074 dies
1205 1019 1502 1088 baptismus
1533 1019 1960 1088 apostolorum?
1995 1020 2150 1086 Quod

559 1111 702 1165 enim
739 1109 967 1179 apostoli
996 1125 1093 1178 per
1115 1109 1402 1163 adventum
1450 1110 1682 1179 Spiritus
1722 1111 1918 1174 sancti,
1959 1112 2050 1180 qui
2096 1113 2148 1166 in

561 1201 683 1269 igne
718 1202 988 1270 apparuit,
1019 1201 1275 1269 baptizati
1304 1209 1428 1254 sunt
1455 1201 1508 1254 in
1542 1202 1627 1254 die
1667 1211 1856 1256 sancto
1886 1201 2148 1256 Penteco-

559 1303 689 1355 stes,
749 1300 978 1346 testatur
1031 1290 1082 1344 in
1139 1290 1430 1359 Evangelia
1489 1289 1723 1344 Joannes
1764 1290 2026 1360 Baptista,
2060 1292 2148 1360 qui

559 1381 955 1436 conﬂuentibus
995 1383 1062 1434 ad
1109 1395 1168 1434 se
1210 1381 1379 1434 turbis
1420 1381 1535 1433 ait:
1573 1378 1681 1447 Ego
1706 1381 1912 1452 quidem
1941 1397 2024 1434 eos
2055 1381 2146 1434 ba-

559 1474 700 1540 ptizo
746 1472 984 1540 in'aqua
1032 1472 1086 1524 in
1133 1469 1504 1540 pwnitcntiam.
1547 1468 1649 1534 Qui
1695 1481 1868 1523 autem
1913 1480 2023 1538 post
2070 1487 2149 1524 me

559 1573 804 1615 venturus
840 1572 938 1626 est,
978 1561 1166 1630 {artior
1199 1577 1279 1614 me
1313 1571 1410 1625 est,
1456 1561 1606 1630 cujus
1653 1578 1756 1614 non
1795 1578 1910 1614 sunt
1959 1563 2148 1630 dignus

559 1653 908 1706 calceantcnta
954 1629 1179 1720 portare.
1228 1651 1351 1721 Ipse
1390 1669 1475 1705 vos
1520 1629 1806 1719 rbaptizabit
1847 1653 1899 1705 in
1946 1629 2146 1722 Spiritu
2180 1629 2221 1688 Β

559 1755 737 1797 sancto
771 1754 818 1796 et
857 1744 976 1813 igne
1005 1742 1218 1812 (Matth.
1245 1743 1351 1811 ιιι).
1390 1744 1454 1796 Et
1496 1742 1608 1812 ipse
1637 1743 1892 1796 Dominus
1921 1745 1986 1797 ad
2019 1759 2146 1812 apo-

563 1835 730 1890 stolas
757 1835 834 1889 ait
864 1853 876 1887 :
909 1835 1139 1888 Joannes
1167 1836 1374 1904 quidem
1404 1835 1682 1904 baptizavit
1718 1851 1875 1906 aqua,
1924 1853 2008 1890 eos
2051 1855 2147 1888 au-

561 1936 662 1978 tent
687 1925 1082 1994 baptizabimini
1115 1923 1315 1992 Spiritu
1337 1937 1516 1978 sancto
1546 1941 1648 1977 non
1673 1936 1786 1994 post
1827 1926 2016 1978 multos
2055 1928 2146 1978 Iros

559 2017 670 2070 dies
689 2015 828 2086 (Act.
864 2019 924 2085 ι).
967 2015 1043 2070 De
1077 2031 1180 2084 qua
1209 2015 1426 2084 quidem
1455 2025 1660 2070 octava:
1691 2015 2035 2070 l’entccostes
2061 2033 2148 2070 so-

560 2103 834 2159 lemnitate
863 2105 990 2159 dicit
1016 2106 1231 2174 quidam
1264 2105 1452 2158 doctor
1474 2105 1690 2174 egregie
1721 2119 1735 2156 :
1769 2104 2004 2159 Octavus
2030 2105 2148 2159 dies

559 2205 662 2260 est,
692 2197 782 2266 qui
825 2205 876 2252 el
901 2197 1125 2266 primus,
1158 2197 1450 2250 secundum
1491 2196 1718 2249 formant
1759 2206 1881 2250 octo
1921 2198 2149 2250 beatitu-

559 2286 769 2341 dinum.
811 2286 987 2340 Prima
1038 2287 1317 2340 beatitudo
1345 2285 1490 2355 {dicit
1519 2303 1532 2338 :
1564 2285 1713 2339 Beati
1747 2301 2008 2354 pauperes
2039 2286 2148 2355 spi-

561 2379 967 2449 ritu,'quoniam
996 2378 1232 2446 ipsorum
1265 2387 1349 2431 est
1378 2392 1600 2448 regnum
1635 2377 1896 2430 caelorum
1929 2376 2144 2447 (Matth.

557 2469 634 2537 v).
674 2467 875 2523 Octava
907 2467 980 2521 ita
1016 2486 1028 2522 :
1062 2466 1209 2521 Beati
1259 2467 1349 2535 qui
1401 2467 1827 2534 persecutionem
1874 2467 2150 2534 patiuntur

557 2566 778 2627 propter
805 2555 1092 2624 justitiam,
1120 2557 1369 2624 quoniam
1402 2557 1639 2624 ipsorum
1670 2565 1750 2609 est
1783 2570 2003 2624 regnum
2035 2570 2146 2608 caa-

559 2649 730 2702 lorum
777 2646 986 2717 (Ibid.).
1029 2646 1110 2700 Ad
1144 2657 1488 2715 regeneratus
1524 2645 1797 2715 pertinent
1829 2645 1911 2699 Ine
1940 2656 2142 2699 sentcn-

562 2739 672 2800 tiae,
711 2737 884 2805 utqui
923 2750 1184 2804 pauperes
1239 2745 1363 2789 sunt
1411 2737 1462 2788 in
1506 2737 1604 2790 hac
1648 2736 1754 2788 vita
1799 2745 2019 2805 prapter
2068 2751 2150 2788 re-

565 2841 729 2894 gnum
764 2826 1045 2887 cmlorum,
1077 2839 1245 2892 usque
1280 2824 1346 2877 ad
1385 2823 1544 2878 linem
1591 2825 1713 2878 vita:
1750 2833 2150 2893 perseverantes

565 2919 695 2982 sint,
718 2925 775 2970 ut
807 2919 1072 2986 accipiant
1127 2933 1347 2986 regnum
1377 2933 1470 2986 pro
1501 2933 1608 2986 quo
1636 2919 1720 2972 hic
1752 2917 2146 2971 laboraverunt.

564 3010 867 3079 Baptismus
906 3025 1036 3063 vero
1074 3011 1489 3080 ncephyturum,
1527 3011 1776 3079 quamvis
1818 3011 1869 3064 in
1909 3011 2148 3064 Sabhato

563 3111 773 3172 agatur,
805 3101 870 3154 ad
900 3100 1045 3154 illum
1091 3101 1417 3168 baptismum
1463 3101 1694 3170 pertinet
1725 3117 1882 3171 quem
1921 3101 2146 3170 apostoli

565 3198 890 3260 acceperunt
932 3191 982 3243 iu
1025 3191 1111 3245 die
1139 3199 1324 3245 sancto
1350 3189 1715 3254 Pentecostes,
1762 3189 1915 3258 cujus
1958 3203 2147 3244 oetava

563 3291 650 3336 est
674 3283 787 3337 dies
814 3282 1088 3337 Dominica
1113 3296 1360 3351 sequens,
1395 3299 1554 3352 quam
1596 3283 1833 3338 solemus
1879 3284 2148 3353 appellare

566 3385 785 3427 octavas
837 3372 1204 3427 Pentecostcs.
1267 3373 1332 3426 Et
1373 3375 1566 3427 iterum
1619 3385 1736 3442 post
1779 3375 1957 3444 aliqua
2003 3390 2016 3426 :
2055 3373 2148 3428 Ce-

563 3465 803 3521 lebratur
846 3481 942 3538 per
994 3476 1199 3536 septem
1261 3469 1376 3522 dies
1425 3483 1560 3538 opus
1607 3467 1936 3539 septiformis
1979 3468 2149 3536 Spiri-

567 3565 672 3615 tus,
713 3566 768 3610 et
812 3564 999 3609 octava
1053 3557 1140 3609 die
1194 3558 1584 3612 consummatio
1638 3566 1692 3614 ct
1746 3557 2038 3614 declaratio
2093 3567 2148 3612 et

563 3644 882 3716 glorificatio
917 3647 1158 3716 ejusdem
1208 3647 1406 3716 operis.
1461 3646 1614 3712 Quod
1665 3648 1707 3702 si
1755 3649 1827 3702 ita
1879 3659 1985 3713 est,
2035 3664 2148 3704 me-

566 3735 672 3790 tito
715 3738 960 3793 eamdem
1012 3739 1452 3808 gloriﬁcatiouem
1491 3741 1541 3794 in
1583 3742 1784 3796 nostris
1830 3741 2019 3797 oﬂiciis
2059 3758 2144 3796 rc-

563 3830 692 3885 colit
727 3839 915 3886 octava
955 3832 1086 3893 dies,
1121 3847 1240 3900 quae
1278 3832 1415 3886 redit
1439 3831 1504 3884 ad
1532 3841 1711 3900 caput,
1744 3847 1862 3900 qua:
1891 3834 2144 3901 etprima

564 3919 701 3973 dies.
754 3920 940 3989 itaque
979 3922 1117 3974 sicut
1152 3920 1542 3975 celebravimus
1592 3919 1926 3988 majestatem
1978 3920 2148 3990 Spiri-

566 4019 653 4063 tus
689 4011 859 4063 sancti
898 4011 947 4063 in
985 4009 1320 4072 Pentecoste,
1371 4011 1706 4066 celebremus
1747 4020 1803 4065 et
1846 4011 1898 4065 in
1940 4012 2146 4066 octavis

565 4099 805 4166 ejusdem
862 4099 1188 4162 festivitatis,
1241 4111 1506 4168 quatenus
1554 4101 1850 4169 sa‘pissime
1901 4101 2142 4156 recolen-

567 4188 638 4242 ιιι)
664 4190 780 4258 ejus
811 4190 971 4248 dona.
1006 4191 1258 4258 dignetur
1283 4192 1518 4244 charitas
1545 4190 1662 4258 ejus
1684 4205 1742 4243 se
1764 4191 2033 4259 profusius
2058 4192 2141 4244 in-

568 4276 792 4331 fundere
823 4279 1072 4332 cordibus
1099 4281 1315 4334 nostris.
1351 4281 1425 4333 Ex
1455 4281 1538 4334 his
1573 4282 1824 4334 omnibus
1857 4280 2138 4335 manifesta

569 4364 710 4416 ratio
754 4373 895 4432 patet
939 4367 1081 4435 quod
1111 4368 1166 4421 hi
1213 4369 1302 4435 qui
1351 4379 1595 4422 octavam
1636 4369 1983 4424 Pentecostcs
2005 4370 2144 4426 cele-

569 4454 730 4508 brant
763 4457 959 4509 rectius
987 4466 1151 4526 agunt
1177 4475 1335 4526 quam
1357 4459 1454 4528 qui
1481 4459 1580 4512 hoc
1607 4475 1768 4529 agerc
1799 4460 2003 4514 nolunt.
2037 4462 2142 4530 lgi-

571 4544 974 4613 turjustissime
1001 4557 1055 4601 et
1084 4549 1384 4602 rectissime
1412 4566 1440 4602 a
1468 4560 1652 4603 sancta
1683 4560 1854 4604 matre
1877 4553 2141 4606 catholica

567 4635 806 4690 Ecclesia
843 4646 951 4690 toto
981 4637 1112 4691 orbe
1143 4647 1407 4691 terrarum
1437 4640 1626 4695 dilfusa
1654 4651 1857 4695 octava:
1885 4641 2143 4697 Penteco-

567 4737 678 4781 stes
724 4728 1039 4782 solemnitas
1069 4728 1372 4783 celebratur
1392 4769 1407 4794 ,
1435 4741 1720 4786 veneratur
1757 4743 1810 4787 et
1837 4733 2046 4788 colitur.
2083 4733 2140 4787 Si

566 4819 690 4888 quis
719 4835 848 4874 vero
873 4821 997 4876 huic
1020 4838 1166 4876 sana:
1190 4821 1491 4879 diﬂinitioni
1523 4827 1867 4888 contradicit,
1899 4827 2140 4895 ejusdem

563 4909 756 4962 matris
797 4910 1053 4967 Ecclesiae
1071 4914 1336 4968 unitatem
1363 4916 1575 4970 scindit.
1611 4917 1788 4971 Finito
1812 4917 2025 4970 tandem
2054 4932 2138 4980 eo,

560 5014 674 5067 quo
703 5003 962 5060 hactenus
987 5009 1290 5074 utebamur,
1322 5023 1593 5076 sermone,
1627 5010 1755 5066 libet
1786 5010 1948 5064 aliam
1980 5009 2143 5064 ratio-

567 5105 688 5144 nem
721 5094 993 5152 inchoare.

1180 5189 1405 5245 CAPUT
1443 5191 1529 5245 ιν.

1051 5277 1128 5332 De
1154 5278 1388 5332 Adventu
1420 5279 1653 5332 Domini.

2176 2981 2218 3042 C

2257 373 2531 429 Dominica
2569 373 2755 440 quinta
2790 381 2917 426 ante
2959 369 3304 424 Nativitatcm
3358 370 3610 436 Domini,
3669 387 3836 442 quam

2254 463 2558 518 Amalarius
2580 463 3028 532 praeparationem
3054 461 3314 516 Dominici
3345 463 3626 517 Adventus
3656 464 3837 516 nomi-

2254 557 2422 612 navit.
2476 555 2679 609 Deinde
2722 554 3002 608 Dominica
3053 564 3246 623 quarta
3303 563 3429 607 ante
3483 552 3837 608 Nativitalem

2253 645 2498 709 Domini,
2528 645 2806 700 Dominica
2839 645 2996 699 tertia
3045 655 3167 698 ante
3197 643 3542 699 Nativitatem
3593 644 3835 707 Domini,

2252 737 2530 792 Dominica
2559 737 2791 800 secunda
2819 745 2944 789 aute
2973 735 3316 790 Nativitatem
3340 735 3548 790 Domini
3575 775 3592 801 ,
3644 736 3833 788 Domi-

2252 829 2372 883 nica
2405 828 2580 898 prima
2631 837 2758 882 ante
2801 826 3150 881 Nativitatem
3184 827 3416 890 Domini,
3467 836 3524 881 ut
3567 841 3836 881 converso

2254 919 2414 974 modo
2449 935 2568 987 qua:
2593 919 2732 988 apud
2766 917 3151 988 Hieronymum
3183 918 3383 972 dicitur
3405 917 3578 986 prima
3603 917 3685 971 vel
3719 933 3837 985 pro-

2253 1008 2396 1062 xima
2434 1017 2560 1062 ante
2590 1007 2937 1061 Nativitatem
2971 1006 3203 1070 Domini,
3234 1007 3372 1076 apud
3401 1006 3726 1078 Gregorium
3756 1008 3835 1060 di-

2253 1113 2411 1158 catur
2433 1101 2708 1156 Dominica
2739 1109 2931 1170 quarta
2966 1099 3033 1152 de
3063 1100 3309 1153 Adventu
3339 1099 3582 1162 Domini,
3613 1115 3721 1152 non
3755 1100 3834 1152 in-

2253 1195 2658 1257 convenienter,
2692 1203 2751 1248 nt
2783 1208 2923 1257 reor,
2950 1201 3171 1262 propter
3200 1193 3436 1261 quinque
3463 1189 3624 1258 hujus
3652 1192 3833 1245 saeculi

2252 1294 2462 1349 anates,
2496 1286 2547 1338 in
2580 1285 2777 1354 quibus
2806 1285 3080 1340 hominum
3111 1300 3280 1353 genus
3321 1284 3420 1337 sub
3458 1282 3590 1350 jugo
3636 1282 3835 1338 diaboli
3879 1274 3882 1277 ’

2251 1378 2524 1446 captivum
2559 1379 2869 1441 tenebatur,
2913 1391 3192 1446 quousque
3228 1392 3294 1428 ex
3333 1376 3550 1430 intacta:
3595 1375 3834 1446 Virginis

2253 1478 2405 1522 utero
2449 1467 2720 1520 nascendo
2762 1465 2814 1517 in
2849 1480 3014 1518 carne
3040 1474 3343 1533 appareret,
3371 1465 3461 1531 qui
3487 1465 3671 1518 carnis
3711 1481 3834 1532 pec-

2252 1569 2375 1611 cata
2427 1573 2522 1627 per
2557 1557 2637 1610 sui
2676 1556 2920 1624 corporis
2969 1555 3200 1608 hostiam
3239 1555 3479 1608 aboleret
3520 1563 3575 1609 et
3623 1557 3830 1610 initium

2250 1657 2418 1704 sextae
2451 1648 2725 1716 sequentis
2753 1646 2927 1699 aetatis
2972 1644 3340 1698 sanctiﬁcat-et
3367 1663 3378 1698 :
3413 1646 3492 1698 vel
3521 1647 3648 1714 quia
3699 1646 3832 1699 intc-

2250 1739 2360 1794 rior
2383 1748 2568 1792 noster
2598 1738 2758 1791 homo
2804 1751 2896 1804 pcr
2924 1736 3162 1804 (pilaque
3209 1749 3399 1789 sensus
3434 1738 3682 1806 corporis
3709 1753 3830 1789 cor-

2249 1830 2536 1900 rumpitur,
2576 1829 2648 1882 ita
2682 1838 2740 1882 ut
2785 1828 2838 1882 in
2872 1826 3026 1880 nobis
3055 1841 3199 1880 mors
3225 1834 3512 1894 Operetur,
3542 1827 3685 1880 sicut
3712 1840 3831 1894 pro-

2248 1922 2410 1991 pheta
2463 1920 2634 1974 dicit:
2681 1917 2924 1972 lntroivit
2975 1933 3116 1970 mors
3187 1932 3280 1986 per
3330 1917 3587 1984 fenestras
3639 1928 3831 1969 vestras

2250 2012 2384 2082 (Jer.
2417 2013 2538 2081 Ix);
2581 2021 2848 2082 quatenus
2899 2012 2952 2064 in
2995 2011 3076 2066 his
3120 2012 3358 2080 quinque
3407 2012 3832 2066 hebdomadibus

2250 2104 2539 2173 hospitium
2571 2102 2770 2157 tuentis
2813 2101 2885 2154 illi
2929 2101 3038 2170 regi
3073 2111 3258 2155 nostro
3287 2111 3644 2170 praeparetur,
3671 2117 3830 2171 quem

2248 2194 2563 2264 prephetica
2588 2193 2748 2246 lectio
2775 2193 2827 2246 in
2860 2193 2974 2260 ipsa
3015 2191 3354 2245 hcbdomada
3376 2192 3564 2260 quinta
3597 2193 3684 2246 his
3712 2207 3833 2246 ver-

2248 2285 2332 2338 bis
2371 2284 2688 2354 pronuntiat
2743 2293 3028 2336 vcnturum
3057 2299 3071 2336 :
3104 2281 3238 2335 Ecce
3285 2281 3395 2333 dies
3431 2283 3673 2348 veniunt,
3709 2284 3831 2336 dicit

2250 2374 2530 2436 Dominus,
2570 2384 2618 2428 et
2659 2374 2923 2427 suscitabo
2953 2372 3122 2426 David
3162 2388 3370 2441 germen
3405 2372 3639 2441 justum,
3672 2383 3720 2426 ct
3761 2389 3833 2426 re-

2247 2466 2423 2534 gnabit
2455 2482 2565 2527 rex,
2612 2474 2658 2518 ct
2689 2466 2896 2533 sapiens
2926 2465 3044 2525 erit,
3076 2473 3122 2515 et
3158 2464 3315 2530 faciet
3350 2463 3617 2532 judicium
3671 2474 3718 2516 et
3742 2464 3835 2532 ju-

2249 2555 2445 2607 stitiam
2470 2554 2524 2606 in
2560 2566 2701 2606 terra
2736 2552 2872 2624 (λεν.
2916 2553 3093 2622 χχιιι).
3122 2553 3543 2618 Quaternarium
3578 2568 3711 2608 vero
3735 2570 3833 2607 nu-

2251 2660 2479 2708 merum,
2519 2662 2698 2714 quem,
2725 2655 2781 2699 ut
2825 2660 2983 2714 supra
3017 2646 3226 2699 notavit
3265 2655 3488 2700 sanctus
3513 2645 3832 2716 Gregorius,

2251 2737 2304 2794 in
2333 2747 2566 2806 quatuor
2623 2737 2917 2791 Dominicis
2963 2738 3029 2790 de
3081 2738 3326 2792 Adventu
3379 2737 3593 2793 Domini
3644 2740 3831 2796 diebus

2253 2830 2452 2897 posuit,
2479 2829 2570 2883 tali
2602 2830 2878 2883 celebrant
2906 2841 3269 2895 sacramento,
3293 2841 3350 2884 ut
3374 2832 3556 2895 homo,
3575 2833 3667 2900 qui
3694 2848 3832 2902 qua-

2254 2929 2376 2974 tuor
2420 2919 2664 2974 consistit
2711 2921 3012 2984 elementis,
3044 2934 3139 2990 per
3184 2931 3420 2988 quatuor
3466 2922 3832 2976 hebdomadas

2251 3007 2366 3076 ejus
2425 3019 2703 3077 exspectet
2736 3009 3064 3075 Adventum,
3113 3026 3272 3079 quem
3320 3027 3417 3080 per
3464 3021 3575 3067 tres
3611 3013 3830 3068 ordines

2251 3099 2536 3162 liln'ormn,
2587 3099 2719 3170 legis
2750 3101 2978 3164 scilicet,
3027 3104 3448 3170 prophetarum,
3497 3106 3829 3175 psalmoru

2249 3189 2376 3243 olim
2415 3193 2762 3260 promissum,
2791 3203 2844 3246 et
2873 3205 2967 3260 per
2995 3201 3266 3259 quartum,
3299 3192 3349 3246 id
3379 3202 3482 3256 est,
3507 3195 3829 3264 principium

2251 3281 2551 3349 Evangelii,
2601 3280 2790 3348 angelo
2815 3292 3014 3334 sanctae
3037 3280 3220 3335 Mariae
3244 3296 3458 3349 semper
3486 3283 3681 3353 virgini
3707 3299 3831 3337 con-

2248 3381 2462 3440 ceptum
2508 3386 2570 3423 ac
2620 3371 2922 3424 nativitatis
2967 3369 3084 3438 ejus
3130 3372 3377 3426 ordinem
3418 3383 3710 3436 narrante.
3763 3377 3825 3426 ad

2248 3466 2478 3520 salutem
2505 3466 2723 3520 humani
2747 3467 2962 3535 generis
2979 3467 3279 3522 certissime
3293 3468 3469 3522 sciunt
3487 3470 3615 3525 huic
3633 3471 3829 3525 mundo

2197 3563 2654 3624 2...,pratsentatum.
2685 3555 2750 3608 Et
2783 3571 2848 3608 ne
2882 3555 3088 3608 tantilla
3128 3557 3413 3626 parvitatis
3438 3573 3571 3613 mea:
3603 3571 3831 3615 attesta-

2254 3645 2348 3708 tio,
2377 3660 2537 3713 quam
2569 3660 2635 3698 ex
2665 3645 2894 3699 aliorqu
2927 3647 3097 3716 magis
3125 3662 3288 3716 quam
3337 3663 3403 3701 ex
3443 3651 3660 3719 prepria
3704 3667 3827 3720 pro-

2251 3737 2343 3790 tuli
2397 3737 2699 3801 scntentia,
2750 3738 2998 3791 videatur
3044 3739 3510 3808 parvipendenda,
3563 3743 3828 3811 majorum

2223 3827 2394 3881 ‘dicta
2422 3838 2692 3895 ponantur
2720 3829 2770 3882 in
2804 3829 3003 3894 medio,
3029 3839 3086 3882 ut
3116 3829 3198 3884 vel
3226 3846 3290 3884 ex
3325 3831 3408 3884 his
3438 3831 3645 3900 liquido
3681 3849 3828 3888 como

2247 3915 2506 3984 probetur
2528 3932 2756 3985 quormn
2789 3933 2918 3973 usus
2945 3919 3145 3972 rectior
3185 3919 3466 3972 habeatur.
3498 3920 3590 3974 Ait
3639 3938 3831 3992 nempe

2246 4008 2555 4064 Atttalarius
2585 4001 2889 4063 divinorum
2930 4009 3226 4064 olliciorum
3268 4020 3542 4070 scrutator
3568 4029 3674 4066 nou
3705 4029 3829 4067 con-

2249 4100 2570 4153 temnendus
2599 4113 2613 4152 :
2652 4099 2708 4153 lu
2739 4100 2976 4168 antiquis
3012 4099 3162 4154 li'bris
3201 4099 3490 4154 Missalium
3530 4110 3584 4155 et
3615 4101 3827 4156 Lectio~

2249 4192 2522 4244 uariorum
2563 4191 2830 4260 reperitur
2895 4193 3193 4260 scriptum:
3250 4190 3585 4244 hebdomade
3640 4197 3828 4262 quinta

2249 4291 2375 4335 ante
2412 4280 2758 4335 Nativitatem
2811 4281 3045 4334 Domini.
3095 4281 3342 4335 Totidem
3386 4283 3529 4335 enim
3569 4281 3828 4340 lectiones

2248 4371 2511 4424 habenms
2566 4370 2618 4423 in
2660 4368 3024 4433 Lectionario,
3085 4381 3138 4424 et
3194 4371 3413 4424 totidem
3465 4371 3759 4442 Evangelia
3797 4391 3825 4428 a

2249 4470 2488 4528 tempore
2537 4468 2837 4513 metuorato
2887 4474 2984 4527 per
3015 4460 3130 4513 dies
3177 4459 3486 4514 Dominieos
3537 4477 3710 4530 usque
3763 4464 3826 4516 ad

2243 4549 2593 4604 Nativitatem
2625 4548 2858 4602 Domini.
2883 4548 3314 4616 Antiphonarius
3336 4549 3499 4604 habet
3524 4552 3627 4604 tria
3656 4551 3826 4605 otiicia

2244 4641 2466 4703 diurna,
2509 4651 2562 4695 et
2589 4651 2842 4708 quartum
2890 4641 2942 4693 in
2982 4641 3068 4694 die
3097 4641 3376 4694 Dominico
3402 4643 3492 4710 qui
3520 4653 3678 4697 vacat
3710 4652 3828 4713 post

2246 4730 2509 4784 lectiones
2535 4731 2850 4794 duodecim;
2887 4740 3154 4785 nocturna
3199 4746 3326 4785 vero
3352 4742 3620 4800 quatuor,
3653 4743 3712 4788 ut
3739 4748 3826 4786 su-

2244 4821 2430 4892 perius
2477 4820 2613 4884 dixi,
2659 4837 2757 4888 per
2804 4821 2922 4876 dies
2970 4823 3301 4878 Dotuinicos.
3355 4823 3564 4878 Auctor
3608 4825 3823 4880 Lette-

2248 4912 2385 4964 narii
2413 4911 2616 4964 excitat
2643 4912 2800 4965 tidem
2846 4922 3088 4967 nostram
3117 4915 3185 4969 ad
3232 4913 3580 4972 recoleudum
3613 4920 3820 4973 Domini

2245 4999 2416 5053 nostri
2446 4999 2572 5053 Jesu
2608 5000 2809 5054 Christi
2847 5002 3058 5056 venturi
3108 5003 3160 5057 in
3204 5005 3461 5058 mundqu
3495 5012 3819 5074 praeconium

2244 5104 2342 5158 per
2389 5091 2633 5158 quinque
2676 5100 2866 5145 tetates
2912 5093 3116 5146 mundi.
3185 5095 3388 5148 Auctor
3444 5095 3680 5151 Missalis
3732 5100 3818 5166 qui

2247 5181 2559 5234 nominatur
2601 5179 2953 5249 Gregorialis,
2982 5191 3035 5235 et
3084 5183 3487 5251 Antiphonarii,
3525 5201 3625 5242 nos
3653 5195 3820 5257 tangit

2248 5281 2305 5324 ut
2330 5273 2629 5325 recolamus
2647 5259 2995 5326 Nativitateni
3017 5273 3225 5328 Domini
3243 5274 3576 5332 celebratam
3597 5291 3693 5347 per
3713 5263 3821 5332 trra
