4072 5350
277 288 420 345 1065

1557 283 1654 342 ὒΕ
1690 283 1959 342 OFFICIO
1999 282 2250 340 MISSIE.

3423 289 3563 348 i066

273 416 482 460 missus
512 399 580 455 ad
615 397 939 458 Zachariam
967 439 983 466 ,
1011 399 1266 457 videlicet
1309 399 1530 455 nuntius
1569 414 1872 472 praecurso-
1900 405 1948 465 Α
1977 400 2137 465 satio,
2186 409 2390 456 sanctae
2426 399 2711 456 Trinitatis
2750 400 3026 457 individua
3060 411 3144 458 est
3194 405 3458 475 operatio.
3493 407 3568 463 Et

271 495 356 551 ris
385 493 694 550 Nativitatis
719 493 955 559 Domini,
979 509 1166 549 verum
1194 494 1358 548 etiam
1388 502 1442 548 et
1467 494 1741 564 propheta:
1766 493 1869 547 Za-

273 587 480 643 charia:
505 589 571 643 de
599 587 833 642 adventu
858 586 1094 652 Domini,
1125 595 1181 642 et
1200 585 1418 642 Gabriel
1440 586 1639 642 missus
1667 586 1736 641 ad
1766 585 1875 640 Ma-

273 681 420 736 riam
465 679 730 753 virginem
781 679 915 752 (Luc
966 682 1030 752 ι),
1085 695 1317 738 narrans
1361 681 1412 738 ei
1461 681 1874 749 conceptionem

272 775 582 831 Salvatoris
609 775 807 842 nostri,
843 783 900 830 et
943 785 1140 832 caztera
1187 776 1319 832 talia
1366 791 1540 848 usque
1581 776 1648 832 ad
1696 776 1873 848 ipsam

271 865 659 923 Nativitatem.
687 865 892 940 Nempe
922 877 979 925 ct
1017 869 1134 939 ipsa
1158 877 1353 939 quarta
1379 867 1739 934 hebdomada,
1770 869 1876 926 hoc

273 965 382 1020 est,
416 971 537 1027 qua:
560 957 810 1029 proxima
840 965 925 1015 est
952 966 1080 1014 ante
1111 958 1462 1015 Nativitatem
1488 959 1724 1025 Domini,
1760 959 1875 1014 sive

270 1049 331 1106 in
359 1067 466 1121 qua
494 1051 824 1121 celebratur,
856 1054 1150 1127 singularis
1177 1063 1295 1122 est;
1342 1055 1509 1110 habet
1550 1055 1605 1110 in
1652 1055 1872 1110 matuti-

271 1141 387 1197 nali
435 1141 611 1199 oliicio
663 1158 762 1214 per
813 1160 1258 1217 unamquamque
1315 1144 1507 1202 feriant
1550 1145 1875 1216 antiphonas

267 1234 528 1305 proprias
565 1233 622 1290 in
671 1235 920 1308 psalmis.
959 1237 1028 1292 Et
1072 1237 1180 1293 alio
1232 1235 1394 1292 modo
1442 1245 1633 1292 auctor
1659 1235 1875 1292 Lectio-

272 1327 422 1382 narii
464 1327 626 1384 docet
653 1343 754 1385 nos
775 1344 940 1400 quam
986 1329 1145 1386 fortis
1181 1330 1253 1386 sit
1295 1329 1574 1397 Dominus,
1605 1328 1700 1400 qui
1743 1343 1876 1382 ven-

273 1429 436 1477 turus
474 1429 558 1477 est
600 1421 669 1478 ad
712 1437 832 1492 nos,
864 1432 922 1480 et
964 1423 1265 1479 intraturus
1291 1423 1511 1480 domum
1541 1431 1784 1478 nostram
1817 1428 1878 1474 ut

275 1513 335 1570 in
363 1527 428 1569 ea
459 1513 668 1572 habitet
697 1529 861 1586 quam
907 1531 1009 1572 nos
1053 1515 1291 1573 solemus
1325 1515 1608 1573 sordidare
1635 1513 1879 1586 quinque

273 1603 532 1660 sensibus
581 1605 807 1661 nostris.
856 1605 1032 1664 lllices
1075 1606 1264 1664 forma:
1294 1607 1500 1663 intrant
1539 1623 1639 1680 per
1667 1606 1875 1672 oculos,

277 1696 523 1766 suspicio
549 1697 692 1754 mala
729 1698 796 1754 de
825 1697 996 1755 fratre
1024 1714 1123 1772 per
1149 1715 1341 1768 aures,
1372 1701 1509 1757 odor
1553 1701 1879 1757 libidinosus

1978 506 2286 562 quanquam
2331 492 2399 546 ad
2446 491 2618 548 solum
2662 492 2858 548 Filium
2904 495 3160 564 respiciat
3207 495 3564 556 humanitatis

1979 582 2316 653 assumptio,
2376 590 2559 639 tamen
2615 585 2683 639 ad
2737 594 2908 640 totam
2958 584 3278 643 Trinitatem
3325 591 3567 660 pertinet

1979 673 2226 730 cil‘ectiva
2275 682 2478 729 nostrae
2532 674 2917 746 redemptionis
2957 680 3374 735 consummatio.
3416 679 3565 748 Qua-

1976 775 2200 838 propter
2220 781 2432 834 aequum
2456 781 2555 837 per
2577 768 2762 822 omnia
2791 767 2907 824 fore
2934 779 2988 824 et
3014 770 3356 827 conducibile
3380 787 3567 828 cense-

1979 867 2086 925 tur,
2116 865 2382 928 quatenus
2413 866 2522 913 tres
2572 866 2783 913 tantum
2829 860 3178 918 hebdomada:
3209 863 3569 921 observentur

1978 947 2034 1003 in
2076 949 2313 1004 adventu
2361 949 2596 1004 Domini.
2625 948 2780 1017 Quod
2809 952 2855 1007 si
2898 951 3102 1024 aliquid
3148 962 3570 1027 supercreverit,

1979 1040 2410 1112 synecdochicos
2437 1040 2727 1111 accipitur,
2773 1057 2842 1097 ne
2890 1044 3026 1099 tanti
3056 1047 3306 1117 mysterii
3352 1049 3486 1105 ordo
3518 1059 3574 1104 ct

1978 1133 2166 1204 regula
2195 1143 2625 1205 pratsumptuose
2668 1135 2836 1207 (quod
2887 1137 3048 1209 absit)
3100 1139 3428 1196 annulletur.
3476 1142 3575 1198 Est

1979 1233 2164 1280 autem
2204 1235 2261 1282 et
2307 1225 2411 1280 alia
2437 1224 2680 1295 ejusdem
2707 1227 2912 1299 negotii
2957 1229 3116 1294 ratio,
3151 1231 3572 1305 haudquaquam

1979 1319 2382 1390 vilipendenda,
2414 1335 2521 1390 qua
2553 1319 2822 1392 gloriosus
2867 1321 3126 1378 Ecclesia:
3155 1335 3349 1382 auctor
3386 1335 3442 1383 et
3477 1328 3576 1384 do-

1980 1417 2099 1466 ctor
2125 1409 2357 1466 eximius
2383 1410 2700 1476 l-lilariusin
2723 1411 2863 1468 libro
2889 1411 3198 1470 Oﬂiciorum
3220 1417 3390 1473 utitur
3415 1435 3429 1474 :
3456 1417 3575 1477 Sic-

1980 1516 2058 1571 ut,
2111 1507 2386 1579 inquiens,
2441 1519 2596 1580 pater
2639 1511 2729 1568 ille
2765 1511 2998 1569 familias
3028 1512 3082 1568 in
3115 1511 3406 1586 Evangelio
3433 1518 3577 1576 trino

1982 1602 2215 1657 adventu
2243 1601 2638 1659 infructuosam
2659 1604 2947 1660 ﬁculneam
2976 1605 3221 1662 visitavit
3248 1607 3402 1680 (Luc.
3428 1607 3574 1682 xm),

1983 1691 2062 1747 sic
2093 1701 2283 1748 sancta
2312 1701 2487 1750 mater
2529 1693 2774 1750 Ecclesia
2806 1692 3118 1752 ‘Salvatoris
3141 1712 3322 1753 annuo
3349 1713 3577 1755 recursu

275 1801 382 1858 per
428 1803 619 1857 nares;
673 1806 774 1861 per
798 1806 861 1846 os
893 1807 994 1848 nos
1022 1792 1291 1864 ingluvies
1318 1792 1527 1864 polluit,
1569 1809 1670 1864 per
1697 1802 1878 1848 actum
1908 1779 1958 1840 B
1982 1799 2084 1855 per
2107 1784 2271 1840 trium
2297 1785 2728 1855 septimanarum
2765 1795 3036 1842 secretum
3080 1789 3316 1860 spatium
3359 1789 3464 1846 sibi
3492 1791 3580 1848 in-

278 1878 598 1936 crudelitas.
626 1879 685 1936 In
717 1881 970 1938 sordibus
1002 1899 1110 1938 non
1139 1882 1252 1938 vult
1281 1884 1531 1940 habitare
1561 1899 1655 1939 rex
1686 1892 1877 1940 ventu-

277 1987 399 2040 rus,
422 1973 528 2030 nisi
555 1974 630 2029 ita
660 1983 922 2047 purgetur
943 1974 1236 2047 hospitium
1265 1986 1324 2032 ut
1351 1992 1453 2032 nec
1477 1977 1669 2033 saltem
1698 1975 1879 2046 pulvis

281 2065 476 2120 talium
529 2067 974 2138 phantasmatum
1034 2080 1334 2136 remaneat,
1400 2086 1508 2126 non
1571 2071 1881 2142 dignabitur

280 2156 486 2229 hospes
514 2168 774 2215 venturus
798 2160 1008 2217 intrare
1054 2160 1107 2216 in
1141 2160 1289 2216 illud.
1319 2161 1443 2216 ldeo
1469 2161 1660 2216 scribit
1690 2169 1882 2215 auctor

275 2246 614 2306 Lectionarii
658 2252 898 2323 quinque
935 2251 1201 2309 lectiones
1230 2253 1471 2324 quinque
1512 2250 1880 2308 hebdomada-

277 2353 407 2396 rum
440 2350 502 2396 ut
539 2357 640 2398 nos
684 2343 936 2401 hortetur
965 2343 1363 2400 circumcidere
1395 2345 1636 2416 quinque
1683 2356 1880 2398 sensus

279 2440 504 2490 nostros
526 2434 594 2490 ab
619 2434 765 2490 omni
805 2435 956 2503 vitio,
987 2445 1043 2490 et
1070 2451 1268 2507 parare
1296 2437 1633 2493 mansionem
1663 2437 1882 2506 dignam

282 2528 403 2599 regi
427 2537 482 2584 et
512 2528 740 2585 Domino
766 2539 930 2602 atque
982 2546 1110 2588 vero
1137 2533 1436 2602 prophetae.
1467 2532 1548 2588 De
1593 2532 1712 2604 ipso
1754 2548 1884 2606 rege

282 2616 421 2673 dicit
443 2619 617 2688 prima
643 2619 808 2677 lectio
839 2638 852 2676 :
887 2620 1023 2676 Ecce
1051 2621 1162 2676 dies
1191 2624 1424 2688 veniunt,
1459 2624 1583 2678 dicit
1601 2623 1881 2692 Dominus,

276 2715 334 2766 et
360 2709 618 2764 suscitabo
647 2709 820 2766 David
849 2728 1060 2782 germen
1077 2712 1307 2783 justum,
1339 2724 1386 2768 et
1419 2715 1655 2785 regnabit
1695 2733 1809 2784 rex,
1834 2727 1883 2772 et

280 2797 496 2865 sapiens
519 2798 615 2851 erit
644 2796 779 2867 (Jcr.
814 2798 999 2870 xxiii).
1029 2800 1101 2854 At
1126 2815 1256 2856 vero
1299 2800 1366 2856 de
1394 2801 1622 2856 Domino
1649 2819 1662 2856 :
1687 2803 1756 2857 Et
1785 2805 1884 2860 hoc

280 2897 362 2945 est
393 2904 604 2957 nomen,
625 2891 764 2960 quod
786 2895 1040 2947 vocabunt
1063 2909 1205 2960 eum,
1229 2893 1487 2949 Dominus
1504 2895 1684 2965 justus
1712 2906 1886 2953 noster

285 2978 502 3051 (Ibid.).
534 2980 601 3035 Et
629 2980 828 3036 iterum
875 2982 931 3037 iu
958 2982 1252 3054 Evangelio
1299 2984 1366 3040 de
1407 2987 1713 3056 propheta:
1743 2988 1882 3055 Quia

285 3072 373 3126 hic
415 3081 491 3126 est
541 3087 655 3126 vere
693 3073 964 3144 propheta,
1022 3075 1112 3146 qui
1143 3085 1390 3132 venturus
1419 3086 1494 3132 est
1539 3079 1596 3133 in
1624 3079 1881 3134 mundum
1912 3147 1918 3153 ι

1984 1878 2188 1934 citavit.
2233 1877 2395 1936 Venit
2419 1879 2567 1936 enim
2596 1879 2769 1936 Filius
2797 1879 3038 1936 hominis
3070 1896 3338 1952 quaerere,
3373 1891 3429 1938 et
3465 1881 3578 1940 sal-

1981 1984 2110 2026 vum
2141 1971 2326 2028 facere
2353 1972 2498 2044 quod
2525 1971 2765 2044 perierat
2790 1971 2944 2044 (Luc.
2984 1972 3124 2046 xix).
3156 1974 3319 2030 Venit
3341 1983 3468 2031 ante
3498 1975 3578 2032 le-

1983 2077 2130 2133 gem,
2152 2063 2279 2133 quia
2301 2077 2399 2134 per
2440 2062 2745 2118 naturalem
2775 2063 3106 2120 intellectum
3132 2065 3264 2136 quid
3289 2065 3582 2138 unicuique

1984 2156 2345 2226 sequendum,
2376 2156 2574 2227 quidve
2602 2155 2871 2228 agendum
2903 2157 2975 2214 sit
2998 2157 3256 2215 innotuit.
3288 2158 3450 2217 Venit
3477 2161 3581 2216 sub

1985 2247 2128 2321 lege,
2155 2249 2281 2320 quia
2331 2249 2769 2321 patriarcharum
2800 2250 3062 2322 exemplis
3091 2259 3147 2306 et
3190 2251 3582 2322 prophetarum

1986 2341 2274 2412 praeconiis
2311 2341 2794 2398 semini'Abrahae
2850 2340 3043 2413 legalia
3091 2341 3436 2398 confirmavit
3480 2343 3578 2399 de-

1985 2445 2155 2495 creta.
2180 2437 2340 2494 Venit
2362 2437 2522 2493 tertio
2544 2444 2668 2507 post
2686 2435 2860 2507 legem
2885 2451 2982 2508 per
3002 2435 3230 2508 gratiam
3252 2435 3322 2492 ad
3341 2437 3584 2494 vocatio-

1986 2547 2112 2587 nem
2139 2531 2404 2602 gentium,
2433 2537 2544 2586 uta
2574 2529 2703 2586 solis
2727 2539 2851 2586 ortu
2891 2545 3064 2600 usque
3091 2530 3158 2585 ad
3184 2543 3437 2586 occasum
3458 2528 3582 2586 lau-

1989 2624 2120 2680 dare
2149 2621 2428 2678 discerent
2471 2622 2625 2692 pueri
2666 2637 2862 2678 nomen
2891 2621 3129 2689 Domini,
3160 2637 3297 2693 quos
3319 2637 3490 2693 usque
3515 2621 3584 2679 ad

1986 2714 2153 2806 ﬁonetn
2198 2715 2387 2770 mundi
2435 2715 2500 2770 ad
2539 2729 2649 2771 sua:
2687 2693 2991 2787 majestatis
3043 2713 3251 2772 cultum
3307 2713 3586 2773 exhortari

1987 2825 2100 2866 non
2139 2808 2360 2866 desinit.

2619 2901 2849 2959 CAPUT
2883 2901 2951 2958 V.

1989 2996 2067 3051 De
2095 2996 2278 3063 missa,
2320 2995 2767 3070 Deprecatione‘m
2803 3004 3067 3070 nostram,
3095 3007 3142 3050 et
3171 2995 3454 3052 concordia
3479 2997 3587 3070 ofﬁ-

2454 3068 2656 3122 ciorum
2686 3065 3122 3121 Dominica/ium.

285 3162 474 3234 (Joan.
501 3163 600 3234 vt).
619 3163 824 3219 Auctor
845 3163 1076 3221 Missalis
1099 3165 1214 3221 sive
1231 3165 1613 3238 Antiphonarii
1639 3170 1885 3225 eamdem

2065 3161 2142 3216 De
2166 3161 2356 3227 missa,
2383 3159 2813 3230 Deprecationem
2839 3169 3093 3228 nostram,
3133 3177 3455 3232 quwsumus,
3485 3162 3587 3218 Do-

286 3254 747 3326 praeparationem
774 3255 1028 3311 hortatur
1051 3270 1152 3313 nos
1176 3256 1359 3313 facere
1379 3274 1477 3330 per
1501 3266 1736 3328 quatuor
1758 3259 1893 3316 heb-

287 3344 572 3401 domadas.
609 3345 767 3401 Sicut
793 3347 937 3402 enim
965 3347 1129 3404 homo
1159 3350 1407 3405 internus
1436 3349 1679 3422 quinque
1707 3352 1885 3408 sensi-

288 3439 394 3497 bus
421 3442 489 3496 ad
517 3441 754 3496 animam
780 3441 921 3497 bene
949 3450 1043 3498 aut
1063 3443 1205 3499 male
1229 3452 1508 3514 operatur,
1537 3445 1612 3500 ita
1639 3461 1738 3517 per
1759 3461 1894 3518 qua-

291 3541 420 3592 tuor
453 3531 720 3590 elementa
749 3543 841 3590 aut
873 3535 980 3591 ruit
1008 3537 1076 3591 ad
1106 3535 1246 3590 mala
1289 3551 1479 3607 opera,
1503 3547 1598 3593 aut
1624 3539 1798 3611 surgit
1823 3539 1894 3596 ad

291 3622 459 3680 bona.
489 3622 854 3696 Quapropter,
883 3635 944 3681 ut
981 3625 1116 3693 dixi,
1147 3625 1399 3682 hortatur
1423 3644 1525 3684 nos
1553 3640 1745 3686 auctor
1772 3645 1892 3686 mc-

294 3723 546 3773 moratus
577 3726 634 3772 ut
653 3718 697 3772 si
724 3733 896 3789 usque
919 3717 1077 3773 modo
1106 3719 1407 3789 torpuimus
1431 3722 1780 3792 negligentia,
1803 3723 1894 3780 de-

293 3807 425 3865 hinc
449 3824 738 3881 surgamus
777 3810 848 3865 ad
875 3811 1243 3867 mundandam
1275 3813 1494 3868 domum
1536 3823 1804 3885 nostram,
1832 3825 1894 3872 ut

300 3903 393 3976 qui
421 3919 530 3960 non
562 3905 828 3961 excitatus
857 3915 944 3961 est
972 3906 1028 3961 in
1067 3907 1258 3977 quinta
1306 3905 1672 3975 hebdomada,
1700 3910 1892 3966 saltem

300 3993 356 4050 in
382 4003 581 4066 quarta
619 4004 826 4067 surgat.
850 3995 1028 4066 Ipsum
1059 3999 1202 4052 enim
1231 4005 1389 4052 sonat
1420 3997 1581 4055 lectio
1611 4015 1730 4070 quae
1757 3999 1892 4073 legi-

295 4091 388 4140 tur
414 4084 471 4139 in
501 4093 692 4155 quarta
723 4086 1062 4141 hebdomada
1087 4103 1101 4140 :
1129 4085 1340 4143 Scimus
1365 4090 1488 4160 quia
1516 4091 1647 4146 liora
1680 4101 1755 4146 est
1775 4092 1894 4161 jam

298 4191 395 4232 nos
417 4176 482 4230 de
511 4191 692 4231 somno
720 4193 935 4248 surgere
977 4176 1152 4249 (Rom.
1203 4182 1266 4251 ι),
1294 4189 1350 4236 et
1380 4181 1610 4252 reliqua.
1643 4182 1762 4240 Non
1791 4183 1894 4239 du-

294 4269 414 4327 bito
443 4279 731 4340 propterea
777 4279 1060 4328 cantorcm
1103 4272 1158 4327 in
1207 4284 1510 4330 memorata
1555 4275 1895 4334 hebdomada

297 4375 425 4417 cum
449 4359 576 4415 tuba
605 4375 704 4416 sua
731 4360 973 4418 exaltare
997 4377 1184 4419 vocem
1215 4381 1229 4418 :
1258 4363 1342 4418 Ad
1373 4374 1422 4420 te
1453 4365 1616 4422 levavi
1660 4369 1896 4424 animam

297 4468 497 4520 meam,
527 4461 588 4508 ut
613 4453 816 4509 excitet
849 4469 944 4511 eos
975 4456 1066 4526 qui
1120 4456 1175 4511 in
1219 4457 1412 4529 quinta
1443 4458 1782 4516 hebdomada
1805 4475 1895 4517 so-

1995 3253 2162 3320 mine,
2197 3252 2447 3324 benignus
2483 3252 2700 3320 exaudi,
2749 3269 2868 3323 qua:
2907 3253 2960 3308 in
3008 3253 3334 3325 quibusdam
3381 3253 3584 3312 Sacra-

1995 3356 2304 3405 mentorum
2357 3344 2514 3401 libris
2556 3345 2641 3401 bis
2696 3345 2835 3400 solet
2878 3345 3046 3415 poni,
3100 3345 3278 3416 primo
3331 3345 3588 3403 videlicet

1994 3449 2215 3512 peracta
2240 3437 2594 3494 Pentecostes
2625 3437 2988 3504 hebdomada,
3033 3447 3159 3508 post
3184 3437 3358 3494 oilicia
3395 3437 3589 3509 jejunii

1993 3535 2201 3591 mensis
2222 3534 2422 3605 quarti,
2443 3549 2564 3603 qua:
2583 3532 2946 3603 prtetitulatur
2970 3533 3025 3587 in
3051 3531 3280 3600 Missali,
3301 3532 3586 3590 Dominica

1993 3635 2171 3681 vacat.
2219 3626 2354 3682 Item
2397 3625 2657 3692 secundo,
2700 3634 2827 3696 post
2881 3625 3014 3680 duas
3060 3625 3392 3694 Dominicas,
3424 3625 3621 3682 tertia'

1995 3718 2314 3790 incipiente.
2363 3716 2460 3773 Ubi
2501 3716 2851 3788 quaerendum
2883 3731 3008 3772 reor
3057 3733 3165 3790 quo
3209 3716 3330 3774 loco
3385 3720 3591 3776 rectius

1996 3812 2210 3868 dicatur
2239 3827 2253 3863 :
2285 3825 2412 3865 nam
2436 3825 2533 3881 per
2573 3809 2787 3879 singula
2815 3821 3051 3882 quatuor
3083 3819 3330 3882 tempora
3360 3820 3589 3882 peracto

1989 3905 2223 3978 jejunio,
2251 3918 2485 3976 sequens
2513 3903 2794 3960 Dominica
2824 3911 2983 3959 vacat
3013 3905 3082 3960 ab
3107 3903 3304 3971 oliicio,
3337 3905 3590 3976 quamvis

1994 4001 2178 4056 missae
2222 4014 2332 4054 non
2362 3997 2541 4054 desint
2591 3997 2716 4052 inde
2764 3996 3098 4066 compositae.
3143 3996 3212 4052 Et
3256 3996 3384 4067 quia
3414 3996 3590 4053 ofﬁcia

1989 4089 2184 4162 jejunii
2207 4090 2372 4162 primi
2402 4088 2628 4155 mensis,
2675 4089 2729 4144 in
2776 4089 2953 4159 prima
2988 4087 3432 4159 Quadragesimae
3458 4088 3590 4144 heb-

1997 4182 2248 4250 domada,
2278 4181 2540 4253 etjejunii
2569 4181 2749 4252 quarti
2777 4181 2984 4238 mensis
3007 4181 3062 4237 in
3086 4181 3424 4237 hebdomada
3450 4179 3589 4237 Pen-

1997 4284 2234 4334 tecostes
2262 4276 2611 4332 inveniuntur
2639 4274 2968 4346 conscripta,
2997 4275 3123 4331 licet
3157 4291 3372 4346 semper
3399 4277 3588 4332 eodem

1994 4369 2318 4440 perveniant
2343 4367 2555 4434 ordine,
2591 4375 2792 4434 tamen,
2830 4367 2974 4423 sicut
2998 4376 3223 4439 peracta
3246 4368 3422 4438 prima
3444 4365 3590 4435 Qua-

1997 4461 2315 4532 dragesima:
2336 4459 2698 4525 hebdomada,
2727 4474 2792 4516 ea
2835 4458 3120 4515 Dominica
3149 4475 3268 4530 quae
3316 4458 3390 4515 ibi
3414 4459 3590 4531 posita

298 4562 434 4621 pore
475 4547 822 4620 negligentiae
850 4551 1092 4621 oppressi
1143 4525 1291 4607 sunt.
1335 4553 1619 4621 Quomodo
1645 4566 1888 4613 nostram
1917 4525 1970 4587 D
1997 4525 2353 4620 θεὴ-(Ποίων,
2382 4561 2438 4607 et
2459 4551 2726 4607 lectiones
2772 4550 3020 4622 Apostoli
3048 4558 3103 4606 et
3130 4525 3305 4608 sancti
3345 4525 3591 4621 Evange-

298 4639 521 4698 domum
548 4656 860 4712 praeparare
891 4642 1186 4700 debeamus
1213 4644 1266 4700 in
1297 4648 1652 4717 sequentibus
1679 4665 1889 4706 memo-

299 4743 422 4791 rata
469 4733 632 4792 lectio
681 4745 950 4792 monstrat
989 4754 1004 4792 :
1048 4737 1174 4793 Non
1226 4740 1284 4794 in
1330 4744 1796 4800 comessationibus
1843 4753 1892 4800 et

299 4826 663 4894 ebrietatibus,
697 4844 803 4882 non
838 4828 896 4883 in
943 4830 1200 4886 cubilibus
1229 4841 1277 4887 et
1306 4832 1672 4905 impudicitiis,
1704 4853 1809 4890 non
1837 4838 1894 4892 in

299 4921 631 4975 contentione
661 4930 709 4975 et
735 4919 1087 4988 aemulatione,
1143 4923 1234 4978 sed
1274 4925 1559 4980 induimini
1605 4926 1892 4984 Dominum

297 5011 485 5068 Jesum
501 5011 771 5068 Christum
789 5012 963 5084 (Rom.
982 5015 1126 5087 xm).
1151 5015 1412 5076 Eamdem
1442 5023 1894 5090 praeparationem

1999 4646 2059 4702 lii
2087 4646 2360 4719 leguntur,
2406 4645 2480 4700 ita
2508 4654 2563 4700 et
2591 4645 2683 4701 hic
2710 4645 2978 4717 agendum
3023 4656 3170 4702 esset
3206 4654 3354 4702 recte
3379 4653 3434 4698 et
3459 4658 3596 4713 prae-

1999 4745 2157 4815 cipue
2181 4760 2303 4801 cum
2335 4741 2526 4798 eadem
2554 4742 2742 4809 missa,
2774 4741 2937 4796 lectio
2983 4740 3342 4813 Apocalypsis
3371 4733 3598 4792 Joannis

1998 4846 2054 4895 et
2077 4836 2600 4910 Evangelium,quae
2643 4835 2838 4891 eodem
2865 4835 2952 4890 die
2981 4834 3259 4903 leguntur,
3292 4830 3431 4886 miro
3455 4830 3600 4887 inter

2000 4946 2060 4987 se
2086 4931 2418 4988 concordent
2450 4928 2632 4983 modo.
2673 4928 2809 4982 Nam
2839 4925 3095 4982 sacerdos
3117 4930 3174 4976 et
3211 4939 3307 4978 sua
3337 4927 3394 4973 et
3417 4919 3606 4973 Eccle-

2004 5025 2097 5081 sia:
2123 5040 2255 5081 voce
2281 5025 2607 5092 deprecatur
2645 5019 2748 5074 sibi
2791 5015 3043 5087 praestari
3087 5011 3431 5085 supplicandi
3475 5007 3613 5065 affe-
