4072 5350
536 333 671 393 1067

1619 326 1963 383 BERNONIS
2005 324 2292 381 ABBATIS
2328 324 2695 383 AUGIENSIS
2766 276 2771 285 Α

3667 327 3806 385 1068

535 463 642 506 tam
665 444 960 504 olliciorum
999 460 1160 517 quam
1191 452 1247 500 et
1276 444 1588 500 missarum.
1621 441 1755 499 Nam
1784 442 1974 513 viginti
2008 451 2117 497 tres
2143 442 2196 504 Α
2221 441 2474 498 existere.
2523 442 2724 498 lterum
2755 438 2830 495 illi
2862 439 3186 512 evangelicae
3211 440 3449 502 lectioni.
3498 442 3590 498 ubi
3622 442 3809 499 Domi-

531 539 879 597 ltebdomadze
900 545 1307 606 computantur,
1326 535 1396 589 ita
1413 535 1731 602 concordes,
1745 544 1804 589 ut
1826 533 2116 605 aliquando

531 633 705 688 onmis
737 640 927 685 cantus
952 629 1206 685 videlicet
1234 629 1673 699 antipbonarum,
1713 643 1832 698 qua:
1862 628 2116 683 dicuntur

529 726 802 792 introitus,
823 725 1179 796 gradualium,
1207 721 1628 787 oﬂ'ertoriorum,
1653 722 2108 784 conununionum,

525 836 648 875 cum
676 818 1000 873 lectionibus
1033 813 1345 885 apostolicis
1372 823 1425 869 et
1448 813 1775 884 evangelicis
1805 813 1878 868 ita
1924 827 2115 867 conve-

524 912 695 973 niant,
731 919 789 965 ut
820 908 965 964 velut
987 907 1257 978 quoddam
1288 920 1552 977 organum
1597 904 1848 960 distantis
1878 904 2017 958 inter
2056 917 2114 958 se

523 1004 674 1060 vocis
731 1000 1054 1055 concordem
1106 996 1487 1069 symphoniam
1541 995 1789 1051 reddant.
1844 990 1915 1049 Ut
1966 993 2109 1048 enim

521 1097 752 1166 exempli
778 1095 952 1165 gratia
982 1109 1150 1164 pauca
1184 1109 1251 1148 ex
1298 1090 1544 1162 plurimis
1590 1088 1953 1160 proferamus,
2001 1086 2111 1157 pri-

520 1203 663 1242 mam
709 1185 1048 1240 Dominicam
1094 1190 1215 1253 post
1255 1190 1504 1236 octavam
1549 1176 1897 1233 Pentecostes
1928 1178 2108 1232 inten-

521 1281 728 1343 damus,
758 1278 843 1331 uhi
874 1276 1126 1331 introitus
1153 1275 1224 1329 ita
1248 1271 1467 1342 incipit:
1498 1269 1733 1331 Domine,
1761 1268 1814 1321 in
1835 1279 1925 1321 tua
1954 1266 2110 1321 mise-

518 1372 747 1426 ricordia
780 1372 981 1440 speravi
1031 1365 1202 1438 (Psal.
1254 1365 1378 1436 xu),
1426 1373 1480 1419 et
1524 1361 1926 1435 responsorium
1953 1378 1965 1415 :
1994 1359 2107 1431 Ego

516 1466 653 1529 dixi,
683 1464 905 1518 Domine
931 1460 1104 1535 (Psal.
1139 1460 1296 1531 xxx),
1327 1472 1381 1515 et
1410 1474 1550 1513 vers.
1582 1456 1775 1511 Beatus
1800 1455 1890 1526 qui
1914 1451 2108 1508 intelli-

514 1558 587 1629 git
635 1574 790 1627 super
839 1573 1054 1627 egenum
1103 1552 1272 1626 (Psal.
1329 1552 1464 1624 XLI).
1514 1550 1796 1607 Oﬂ'et‘enda
1846 1560 2103 1618 quoque:

518 1646 741 1703 Intende
794 1650 906 1703 voci
959 1647 1214 1701 orationis
1260 1661 1388 1699 metr
1440 1641 1614 1715 (Psal.
1647 1641 1719 1713 v).
1777 1638 1964 1694 Nonne
1994 1638 2108 1694 suis

512 1743 739 1799 vocibus
790 1742 1005 1796 videtur
1067 1738 1200 1804 tibi,
1249 1738 1566 1809 prepbetam
1616 1736 1668 1789 in
1720 1747 1852 1788 voce
1906 1746 2108 1803 paupe-

2218 549 2319 589 nus
2345 545 2580 605 quatuor
2611 533 2777 590 millia
2823 534 3102 589 hominum
3126 542 3333 604 septem
3371 535 3603 605 panibus
3628 547 3685 591 et
3724 537 3807 605 pi—

2215 626 2430 682 sciculis
2478 629 2666 699 paucis
2716 627 2884 698 pavit,
2928 626 3043 682 haec
3091 626 3255 682 missa
3305 629 3555 699 congruit
3599 648 3613 683 :
3661 627 3806 684 Deus

2215 721 2366 791 cujus
2390 724 2713 793 providentia
2762 725 2816 779 in
2842 724 2924 778 sui
2962 722 3301 794 dispositione
3341 742 3444 780 non
3491 726 3725 796 fallitur,
3753 737 3807 782 te

2213 816 2470 885 supplices
2504 832 2786 872 exoramus
2823 826 2881 871 ut
2934 817 3092 872 noxia
3141 828 3331 873 cuncta
3373 819 3703 886 submoveas,
3751 828 3807 877 et

2213 906 2390 959 omnia
2412 907 2558 961 nobis
2579 905 2863 978 profutura
2902 909 3178 961 concedas.
3213 906 3456 964 Providit
3483 910 3629 965 enim
3660 910 3802 967 Deus

2212 996 2341 1067 quid
2371 1001 2636 1056 esurienti
2668 999 2865 1072 populo
2908 1008 3053 1057 esset
3082 998 3345 1056 facturus.
3391 999 3584 1057 Merito
3618 1003 3801 1074 populi

2213 1089 2407 1144 divina:
2434 1090 2699 1161 largitatis
2729 1088 2926 1163 pabulo
2974 1090 3192 1157 refecti,
3242 1106 3365 1147 cum
3405 1090 3627 1147 Daniele
3678 1106 3804 1163 pro-

2209 1184 2371 1252 pheta
2405 1183 2696 1240 decantant
2737 1184 2844 1241 lati
2873 1203 2888 1239 :
2924 1184 3097 1241 Sicuti
3125 1187 3180 1241 in
3203 1185 3507 1242 holocausta
3545 1189 3800 1255 arietum,

2210 1283 2450 1344 rogantes
2478 1285 2535 1329 ut
2563 1276 2639 1329 sic
2666 1275 2774 1344 ,fiat
2805 1277 3129 1346 sacriﬁcium
3160 1279 3215 1332 in
3252 1287 3529 1348 conspectu
3564 1277 3798 1344 Domini,

2210 1373 2267 1419 ut
2299 1364 2501 1435 placeat
2527 1366 2629 1421 sibi
2669 1364 2832 1438 (Dan.
2866 1367 2972 1434 ιιι).
3013 1366 3081 1423 Et
3108 1368 3234 1441 quia
3264 1366 3378 1425 haec
3420 1370 3585 1425 verba
3631 1370 3701 1424 ad
3726 1369 3803 1425 le-

2208 1455 2349 1527 galia
2371 1457 2721 1527 pertinebant
2749 1458 3041 1527 sacrificia,
3063 1468 3120 1515 et
3138 1474 3201 1516 ea
3227 1476 3369 1516 nunc
3400 1462 3453 1516 in
3479 1461 3799 1532 mysterium

2210 1549 2457 1621 corporis
2484 1549 2688 1607 Christi
2713 1560 2768 1608 et
2812 1553 3099 1624 sanguinis
3134 1561 3260 1608 sunt
3296 1562 3500 1608 mutata
3529 1562 3802 1609 testantur

2211 1643 2379 1697 verba
2409 1654 2644 1711 secreta,
2667 1660 2789 1714 quae
2817 1645 2893 1700 ita
2920 1645 3183 1716 incipiunt
3211 1664 3224 1700 :
3251 1645 3414 1711 Deus,
3437 1647 3527 1718 qui
3549 1645 3801 1717 legalium

2213 1735 2564 1804 cli/ferentium
2609 1738 2902 1792 hostiarum
2967 1739 3125 1793 unius
3170 1736 3419 1807 sacriﬁcii
3482 1738 3802 1809 perfectione

510 1835 589 1890 ris
640 1834 833 1889 Lazari
888 1832 972 1887 vel
1023 1833 1077 1886 in
1131 1846 1358 1902 persona
1411 1836 1613 1883 sanctae
1662 1825 1939 1890 Ecclesiae,
1996 1808 2181 1879 hocB
2207 1828 2449 1882 sanxisti.
2478 1827 2559 1883 Illi
2617 1828 2908 1901 Evangelio
2946 1830 3000 1885 in
3040 1845 3147 1901 quo
3175 1829 3436 1887 Dominus
3468 1808 3635 1902 super
3665 1831 3801 1887 οἱς-ἰν

511 1925 726 1996 quidem
758 1935 1001 1995 tempore
1027 1921 1281 1994 pauperis
1317 1911 1390 1975 et
1412 1918 1643 1982 amictae,
1686 1917 1752 1971 ad
1789 1915 1954 1970 Deum
1978 1930 2103 1985 pro-

513 2017 753 2073 clamare
795 2027 853 2073 ut
896 2019 948 2072 in
1006 2017 1110 2072 hac
1138 1990 1384 2071 convalle
1433 2012 1791 2083 lacrymarum
1849 1990 2121 2078 dignetur.

512 2113 757 2167 misereri
812 2111 1180 2166 membrorum
1230 2105 1492 2163 sdorum?
1548 2103 1617 2159 Et
1667 2103 1795 2174 quid
1842 2104 1958 2173 ipso
2015 2103 2107 2158 die

509 2205 670 2259 lectio
707 2201 949 2267 Joannis,
1003 2201 1105 2256 nisi
1157 2210 1264 2256 tota
1312 2185 1602 2253 charitatis‘
1622 2195 1779 2251 melle
1810 2195 2099 2260 redundat,

508 2296 634 2350 dum
666 2294 801 2351 dicit
830 2312 843 2349 :
876 2293 1016 2348 Deus
1056 2294 1288 2347 charitas
1319 2298 1414 2355 est,
1442 2300 1487 2344 et
1513 2288 1604 2360 qui
1637 2297 1813 2341 manet
1840 2287 1894 2341 in
1926 2287 2099 2340 chari-

504 2401 631 2458 tate,
647 2391 701 2444 in
724 2388 833 2444 Deo
860 2399 1054 2453 manet,
1082 2397 1129 2442 et
1158 2385 1296 2441 Deus
1317 2387 1444 2441 ineo
1462 2383 1511 2455 (I
1533 2383 1692 2438 Joan.
1720 2383 1829 2446 1v)?
1852 2382 1917 2436 Et
1942 2381 2103 2451 paulo

503 2482 794 2551 superius:
823 2478 964 2533 Deus
1009 2476 1190 2532 dilexit
1238 2493 1354 2541 nos,
1384 2490 1430 2529 et
1476 2491 1569 2529 nos
1598 2475 1841 2529 debemus
1881 2473 2100 2528 invicem

502 2573 719 2644 diligere
760 2571 970 2643 (Ibid)
1028 2569 1167 2639 Quid
1214 2578 1394 2623 autem
1440 2577 1687 2624 sanctum
1746 2568 2099 2640 Evangelium

503 2677 681 2735 sonat,
708 2668 811 2723 nisi
860 2677 921 2720 ut
966 2665 1031 2721 ad
1082 2663 1470 2719 misericordize
1499 2679 1663 2733 Opera
1697 2678 1793 2718 nos
1820 2672 2097 2735 provocet,

501 2758 721 2830 quando
748 2756 1003 2830 pauperis
1034 2755 1226 2809 Lazari
1256 2754 1571 2823 patientiam
1618 2753 1668 2806 in
1709 2754 1829 2807 sinu
1861 2752 2098 2808 Abrahae

502 2858 907 2904 retnuneratam
944 2857 994 2901 et
1042 2846 1227 2901 divitis
1276 2845 1493 2915 superbi
1543 2844 1829 2899 avaritiam
1863 2843 2101 2899 ostendit

503 2942 815 2995 damnatam
846 2937 1005 3011 (Luc.
1049 2936 1197 3006 xw)?
1246 2934 1352 2989 Pro
1381 2934 1691 3006 huiusmodi
1732 2951 1790 2990 re
1838 2936 2098 2991 sacerdos

500 3028 651 3085 illum
686 3030 1009 3100 deprecatur
1035 3029 1127 3099 qui
1157 3026 1321 3082 estin
1350 3040 1408 3080 se
1448 3026 1781 3097 sperautium
1810 3026 2095 3096 fortitudo,

500 3132 563 3178 ut
616 3123 757 3178 adsit
808 3119 1241 3177 invocationibus
1290 3118 1492 3197 nostris
1540 3118 1923 3188 propitiuszct
1970 3119 2097 3188 quia

2212 1929 2379 1975 tatem
2419 1921 2756 1979 Hierusalem
2801 1922 2950 1979 ﬂevit
2980 1922 3134 1995 (Luc.
3160 1926 3275 1995 xix)
3310 1926 3426 1982 hare
3452 1926 3634 1982 oratio
3664 1940 3799 1981 con-

2208 2012 2357 2079 gruit
2388 2028 2400 2065 :
2436 2009 2603 2079 Deus,
2638 2014 2729 2084 qui
2756 2014 3185 2085 omnipotentiam
3217 2024 3361 2070 tuam
3392 2018 3659 2085 parcendo
3695 2035 3801 2071 ma-

2204 2106 2346 2161 xime
2377 2117 2425 2161 et
2450 2108 2749 2165 miserando
2790 2108 3127 2180 manifestas,
3170 2109 3460 2180 multiplica
3508 2126 3668 2175 super
3707 2126 3799 2165 nos

2204 2200 2621 2257 misericordiam
2644 2211 2790 2256 tuam
2828 2202 2980 2272 (Luc.
3012 2206 3189 2276 XVIII).
3229 2201 3360 2257 illud
3397 2203 3797 2275 Evangelium:

2205 2290 2325 2346 Duo
2356 2293 2611 2362 homines,
2645 2303 2700 2349 et
2744 2295 2835 2350 illa
2883 2295 3176 2366 apostolica
3228 2295 3412 2362 lectio,
3464 2312 3587 2367 quae
3613 2312 3677 2353 ea
3709 2296 3799 2353 die

2203 2382 2420 2452 legitur,
2458 2384 2600 2439 bene
2625 2387 2962 2441 concordant
2988 2386 3115 2441 dum
3146 2386 3436 2458 Apostolus
3466 2389 3601 2444 dicit
3630 2406 3644 2442 :
3682 2387 3797 2460 Ego

2202 2488 2319 2528 sum
2342 2475 2589 2531 minimus
2614 2476 2992 2546 apostolorum,
3018 2479 3107 2548 qui
3138 2494 3241 2532 non
3269 2495 3383 2533 sum
3405 2478 3600 2550 dignus
3620 2480 3798 2534 vocari

2203 2566 2501 2637 apostolus,
2544 2571 2793 2638 quoniam
2847 2581 3149 2640 persecutus
3198 2586 3314 2625 sum
3356 2569 3654 2625 Ecclesium
3703 2568 3799 2627 Dei

2204 2656 2254 2729 (l
2289 2656 2411 2713 Cor.
2450 2661 2515 2731 ι).
2540 2658 2609 2714 Εῑ
2635 2659 2953 2730 publicanus
2980 2674 3009 2714 a
3048 2661 3205 2732 longe
3247 2670 3431 2729 stans,
3460 2676 3562 2717 nec
3608 2663 3796 2719 oculos

2203 2756 2270 2809 ad
2292 2753 2488 2810 etelum
2521 2754 2723 2821 levare,
2759 2756 2855 2811 sed
2881 2756 3225 2827 pereutiebat
3263 2765 3454 2826 pectus
3488 2772 3684 2821 suum,
3722 2757 3798 2811 di-

2201 2860 2332 2901 cens
2357 2860 2370 2901 :
2402 2847 2543 2901 Deus
2571 2848 2830 2918 propitius
2865 2855 2974 2901 esto
3004 2847 3132 2900 mihi
3154 2847 3414 2915 peccatori
3434 2844 3588 2917 (Luc.
3616 2847 3793 2917 xvru).

2200 2930 2348 2993 inter
2381 2938 2480 2993 hos
2506 2937 2716 2993 medius
2745 2947 2897 2993 stans
2921 2937 3176 2993 sacerdos
3201 2945 3320 2991 orat
3340 2947 3398 2992 et
3430 2936 3565 2991 dicit
3595 2953 3610 2992 :
3666 2934 3797 2990 0m-

2202 3030 2437 3098 nipoteus
2495 3029 2805 3099 sempiterne
2850 3027 3021 3094 Deus,
3070 3030 3160 3100 qui
3211 3028 3538 3084 abundantia
3584 3027 3796 3099 pietatis

2202 3128 2308 3173 tua:
2328 3129 2375 3174 et
2396 3120 2583 3174 merita
2613 3119 2906 3190 supplicum
2931 3120 3138 3174 excedis
3162 3131 3213 3173 et
3235 3128 3375 3184 rota,
3398 3120 3612 3189 etrande
3637 3134 3799 3189 super

503 3215 620 3271 sine
650 3214 739 3269 illo
768 3212 901 3267 nihil
928 3220 1103 3282 potest
1134 3219 1319 3265 nostra
1345 3195 1591 3263 mortalis
1615 3207 1929 3273 inﬁrmitas,
1952 3209 2097 3265 sicut
2122 3192 2170 3268 (ξ
2202 3228 2294 3265 nos
2326 3211 2740 3266 misericordiam
2767 3223 2937 3278 tuam,
2964 3222 3017 3265 ut
3055 3211 3290 3266 dimittas
3324 3226 3443 3283 qua:
3471 3212 3795 3267 conscientia

500 3319 602 3360 nec
631 3303 824 3359 Lazari
856 3301 972 3357 sine
998 3301 1114 3371 ejus
1160 3299 1432 3372 adjutorto
1459 3298 1655 3371 potuit,
1687 3307 1908 3370 prrestet
1934 3298 2093 3356 nobis

500 3396 764 3454 auxilium
811 3395 1001 3467 gratia:
1051 3409 1161 3449 suae
1206 3401 1266 3447 ut
1316 3392 1368 3446 in
1411 3391 1773 3461 exsequendis
1826 3390 2093 3448 mandatis

499 3488 618 3558 ejus
647 3486 797 3543 illum
826 3486 1101 3559 diligendo
1132 3499 1197 3540 ex
1225 3492 1337 3540 toto
1359 3485 1545 3548 corde,
1569 3491 1625 3539 et
1651 3499 1717 3538 ex
1744 3493 1856 3539 tota
1881 3483 2087 3550 anima,

499 3594 555 3640 et
579 3597 647 3638 ex
675 3581 927 3638 omnibus
953 3581 1183 3648 viribus,
1218 3590 1272 3636 et
1301 3580 1608 3651 proximum
1656 3586 1902 3635 nostrum
1950 3580 2094 3635 sicut

499 3676 886 3748 nosmetipsos,
935 3684 989 3729 et
1011 3674 1290 3729 voluntate
1330 3671 1403 3727 illi
1436 3681 1489 3727 et
1518 3671 1731 3727 actione
1753 3671 2087 3741 placeamus,

498 3781 562 3827 ut
600 3771 926 3843 quandoque
974 3779 1097 3841 post
1145 3767 1307 3840 hujus
1355 3767 1477 3822 vitae
1524 3767 1815 3822 terminum
1863 3766 1916 3822 in
1968 3768 2089 3822 sinu

496 3864 733 3921 Abrahae
764 3861 981 3932 recepti,
1033 3861 1406 3931 unusquisque
1453 3867 1695 3914 nostrum
1746 3858 1871 3913 laeto
1911 3857 2090 3914 cordis

489 3951 663 4024 jubilo
690 3964 917 4011 cantare
945 3953 1117 4025 possit
1158 3968 1279 4008 cum
1338 3950 1549 4006 Lazaro
1583 3970 1595 4005 :
1630 3948 1877 4005 Narrabo
1911 3950 2087 4006 omnia

498 4045 766 4102 mirabilia
793 4057 910 4112 tua,
936 4044 1155 4100 lwtabor
1178 4056 1225 4101 et
1249 4044 1522 4100 exsultabo
1561 4045 1615 4099 in
1641 4053 1718 4110 te;
1744 4043 1966 4114 psallam
2001 4058 2090 4098 no-

497 4142 625 4196 mini
666 4151 776 4207 tuo,
809 4138 1074 4195 Altissime
1119 4137 1293 4209 (Psal.
1331 4142 1428 4210 Ix).
1467 4136 1533 4191 Et
1578 4138 1630 4192 in
1679 4139 1823 4193 hunc
1871 4137 2086 4191 modum

494 4248 595 4303 per
618 4232 809 4303 viginti
835 4240 947 4288 tres
991 4230 1376 4295 hebdomadas,
1415 4231 1459 4285 si
1508 4228 1599 4285 illa
1646 4229 1811 4284 missa
1842 4228 2089 4299 superius

496 4325 664 4390 dicta,
697 4323 858 4379 tertio
880 4323 998 4379 loco
1028 4323 1467 4395 praetermittitur
1491 4331 1585 4376 aut
1613 4322 1795 4378 omnia
1823 4335 1945 4375 cum
1972 4334 2090 4374 om-

496 4413 689 4481 nibus,
715 4422 811 4469 aut
839 4414 1018 4485 aliqua
1050 4428 1173 4468 cum
1207 4413 1504 4484 aliquibus,
1540 4415 1777 4469 maxime
1806 4422 2007 4478 autem,
2040 4412 2085 4468 si

496 4505 783 4577 diligenter
832 4506 1139 4579 inspicitur,
1189 4508 1368 4563 missae
1415 4507 1747 4562 concordant
1772 4522 1892 4562 cum
1922 4518 2087 4561 evan-

2200 3305 2418 3369 metuit,
2455 3312 2500 3358 et
2531 3302 2756 3374 adjicias
2801 3303 2941 3373 quod
2971 3303 3141 3357 oratio
3179 3319 3280 3358 non
3318 3303 3609 3373 prazsumit.
3639 3300 3796 3360 Nunc

2197 3398 2481 3453 videamus
2508 3397 2574 3453 de
2601 3397 2920 3454 duodecima
2947 3390 3224 3451 Dominica
3254 3404 3376 3465 post
3411 3405 3637 3451 octavas
3662 3392 3797 3449 Pen-

2200 3501 2433 3549 tecostes
2468 3504 2589 3564 quae
2628 3491 2919 3547 concordia
2968 3490 3024 3545 in
3071 3489 3162 3545 illo
3206 3488 3383 3545 cilicio
3426 3504 3549 3545 esse
3599 3488 3791 3560 possit.

2194 3582 2335 3639 Nam
2376 3585 2431 3638 in
2474 3582 2769 3654 Evangelia
2807 3582 3103 3639 secundum
3144 3581 3384 3637 Marcum
3426 3595 3493 3635 eo
3525 3580 3618 3636 die
3660 3578 3793 3654 legi-

2194 3694 2336 3743 mus,
2362 3677 2598 3748 qualiter
2623 3653 2892 3731 adducunt
2914 3677 3140 3732 Domino
3163 3677 3382 3732 surdum
3414 3684 3463 3729 et
3486 3684 3714 3740 mutum,
3740 3653 3787 3728 ξι

2195 3769 2609 3840 deprecabantur
2652 3767 2801 3823 illum
2839 3779 2898 3823 ut
2937 3770 3169 3840 imponat
3210 3768 3291 3822 illi
3323 3782 3551 3833 manus;
3586 3776 3643 3821 et
3671 3775 3787 3838 post

2192 3872 2363 3931 pauca
2394 3876 2407 3913 :
2439 3856 2506 3912 Et
2547 3859 2724 3913 statim
2763 3869 2960 3930 aperta:
2988 3871 3109 3914 sunt
3132 3875 3285 3914 aures
3314 3859 3452 3929 ejus,
3483 3868 3533 3913 et
3554 3858 3782 3912 solutam

2192 3963 2267 4009 est
2296 3952 2561 4008 vinculum
2598 3952 2791 4024 lingua:
2826 3955 2962 4024 ejus,
2996 3963 3044 4007 et
3076 3952 3387 4025 loquebatur
3424 3964 3561 4008 recte
3590 3952 3786 4025 (lare.

2192 4041 2313 4119 vii).
2350 4044 2505 4114 Quod
2545 4047 2763 4103 intuens
2807 4046 3074 4118 Propheta
3114 4062 3182 4102 ex
3225 4062 3455 4117 persona
3498 4047 3787 4103 inﬁrman-

2195 4140 2262 4194 Iis
2293 4139 2515 4195 introitu
2545 4139 2869 4210 deprecatur
2913 4139 3104 4204 Deum,
3130 4138 3354 4193 dicens:
3407 4136 3576 4203 Deus,
3605 4139 3663 4192 in
3695 4136 3791 4191 ad-

2183 4231 2446 4304 jutorium
2476 4247 2647 4286 meum
2674 4231 2917 4295 intende;
2953 4229 3196 4295 Domine,
3219 4231 3290 4284 ad
3320 4229 3686 4300 adjuvandum
3710 4244 3788 4284 me

2193 4325 2385 4396 festina
2416 4318 2589 4396 (Psal.
2628 4321 2801 4396 LXIX").
2830 4320 3094 4395 Congruit
3121 4325 3286 4378 etiam
3315 4322 3504 4377 titulus
3534 4320 3786 4392 ejusdem

2190 4416 2382 4490 psalmi
2412 4415 2503 4486 qui
2542 4416 2614 4471 ita
2638 4415 2957 4471 inscribitur
2982 4433 2994 4468 :
3024 4415 3082 4471 ln
3114 4416 3276 4469 tinem
3320 4413 3487 4470 David
3523 4413 3579 4468 in
3612 4427 3781 4469 reme-

2191 4510 2574 4574 morationem,
2625 4524 2690 4564 eo
2736 4507 2880 4578 quod
2934 4507 3137 4562 salvum
3189 4523 3270 4561 me
3324 4507 3445 4574 fecit
3502 4504 3783 4560 Dominus.

497 4596 688 4672 gelicis
731 4595 1076 4652 lectionibus.
1120 4594 1188 4651 Et
1225 4612 1294 4653 ne
1338 4597 1616 4668 multiplex
1661 4613 1842 4653 sermo
1895 4595 2085 4652 lectori
2113 4590 2166 4655 Ι)
2190 4603 2434 4662 Cernens
2461 4602 2717 4658 sacerdos
2745 4602 2886 4656 hanc
2922 4600 3213 4655 sanitatum
3250 4598 3478 4671 gratiam
3535 4611 3646 4652 non
3683 4596 3783 4652 nisi

493 4691 776 4748 fastidium
840 4691 1058 4764 gignat,
1133 4691 1517 4761 praetermissis
1572 4690 1861 4763 plurimis,
1912 4703 2085 4761 pauca

498 4785 677 4841 adhuc
706 4783 951 4841 dicamus
975 4782 1077 4839 sub
1123 4784 1405 4854 exemplis.
1436 4784 1682 4851 Qualiter
1712 4784 1805 4839 illa
1855 4797 2087 4855 evange-

494 4878 600 4937 lica
622 4878 810 4948 lectio,
827 4895 937 4952 qua
958 4878 1222 4936 Dominus
1243 4878 1405 4936 Petro
1425 4879 1702 4950 praidieit:
1732 4878 1860 4934 Noli
1880 4880 2080 4944 timere,

2190 4710 2259 4752 ex
2306 4695 2489 4751 divino
2534 4708 2760 4748 munere
2799 4692 3040 4757 evenire,
3079 4702 3202 4745 orat
3257 4690 3324 4745 ad
3363 4688 3650 4744 Dominum
3688 4690 3786 4744 hu-

2185 4784 2420 4856 iusmodi
2470 4796 2669 4855 prece:
2713 4780 3056 4852 Omnipotens
3085 4789 3133 4837 et
3174 4779 3469 4836 misericors
3513 4778 3689 4843 Deus,
3721 4776 3784 4833 de

2190 4876 2345 4947 cujus
2368 4890 2584 4941 munere
2613 4874 2770 4938 venit,
2801 4883 2855 4927 ut
2901 4873 2996 4926 tibi
3023 4888 3056 4927 a
3095 4869 3342 4941 ﬁdelibus
3391 4870 3495 4923 tuis
3542 4869 3702 4940 digne
3734 4879 3782 4923 et

2194 4966 2532 4990 1η-..1..Ι.213ι-..
2563 4968 2818 4990 Α--..Σι.ι....
2875 4967 3041 4990 ...ΣΙ-..Α
3098 4978 3395 4990 ιιι-...ηυκιια
3452 4964 3597 4990 κηιέ-
3632 4974 3688 4990 -.ο
3718 4962 3780 4990 ,Α

3126 4978 3395 4990 ..ωηο-...Δια
