4072 5350
256 383 402 443 i069

1565 378 1655 437 DE
1695 380 1813 437 0H
1831 382 1959 436 ιωυ
2000 377 2252 436 MISSE.

3404 389 3545 447 £070

255 495 486 567 peccatis
540 492 723 562 populi
766 494 850 548 sui
876 533 893 558 ,
949 501 1011 548 ut
1067 500 1208 549 sicut
1260 491 1316 547 in
1372 490 1667 564 Evangelio
1723 509 1847 549 cor-
1876 504 1924 565 Α
1952 491 2034 547 vel
2062 507 2160 564 per
2179 502 2416 563 quatuor
2439 494 2826 554 hebdomadas.
2859 497 2997 555 Nam
3022 499 3177 556 ﬁnita
3207 501 3545 562 hebdomade

258 606 393 661 pore
425 588 726 653 inﬁrmum,
766 587 841 642 ita
867 586 959 642 hic
1002 595 1160 642 sanet
1204 586 1463 641 Dominus
1507 586 1766 659 pupulum
1794 587 1847 642 in

256 682 443 739 anima
465 679 799 751 languidum.
842 676 996 734 Unde
1035 678 1299 752 scriptum
1332 686 1453 733 est:
1506 676 1575 731 Et
1612 677 1850 748 placatus

255 774 435 845 {actus
456 783 530 828 est
572 772 826 826 Dominus
855 771 922 826 de
946 771 1290 842 malignitate,
1319 785 1477 841 quam
1509 770 1646 824 dixit
1680 770 1853 841 facere

252 866 451 935 populo
474 880 570 921 suo
594 862 792 936 (Exod.
821 862 1019 933 xxxii).
1057 861 1123 917 Et
1153 862 1207 917 in
1262 877 1451 917 versu:
1484 861 1630 916 Dixit
1665 862 1853 916 Darni-

256 973 357 1013 nus
389 958 459 1013 ad
490 955 711 1029 Moysen
738 969 755 1006 :
781 954 810 1009 1
816 955 1035 1009 nvenisti
1070 955 1298 1025 gratiam
1331 955 1387 1008 in
1410 968 1686 1024 conspecm
1715 970 1852 1021 meo,

254 1058 305 1102 et
336 1047 447 1102 scio
495 1058 543 1100 te
575 1063 685 1117 prae
730 1045 970 1101 omnibus
1002 1044 1199 1113 (Exod.
1238 1043 1455 1115 aut").
1499 1044 1591 1100 Sic
1628 1053 1856 1114 uterque

257 1141 493 1213 populus
530 1140 665 1197 Novi
690 1156 755 1196 ac
801 1140 1015 1195 Veteris
1059 1139 1394 1195 Testameuti
1423 1148 1643 1195 curatus
1674 1139 1854 1197 divina

254 1244 653 1295 commemorat
695 1232 983 1299 beneﬁcia,
1032 1232 1105 1287 ita
1148 1246 1350 1287 canens
1376 1248 1500 1288 cum
1540 1232 1851 1304 Propheta:

255 1324 337 1387 De
363 1325 543 1393 [ructu
590 1340 803 1395 operum
837 1334 1070 1390 tuorum,
1098 1323 1342 1391 Domine,
1374 1324 1655 1379 satiabitur
1692 1334 1855 1392 terra,

257 1428 317 1481 ut
348 1417 544 1471 educas
569 1433 757 1486 panem
798 1417 862 1471 de
904 1426 1067 1483 terra,
1103 1425 1152 1470 et
1179 1416 1355 1471 vinum
1392 1416 1616 1486 ltetiﬁcet
1641 1433 1733 1471 cor
1757 1418 1855 1471 lto-

257 1510 416 1569 miuis
454 1509 626 1581 (Psal.
665 1508 804 1580 cm).
837 1508 1025 1575 Terra,
1050 1523 1188 1578 (qua:
1218 1511 1271 1563 in
1304 1509 1480 1580 primo
1502 1508 1720 1564 homine
1747 1524 1859 1563 ma-

254 1601 454 1661 ledicta
486 1600 671 1671 Spinas
710 1611 767 1656 et
801 1600 1028 1656 tribulos
1067 1602 1415 1671 germinavit,
1449 1618 1595 1657 nunc
1645 1602 1857 1657 cmlesti

256 1694 435 1750 imbre
456 1692 676 1763 perfusa
719 1709 784 1748 ac
826 1693 1093 1749 bonorum
1143 1710 1368 1764 operum
1412 1694 1589 1749 fructu
1640 1698 1853 1759 satiata,

255 1784 413 1843 illum
438 1798 637 1857 pauent
665 1784 918 1855 producit
955 1785 1048 1855 qui
1078 1784 1147 1840 de
1188 1786 1330 1840 caelo
1373 1786 1672 1851 descendit,
1701 1787 1857 1857 cujus

1953 602 2072 657 qua:
2095 596 2272 653 vacat,
2299 587 2354 644 in
2380 588 2607 646 introitu
2629 591 2811 648 missae
2848 601 3043 649 cantor
3068 610 3254 665 pacem
3289 614 3320 652 a
3352 597 3543 653 Domi-
3591 666 3597 673 .

1956 694 2026 733 no
2049 689 2204 750 regat
2241 688 2302 735 ut
2338 681 2617 752 prophetae
2661 682 2782 752 ejus
2833 684 3021 741 ﬁdeles
3062 686 3426 744 inveniantur.
3478 689 3549 747 Et
3592 690 3597 697 ’

1955 773 2302 842 responsuris
2331 775 2595 844 propheta
2643 776 2852 831 David:
2898 776 3131 835 [alatus
3173 796 3291 837 sum
3322 780 3549 855 (inquit)

1955 864 2010 918 in
2041 864 2123 918 Itis
2148 881 2266 934 qua:
2292 864 2435 919 dicta
2460 877 2582 921 sunt
2621 868 2751 921 milii
2791 881 2810 918 :
2856 868 2909 922 in
2935 869 3149 924 domum
3192 869 3407 926 Domini
3439 874 3543 926 ibi.

1956 972 2074 1011 mus
2098 956 2271 1028 (Psal.
2301 959 2486 1028 cm):
2514 969 2573 1035 et
2617 959 2670 1013 in
2701 974 2866 1015 versu
2902 975 2918 1014 :
2964 959 3090 1017 Fiat
3120 979 3226 1032 pas
3270 964 3327 1019 in
3354 964 3545 1022 uirtute

1958 1057 2049 1103 tua
2079 1048 2292 1120 (Ibid.).
2324 1052 2383 1107 lu
2409 1052 2704 1123 Evangelia
2745 1053 2876 1111 facit
2901 1054 3166 1114 Dominus
3213 1060 3547 1117 mentionem

1958 1141 2238 1212 prophetae
2262 1142 2477 1215 Moysis,
2509 1147 2731 1201 dicens:
2780 1146 2956 1218 Super
3002 1150 3317 1208 cathedram
3344 1151 3546 1223 Moysis

1958 1234 2214 1289 sederunt
2242 1234 2448 1292 Scribte
2471 1247 2526 1293 et
2565 1238 2823 1296 Pharisai
2852 1240 3070 1312 (Matth.
3098 1245 3279 1316 mu).
3305 1244 3548 1316 Sequens

1958 1324 2239 1381 olfercnda
2274 1326 2349 1381 ita
2380 1328 2571 1398 incipit
2595 1347 2610 1382 :
2630 1328 2991 1399 Sanctiﬁcavit
3015 1330 3224 1404 Moyses
3248 1335 3416 1392 altare
3443 1338 3551 1392 Do-

1958 1419 2123 1485 mino,
2162 1429 2217 1474 ct
2267 1421 2477 1490 primus
2507 1437 2741 1477 versus:
2794 1421 3026 1480 Locutus
3074 1436 3148 1480 est
3188 1426 3447 1483 Dominus
3478 1430 3548 1484 ad

1960 1507 2211 1578 Moysen;
2236 1511 2508 1567 secundus
2533 1526 2725 1568 versus
2749 1529 2764 1567 :
2798 1512 2981 1568 Oravit
3005 1513 3213 1587 Moyses
3241 1516 3549 1575 Dominum.

1960 1598 2025 1652 Et
2048 1600 2103 1654 in
2123 1601 2507 1657 communione
2531 1603 2783 1659 hortatur
2799 1620 2899 1660 nos
2913 1603 3204 1662 Psalmista
3220 1623 3345 1671 cum
3368 1608 3551 1681 Moyse

1963 1690 2154 1746 tollere
2181 1693 2411 1759 hostias,
2439 1702 2496 1749 et
2519 1693 2748 1751 introire
2775 1695 2830 1749 in
2880 1696 3020 1752 atria
3047 1696 3285 1765 Domini,
3327 1700 3557 1755 adorare

1962 1780 2254 1837 Dominum
2280 1783 2335 1838 in
2353 1783 2477 1838 aula
2499 1795 2691 1841 sancta
2711 1786 2826 1857 ejus
2857 1784 3032 1856 (Psal.
3054 1788 3198 1860 xcv).
3226 1789 3554 1860 thuiaDeo

256 1886 422 1950 gustu
455 1878 733 1934 reﬁcimur
758 1888 814 1933 et
843 1878 955 1933 vini
977 1878 1169 1948 poculo
1201 1879 1254 1933 in
1278 1883 1537 1949 mysterio
1573 1880 1853 1949 sanguinis
1883 1874 1930 1936 B
1959 1874 2127 1928 necin
2151 1876 2442 1941 sacriticio,
2466 1890 2569 1931 nec
2593 1877 2647 1931 in
2674 1877 2950 1932 oblatione
2968 1879 3269 1935 hostiarum
3291 1881 3409 1936 sine
3437 1879 3555 1951 ejus

255 1972 462 2030 Christi
485 1981 756 2044 putamur,
787 1980 846 2027 ut
883 1971 1062 2027 oleum
1096 1972 1291 2027 divina:
1335 1973 1721 2029 misericordia:
1770 1974 1849 2028 fa-

255 2065 401 2125 ciem
434 2066 710 2123 interioris
737 2067 975 2123 hominis
1010 2066 1279 2123 exbilaret
1330 2076 1383 2123 ct
1409 2069 1567 2137 panis
1602 2066 1847 2135 ejusdem

254 2171 355 2215 cur
381 2158 622 2215 hominis
644 2158 953 2216 conﬁrmet.
998 2159 1078 2213 Illi
1106 2158 1399 2229 Evangelio
1430 2160 1521 2214 ubi
1559 2161 1848 2215 Dominum

254 2252 606 2323 legisperitus
646 2253 715 2308 de
760 2253 1017 2309 inundate
1046 2253 1364 2323 interrogat,
1413 2260 1467 2308 et
1497 2252 1589 2307 ille
1619 2269 1847 2323 respon-

272 2344 398 2401 iens
443 2344 625 2398 dixit:
660 2344 858 2414 Diliges
904 2343 1189 2398 Dominum
1239 2342 1407 2397 Deum
1451 2353 1601 2396 tuum
1646 2360 1709 2397 ex
1742 2352 1849 2397 toto

257 2435 417 2490 sorde
437 2445 550 2501 tuo,
582 2445 631 2489 et
655 2452 721 2490 ea:
748 2446 861 2490 tota
882 2435 1193 2499 animatua,
1219 2444 1267 2489 et
1297 2451 1361 2488 ex
1390 2434 1627 2488 omnibus
1658 2434 1849 2488 viribus

256 2527 389 2595 tuis,
420 2540 469 2581 et
498 2544 563 2582 ea:
587 2527 729 2583 omni
768 2536 935 2583 mente
964 2537 1077 2592 tua,
1121 2536 1169 2582 et
1196 2528 1495 2597 proximum
1524 2535 1674 2581 tuum
1716 2527 1852 2582 sicut

257 2628 309 2674 te
346 2620 518 2689 ipsum
548 2618 766 2690 (Matth.
808 2618 979 2689 xm);
1011 2630 1066 2673 et
1093 2618 1472 2673 Samaritanus
1501 2628 1657 2675 curat
1700 2617 1852 2675 illum

259 2712 628 2781 vulneratum,
664 2724 718 2770 et
746 2713 1046 2770 stabulario
1078 2714 1173 2768 dat
1195 2724 1247 2768 et
1273 2713 1538 2785 promittit
1568 2714 1850 2783 praetnium

260 2803 426 2877 (Luc.
451 2808 531 2876 ι),
556 2808 811 2877 congruit
837 2807 955 2863 haec
985 2806 1162 2861 oratio
1183 2807 1249 2861 ad
1293 2806 1584 2861 Dominum
1618 2823 1631 2859 :
1663 2804 1852 2860 Omni-

258 2908 443 2970 potens
463 2901 771 2967 sempiterne
787 2901 945 2967 Deus,
962 2900 1032 2953 da
1047 2899 1194 2968 pubis
1213 2899 1363 2967 fidei,
1387 2899 1499 2968 spei
1515 2908 1562 2953 et
1577 2899 1852 2953 cltaritatis

262 2999 625 3061 augmentum,
668 3002 717 3045 et
760 3002 813 3045 ut
840 3007 1135 3045 mereamur
1166 2992 1373 3062 assequi
1398 2992 1539 3061 quod
1565 2992 1849 3062 promittis,

260 3080 352 3154 [ac
391 3099 486 3138 nos
517 3100 697 3139 amare
725 3084 864 3155 quod
907 3084 1333 3155 prwcipis..Htec
1373 3094 1429 3139 et
1472 3084 1574 3138 alia
1618 3101 1738 3155 qua:
1768 3085 1854 3141 vel

263 3176 655 3246 praetermissa,
678 3176 762 3229 vel
790 3176 935 3231 dicta
968 3185 1114 3242 sunt,
1146 3177 1225 3232 vel
1262 3192 1384 3247 quae
1411 3177 1591 3232 adhuc
1621 3186 1851 3244 restant,

1955 1962 2225 2031 adjutoriu
2253 1966 2470 2035 placere
2490 1982 2800 2036 possumus,
2817 1984 2917 2024 nec
2936 1970 2988 2023 in
3006 1971 3144 2024 atria
3169 1969 3286 2039 ejus
3304 1972 3550 2041 introire,

1956 2059 2119 2112 necin
2136 2059 2385 2128 anlaejus
2397 2059 2625 2114 adorare
2637 2077 2783 2126 eum,
2808 2061 3001 2117 merito
3015 2065 3273 2119 sacerdos
3287 2081 3352 2119 ex
3379 2082 3474 2120 sua
3499 2074 3556 2122 et

1955 2158 2143 2202 nostra
2157 2165 2286 2203 voce
2301 2148 2469 2203 Deum
2484 2150 2826 2220 deprecatur,
2840 2152 3027 2207 dicens
3044 2171 3056 2206 :
3074 2152 3278 2224 Dirigat
3292 2158 3451 2211 corda
3468 2176 3556 2215 ns-

1954 2250 2085 2301 stra,
2097 2241 2335 2307 Domine,
2347 2260 2673 2313 quwsumus,
2687 2255 2790 2300 tua:
2801 2247 3153 2303 miserationis
3164 2253 3418 2320 operatio,
3432 2255 3559 2325 quia

1955 2336 2047 2390 tibi
2062 2336 2171 2389 sine
2186 2334 2279 2407 [te]
2296 2336 2501 2404 placere
2515 2354 2928 2408 nonpossumus.
2944 2339 3002 2395 lu
3015 2346 3264 2412 sequenti
3278 2347 3558 2406 Dominica

1956 2426 2014 2480 in
2042 2427 2265 2481 introitu
2294 2427 2606 2484 consulatur
2626 2446 2725 2484 nos
2747 2431 2883 2501 ipse,
2906 2431 3094 2487 dicens
3130 2452 3146 2488 ε
3175 2434 3337 2491 Salus
3376 2439 3558 2507 populi

1957 2539 2049 2593 ego
2077 2540 2217 2589 sum,
2250 2534 2307 2577 et
2338 2532 2559 2580 cetera.
2597 2525 2751 2581 Unde
2770 2537 2826 2582 et
2849 2527 2904 2582 in
2928 2528 3225 2598 Evangelio
3246 2546 3354 2587 non
3379 2532 3558 2591 solum

1958 2625 2114 2670 sanat
2158 2615 2522 2686 paralyticum
2551 2631 2715 2686 quem
2762 2618 2812 2673 ei
2857 2616 3157 2676 offerebant
3190 2619 3463 2689 iacentem
3495 2626 3554 2685 in

1956 2706 2119 2769 lecto,
2147 2722 2334 2763 verum
2361 2708 2528 2765 etiam
2558 2709 2785 2765 dimittit
2810 2721 3058 2781 peccata,
3085 2714 3226 2771 sicut
3250 2717 3427 2773 eidem
3466 2720 3553 2777 di-

1959 2802 2034 2856 cit
2065 2820 2077 2856 :
2109 2801 2348 2873 Conﬁde,
2373 2804 2476 2873 ﬁli,
2504 2805 2840 2861 remittuntur
2860 2807 2954 2863 tibi
2976 2820 3190 2879 peccata
3213 2820 3308 2870 tua
3336 2811 3557 2885 (Matth.

1961 2898 2058 2965 ix).
2086 2896 2236 2952 Unde
2263 2910 2317 2953 et
2350 2897 2547 2955 merito
2574 2914 2673 2955 nos
2696 2900 2983 2958 Dominum
3014 2903 3069 2959 in
3098 2906 3346 2962 oratione
3370 2907 3556 2966 missa

1961 3003 2231 3059 rogamus,
2260 2999 2319 3043 ut
2345 2989 2691 3061 onmipoteus
2717 3000 2773 3048 et
2792 2993 3108 3051 misericors
3128 2995 3274 3053 Deus
3301 2999 3558 3057 universa

1961 3081 2117 3136 iiobis
2145 3081 2492 3136 adversantia
2523 3082 2851 3152 propitiatus
2881 3084 3168 3155 excludat,
3193 3098 3253 3142 ut
3284 3089 3429 3146 sicut
3452 3106 3555 3161 pa,-

1962 3171 2220 3241 ralyticus
2240 3188 2305 3226 ex
2330 3171 2682 3228 miseratione
2710 3173 2805 3229 Dei
2835 3172 3008 3231 libero
3033 3192 3222 3247 gressu
3252 3178 3557 3251 incedebat,

263 3244 313 3324 si
345 3268 590 3339 diligenti
617 3284 744 3324 cura
767 3269 1149 3335 observentur,
1190 3244 1447 3325 concordi
1490 3270 1597 3325 ﬁne
1636 3272 1853 3326 conclu-
1881 3244 1928 3309 (ἶ
1961 3265 2035 3319 ita
2070 3274 2126 3319 et
2154 3281 2252 3320 nos
2296 3273 2479 3321 mente
2506 3274 2562 3321 et
2590 3280 2823 3335 corpore
2849 3244 3090 3337 expediti
3129 3285 3252 3339 qua:
3296 3272 3388 3327 Dei
3435 3244 3565 3331 suist

265 3362 489 3429 duntur,
519 3361 565 3417 si
594 3370 775 3417 tamen
802 3362 933 3417 illud
948 3361 1206 3429 ollicium,
1235 3362 1511 3418 lemnitate
1549 3363 1677 3428 Deo,
1707 3362 1856 3418 nullo

264 3454 487 3511 canitur
519 3454 605 3510 die
632 3454 932 3509 Dominicu.
968 3454 1103 3508 Nam
1130 3470 1256 3509 cum
1295 3464 1505 3510 eceterae
1562 3454 1857 3511 Dominiete

266 3561 391 3618 quae
420 3554 543 3619 post
563 3544 773 3616 jejunia
794 3555 1008 3611 vacant,
1056 3546 1319 3602 lectiones
1352 3554 1407 3600 et
1440 3546 1727 3617 Evangelia
1755 3546 1854 3601 ha-

266 3638 436 3696 beant
458 3639 778 3703 constituta,
806 3647 861 3694 et
908 3636 1023 3693 haec
1059 3637 1367 3703 Dominica,
1405 3652 1526 3708 qua:
1558 3638 1645 3691 hic
1678 3644 1855 3702 vacat,

268 3729 347 3786 ita
383 3744 490 3786 non
524 3730 747 3796 habeat,
784 3730 907 3802 jure
946 3728 1079 3785 illud
1125 3728 1366 3786 cilicium
1398 3729 1858 3800 pnetermittitur,

269 3823 418 3880 utin
460 3824 673 3879 caneris
714 3823 1005 3880 concordia
1066 3831 1399 3879 reservetur.
1455 3821 1516 3877 Si
1563 3821 1686 3892 quis
1729 3833 1860 3875 vero

269 3916 462 3987 objicit
504 3932 602 3973 cur
644 3914 878 3973 olIiciutu
905 3924 1114 3986 quartae
1155 3917 1307 3972 feria:
1333 3931 1442 3971 non
1478 3915 1567 3972 hic
1609 3914 1891 3969 similiter

268 4018 545 4076 cantetur,
573 4010 713 4067 sicut
738 4010 794 4064 in
820 4009 1070 4067 Adventu
1093 4007 1311 4065 Domini
1340 4015 1397 4063 et
1422 4007 1478 4063 in
1501 4004 1863 4075 Quadragesi—

270 4121 386 4174 ma,
417 4104 807 4177 respondemus
835 4103 961 4174 quia
996 4119 1121 4160 cum
1162 4111 1396 4173 quatuor
1426 4100 1779 4158 hebdomadze
1806 4099 1861 4154 in

271 4198 558 4257 Dominieo
579 4198 829 4253 Adventu
860 4203 989 4252 ante
1032 4195 1230 4252 Natale
1256 4194 1471 4250 Domini
1500 4195 1609 4249 sint
1654 4205 1864 4264 praeno-

273 4298 430 4357 ωε,
455 4297 511 4346 et
536 4288 591 4344 in
619 4288 1044 4361 Quadragesima
1075 4302 1173 4358 per
1202 4286 1447 4357 singulos
1492 4286 1609 4341 dies
1647 4283 1860 4356 singula

272 4382 388 4439 sint
410 4380 587 4438 oﬂicia
620 4380 936 4446 constituta,
960 4387 1021 4434 ut
1048 4379 1104 4433 in
1131 4379 1380 4433 Adventu
1400 4377 1615 4432 Domini
1645 4381 1860 4445 quarta,

273 4474 417 4533 etin
456 4472 877 4544 Quadragesima
913 4471 1149 4527 secunda
1192 4470 1474 4526 Dominica
1509 4477 1723 4533 vacent,
1753 4481 1865 4525 me-

274 4565 389 4624 rito
412 4567 482 4623 ab
508 4565 900 4622 ecclesiasticis
938 4564 1071 4620 viris
1111 4573 1196 4619 est
1223 4564 1583 4620 constitutum
1631 4562 1866 4633 qualiter

276 4657 356 4715 illi
388 4657 496 4715 duo
521 4658 638 4714 dies
669 4657 1052 4730 supplerentur
1083 4672 1182 4726 per
1213 4655 1392 4712 ol‘ticia
1441 4666 1757 4726 quartarum
1784 4654 1867 4710 fe-

278 4750 510 4809 riarum.
540 4751 614 4808 At
665 4767 797 4807 vero
835 4750 988 4806 ﬁnita
1017 4750 1368 4807 Pentecostes
1420 4748 1785 4814 hebdomada,
1813 4756 1871 4804 et

276 4844 528 4918 sequenti
578 4845 858 4901 Dominica
909 4860 1030 4916 qua:
1073 4852 1265 4911 vacat,
1317 4859 1426 4899 non
1476 4840 1588 4911 jam
1632 4840 1867 4898 cilicium

277 4945 489 5011 quartae
508 4937 661 4994 feriae
687 4936 974 5008 repetitur,
1005 4937 1100 4993 sed
1128 4937 1363 5007 Spiritus
1389 4933 1604 4990 Domini
1619 4932 1865 4999 canitur;

279 5027 363 5088 ita
386 5035 442 5086 et
468 5027 624 5084 linito
658 5028 876 5097 septimi
904 5027 1110 5082 mensis
1141 5026 1348 5097 jejunio
1373 5041 1483 5082 non
1514 5026 1868 5095 repetendum

278 5129 409 5144 --.A
442 5129 651 5144 -.ιη-Ιη-
881 5115 1110 5144 Λωίδι-..κ
1182 5120 1275 5144 ’.ΑΛ
1323 5116 1493 5144 .-.πίσεα
1550 5117 1593 5144 ti:
1642 5130 1866 5144 ιιΑΑΛΑρΛ

1962 3355 2149 3412 liberis
2208 3357 2483 3412 tuentibus
2538 3371 2924 3428 exsequamur.
2979 3361 3049 3416 Et
3090 3364 3217 3433 quia
3270 3362 3564 3434 Apostolus

1963 3450 2227 3519 quosdam
2271 3452 2337 3504 de
2385 3449 2594 3506 Scribis
2639 3451 2847 3508 sciebat
2893 3454 3038 3510 intra
3082 3472 3141 3511 se
3182 3457 3426 3515 dixisse:
3460 3460 3564 3518 llic

1962 3539 2322 3610 blasphemat,
2376 3541 2431 3595 in
2481 3542 2707 3612 epistola
2738 3548 3273 3614 suaprmmonebat,
3321 3552 3555 3610 dicens:

1964 3631 2193 3702 Propter
2217 3633 2361 3702 quod
2390 3632 2673 3704 loquimini
2716 3637 3002 3693 veritatem
3031 3642 3406 3711 unusquisque
3429 3659 3555 3701 cum

1964 3727 2216 3794 proximo
2238 3741 2355 3789 suo,
2374 3728 2614 3785 etnolite
2634 3729 2813 3787 locum
2838 3732 3196 3789 darediabolo
3214 3734 3431 3806 (h‘phes.
3462 3722 3581 3810 tv).

1965 3816 2169 3873 Deinde
2194 3820 2436 3874 occurrit
2465 3820 2554 3876 illa
2582 3821 2886 3890 Dominiea,
2919 3825 3011 3881 ubi
3041 3825 3171 3881 illud
3207 3827 3563 3901 Evangelium

1963 3909 2182 3979 legitur,
2216 3910 2271 3965 in
2294 3927 2402 3982 quo
2432 3912 2651 3984 quidam
2680 3915 2746 3970 ad
2774 3916 2992 3987 nuptias
3030 3917 3121 3972 ﬁlii
3158 3920 3303 3991 regis
3346 3921 3564 3981 invitati

1966 4002 2323 4070 neglexerunt
2347 4006 2551 4072 venire,
2584 4009 2725 4063 sicut
2757 4010 3021 4080 scriptum
3056 4021 3178 4068 est:
3212 4012 3281 4068 Et
3308 4015 3567 4077 abierunt

1966 4094 2106 4152 alius
2138 4097 2193 4153 in
2220 4097 2406 4153 villam
2446 4115 2622 4167 suam,
2650 4101 2789 4157 alius
2823 4103 2889 4156 ad
2917 4104 3342 4173 negotiationem
3367 4123 3560 4178 suam;

1968 4187 2162 4258 reliqui
2189 4203 2320 4244 vero
2345 4197 2637 4246 tenuerunt
2661 4206 2848 4247 servos
2873 4191 3011 4261 ejus,
3046 4202 3103 4250 et
3124 4196 3455 4252 contumelia
3484 4198 3567 4254 ai-

1967 4278 2140 4334 fectos
2169 4279 2507 4335 occiderunt.
2537 4282 2689 4347 Quod
2722 4297 2820 4337 nos
2848 4298 3158 4354 praecavere
3202 4286 3393 4342 volens
3423 4288 3566 4360 Apo-

1969 4372 2160 4439 stolus,
2198 4372 2250 4427 in
2289 4372 2524 4443 Epistula
2570 4389 2666 4429 sua
2702 4375 2975 4441 admonet,
3016 4377 3203 4434 dicens
3231 4396 3245 4433 :
3275 4377 3459 4437 Nolite
3484 4384 3567 4443 in-

1968 4464 2161 4519 ebriari
2190 4465 2328 4530 vino,
2356 4465 2408 4519 in
2433 4481 2536 4537 quo
2563 4476 2635 4520 est
2663 4467 2901 4533 luxuria,
2922 4469 3012 4521 sed
3045 4469 3334 4540 implemini
3362 4471 3570 4543 Spiritu

1970 4565 2152 4609 sancto
2179 4554 2397 4624 (Epltes.
2422 4559 2497 4626 v).
2529 4555 2626 4611 Ubi
2647 4556 2816 4612 etiam
2839 4559 2981 4613 inter
3002 4559 3432 4631 discumbentes,
3446 4580 3567 4632 rex.

1971 4647 2162 4700 videns
2189 4646 2461 4701 hominem
2494 4662 2602 4701 non
2642 4648 2900 4704 vestitum
2946 4660 3094 4707 veste
3123 4654 3375 4725 nuptiali,
3399 4655 3570 4723 jussit

1972 4752 2095 4792 eum
2142 4738 2324 4810 ligatis
2350 4738 2600 4793 manibus
2632 4749 2688 4795 et
2713 4741 2940 4811 pedibus
2971 4745 3193 4803 mittere
3227 4747 3285 4803 in
3316 4746 3571 4804 tenebras

1973 4829 2293 4894 exteriores,
2337 4830 2426 4884 ubi
2453 4830 2559 4885 erit
2585 4830 2745 4889 ﬂetus
2774 4843 2830 4889 et
2850 4836 3052 4889 stridor
3078 4838 3324 4894 dentium
3346 4837 3570 4908 (Matth.

1974 4924 2133 4997 χχιι).
2148 4924 2300 4992 Quod
2317 4924 2531 4980 intuens
2552 4928 2782 4998 populus
2803 4929 3110 4997 paenitens:
3132 4932 3302 5002 Super
3320 4928 3577 5002 Ῑιιιπιὶηα,

1974 5020 2173 5091 inquit,
2211 5018 2492 5089 Babylonis
2528 5023 2756 5075 sedimus
2784 5031 2832 5074 et
2850 5021 3093 5090 [ierimus
3121 5026 3246 5080 dum
3270 5022 3585 5081 recordare.

1977 5131 2097 5144 κιαι·-
2114 5115 2185 5142 In;
2228 5112 2348 5142 C31...
2389 5111 2447 5142 DD
2465 5111 2851 5142 ηειιιΙΛ-ινηιιιιιιυ
2873 5109 3080 5140 ιιιοίιισνι
3105 5114 3160 5138 1.-
3184 5116 3341 5138 ΙΞΑΑ.“
3357 5110 3576 5138 ηΙΑΑ---
