4072 5350
3364 337 3447 351 λα

539 378 678 437 1071

1653 377 1996 438 aenuoms
2030 382 2322 445 sanans
2360 385 2729 445 AUGIENSlS
3298 364 3301 365 ί
3413 366 3435 396 ·’
3690 364 3843 445 tore

539 509 682 563 cem,
712 500 772 548 ut
799 491 1008 563 pariter
1050 490 1120 548 ab
1154 490 1408 548 omnibus
1449 491 1780 548 mandentur
1816 492 2039 551 otl‘eusis
2076 504 2133 552 et
2160 501 2211 563 Α
2239 499 2413 556 Israel
2437 499 2649 573 (Ibid.).
2696 497 2851 556 Unde
2890 497 3147 555 sacerdos
3170 496 3509 554 confidenter
3535 496 3841 557 Dominum

539 600 736 641 secura
763 584 869 639 sibi
891 593 1072 639 meme
1093 582 1421 640 deserviant.
1446 583 1513 638 Et
1540 583 1593 638 in
1620 585 2003 641 communione
2022 585 2139 657 jam
2245 602 2421 665 rogat,
2444 592 2633 651 dicens
2659 606 2674 648 :
2704 591 2846 648 Deus
2877 593 3138 664 refugium
3164 602 3399 647 nostrum
3413 602 3459 647 et
3476 589 3839 664 virtus(Psal.

538 676 775 749 quadam
815 691 911 747 spe
934 691 1003 732 ex
1031 674 1218 732 divino
1258 691 1486 732 munere
1524 675 1799 748 Propheta
1832 678 2139 748 animatus,

536 783 607 826 ex
647 783 882 841 persona
914 768 1154 825 ﬁdelium
1191 769 1340 825 canit
1370 768 1527 826 laetus
1558 788 1572 825 :
1609 769 1869 827 Memento
1895 774 2037 828 rerbi
2064 774 2142 828 tui

539 878 689 919 servo
721 873 811 916 tuo
830 902 845 929 ,
875 860 1126 929 Domine,
1157 863 1212 917 in
1240 878 1342 934 quo
1372 863 1499 917 mihi
1526 880 1667 935 spem
1691 864 1901 933 dedisti,
1929 865 2041 920 lucc
2060 882 2141 921 me

540 954 812 1011 consolata
833 964 906 1010 est
928 956 981 1010 in
1006 955 1302 1010 humilitate
1321 972 1435 1011 mea
1460 954 1635 1028 (Psal.
1664 957 1877 1029 cxvm).
1902 957 2143 1016 Concor-

542 1050 634 1106 dia
662 1050 808 1106 inter
831 1049 1123 1106 lectionem
1144 1050 1514 1122 evangelicum
1546 1059 1601 1106 et
1640 1051 2014 1121 apostolicam,
2050 1051 2140 1106 of-

540 1145 826 1202 ferendam
854 1151 911 1201 et
939 1144 1160 1200 missam
1190 1145 1242 1199 in
1289 1160 1353 1199 ea
1394 1159 1514 1214 qum
1553 1143 1903 1215 subsequitur
1934 1143 2142 1200 hebdo-

542 1239 726 1304 mada,
758 1238 812 1292 in
839 1237 1124 1309 propatulo
1145 1247 1248 1293 est.
1285 1235 1420 1292 Nam
1460 1238 1512 1292 in
1558 1237 1854 1309 Evangelio
1883 1237 2142 1294 Dominus

543 1331 823 1388 infirmum
856 1329 1026 1401 reguli
1060 1329 1228 1384 tilium
1258 1338 1417 1385 sanat
1452 1327 1633 1400 (Joan.
1674 1330 1756 1400 v),
1787 1337 1844 1384 et
1866 1326 2143 1384 oﬂercnda

544 1432 736 1480 narrat
764 1424 831 1479 de
859 1426 1016 1479 beato
1050 1421 1153 1478 Job
1186 1422 1421 1494 qualiter
1459 1421 1629 1477 Satan
1666 1438 1699 1477 a
1729 1422 1957 1477 Domino
1988 1421 2146 1492 petiit

545 1510 873 1571 ut‘tentaret
893 1530 1016 1570 eum
1047 1524 1123 1581 et,
1157 1514 1284 1570 data
1315 1514 1362 1569 ei
1389 1523 1658 1586 potestate
1691 1514 1743 1569 in
1773 1512 2058 1570 facultates
2088 1520 2144 1568 et

543 1610 604 1666 in
634 1623 851 1664 carnem
876 1608 1016 1680 ejus,
1045 1607 1282 1679 perdidit
1311 1622 1531 1663 omnem
1559 1605 1921 1662 substantiam
1950 1604 2141 1676 ipsius,

546 1710 604 1757 et
626 1700 785 1767 ﬁlios,
812 1714 1033 1756 carnem
1069 1713 1285 1770 quoque
1325 1696 1445 1769 ejus
1488 1698 1638 1768 gravi
1672 1696 1855 1753 ulcere
1891 1695 2144 1751 vulnera-

544 1793 629 1848 vit
662 1791 784 1866 (Job
810 1791 874 1863 ι).
915 1790 999 1845 Ad
1031 1789 1396 1846 resistendum
1421 1787 1731 1858 hujusmodi
1756 1787 1992 1854 insidiis,
2016 1786 2145 1844 hor-

2242 687 2392 759 ην),
2424 687 2604 743 adesto
2643 686 2744 757 piis
2778 684 3033 741 Ecclesia:
3069 696 3177 740 tua:
3210 684 3468 763 precibus,
3498 695 3691 740 auctor
3725 686 3842 756 ipse

2242 780 2472 850 pietatis,
2497 789 2545 836 et
2564 788 2757 851 prccsta
2778 791 2833 833 ut
2864 777 3006 850 quod
3024 776 3252 847 ﬁdeliter
3297 777 3522 847 petimus
3559 777 3844 848 efficaciter

2244 887 2649 943 consequamur.
2667 869 2820 925 Tunc
2838 872 2983 926 enim
3014 868 3245 926 fideliter
3259 868 3518 941 petimus,
3545 870 3594 926 si
3620 884 3846 929 conser-

2243 964 2331 1020 vis
2368 963 2571 1021 nostris
2619 964 2803 1020 debita
2845 964 3235 1031 dimiserimus,
3280 972 3339 1019 ut
3363 974 3417 1019 et
3442 979 3546 1021 nos
3575 978 3608 1019 a
3635 966 3845 1024 nostris

2245 1056 2445 1113 debitis
2472 1070 2571 1127 per
2600 1056 2890 1112 Dominum
2918 1056 3123 1112 absolvi
3148 1055 3442 1112 valeamus.
3468 1054 3606 1112 Nam
3634 1065 3695 1114 et
3713 1072 3844 1129 apo-

2244 1145 2436 1203 stolica
2460 1145 2622 1201 lectio
2648 1146 2716 1202 de
2748 1146 3089 1202 observanda
3118 1145 3373 1202 fraternae
3398 1146 3693 1204 charitatis
3717 1147 3843 1204 uni-

2245 1245 2359 1294 tate
2393 1237 2528 1293 satis
2556 1251 2658 1293 nos
2700 1237 2976 1302 admonet,
3004 1236 3130 1292 dum
3168 1236 3458 1308 Apostolus
3501 1236 3746 1308 seipsum
3785 1236 3845 1293 in

2244 1330 2553 1401 exemplum
2580 1343 2790 1401 ponens
2812 1328 2960 1385 inter
2980 1337 3177 1384 caetera
3202 1327 3283 1384 sic
3305 1327 3477 1384 dicit:
3506 1326 3677 1384 Testis
3706 1328 3844 1384 enim

2245 1419 2380 1476 mihi
2419 1428 2495 1474 est
2531 1418 2674 1474 Deus
2705 1419 2965 1490 quomodo
2994 1418 3203 1488 cupiam
3228 1433 3316 1473 vos
3345 1433 3524 1473 omnes
3545 1419 3601 1472 in
3632 1418 3851 1474 uisceri-

2248 1514 2342 1567 bus
2366 1510 2498 1567 Jcsu
2524 1510 2743 1567 Christi.
2775 1510 2845 1565 Et
2870 1512 2967 1567 hoc
2997 1527 3118 1578 oro,
3145 1521 3200 1566 ut
3224 1510 3458 1566 charitas
3485 1512 3845 1583 uestramagis

2248 1621 2311 1659 ac
2332 1603 2498 1675 magis
2528 1603 2754 1658 abundet
2783 1604 2840 1658 in
2860 1603 3080 1659 scientia
3102 1611 3150 1658 et
3176 1603 3231 1657 in
3258 1603 3399 1657 omni
3421 1618 3579 1658 sensu
3604 1642 3620 1667 ,
3650 1612 3711 1657 ut
3734 1619 3850 1673 pro-

2250 1678 2377 1751 betis
2410 1696 2638 1767 potiora,
2677 1704 2734 1750 ut
2762 1695 2878 1751 sitis
2909 1695 3123 1762 sinceri,
3158 1703 3207 1750 et
3235 1693 3347 1750 sine
3375 1693 3577 1763 oﬂ'ensa
3616 1692 3676 1748 in
3713 1693 3850 1749 diem

2250 1787 2467 1857 Christi,
2508 1787 2688 1860 repleti
2718 1787 2895 1858 fructu
2917 1787 3147 1858 justitite
3167 1802 3261 1857 per
3292 1783 3477 1841 Iesum
3503 1782 3774 1840 Christum
3793 1783 3847 1840 in

546 1895 699 1942 tatur
724 1901 824 1942 nos
842 1883 1155 1955 Apostolus,
1180 1869 1433 1954 exemplo
1459 1882 1603 1938 beati
1628 1881 1754 1949 Job,
1776 1879 2070 1937 confortari
2093 1880 2149 1937 in
2178 1886 2226 1948 Β
2252 1881 2479 1954 gloriam
2499 1891 2546 1937 et
2569 1879 2781 1935 laudem
2805 1879 2905 1935 Dei
2927 1877 3183 1951 (Philipp.
3213 1877 3277 1950 ι).
3308 1876 3480 1946 Quam
3518 1876 3846 1935 charitatem

546 1979 781 2037 Domino
819 1992 874 2035 et
917 1979 971 2033 in
1017 1977 1259 2049 potentia
1308 1977 1526 2032 virtutis
1571 1974 1732 2047 ejus:
1790 1973 2006 2030 Induite
2038 1990 2148 2041 vos,

546 2071 750 2144 inquit,
778 2081 1106 2126 armaturam
1127 2069 1245 2137 Dei,
1270 2054 1328 2124 ut
1348 2068 1556 2141 possitis
1581 2077 1721 2123 stare
1748 2067 1999 2123 adversus
2020 2067 2152 2122 insi-

544 2164 665 2219 dias
697 2162 895 2218 diuboli
922 2160 1140 2233 (Ephes.
1170 2159 1248 2232 v),
1273 2168 1330 2216 et
1355 2167 1570 2223 ctetera,
1597 2171 1769 2230 usque
1791 2157 1861 2214 ad
1882 2156 2051 2213 ﬁnem
2077 2156 2152 2213 le-

545 2254 770 2311 ctionis.
825 2253 895 2308 Et
933 2252 987 2307 in
1037 2250 1331 2323 Evangelio
1381 2250 1656 2322 legimus:
1691 2249 1832 2317 Quia
1872 2258 2146 2321 postquam

546 2345 786 2417 cognovit
807 2354 978 2415 pater,
1000 2343 1124 2414 quia
1154 2342 1248 2398 illa
1279 2344 1411 2398 hora
1432 2352 1652 2398 sanatus
1680 2351 1757 2397 est
1809 2358 1941 2413 puer
1962 2343 2020 2396 in
2044 2358 2150 2414 qua

543 2438 681 2494 dixit
722 2439 769 2493 ei
802 2438 960 2493 Jesus
989 2435 1080 2490 :F
1083 2436 1208 2491 ilius
1239 2445 1361 2491 tuus
1390 2436 1531 2503 vivit,
1554 2434 1778 2491 credidit
1810 2434 1920 2507 ipse
1958 2445 2006 2490 et
2050 2433 2151 2489 do-

545 2546 666 2587 mus
694 2530 807 2602 ejus
835 2539 947 2585 tota
972 2528 1155 2601 (Joan.
1181 2527 1279 2599 IV).
1311 2528 1517 2583 Domus
1574 2526 1691 2596 ejus
1716 2525 2041 2597 intelligitur
2067 2524 2151 2581 fa-

543 2623 699 2680 milia
727 2620 863 2693 ejus.
888 2621 995 2677 Pro
1034 2637 1138 2692 qua
1164 2618 1394 2687 familia,
1427 2618 1481 2674 id
1511 2626 1618 2686 est,
1651 2617 1894 2675 Ecclesia
1922 2617 1989 2673 de
2016 2632 2150 2690 gen-

546 2715 744 2772 tilitate
773 2714 1020 2781 colleCta,
1044 2722 1201 2786 rogat
1230 2712 1486 2770 sacerdos
1512 2711 1598 2769 his
1617 2710 1796 2768 verbis
1821 2729 1835 2766 :
1858 2709 2148 2767 Familiam

543 2818 717 2875 tuam,
740 2822 1061 2879 quaesumus,
1100 2805 1346 2872 Domine,
1390 2806 1643 2860 continua
1684 2805 1875 2876 pietate
1918 2802 2147 2873 custodi,

542 2910 605 2954 ut
634 2916 667 2952 a
693 2898 896 2952 cunctis
931 2896 1334 2952 adversitatibus
1365 2907 1414 2953 te
1441 2908 1741 2970 protegente
1778 2899 1845 2954 sit
1884 2898 2071 2965 libera,
2102 2906 2151 2952 et

543 2991 605 3046 in
631 2991 778 3046 bonis
816 2989 1017 3045 actibus
1056 2997 1147 3043 tuo
1175 2989 1372 3042 nomini
1395 2989 1461 3042 sit
1483 2988 1689 3044 devota.
1713 2988 1774 3045 In
1796 2986 2152 3061 responsorio

546 3079 822 3151 Propheta
857 3078 1120 3136 beneﬁcia
1143 3075 1278 3148 justi
1306 3076 1512 3135 Judicis
1540 3088 1974 3150 potestatemque
1999 3094 2153 3136 com-

547 3181 844 3240 memorat,
868 3172 1056 3229 dicens
1090 3189 1103 3225 :
1137 3169 1381 3239 Domine,
1415 3171 1681 3243 refugium
1707 3172 1880 3242 factus
1911 3189 1965 3228 es
1997 3172 2147 3228 nobis

548 3265 730 3340 (Psal.
784 3266 1031 3338 uuis),
1065 3273 1199 3332 etc.,
1244 3278 1418 3336 usque
1460 3264 1529 3321 ad
1565 3265 1729 3321 tinem
1774 3265 2228 3337 subsequentisc

545 3374 763 3419 versus.
806 3358 963 3417 Unde
1007 3368 1061 3416 et
1102 3368 1298 3415 cantor
1323 3358 1382 3412 in
1409 3358 1635 3414 introitu
1670 3357 1966 3414 conﬁtetur
2002 3359 2148 3430 quod

547 3451 607 3510 in
632 3453 914 3511 voluntate
946 3450 1162 3507 Domini
1189 3450 1442 3507 universa
1481 3449 1592 3506 sint
1625 3450 1828 3523 posita,
1858 3458 1913 3507 et
1939 3466 2047 3507 non
2077 3452 2151 3508 sit

544 3546 644 3617 qui
683 3545 858 3619 possit
900 3544 1161 3600 resistere
1200 3540 1318 3612 ejus
1360 3542 1652 3599 voluntati.
1680 3543 1741 3599 In
1767 3544 2150 3601 communione

546 3654 768 3711 quoque
815 3638 1090 3710 Propheta
1135 3650 1204 3692 ex
1245 3651 1480 3708 persona
1516 3636 1662 3693 beati
1697 3635 1799 3693 Job
1836 3636 1924 3694 vel
1950 3647 2151 3694 sancta:

546 3732 831 3801 Ecclesiae,
859 3731 1197 3788 multimodis
1220 3729 1696 3802 persecutionibus
1726 3729 1959 3786 subdita:
1981 3772 1998 3798 ,
2025 3739 2152 3786 orat

547 3831 619 3886 ad
643 3830 954 3897 Dominum,
979 3829 1166 3886 dicens
1192 3847 1205 3884 :
1237 3827 1307 3884 In
1330 3827 1555 3884 salutari
1583 3838 1674 3884 tuo
1703 3829 1881 3885 anima
1921 3845 2061 3897 mea,
2100 3839 2150 3886 et

547 3924 607 3981 in
631 3925 782 3981 verbo
805 3934 896 3979 tuo
917 3920 1521 3996 supersperavi,quando
1536 3919 1698 3989 [acies
1717 3920 1783 3975 de
1794 3920 2151 3991 persequenti-

549 4020 647 4075 bus
678 4036 762 4075 me
796 4018 1081 4090 judicium.
1117 4014 1298 4088 Iniqui
1327 4014 1589 4086 persecuti
1634 4024 1757 4069 sunt
1804 4028 1906 4081 me,
1955 4013 2151 4084 adjuva

554 4131 659 4181 me,
682 4113 906 4170 Domine
932 4113 1074 4169 Deus
1104 4129 1251 4169 meus
1278 4110 1453 4185 (Psal.
1478 4109 1689 4181 cxvm).
1717 4107 1873 4165 Nunc
1902 4116 2154 4179 superest.

548 4214 765 4262 tantum
804 4215 866 4262 ut
899 4206 1145 4262 dicamus
1182 4206 1249 4262 de
1282 4203 1569 4262 Dominica
1606 4201 1871 4274 vigesima
1914 4200 2152 4257 secunda

551 4304 681 4367 post
701 4305 924 4353 octavas
955 4296 1310 4353 Pentecostes
1347 4310 1511 4366 quam
1553 4295 1987 4352 convenientiam
2019 4294 2152 4351 illud

553 4389 790 4445 officium
822 4398 996 4446 totum
1028 4405 1152 4447 cum
1181 4388 1477 4462 Evangelia
1499 4389 1713 4456 trahent,
1748 4390 1804 4445 in
1830 4404 1938 4461 quo
1966 4389 2155 4446 intro-

557 4483 779 4540 ducitur
813 4498 1047 4553 persona
1094 4485 1261 4556 regis,
1297 4485 1390 4555 qui
1432 4484 1602 4540 voluit
1642 4484 1912 4541 rationem
1948 4498 2153 4555 ponere

554 4589 681 4630 cum
703 4574 877 4629 servis
902 4575 1026 4629 tuis.
1051 4573 1149 4631 Cui
1177 4589 1299 4631 cum
1320 4575 1535 4631 oblatus
1561 4583 1707 4631 esset
1728 4575 1940 4631 debitor
1964 4574 2151 4630 decem

2250 1972 2597 2032 commendat
2647 1972 3071 2046 responsorium,
3101 1973 3289 2029 dicens
3332 1988 3347 2026 :
3386 1971 3526 2027 Ecce
3550 1987 3715 2044 quam
3764 1971 3851 2026 bo-

2250 2086 2398 2137 num,
2439 2078 2488 2125 et
2541 2085 2702 2141 quam
2740 2068 3063 2140 jucundum,
3095 2066 3332 2123 habitare
3359 2066 3557 2137 fratres
3593 2066 3654 2121 in
3690 2080 3849 2120 unum

2250 2161 2425 2235 (Psal.
2454 2164 2680 2228 cum).
2709 2161 2767 2218 In
2811 2160 3106 2228 ollerenda,
3148 2160 3309 2217 beata
3343 2157 3567 2228 Esther,
3592 2157 3848 2216 Ecclesia:

2250 2265 2437 2329 typum
2480 2272 2710 2330 gerens,
2740 2255 3031 2313 Dominum
3068 2263 3233 2335 rogat.
3254 2251 3535 2309 recordari
3578 2252 3665 2309 sui
3704 2263 3761 2309 et
3792 2262 3849 2309 ut

2250 2348 2343 2407 det
2391 2363 2699 2406 sermonem
2754 2357 2965 2405 rectum
3014 2347 3069 2403 in
3122 2361 3185 2402 os
3232 2344 3372 2415 ejus.
3401 2343 3461 2400 Si
3487 2345 3639 2401 enim
3667 2351 3846 2401 rectus

2251 2456 2433 2499 sermo
2480 2440 2536 2496 in
2580 2455 2678 2497 ore
2715 2448 2904 2497 nostro
2926 2437 3190 2504 sonuerit,
3218 2435 3469 2493 videlicet
3501 2443 3730 2507 peccata
3756 2449 3847 2489 no.

2250 2541 2368 2589 atra
2396 2532 2729 2597 confitendo,
2760 2530 3110 2602 pmnitendo,
3136 2528 3401 2601 proximis
3438 2527 3645 2584 nostris
3667 2527 3843 2584 debita

2250 2623 2601 2692 remittendo,
2633 2623 2818 2680 statim
2842 2623 2898 2679 in
2925 2622 3307 2679 communione
3337 2619 3426 2675 illa
3450 2619 3520 2675 ad
3542 2633 3645 2675 nos
3668 2620 3845 2675 divina

2249 2716 2506 2789 dirigitur
2533 2715 2826 2787 promissio
2856 2732 2871 2771 :
2898 2715 3031 2771 Dico
3056 2715 3228 2782 vobis,
3265 2713 3520 2785 gaudium
3539 2719 3616 2767 est
3645 2712 3842 2783 angelis

2250 2809 2353 2865 Dei
2381 2825 2538 2881 super
2564 2825 2671 2864 uno
2711 2818 2981 2880 peccatore
3019 2809 3373 2881 paenitentiam
3414 2812 3601 2877 agente
3617 2801 3841 2877 (Matth.

2251 2901 2390 2975 xvi).
2420 2902 2497 2958 De
2525 2901 2783 2985 vicesima
2822 2911 3002 2958 autem
3034 2901 3195 2957 tertia
3234 2901 3538 2970 Dominica,
3585 2902 3843 2975 quoniam

2253 2994 2483 3052 tractavi
2519 2994 2576 3050 in
2599 2994 2831 3066 quadam
2857 2987 3087 3065 epistola
3117 3009 3281 3065 quam
3316 2995 3385 3051 ad
3426 2995 3731 3052 Aribonem
3760 3011 3843 3050 ar-

2256 3086 2663 3159 chiepiscopum
2703 3087 2771 3142 de
2813 3085 3064 3141 Adventu
3108 3086 3325 3142 Domini
3365 3087 3673 3159 composui,
3703 3100 3847 3145 nunc

2257 3178 2462 3252 aliquid
2494 3178 2678 3235 dicere
2707 3178 3054 3249 supersedeo.

2881 3268 3111 3328 CAPUT
3150 3270 3238 3328 Vl.

2323 3364 2473 3421 Inter
2507 3364 2625 3420 inec
2651 3376 2763 3419 non
2795 3363 2968 3419 otiose
2994 3363 3329 3434 querendum
3365 3373 3499 3436 puto
3531 3380 3634 3422 cur
3659 3374 3849 3424 auctor

2253 3455 2553 3515 oﬂiciorum
2602 3456 2977 3513 tantummodo
3026 3456 3217 3528 viginti
3275 3457 3378 3512 tria
3432 3457 3580 3514 inter
3629 3471 3849 3516 octavas

2253 3546 2607 3605 Pentecostes
2626 3557 2683 3604 et
2706 3546 3010 3604 Adventum
3033 3545 3269 3614 Domini,
3284 3548 3566 3605 ordiuator
3587 3564 3723 3607 vero
3751 3548 3849 3607 Le-

2255 3640 2510 3696 ctionarii
2532 3638 2726 3712 viginti
2754 3639 2994 3711 quinque
3016 3638 3279 3697 lectiones
3306 3640 3573 3711 posuerit,
3603 3643 3846 3713 exceptis

2254 3730 2343 3787 his
2382 3745 2503 3801 quae
2535 3730 2592 3786 in
2619 3737 2816 3786 octava
2845 3730 3198 3788 Pentecostes
3242 3738 3297 3787 et
3345 3730 3630 3787 Dominica
3658 3732 3845 3804 quinta

2256 3827 2384 3876 ante
2410 3818 2761 3876 Nativitatem
2788 3818 3025 3889 Domini,
3055 3830 3113 3878 et
3139 3821 3193 3877 in
3220 3828 3406 3877 sancta
3437 3820 3711 3878 Trinitate
3747 3820 3847 3894 legi

2255 3912 2450 3969 solent.
2481 3912 2612 3980 Quae
2636 3911 2681 3968 si
2710 3911 2903 3982 viginti
2936 3912 3178 3984 quinque
3211 3911 3505 3980 adduntur,
3537 3928 3713 3969 xxvm
3742 3928 3845 3969 nu-

2253 4018 2441 4061 merus
2468 4001 2814 4073 adimpletur.
2837 4002 2940 4071 Qui
2963 4001 3139 4059 oﬂicia
3167 4004 3464 4070 ordinavit,
3496 4004 3847 4062 embolismaw.

2255 4094 2336 4153 les
2353 4108 2526 4150 annos
2562 4093 2619 4149 in
2655 4092 3076 4150 decennovenali
3098 4093 3255 4166 cyclo
3285 4094 3536 4160 attendit,
3570 4095 3629 4151 in
3650 4096 3849 4166 quibus

2253 4186 2463 4244 Pascha
2501 4187 2707 4243 tardius
2746 4186 2887 4243 solet
2924 4201 3235 4255 occurrere,
3276 4195 3332 4243 et
3367 4187 3620 4244 breviora
3645 4197 3848 4260 tempo-

2254 4295 2377 4335 rum
2421 4280 2595 4351 spatia
2639 4279 2783 4334 inter
2826 4287 3050 4336 octavas
3075 4276 3427 4336 Pentecostes
3450 4287 3506 4334 et
3538 4279 3845 4337 Adventum

2254 4373 2471 4430 Domini
2506 4372 2806 4440 conficere;
2852 4373 2994 4428 alter
3024 4386 3156 4428 vero
3189 4386 3526 4438 communes,
3563 4371 3618 4427 in
3654 4374 3846 4443 quibus

2254 4463 2446 4520 eadem
2476 4463 2758 4520 Paschalis
2790 4462 3061 4520 festivitas
3097 4463 3366 4519 maturius
3406 4465 3697 4520 consuevit
3719 4480 3843 4535 pro-

2254 4556 2463 4612 venire.
2506 4555 2764 4613 Dicamus
2798 4556 2899 4611 sub
2933 4554 3202 4626 exemplo,
3239 4554 3456 4625 quando
3490 4556 3719 4612 ultimus
3742 4566 3842 4614 ter-

550 4663 781 4721 millium
804 4663 1153 4731 talentorum,
1185 4681 1286 4722 nec
1306 4665 1532 4721 haberet
1553 4654 1697 4721 unde
1720 4664 2015 4730 redderet,
2047 4663 2150 4719 mi-
2176 4646 2229 4707 Ι)
2254 4647 2437 4703 minus
2464 4646 2740 4716 PaSCha'is
2764 4661 2856 4701 λιν
2888 4645 3145 4703 Kalendis
3181 4645 3333 4714 Maii:
3378 4655 3433 4702 θι
3467 4648 3583 4718 ipse
3600 4647 3839 4705 Pascha-

555 4768 739 4815 scrtus
762 4759 901 4830 ejus,
933 4758 1138 4814 dimisit
1168 4759 1218 4813 ei
1250 4758 1513 4814 debitum.
1547 4758 1654 4814 Sed
1685 4757 1814 4828 quia
1845 4756 1937 4812 ille
1976 4755 2152 4812 noluit

555 4853 806 4910 misereri
836 4851 1086 4909 conservi
1126 4851 1233 4916 sui,
1256 4850 1428 4906 iratus
1460 4847 1992 4914 Dominus,debitum
2008 4848 2153 4918 quod

557 4945 784 5004 dimisit.
817 4942 1039 5004 repetit.
1074 4942 1405 5004 tradiditque
1435 4956 1559 4996 eum
1588 4937 1908 5004 tortoribus,
1947 4936 2154 5004 quoad-

2258 4738 2328 4795 lis
2360 4738 2476 4795 dies
2516 4739 2749 4808 septimo
2773 4738 3044 4794 Kalendas
3072 4738 3315 4809 ejusdem
3344 4740 3549 4795 mensis
3579 4740 3841 4808 occurrit,

2260 4833 2354 4905 qui
2375 4832 2659 4906 diligenter
2677 4840 2992 4905 computare
3017 4831 3266 4899 voluerit,
3293 4848 3402 4888 non
3426 4832 3547 4905 plus
3567 4848 3734 4904 quam
3761 4835 3840 4890 vi—

2260 4927 2397 4996 ginti
2433 4935 2545 4982 tres
2566 4925 2932 4983 hebdomadas
2959 4927 3027 4982 ab
3054 4925 3257 4983 Octava
3285 4925 3645 4983 Pentecostes
3671 4943 3839 4999 usque
