4072 5350
260 244 403 302 1073

1540 241 1632 308 nu
1665 248 1934 310 OFFICIO
1972 232 2247 309 mssa.

3402 258 3544 318 1074

253 369 452 419 ventus
480 360 690 418 medius
714 361 949 431 incedat,
981 361 1108 434 quia
1140 377 1248 420 non
1283 364 1456 421 solum
1496 365 1651 439 juxta
1678 366 1840 437 hujus
1865 371 1917 433 Α
1944 366 2279 438 temporibus
2326 362 2477 424 anni.
2514 368 2621 425 Ver
2644 377 2731 425 est
2784 366 3064 426 humidum
3089 378 3146 427 et
3174 369 3441 441 calidum,
3483 381 3545 432 et

254 453 447 508 mundi
490 452 785 524 sapientes,
825 468 890 509 eo
938 455 1080 525 quod
1135 457 1383 527 partibus
1427 458 1545 515 suis
1582 461 1846 517 consistat

254 542 533 616 perfectus
556 559 679 601 esse
714 545 1073 617 dignoscitur,
1100 564 1288 604 verum
1330 551 1496 608 etiam
1524 554 1697 625 magis
1722 570 1848 625 pro-

254 643 382 706 pter
406 646 808 691 sacramentum
837 637 1171 708 septif'ormis
1195 641 1388 712 gratiae
1424 650 1481 699 et
1521 644 1850 717 evangelicae

258 726 542 783 doctrinae.
572 725 708 782 Nam
736 730 1046 799 septenario
1071 739 1266 802 quater
1290 732 1455 790 ducto
1483 734 1535 790 in
1566 735 1706 792 hanc
1724 751 1851 807 per-

258 816 516 874 fectionis
544 833 814 874 summam
842 821 1135 890 excrescit,
1160 832 1221 879 ut
1251 824 1395 881 sicut
1433 827 1684 883 senarius
1711 827 1852 885 infra

261 909 573 978 denarium,
615 910 690 966 ita
715 920 771 968 et
807 913 912 969 iste
953 914 1096 971 infra
1144 918 1518 974 centenarium
1563 933 1852 976 numerum

260 1002 539 1075 perfectus
565 1004 892 1061 inveniatur.
920 1003 1075 1074 Quod
1102 1010 1341 1079 prudens
1369 1009 1670 1068 calculator
1694 1010 1854 1069 facile

265 1094 570 1168 intelligere
593 1095 789 1167 quibit,
813 1097 857 1152 si
881 1099 1115 1168 partium
1147 1098 1263 1168 ejus
1288 1100 1585 1160 divisiones
1620 1102 1852 1175 diligen-

265 1198 355 1246 ter
380 1189 434 1245 in
465 1206 628 1246 unum
657 1189 883 1260 colligit.
910 1190 1053 1248 Nulli
1079 1207 1208 1248 vero
1234 1194 1458 1250 dubium
1486 1194 1618 1267 quin
1646 1206 1853 1267 septem

266 1284 337 1340 ad
368 1281 630 1355 Spiritum
676 1293 945 1353 sanctum,
996 1296 1231 1358 quatuor
1272 1303 1405 1346 vero
1450 1290 1761 1360 pertineant
1786 1290 1856 1346 ad

265 1375 655 1449 Evangelium;
681 1378 806 1450 quia
839 1394 937 1450 per
959 1380 1332 1452 septiformem
1354 1382 1586 1454 gratiam
1618 1381 1857 1454 Spiritus

265 1471 443 1526 sancti
473 1469 802 1542 praedicatur
842 1472 1197 1546 Evangelium
1240 1489 1341 1545 per
1394 1482 1627 1546 quatuor
1673 1474 1859 1547 plagas

266 1561 477 1616 mundi.
512 1560 570 1616 Si
599 1561 722 1634 quis
755 1578 888 1619 vero
919 1565 1258 1621 contentiose
1302 1573 1535 1623 conatus
1584 1564 1750 1623 fuerit
1773 1582 1860 1623 re-

265 1653 628 1724 prehendere,
655 1657 799 1727 quod
824 1656 877 1712 in
901 1657 1179 1728 pra-dictis
1198 1656 1389 1715 ofﬁciis
1418 1674 1526 1716 non
1557 1674 1711 1731 aeque
1738 1674 1859 1715 om-

1952 460 2005 516 in
2045 474 2112 515 eo
2141 460 2367 516 facimus
2401 477 2567 516 unum
2589 458 2857 533 jejunium
2888 470 2947 517 ut
2996 462 3324 519 elementum
3346 463 3544 523 humo-

1949 551 2027 606 ris
2057 550 2109 604 in
2145 550 2302 606 nobis
2332 551 2652 623 castigetur,
2684 567 2754 609 ne
2780 553 3090 609 consentiat
3127 552 3281 610 falsae
3306 555 3549 627 pulchri-

1951 640 2127 698 tudini
2152 642 2322 698 veris.
2355 642 2437 700 Ex
2459 643 2688 700 humore
2701 644 2846 699 enim
2878 653 2933 700 et
2962 645 3143 702 calore
3164 646 3408 702 nascitur
3429 647 3552 719 pul-

1952 732 2205 788 chritudo
2240 740 2420 789 terrae.
2448 731 2635 790 Estas
2680 734 2828 790 sicca
2857 743 2942 790 est
2988 746 3044 791 et
3090 734 3288 803 calida,
3336 736 3390 793 in
3442 752 3553 808 qua

1953 826 2185 882 alterum
2209 824 2473 897 jejunium
2510 826 2740 883 facimus
2766 836 2825 883 ut
2865 829 3171 898 castigetur
3208 829 3547 887 elementum

1952 919 2153 977 caloris
2173 919 2228 975 in
2256 920 2437 988 nobis,
2461 935 2530 977 ne
2550 921 2855 977 consentiat
2880 922 3134 979 incendio
3165 922 3393 979 carnali.
3413 922 3550 979 Ter-

1955 1011 2091 1067 tium
2124 1008 2473 1080 fltjejunium
2529 1012 2584 1067 in
2620 1020 2905 1080 autumno,
2953 1013 3046 1085 qui
3087 1022 3172 1070 est
3217 1014 3445 1086 frigidus
3493 1023 3552 1072 et

1954 1102 2150 1166 siccus,
2194 1118 2261 1158 ne
2310 1102 2493 1174 aliquo
2522 1102 2782 1175 languore
2827 1104 2994 1159 animi
3024 1120 3338 1162 arescamus
3365 1121 3431 1162 ac
3459 1108 3557 1162 de-

1955 1192 2211 1261 fluamus,
2243 1203 2299 1250 et
2321 1195 2663 1251 inveniamur
2690 1199 2808 1253 sine
2831 1196 3159 1268 pinguedine
3183 1198 3287 1254 olei
3317 1199 3372 1253 in
3395 1206 3555 1255 teter-
3615 1246 3623 1268 ε

1956 1299 2030 1342 no
2080 1285 2481 1342 tabernaculo:
2531 1286 2734 1341 etenim
2800 1286 2890 1342 illo
2953 1296 3196 1358 tempore
3250 1302 3553 1359 congrega-

1957 1391 2080 1432 mus
2124 1390 2234 1448 quo
2288 1374 2537 1433 fruamur
2594 1377 2649 1432 in
2698 1376 2904 1433 futuro.
2969 1376 3261 1446 Quartum'
3286 1378 3557 1451 jejunium

1959 1469 2021 1523 fit
2069 1468 2122 1524 in
2144 1470 2344 1536 hieme,
2370 1486 2492 1541 quae
2534 1479 2621 1527 est
2654 1467 2853 1542 frigida
2882 1478 2936 1527 et
2982 1472 3227 1539 humida,
3271 1488 3341 1529 ne
3382 1488 3561 1530 meme

1960 1560 2057 1617 bra
2084 1571 2272 1619 nostra
2312 1561 2462 1619 fluxu
2506 1571 2671 1634 atque
2702 1564 2828 1619 luxu
2879 1564 3158 1621 solvantur
3202 1566 3258 1620 in
3287 1580 3563 1623 comessa-

1965 1656 2202 1715 tionibus
2249 1665 2304 1713 et
2352 1657 2758 1729 potationibus,
2812 1668 2868 1715 et
2935 1675 3033 1731 per
3087 1659 3192 1715 hoc
3255 1658 3566 1732 negligatur

268 1746 362 1801 nia
392 1747 640 1803 omnibus
664 1763 730 1805 ex
753 1756 867 1807 toto
892 1751 1239 1817 conveniant,
1270 1749 1578 1823 lmjusmodi
1620 1767 1850 1825 respon—
1882 1733 1931 1795 Β
1962 1762 2117 1805 amor
2161 1748 2278 1805 Dei.
2325 1749 2398 1804 At
2440 1750 2567 1820 quia
2599 1750 2849 1819 Quatuor
2884 1761 3129 1821 tempora
3168 1766 3434 1806 annorum
3461 1765 3566 1808 nos

268 1851 448 1894 suma
476 1839 535 1894 B.
560 1839 864 1913 Augustino
883 1842 1336 1914 percipiat:-Non
1367 1858 1499 1902 sane
1525 1843 1706 1901 omnia
1736 1859 1861 1916 qua:
1965 1837 2271 1909 impediunt
2320 1838 2388 1893 ad
2433 1854 2676 1896 amorem
2730 1839 2824 1913 [ab
2873 1839 3085 1913 amore]
3136 1841 3267 1908 Dei,
3328 1849 3567 1912 quatuor

269 1941 423 2001 gesta
458 1942 773 2001 narrantur,
817 1934 1023 2007 aliquid
1060 1938 1226 1994 etiam
1267 1938 1577 2010 significare
1621 1939 1862 2010 putanda

1975 1928 2167 2000 iejunia
2208 1929 2465 1995 facimus,
2496 1945 2596 2001 per
2625 1930 2835 2002 singula
2876 1946 3105 2002 quaeque
3133 1938 3378 2002 tempora
3406 1945 3568 1987 suum

270 2031 424 2091 sunt,
456 2024 550 2081 sed
597 2034 822 2098 propter
856 2026 945 2083 illa
993 2044 1114 2100 qua:
1158 2028 1362 2102 aliquid
1405 2030 1735 2102 significant,
1773 2033 1865 2087 ad-
1957 2020 2257 2091 jejunium:
2305 2022 2734 2094 unumquodque
2774 2037 2874 2093 Ρ¹⁹ο
2920 2036 3021 2078 δυο
3070 2031 3330 2092 ιθηιβονθ·
3384 2020 3567 2079 Simili

271 2115 497 2171 duntur.
527 2115 660 2173 Solo
687 2119 829 2175 enim
856 2134 1079 2177 vomere
1118 2128 1264 2177 terra
1307 2121 1716 2193 proscinditur;
1769 2121 1866 2178 sed
1967 2116 2132 2170 modo
2185 2114 2382 2170 diurna
2430 2113 2702 2170 curricula
2745 2123 2981 2185 quatuor
3010 2129 3113 2170 nos
3152 2114 3455 2185 impediunt
3497 2114 3569 2172 ab

274 2216 335 2262 ut
363 2207 466 2264 hoc
492 2208 608 2265 fieri
641 2211 813 2280 possit
842 2213 1011 2268 etiam
1036 2221 1234 2269 caetera
1272 2214 1442 2270 aratri
1472 2214 1717 2270 membra
1739 2223 1869 2271 sunt

273 2302 605 2355 necessaria.
629 2300 697 2356 Et
717 2301 815 2358 soli
841 2304 992 2358 nervi
1016 2303 1071 2359 in
1108 2303 1335 2361 citharis
1360 2312 1526 2376 atque
1551 2304 1867 2376 bujusmodi

273 2389 423 2446 vasis
455 2392 680 2450 musicis
728 2402 986 2466 aptantur
1030 2396 1100 2453 ad
1145 2406 1391 2466 cantum,
1438 2398 1533 2455 sed
1588 2405 1648 2453 ut
1689 2399 1868 2471 aptari

274 2483 488 2555 possint
510 2486 695 2545 insunt
725 2499 999 2548 etezetera
1026 2491 1082 2547 in
1113 2493 1467 2565 compagibus
1509 2508 1869 2568 organorum,

274 2592 401 2648 quae
424 2593 531 2634 non
560 2582 938 2651 percutiuntur
969 2598 1001 2640 a
1025 2584 1370 2659 canentibus,
1395 2586 1491 2641 sed
1512 2600 1577 2641 ea
1606 2601 1728 2657 qua:
1749 2601 1872 2657 per-

275 2683 442 2725 cussa
472 2683 749 2740 resonant,
781 2674 867 2732 his
897 2685 1315 2734 connectuntur.
1348 2677 1427 2734 ita
1468 2677 1521 2734 in
1553 2678 1873 2751 prophetica

278 2762 513 2820 historia
540 2765 797 2822 dicuntur
819 2768 985 2824 etiam
1013 2768 1192 2839 aliqua
1222 2784 1343 2840 quae
1369 2769 1505 2825 nihil
1537 2771 1871 2844 significant,

278 2858 377 2913 sed
405 2859 732 2930 quibusdam
761 2862 1081 2919 adhmreant
1140 2877 1261 2934 qua:
1315 2863 1627 2937 significant
1657 2873 1713 2921 et
1739 2878 1875 2936 quo-

279 2950 575 3010 dummodo
604 2953 927 3027 religantur.

883 3046 1120 3108 CAPUT
1158 3048 1271 3109 γει.

595 3138 676 3196 De
716 3141 925 3213 jejunio
953 3153 1185 3215 quatuor
1221 3152 1533 3217 temporum.

356 3226 645 3287 Tel-minos
682 3242 845 3291 recta:
877 3233 1000 3291 fidei
1032 3243 1347 3308 sanctasque
1388 3236 1651 3294 doctrinae
1672 3252 1871 3310 posue-

287 3329 418 3378 runt
441 3322 511 3378 ab
531 3322 689 3382 initio
701 3323 891 3383 Patres
921 3326 1193 3393 catholici,
1223 3342 1361 3399 quos
1381 3328 1604 3385 omnino
1618 3328 1774 3385 nefas
1794 3336 1880 3386 est

289 3417 621 3487 transgredi.
644 3416 750 3474 Sed
763 3426 820 3474 et
844 3419 1026 3475 multa:
1049 3421 1470 3478 consuetudines
1494 3421 1881 3479 ecclesiasticae

286 3505 643 3565 inveniuntur
668 3525 700 3566 a
725 3510 933 3568 sanctis
961 3511 1216 3569 Patribus
1245 3511 1386 3568 infra
1427 3513 1706 3570 canonica;
1728 3528 1885 3586 regu-

286 3600 359 3657 la:
386 3602 647 3661 terminos
670 3604 1001 3673 constitutae,
1028 3606 1171 3662 sicut
1194 3613 1321 3663 sunt
1347 3606 1626 3662 Adventus
1642 3605 1881 3674 Domini,

291 3687 730 3763 Septuagesima,
770 3690 1144 3765 Sexagesima,
1202 3693 1686 3765 Quinquagesima,
1741 3692 1886 3761 Qua-

1967 2224 2153 2264 aniore
2191 2207 2398 2265 scilicet
2431 2208 2762 2276 caelestium,
2796 2210 3146 2277 matutinum,
3180 2208 3568 2278 meridianum,

1967 2302 2362 2374 vespertinum,
2416 2312 2768 2358 nocturnum.
2822 2301 2929 2357 Per
2964 2303 3079 2358 haec
3116 2302 3281 2357 etiam
3327 2301 3573 2372 quotidie

1974 2396 2042 2453 ab
2100 2411 2285 2451 amore
2336 2405 2670 2451 aeternorum
2726 2394 3082 2451 retrahimur.
3133 2394 3190 2450 ln
3241 2408 3571 2465 unoquoque

1975 2498 2086 2545 tres
2108 2487 2226 2544 dies
2248 2498 2397 2543 sunt.
2425 2485 2563 2556 Quia
2588 2486 3014 2557 unumquodque
3043 2494 3254 2556 tempus
3288 2495 3399 2541 tres
3425 2499 3574 2541 men-

1972 2596 2063 2638 ses
2110 2581 2299 2646 habet,
2346 2595 2448 2653 pro
2490 2594 2819 2651 unoquoque
2848 2592 3038 2634 mense
3073 2577 3268 2648 singuli
3300 2576 3417 2633 dies
3433 2574 3575 2648 jeju-

1974 2675 2066 2731 nio
2112 2681 2527 2731 consecrantur.
2571 2673 2645 2728 At
2676 2687 2811 2728 vero
2844 2671 2971 2743 quia
3002 2670 3318 2742 quotidiana
3347 2677 3575 2740 peccata

1975 2776 2294 2840 aggravant,
2340 2780 2450 2822 non
2494 2761 2693 2819 sufiicit
2744 2777 2915 2818 unum
2958 2760 3223 2832 jejunium
3259 2776 3358 2833 per
3381 2774 3579 2825 unum—

1975 2859 2230 2932 quodque
2256 2866 2492 2928 tempus,
2522 2871 2585 2911 ac
2608 2869 2706 2926 per
2731 2855 2840 2910 hoc
2860 2853 3330 2926 quadragesimale
3362 2861 3578 2923 tempus

1977 2950 2309 3016 inducimus,
2346 2964 2455 3019 quo
2486 2946 2805 3019 quotidiana
2840 2954 3065 3017 peccata
3106 2943 3436 3017 afﬂigantur.
3473 2942 3581 2998 Ea-

1978 3043 2103 3100 dem
2126 3056 2257 3098 vero
2282 3037 2530 3107 Quatuor
2564 3046 2870 3109 temporum
2907 3034 3114 3107 jejunia
3155 3034 3240 3089 his
3279 3032 3468 3089 diebus
3497 3047 3582 3089 so-

1903 3097 1952 3165 C
1982 3097 2094 3195 le‘nt
2132 3097 2420 3199 celebrari,
2466 3097 2693 3189 scilicet.
2718 3097 2925 3202 quarta.
2964 3126 3124 3193 feria,
3174 3134 3325 3182 sexta
3361 3134 3417 3183 et
3442 3123 3581 3183 Sab-

1978 3232 2128 3288 bato.
2168 3229 2294 3285 Ideo
2323 3234 2539 3301 quarta,
2579 3224 2706 3295 quia
2741 3220 2911 3278 Judzni
2942 3220 2996 3276 in
3026 3234 3089 3276 ea
3111 3218 3361 3275 fecerunt
3398 3217 3583 3273 consi-

1979 3323 2112 3379 ‘ium
2141 3329 2202 3378 ut
2234 3320 2549 3378 occiderent
2576 3316 2893 3380 Christum;
2928 3318 3106 3380 sexta,
3137 3311 3397 3382 quoniam
3434 3308 3584 3366 occio

1982 3417 2179 3475 derunt
2197 3429 2352 3480 eum;
2379 3410 2645 3477 Sabbato,
2662 3424 2727 3465 ex
2745 3407 3071 3463 auctoritate
3092 3392 3295 3460 sancta:
3318 3403 3586 3479 Romanas

1985 3505 2243 3563 Ecclesia:
2271 3544 2287 3571 ,
2338 3499 2683 3559 concluditur
2723 3495 3012 3568 jejunium,
3054 3502 3276 3565 propter
3304 3490 3587 3547 tristitiam

1988 3595 2360 3669 apostolorum
2411 3606 2575 3663 quam
2622 3590 2690 3646 de
2737 3595 2914 3644 morte
2971 3584 3146 3641 nostri
3203 3576 3587 3654 Redemptoris

1988 3690 2327 3755 habuerunt,
2373 3685 2517 3742 sicut
2559 3679 2907 3737 innocentius
2934 3692 3076 3750 papa
3108 3675 3162 3731 in
3193 3674 3307 3731 suis
3332 3673 3588 3729 Decreta-

290 3779 621 3853 dragesima,
671 3783 859 3840 litania
911 3764 1106 3858 major,
1177 3785 1293 3842 dies
1345 3764 1709 3857 Rogationum
1757 3791 1887 3841 ante
1988 3785 2131 3843 libus
2156 3789 2365 3840 narrat.
2397 3776 2661 3844 Sabbato,
2690 3773 2887 3871 inquit,
2914 3770 3414 3871 jejunandumesse
3436 3764 3588 3870 ratio

296 3873 688 3932 Ascensionem
705 3875 943 3946 Domini,
963 3877 1160 3950 vigiliae
1174 3879 1531 3949 quorumdam
1550 3882 1886 3942 sanctorum.
1990 3874 2407 3936 evidentissima
2437 3872 2797 3927 demonstrat.
2836 3864 2969 3920 Nam
2996 3863 3041 3963 s_i
3068 3862 3215 3963 diem
3239 3860 3584 3963 Dominicum

296 3982 403 4024 nec
427 3983 535 4025 non
562 3979 618 4025 et
645 3970 762 4026 haec
787 3969 903 4041 ipsa
928 3947 1174 4039 Quatuor
1193 3947 1497 4042 temporum
1515 3968 1744 4041 jejunia,
1768 3983 1890 4040 qua:
1991 3972 2063 4029 ob
2098 3966 2467 4026 venerabilem
2513 3960 2976 4020 resurreCtionetn
3005 3953 3217 4011 Domini
3252 3950 3425 4009 nostri
3454 3947 3590 4005 388“

294 4071 413 4131 pm
439 4061 691 4118 manibus
712 4062 1004 4130 habentur,
1037 4063 1253 4134 aliaque
1274 4063 1532 4134 perplura
1559 4078 1681 4133 quae
1704 4060 1891 4118 omnia
1994 4063 2197 4122 Christi
2247 4077 2353 4118 non
2398 4059 2574 4115 solum
2617 4059 2671 4114 in
2720 4056 2930 4112 Pascha
2976 4051 3334 4117 celebramus,
3367 4060 3592 4104 verum-

294 4151 422 4225 jure
447 4163 709 4225 perpetuo
740 4156 947 4227 absque
972 4155 1082 4211 ulla
1120 4156 1559 4227 transgressione
1583 4154 1738 4212 nobis
1765 4163 1895 4211 sunt
1994 4160 2161 4216 etiam
2202 4170 2300 4229 per
2339 4153 2582 4225 singulos
2625 4149 2860 4207 circulos
2914 4144 3376 4202 hebdomadarum
3422 4140 3594 4212 ipsius

296 4246 634 4304 observanda
660 4262 724 4304 ac
751 4263 851 4320 pro
874 4247 990 4319 lege
1020 4248 1276 4316 tenenda,
1320 4247 1534 4304 dicente
1566 4255 1758 4303 sancto
1782 4246 1873 4302 Au

1998 4255 2107 4312 diei
2146 4252 2441 4324 imaginem
2490 4250 2925 4321 frequentamus,
2955 4257 3021 4299 ac
3048 4242 3094 4298 si
3120 4248 3275 4297 sexta
3307 4236 3442 4293 feria
3468 4248 3596 4306 pro-

216 4328 223 4337 ’
298 4337 521 4411 gustino
560 4338 626 4393 ad
648 4337 978 4395 Casulanum
1003 4339 1384 4412 presbyterum
1428 4338 1495 4395 de
1530 4336 1740 4409 jejunio
1765 4337 1873 4394 Sab

2000 4357 2122 4421 pter
2155 4345 2467 4419 passionem
2511 4339 2727 4397 Domini
2764 4337 3092 4411 jejunamus,
3128 4330 3428 4390 Sabbatum
3462 4339 3599 4397 prae-

301 4428 417 4485 bati
446 4445 460 4485 :
495 4429 552 4485 In
575 4429 662 4486 his
687 4429 834 4486 enim
865 4429 1049 4496 rebus,
1090 4430 1157 4485 de
1201 4429 1401 4501 quibus
1431 4428 1571 4484 nihil
1608 4428 1747 4485 certi
1781 4436 1896 4484 sta-

302 4520 410 4575 tuit
434 4517 720 4591 Scriptura
746 4519 950 4586 divina,
1003 4533 1124 4575 mos
1168 4517 1350 4590 populi
1382 4517 1477 4573 Dei
1511 4517 1597 4574 vel
1645 4518 1894 4575 instituta

303 4610 569 4681 Majorum
594 4626 695 4683 pro
723 4611 839 4684 lege
870 4611 1099 4669 tenenda
1146 4618 1291 4666 sunt.
1334 4609 1559 4666 Accedit
1599 4611 1765 4666 etiam
1791 4612 1896 4668 hoc

304 4704 453 4777 quod
480 4703 622 4761 nihil
650 4703 769 4760 sine
797 4704 1011 4761 ratione
1039 4704 1094 4760 in
1131 4702 1521 4760 ecclesiasticis
1551 4702 1898 4760 consuetudi-

306 4796 469 4854 nibus
499 4812 532 4854 a
566 4796 774 4854 sanctis
815 4794 1072 4854 Patribus
1098 4795 1454 4853 constitutum
1504 4793 1797 4866 reperitur,
1849 4792 1897 4850 si

307 4902 481 4945 causa
510 4888 803 4961 diligenter
840 4887 1153 4959 inquiritur.
1188 4887 1275 4945 .Ut
1300 4903 1365 4944 ex
1393 4893 1639 4942 veterum
1667 4900 1732 4941 ac
1753 4899 1900 4956 prae-

309 4982 469 5053 cipue
504 4981 684 5041 sancti
717 4981 1005 5053 Augustini
1035 4982 1377 5039 sermonibus
1420 4978 1645 5052 intelligi
1696 4988 1899 5050 potest,

312 5075 683 5136 necessarium
714 5086 798 5133 est
825 5087 1025 5133 nostra:
1053 5073 1299 5145 religioni
1339 5073 1621 5134 annuatim
1656 5071 1902 5140 Quatuor

303 5170 511 5245 jejunia
538 5169 842 5229 celebrare.
874 5167 1008 5223 Nam
1039 5164 1282 5233 Quatuor
1310 5164 1645 5233 temporibus
1670 5165 1907 5221 volvitur

312 5282 528 5323 annus:
559 5264 725 5332 Vere,
779 5269 988 5330 aestate,
1036 5267 1316 5326 autumno,
1363 5256 1563 5313 hieme.
1596 5255 1721 5314 Haac
1755 5257 1906 5325 Qua-

2003 4439 2304 4497 termittere
2344 4450 2454 4491 non
2495 4434 2776 4498 debemus,
2814 4430 2906 4501 qui
2948 4428 3092 4483 inter
3123 4423 3401 4482 tristitiam
3429 4426 3597 4489 atque

2002 4530 2244 4588 laetitiam
2263 4526 2522 4599 temporis
2546 4525 2688 4581 illius
2709 4523 2925 4579 videtur
2942 4520 3204 4577 inclusus.
3223 4517 3282 4573 ln
3304 4528 3413 4585 quo
3425 4512 3596 4599 etiam

2004 4620 2246 4678 Sabbato
2273 4597 2616 4676 consecratio
2639 4613 2893 4670 ordinum
2927 4607 3423 4667 ecclesiasticorum
3460 4597 3605 4654 cele-
3660 4661 3667 4667 _

2003 4716 2216 4781 bratur,
2251 4726 2475 4768 causam
2525 4711 2690 4765 etiam
2724 4705 2966 4778 ejusdem
3002 4691 3435 4758 consecrationis
3474 4705 3607 4746 san-

2004 4814 2095 4862 cto
2139 4802 2446 4878 Augustino
2490 4801 2707 4855 dicente
2751 4797 2820 4851 ad
2862 4789 3189 4848 Januarium
3219 4781 3572 4885 z-Sabbatum
3597 4821 3614 4848 ,

2009 4899 2204 4972 inquit,
2249 4895 2691 4955 commendatum
2719 4897 2805 4945 est
2826 4884 2992 4956 priori
3024 4881 3228 4952 populo
3253 4878 3310 4932 in
3334 4878 3450 4976 uti?
3481 4888 3617 4976 cor-

2007 4961 2272 5064 poraliter
2301 4985 2710 5048 celebrandum,
2746 4988 2808 5034 ut
2837 4976 3010 5065 figura
3037 4981 3195 5027 esset
3226 4961 3627 5065 sanctificatio-

2012 5053 2098 5142 nis
2126 5085 2183 5139 in
2214 5080 2409 5153 requie
2435 5075 2677 5146 Spiritus
2719 5067 2918 5127 sancti.
2958 5063 3252 5133 Nusquam
3298 5053 3448 5110 enim
3484 5053 3632 5154 legi-

2014 5189 2137 5232 mus
2175 5174 2232 5229 in
2274 5165 2477 5227 Genesi
2525 5157 3017 5219 sanctificationem
3050 5166 3163 5221 per
3191 5157 3384 5244 omnes
3412 5154 3645 5244 prterea

2015 5230 2155 5329 dies,
2190 5261 2289 5318 sed
2318 5257 2387 5313 de
2416 5252 2534 5311 solo
2573 5252 2820 5350 Sabbato
2860 5244 3065 5350 dictum
3096 5250 3191 5343 est
3220 5258 3234 5294 :

3224 5336 3349 5350 __-A
3393 5319 3648 5350 Alani—=1...-
