4072 5350
556 384 700 442 Μ)ῗό

1622 380 1962 442 BERNONIS
1997 380 2289 441 ABBATIS
2326 382 2692 443 A‘UGIENSIS

3694 390 3839 449 ω’ῖὸ

561 510 751 571 quarta
804 498 941 555 feria
990 499 1111 555 duae
1159 498 1421 555 lectiones
1463 497 1734 568 leguntur,
1781 507 1836 552 ut
1872 498 1928 551 hi
1960 497 2052 566 qui
2087 497 2140 551 in
2168 524 2219 585 Α
2248 496 2541 551 Sabbatum
2578 506 2773 565 quarto
2801 496 3003 553 Nonas.
3033 496 3090 555 Si
3117 514 3186 554 ex
3212 500 3297 555 his
3324 500 3554 571 singulis
3585 504 3840 563 terminis

554 595 793 651 Sabbato
814 601 943 649 sunt
972 593 1350 659 consecrandi,
1382 594 1774 647 admoneantur
1801 600 1859 645 ut
1889 591 2139 645 notitiam

550 689 687 759 legis
707 695 760 744 et
779 688 1168 759 prophetarum
1192 687 1448 753 habeam,
1473 700 1593 757 quae
1612 686 1847 739 maxime
1867 684 1921 738 in
1944 692 2136 753 quarta

550 787 713 833 relate
760 779 1039 849 vigebant.
1089 776 1255 833 Sexta
1309 777 1445 832 feria
1496 792 1602 831 una
1650 785 1857 831 tantum
1907 776 2134 844 legitur,

553 870 684 939 quia
723 869 811 924 lex
836 878 892 924 et
918 869 1204 941 prophetia
1228 870 1285 924 in
1313 884 1422 923 uno
1449 869 1739 940 Evangelio
1782 866 2155 937 recapitulan-°

550 971 659 1021 tur.
693 963 837 1032 quod
872 976 1015 1016 nunc
1040 962 1096 1015 in
1125 970 1280 1017 sexta
1310 961 1497 1015 mundi
1528 970 1689 1014 aetate
1716 959 2042 1029 praedicatur
2069 971 2135 1012 ac

549 1054 765 1125 legitur.
794 1054 872 1108 De
898 1053 1182 1110 duodecim
1219 1053 1562 1120 lectionibus,
1593 1068 1712 1123 qua:
1739 1049 2135 1121 prmtitulantur

550 1149 606 1203 itt
632 1148 775 1203 libro
798 1145 1309 1213 Sacramentorum,
1346 1148 1432 1201 die
1464 1146 1708 1209 Sabbati,
1746 1144 1824 1198 sic
1853 1147 1907 1197 in
1939 1143 2133 1198 litteris

547 1242 773 1297 Patrum
811 1242 1087 1312 reperitur
1116 1242 1379 1311 scriptum
1409 1228 1425 1299 i
1455 1240 1560 1293 Sex
1597 1239 1857 1293 lectiones
1889 1236 1957 1289 ab
1988 1236 2131 1289 anti—

545 1336 668 1406 quis
706 1334 969 1391 Romanis
993 1334 1184 1391 Graece
1210 1346 1261 1388 et
1294 1334 1486 1388 Latine
1520 1333 1856 1403 legebantur.
1885 1330 1988 1395 Qui
2015 1342 2131 1382 mos

548 1427 692 1498 apud
734 1428 1265 1500 Constantinopolim
1297 1429 1459 1484 hodie
1490 1442 1704 1497 quoque
1734 1435 1982 1481 servatur
2006 1436 2131 1493 pro-

544 1531 667 1591 pter
700 1529 834 1578 duas
859 1537 1053 1578 causas
1079 1540 1093 1576 :
1124 1537 1310 1588 unam,
1355 1521 1481 1592 quia
1520 1522 1750 1575 aderant
1781 1518 1980 1584 (ἐι-ωεὶ,
2012 1516 2132 1587 qui-

542 1615 645 1668 bus
665 1613 945 1685 incognita
975 1622 1094 1670 erat
1114 1614 1308 1668 Latina
1331 1613 1537 1685 lingua,
1564 1614 1902 1683 aderantque
1927 1610 2128 1677 Latini,

542 1706 740 1776 quibus
768 1707 1047 1779 incognita
1074 1718 1194 1763 erat
1216 1708 1439 1774 Graeca;
1476 1707 1704 1761 alteram
1732 1719 1968 1778 quoque,
1998 1718 2126 1775 pro-

539 1808 663 1869 pter
733 1802 1151 1857 unanimitatem
1216 1803 1503 1871 utriusque
1561 1799 2128 1871 populi.‘Duodecim

2247 590 2489 643 adhibita
2521 592 2929 658 computatione
2958 592 3026 647 ad
3050 595 3312 649 terminos
3347 594 3691 663 Septembris
3739 613 3843 669 pa-

2241 683 2653 751 quatuordecim
2722 685 3093 741 hebdomadas
3157 687 3329 742 aciem
3398 701 3547 744 recte
3601 690 3842 762 dirigis,

2242 773 2448 843 liquido
2474 776 2803 844 pervidebis,
2856 778 2910 834 in
2964 789 3160 849 quarto
3212 796 3308 837 seu
3356 784 3587 853 septimo
3647 802 3840 845 mense

2242 874 2466 935 quartas
2496 866 2660 920 ferias
2680 868 2838 936 juxta
2867 870 2949 924 sui
2995 872 3359 939 quantitatem
3408 875 3520 928 suis
3580 872 3841 935 Sabbatis

2239 958 2419 1011 minus
2451 958 2658 1023 deesse,
2684 970 2910 1030 excepto
2941 960 3267 1032 Septembri,
3296 966 3514 1034 quando
3547 965 3667 1036 ipse
3695 968 3836 1023 inci-

2238 1048 2317 1116 pit
2343 1046 2473 1102 leria
2494 1048 2704 1115 quinta,
2726 1047 2919 1105 Junius
2940 1060 3158 1121 quarta,
3182 1052 3404 1108 Martius
3422 1057 3605 1110 tertia.
3628 1058 3747 1123 Qua
3769 1074 3835 1114 ex

2240 1154 2296 1192 re
2329 1139 2409 1193 sic
2447 1140 2683 1206 eveniat,
2713 1143 2965 1211 prudenti
3012 1142 3325 1199 calculat-ori
3362 1146 3428 1201 ad
3462 1147 3832 1218 indagandum

2240 1244 2580 1301 nequaquam
2608 1234 2715 1287 erit
2742 1233 2976 1289 difﬁcile.
3002 1234 3076 1288 Ex
3105 1236 3188 1291 his
3212 1237 3465 1293 omnibus
3488 1242 3635 1293 ratio
3662 1244 3834 1294 mani—

2237 1319 2376 1374 festa
2416 1322 2588 1387 docet,
2625 1322 2838 1377 ﬁrmius
2873 1339 2939 1379 ac
2968 1325 3214 1379 stabilius
3254 1340 3375 1381 esse
3413 1342 3829 1399 argumentum,

2236 1416 2378 1483 quod
2405 1430 2472 1469 ex
2499 1418 2963 1474 hebdomadarum
2988 1435 3216 1476 numero
3237 1422 3522 1479 collectum
3549 1441 3830 1497 nunquam

2236 1517 2414 1575 nutat,
2447 1524 2610 1578 quam
2638 1513 2784 1580 quod
2815 1528 2881 1567 ex
2905 1514 3165 1570 l’eriarum
3195 1517 3641 1574 consideratione
3686 1536 3830 1575 cont-

2234 1603 2464 1672 pilatum
2495 1604 2786 1675 aliquando
2812 1608 3048 1663 vacillat.
3094 1608 3172 1665 De
3201 1627 3391 1667 mense
3443 1627 3574 1668 vero
3621 1614 3831 1672 decimo

2234 1697 2370 1752 nihil
2420 1698 2565 1753 aliud
2607 1700 2896 1756 dicendum
2942 1712 3046 1770 est,
3078 1704 3183 1760 nisi
3228 1715 3286 1761 ut
3336 1709 3650 1777 proximum
3709 1718 3830 1764 ante

2234 1791 2589 1846 nativitatem
2636 1792 2853 1850 Domini
2905 1812 3120 1867 semper
3155 1799 3477 1857 observetur
3504 1801 3830 1871 Sabbatum,

540 1892 806 1951 lectiones
845 1895 1100 1952 dicuntur
1134 1905 1358 1968 propter
1398 1896 1684 1951 duodecim
1722 1895 1979 1961 lectores,
2019 1910 2128 1948 non
2156 1909 2207 1970 Β
2235 1896 2465 1957 excepto
2491 1890 2708 1957 quando
2741 1889 2921 1960 vigilia
2950 1893 3193 1948 evenerit
3223 1894 3280 1948 in
3311 1905 3465 1950 sexta
3493 1897 3661 1951 feria.
3708 1896 3830 1953 Scio

538 1995 762 2059 propter
821 1988 1107 2044 duodecim
1182 1988 1573 2043 sententiarum
1638 1987 1951 2043 varietates.
2022 1985 2130 2040 Sex

536 2075 803 2134 lectiones
854 2088 982 2135 sunt
1036 2081 1412 2135 tantummodo
1466 2080 1522 2133 in
1579 2078 1882 2134 sententiis.
1945 2076 2129 2146 Neque

536 2171 684 2225 enim
730 2172 778 2228 si
825 2171 1126 2228 dixerimus
1172 2174 1367 2240 Amen,
1413 2187 1625 2238 verum,
1668 2181 1960 2242 propterea
1992 2171 2130 2225 duas

532 2265 795 2321 veritates
822 2264 1121 2338 intelligere
1146 2267 1427 2333 debemus,
1462 2266 1559 2321 sed
1596 2281 1783 2319 unam.
1817 2264 1924 2319 Sed
1950 2264 2017 2319 dc
2044 2264 2128 2317 his

534 2357 801 2414 hactenus
844 2376 993 2416 nunc
1036 2361 1103 2416 ad
1146 2363 1485 2431 propositum
1532 2360 1840 2415 redeamus.
1887 2358 2127 2426 Quaestio

534 2457 650 2517 tua,
704 2452 752 2506 si
798 2452 905 2508 rite
942 2454 1225 2521 recordor,
1269 2453 1392 2509 talis
1444 2463 1584 2521 erat,
1630 2462 1690 2508 ut
1729 2454 1870 2508 scire
1908 2463 2129 2521 optares

531 2550 841 2600 utrumnam
887 2548 1074 2601 statim
1114 2547 1170 2601 in
1212 2547 1391 2617 primo
1422 2545 1664 2603 Sabbato
1691 2546 1870 2602 Martii
1897 2547 1969 2601 sit
1993 2545 2128 2616 jeju-

531 2637 814 2706 nandum,
862 2640 1079 2695 etiamsi
1116 2640 1257 2696 idem
1307 2641 1510 2697 mensis
1556 2640 1767 2712 quinta,
1825 2650 1975 2695 sexta
2034 2646 2129 2694 aut

531 2727 767 2799 septima
794 2729 931 2785 feria
961 2731 1211 2803 incipiat,
1243 2749 1313 2787 an
1354 2734 1424 2788 ad
1462 2734 1612 2791 aliud
1657 2733 1954 2790 Sabbatum
2002 2749 2125 2803 pro-

533 2829 658 2890 pter
680 2831 933 2892 quartam
964 2824 1153 2879 feriam
1184 2826 1256 2881 sit
1280 2825 1663 2883 diﬂerendum.
1710 2828 1793 2882 Ad
1841 2827 1987 2897 quod
2030 2826 2125 2881 tibi

529 2927 598 2967 ex
647 2917 1044 2971 consuetudine
1098 2929 1305 2975 sanctae
1363 2921 1660 2988 Ecclesiae,
1722 2936 1844 2992 quae
1878 2936 1979 2992 pro
2012 2935 2127 2974 ma-

531 3004 1061 3077 ximaauctoritate
1118 3013 1350 3067 tenenda
1406 3022 1521 3080 est,
1573 3013 1878 3084 respondeo
1925 3027 1940 3066 :
1980 3014 2126 3083 quod

532 3094 738 3167 absque
792 3099 902 3156 ulla
949 3099 1316 3173 refragatione
1365 3119 1582 3175 semper
1639 3102 1883 3174 ejusdem
1922 3106 2125 3161 mensis

532 3198 735 3260 quarta
772 3190 912 3247 feria
941 3192 1138 3248 debeat
1179 3196 1504 3265 exspectari,
1546 3197 1803 3267 quoniam
1850 3196 1995 3251 idem
2039 3196 2123 3266 je-

2237 1996 2324 2035 me
2352 1996 2453 2050 pro
2482 1992 2632 2036 certo
2661 1983 2737 2036 ita
2766 1984 2992 2052 dixisse,
3014 1994 3070 2040 et
3096 2001 3257 2056 quam
3309 2003 3497 2043 verum
3543 1990 3619 2043 sit
3666 1989 3827 2043 etiam

2236 2075 2292 2129 in
2323 2077 2425 2131 hac
2455 2093 2536 2144 re,
2570 2078 2636 2133 de
2667 2094 2773 2148 qua
2824 2096 3069 2151 praesens
3127 2092 3389 2140 tractatus
3441 2086 3699 2149 habetur,
3724 2102 3830 2157 qua

2232 2178 2420 2240 potero
2448 2170 2717 2228 brevitate
2746 2189 2813 2227 cx
2844 2175 3025 2243 dictis,
3050 2176 3311 2245 majorem
3355 2179 3563 2234 curabo
3604 2182 3832 2235 demon-

2228 2272 2424 2317 strare.
2462 2265 2631 2335 lgitur
2662 2266 2972 2324 Amalarius
2996 2271 3304 2325 divinorum
3331 2270 3636 2329 ciliciorum
3680 2275 3827 2329 inda-

2232 2364 2388 2424 gator
2416 2357 2839 2427 solertissimus,
2867 2360 3020 2430 cujus
3062 2362 3210 2417 dicta
3246 2363 3649 2419 catholicorum
3681 2365 3827 2422 viro-

2233 2465 2354 2502 rum
2378 2452 2665 2507 sentcntiis
2693 2452 2900 2523 fulgent
2925 2454 3154 2522 munita,
3178 2471 3302 2510 cum
3329 2457 3396 2511 de
3422 2457 3616 2512 iisdem
3639 2456 3826 2528 dispu-

2234 2547 2373 2594 taret
2399 2540 2640 2609 jcjuuiis,
2668 2544 2748 2598 sic
2792 2545 2937 2599 inter
2974 2545 3080 2601 alia
3128 2546 3498 2603 dicitzPrimi
3541 2548 3826 2619 apostolici

2232 2648 2446 2702 semper
2470 2635 2524 2686 in
2550 2635 2835 2690 Decembri
2867 2651 3074 2704 mense,
3128 2638 3183 2693 in
3239 2654 3347 2710 quo
3403 2638 3681 2696 Nativitas
3725 2640 3828 2696 Do-

2233 2728 2366 2780 mini
2406 2729 2579 2781 nostri
2608 2727 2734 2783 Jesu
2765 2728 2967 2786 Christi
3016 2733 3357 2802 celebratur,
3384 2736 3829 2791 consecrationes

2232 2822 2644 2888 ministrabant,
2669 2839 2841 2896 usque
2865 2826 2931 2880 ad
2963 2827 3326 2896 Simplicium,
3355 2830 3447 2898 qui
3471 2829 3575 2883 fuit
3606 2846 3639 2883 a
3667 2830 3829 2886 beato

2232 2915 2397 2970 Petro
2421 2918 2875 2987 quadragesimus
2902 2934 3099 2975 nonus.
3143 2920 3263 2992 ipse
3292 2923 3506 2992 primus
3534 2937 3826 2978 consecra-

2230 3008 2309 3061 vit
2335 3007 2390 3061 in
2423 3009 2819 3075 Februariu,ni
2849 3010 3024 3077 fallor,
3058 3012 3261 3067 nullam
3285 3014 3352 3068 ob
3385 3012 3550 3068 aliam
3576 3029 3823 3081 causam,

2231 3100 2335 3155 nisi
2403 3102 2703 3158 intimando
2752 3103 3159 3175 conjungendos
3209 3108 3570 3179 propinquius
3621 3108 3824 3163 Christi

2231 3194 2470 3262 corpori,
2493 3197 2585 3264 qui
2634 3212 2730 3265 per
2779 3211 2995 3252 sacrum
3050 3201 3368 3270 mysterium
3423 3200 3820 3272 provehuntur.

523 3281 763 3352 junium,
809 3286 955 3356 quod
1004 3296 1204 3357 quarta
1237 3287 1377 3345 feria
1414 3289 1696 3360 incipitur,
1726 3288 1968 3347 Sabbato
1998 3290 2119 3345 lini-
2146 3278 2193 3342 C
2227 3286 2379 3352 Quod
2409 3287 2558 3342 nullo
2587 3289 2746 3345 modo
2768 3291 2939 3346 satius
2964 3291 3081 3347 ﬁeri
3104 3301 3315 3363 potest,
3345 3308 3510 3363 quam
3535 3294 3581 3348 si
3606 3306 3822 3362 pereas

528 3386 648 3445 tur;
680 3393 1030 3452 nequaquam
1057 3381 1383 3452 Februario,
1412 3385 1511 3440 sed
1538 3394 1711 3441 totum
1742 3384 1937 3441 Martio
1961 3385 2121 3456 depu-

524 3477 693 3539 tatur,
715 3486 799 3543 ea
845 3473 1098 3531 videlicet
1142 3476 1355 3533 ratione
1386 3486 1448 3534 ut
1477 3478 1534 3534 in
1564 3494 1629 3534 eo
1660 3494 1849 3535 mense
1873 3481 2117 3551 primum

515 3565 784 3640 jejunium
844 3581 1096 3629 nostrum
1155 3572 1389 3631 Domino
1446 3585 1825 3643 consecretur,
1894 3578 1949 3632 in
2008 3594 2117 3647 quo

518 3662 850 3735 principium
870 3666 1004 3723 anni
1041 3682 1107 3723 ac
1144 3668 1263 3739 ipsa
1294 3669 1501 3725 creatio
1531 3670 1720 3725 mundi
1750 3670 1934 3741 coepit.
1964 3670 2118 3726 Unde

519 3756 624 3812 iste
666 3759 937 3816 terminus
966 3760 1199 3817 ﬁrmiter
1218 3769 1305 3819 est
1333 3763 1740 3831 observandus,
1771 3776 1831 3819 ut
1859 3779 1961 3820 nec
1989 3772 2117 3820 ante

517 3865 572 3906 tv
600 3849 785 3910 Nonas
816 3852 1023 3922 Martii,
1051 3870 1154 3912 nec
1184 3866 1310 3928 post
1348 3873 1404 3912 vi
1445 3856 1570 3914 ldus
1617 3857 1860 3927 ejusdem
1912 3860 2116 3915 mensis

516 3943 717 4017 aliquis
748 3954 959 4004 statuat
974 3947 1368 4022 jejunandum,
1395 3951 1492 4008 sed
1530 3951 1585 4007 in
1627 3952 1714 4009 his
1750 3962 1959 4025 septem
2000 3954 2117 4010 die-

516 4038 621 4096 bus
691 4039 1003 4114 ubicunque
1059 4045 1298 4116 primum
1361 4044 1608 4101 evenerit
1655 4044 1906 4116 jejunare
1969 4046 2117 4102 licite

512 4129 738 4188 valebit.
790 4132 873 4189 Ex
919 4149 1030 4206 quo
1087 4136 1239 4192 velut
1295 4136 1652 4194 intellectuali
1720 4140 1955 4208 quodam
2023 4139 2115 4195 ﬁlo

514 4223 841 4282 rectissima:
867 4227 1068 4295 regulae
1104 4228 1274 4297 linea,
1304 4245 1405 4301 per
1447 4232 1861 4302 quatuordecim
1908 4232 2113 4288 hebdo-

512 4317 703 4373 madas
744 4333 916 4391 usque
960 4322 1018 4377 in
1047 4324 1344 4381 secundum
1370 4322 1518 4381 Junii
1548 4326 1750 4381 mensis
1786 4326 2108 4393 Sabbatunt,

513 4405 757 4478 itemque
784 4410 913 4469 inde
951 4428 1052 4483 per
1099 4415 1233 4473 alias
1275 4418 1715 4488 quatuordecim,
1769 4421 1839 4476 ad
1889 4421 2109 4476 tertium

516 4497 854 4569 Septembris
879 4502 1182 4562 Sabbatum
1216 4525 1232 4562 :
1260 4509 1391 4565 item
1418 4511 1534 4567 sive
1553 4528 1652 4582 per
1687 4513 1968 4581 tredecim,
1992 4513 2111 4571 sive

510 4605 613 4662 per
639 4596 1075 4666 quatuordecim,
1108 4600 1173 4653 ad
1208 4598 1343 4656 illud
1372 4602 1684 4672 proximum
1723 4614 1853 4661 ante
1896 4603 2107 4661 Nativi-

2223 3379 2587 3448 patriarchas,
2609 3397 2674 3437 ex
2699 3382 2896 3453 quibus
2926 3384 3178 3440 Christus
3218 3396 3381 3441 natus
3422 3396 3526 3451 est,
3548 3401 3819 3458 generen-

2226 3478 2331 3524 tur.
2363 3470 2516 3536 Quod
2540 3474 2871 3544 impossibile
2893 3486 2978 3532 est
3003 3477 3302 3533 secundum
3331 3459 3558 3534 carneni
3572 3518 3590 3545 ,
3618 3493 3815 3534 secun-

2224 3563 2353 3618 dum
2386 3564 2637 3634 spiritum
2665 3567 2885 3639 dignum
2937 3581 2991 3625 et
3042 3569 3242 3637 habile,
3298 3571 3401 3625 hoc
3453 3580 3555 3635 est,
3614 3579 3673 3623 ut
3721 3584 3821 3642 per

2222 3658 2704 3729 interpretationes
2747 3664 3027 3717 nominum
3055 3662 3489 3734 patriarcharum
3519 3672 3817 3719 nascantur

2221 3761 2427 3818 mente,
2451 3754 2542 3823 qui
2577 3754 2905 3826 genealogiae
2943 3755 3147 3811 Christi
3194 3755 3445 3811 videntur
3488 3754 3817 3811 familiarius

2220 3845 2475 3901 adscisci.
2522 3844 2591 3900 Et
2640 3848 2768 3917 quia
2825 3849 3185 3917 incongruum
3214 3858 3318 3915 est,
3350 3849 3491 3903 sicut
3521 3848 3816 3918 unicuique

2218 3939 2556 4010 generationi
2584 3938 2874 4011 singularis
2901 3940 3239 3997 hebdomada
3261 3941 3571 4011 deputatur,
3603 3941 3681 3995 ita
3716 3955 3816 4011 per

2216 4048 2660 4104 unamquamque
2703 4033 3099 4090 hebdomadam
3146 4035 3619 4090 consecrationem
3669 4034 3814 4089 cele-

2216 4125 2407 4191 brari,
2444 4139 2610 4179 causa
2642 4126 2965 4196 congruenti
2998 4141 3099 4197 per
3135 4126 3343 4199 singula
3396 4137 3665 4199 tempora,
3692 4141 3814 4197 qua:

2216 4217 2508 4273 convenire
2526 4227 2755 4289 possunt
2774 4219 3068 4274 virtutibus
3087 4229 3143 4275 et
3165 4220 3707 4291 interpretationibus
3725 4234 3814 4289 pr

2219 4310 2583 4364 triarcharum
2603 4351 2617 4377 ,
2642 4311 2736 4380 qui
2763 4311 2816 4364 in
2839 4311 3084 4366 articulis
3103 4311 3432 4384 genealogia:
3454 4311 3622 4381 positi
3648 4320 3806 4379 sunt,

2214 4405 2558 4461 consecratio
2582 4405 2892 4460 celebratur
2918 4405 3241 4476 spiritualis.
3289 4404 3395 4460 Per
3422 4414 3535 4460 tres
3574 4413 3809 4459 tessera-
3860 4413 3877 4435 '

2214 4496 2448 4551 decades
2508 4496 2789 4562 annuales,
2848 4496 2988 4550 ﬁunt
3038 4496 3393 4552 hebdomadas
3444 4497 3806 4566 quadraginta

2214 4596 2351 4648 dua}.
2383 4593 2485 4647 Tot
2511 4593 2892 4664 generationes
2926 4592 3225 4648 secundum
3253 4589 3574 4647 Matthmum
3598 4588 3805 4646 Christi

510 4656 682 4749 iam“;
704 4688 922 4747 Domini
948 4656 1281 4760 Sab'batum,
1311 4656 1845 4767 ut‘absquégnoore
1888 4714 2105 4755 eorum.
2134 4656 2185 4717 D
2212 4695 2341 4741 sunt
2370 4701 2493 4740 Clllll
2521 4686 2659 4754 ipso,
2708 4694 2787 4741 ιοι
2814 4684 2963 4739 enim
2990 4684 3344 4740 hebdomadas
3369 4682 3745 4749 inveniuntur,
3766 4696 3803 4736 ³

510 4784 635 4841 dem
665 4782 1029 4843 Sabbatorum
1064 4787 1284 4844 termini
1306 4790 1522 4860 possint
1557 4790 1812 4846 inveniri.
1862 4792 1943 4848 Ad
1998 4793 2105 4849 hoc

510 4881 998 4938 demonstrandum
1053 4883 1458 4940 constituantur
1502 4884 1654 4941 ferite
1715 4896 1924 4956 septem
1978 4902 2104 4943 cum

506 4970 701 5028 diebus
733 4974 959 5031 totidem
982 4976 1188 5033 mensis
1205 4976 1479 5045 Martii,id
1504 4988 1610 5047 est,
1638 4994 1670 5035 a
1697 4987 1893 5051 quarta
1919 4978 2103 5037 Nona-

440 5134 445 5137 _
508 5078 629 5117 rum
654 5079 828 5136 usque
849 5067 906 5123 in
935 5072 1225 5141 septimam
1250 5071 1398 5139 ldus,
1414 5088 1513 5145 per
1529 5088 1666 5144 quos
1689 5074 1852 5146 primi
1873 5072 2101 5130 Sabbati

507 5157 726 5212 termini
771 5158 951 5217 solent
993 5164 1220 5234 variari,
1259 5173 1317 5222 et
1357 5166 1445 5223 his
1485 5167 1749 5239 inspectis
1773 5182 1865 5223 res
1894 5167 2012 5239 ipsa
2040 5182 2103 5224 se

507 5248 665 5303 nobis
694 5250 927 5320 aperiat.
971 5252 1043 5312 Ut
1069 5258 1218 5312 enim
1245 5258 1315 5314 ab
1342 5258 1534 5316 ultimo
1576 5260 1925 5332 incipiamus,
1954 5261 2101 5317 Mar-

2209 4782 2388 4853 primo
2410 4781 2648 4837 Sabbato
2670 4782 2832 4853 primi
2854 4782 3058 4838 mensis
3077 4796 3250 4853 usque
3274 4780 3345 4836 ad
3375 4792 3637 4855 quartum
3664 4780 3801 4836 Sal»

2209 4877 2399 4929 batum
2430 4874 2626 4930 decimi
2650 4874 2877 4930 mensis.
2901 4874 3259 4930 Consecratio
3281 4873 3461 4944 prima
3496 4872 3804 4927 celebratur

2205 4966 2388 5036 primo
2438 4965 2676 5019 Sabbato
2726 4966 2891 5036 primi
2940 4966 3164 5035 mensis,
3193 4979 3318 5036 quae
3368 4965 3527 5035 quasi
3577 4964 3633 5018 in
3683 4962 3802 5018 loco

2206 5060 2439 5117 Abrahae
2468 5069 2696 5133 generat
2738 5062 3037 5117 Christum.
3089 5060 3366 5115 Abraham
3412 5061 3801 5131 interpretatur

2210 5166 2360 5225 pater
2388 5155 2680 5210 multarum
2702 5156 2957 5228 gentium,
2988 5155 3078 5211 cui
3109 5154 3314 5212 dictum
3343 5162 3431 5210 est
3452 5170 3471 5209 :
3510 5151 3584 5208 In
3604 5152 3800 5207 semine

2210 5259 2300 5302 tuo
2334 5249 2703 5302 benedicentur
2729 5265 2906 5304 autne:
2944 5260 3120 5322 gemes
3162 5245 3319 5321 (Gen.
3359 5247 3525 5320 mi).
3577 5247 3636 5302 Si
3674 5246 3799 5316 quis
