  <div class='ocr_page' id='page_1' title='image "/cluster/home/n/w/nwhite01/storage/ocr_20150623/142/hvd.32044015471808/544.png"; bbox 0 0 4072 5350; ppageno 0'>
   <div class='ocr_carea' id='block_1_1' title="bbox 284 186 421 244">
    <p class='ocr_par' dir='ltr' id='par_1_1' title="bbox 284 186 421 244">
     <span class='ocr_line' id='line_1_1' title="bbox 284 186 421 244; baseline -0.007 -1"><span class='ocrx_word' id='word_1_1' title='bbox 284 186 421 244; x_wconf 81' lang='grc'>1077</span> 
     </span>
    </p>
   </div>
   <div class='ocr_carea' id='block_1_2' title="bbox 282 391 1864 470">
    <p class='ocr_par' dir='ltr' id='par_1_2' title="bbox 282 391 1864 470">
     <span class='ocr_line' id='line_1_2' title="bbox 282 391 1864 470; baseline 0.009 -24"><span class='ocrx_word' id='word_1_2' title='bbox 282 393 544 448; x_wconf 83' lang='lat' dir='ltr'><strong>liliorum.</strong></span> <span class='ocrx_word' id='word_1_3' title='bbox 579 391 831 449; x_wconf 84' lang='lat' dir='ltr'><strong>Secunda</strong></span> <span class='ocrx_word' id='word_1_4' title='bbox 853 396 1194 453; x_wconf 82' lang='lat' dir='ltr'><strong>consecratio</strong></span> <span class='ocrx_word' id='word_1_5' title='bbox 1222 408 1308 454; x_wconf 90' lang='lat' dir='ltr'><strong>est</strong></span> <span class='ocrx_word' id='word_1_6' title='bbox 1332 399 1387 455; x_wconf 93' lang='lat' dir='ltr'><strong>in</strong></span> <span class='ocrx_word' id='word_1_7' title='bbox 1417 410 1613 470; x_wconf 86' lang='lat' dir='ltr'><strong>quarto</strong></span> <span class='ocrx_word' id='word_1_8' title='bbox 1658 418 1864 470; x_wconf 85' lang='lat' dir='ltr'><strong>mense,</strong></span> 
     </span>
    </p>
   </div>
   <div class='ocr_carea' id='block_1_3' title="bbox 290 486 1870 569">
    <p class='ocr_par' dir='ltr' id='par_1_3' title="bbox 290 486 1870 569">
     <span class='ocr_line' id='line_1_3' title="bbox 290 486 1870 569; baseline 0.006 -25"><span class='ocrx_word' id='word_1_9' title='bbox 290 488 532 544; x_wconf 85' lang='lat' dir='ltr'><strong>secundo</strong></span> <span class='ocrx_word' id='word_1_10' title='bbox 557 486 818 555; x_wconf 80' lang='lat' dir='ltr'><strong>Sabbato.</strong></span> <span class='ocrx_word' id='word_1_11' title='bbox 841 490 985 560; x_wconf 92' lang='lat' dir='ltr'><strong>quod</strong></span> <span class='ocrx_word' id='word_1_12' title='bbox 1004 502 1093 546; x_wconf 80' lang='lat' dir='ltr'><strong>est</strong></span> <span class='ocrx_word' id='word_1_13' title='bbox 1138 492 1353 549; x_wconf 90' lang='lat' dir='ltr'><strong>initium</strong></span> <span class='ocrx_word' id='word_1_14' title='bbox 1384 496 1606 553; x_wconf 78' lang='lat' dir='ltr'><strong>secundi</strong></span> <span class='ocrx_word' id='word_1_15' title='bbox 1638 498 1870 569; x_wconf 63' lang='grc' dir='ltr'><strong>ωιτηοςί</strong></span> 
     </span>
    </p>
   </div>
   <div class='ocr_carea' id='block_1_4' title="bbox 283 577 1871 657">
    <p class='ocr_par' dir='ltr' id='par_1_4' title="bbox 283 577 1871 657">
     <span class='ocr_line' id='line_1_4' title="bbox 283 577 1871 657; baseline 0.008 -24"><span class='ocrx_word' id='word_1_16' title='bbox 283 577 696 647; x_wconf 87' lang='lat' dir='ltr'><strong>quatuordecim</strong></span> <span class='ocrx_word' id='word_1_17' title='bbox 759 578 1240 638; x_wconf 82' lang='lat' dir='ltr'><strong>hebdomadarum.</strong></span> <span class='ocrx_word' id='word_1_18' title='bbox 1296 583 1421 641; x_wconf 68' lang='lat' dir='ltr'><strong>Hac</strong></span> <span class='ocrx_word' id='word_1_19' title='bbox 1474 590 1761 657; x_wconf 71' lang='lat' dir='ltr'><strong>deputatur</strong></span> <span class='ocrx_word' id='word_1_20' title='bbox 1814 590 1871 645; x_wconf 89' lang='lat' dir='ltr'><strong>in</strong></span> 
     </span>
    </p>
   </div>
   <div class='ocr_carea' id='block_1_5' title="bbox 286 668 1870 751">
    <p class='ocr_par' dir='ltr' id='par_1_5' title="bbox 286 668 1870 751">
     <span class='ocr_line' id='line_1_5' title="bbox 286 668 1870 751; baseline 0.006 -25"><span class='ocrx_word' id='word_1_21' title='bbox 286 671 408 726; x_wconf 87' lang='lat' dir='ltr'><strong>loco</strong></span> <span class='ocrx_word' id='word_1_22' title='bbox 446 668 676 726; x_wconf 76' lang='lat' dir='ltr'><strong>ﬁliorum</strong></span> <span class='ocrx_word' id='word_1_23' title='bbox 726 671 918 729; x_wconf 82' lang='lat' dir='ltr'><strong>David.</strong></span> <span class='ocrx_word' id='word_1_24' title='bbox 940 672 1111 730; x_wconf 89' lang='lat' dir='ltr'><strong>David</strong></span> <span class='ocrx_word' id='word_1_25' title='bbox 1143 675 1534 747; x_wconf 82' lang='lat' dir='ltr'><strong>interpretatur</strong></span> <span class='ocrx_word' id='word_1_26' title='bbox 1565 698 1724 735; x_wconf 74' lang='lat' dir='ltr'><strong>manu</strong></span> <span class='ocrx_word' id='word_1_27' title='bbox 1754 682 1870 751; x_wconf 76' lang='lat' dir='ltr'><strong>for-</strong></span> 
     </span>
    </p>
   </div>
   <div class='ocr_carea' id='block_1_6' title="bbox 286 762 1873 844">
    <p class='ocr_par' dir='ltr' id='par_1_6' title="bbox 286 762 1873 844">
     <span class='ocr_line' id='line_1_6' title="bbox 286 762 1873 844; baseline 0.009 -28"><span class='ocrx_word' id='word_1_28' title='bbox 286 762 379 828; x_wconf 90' lang='lat' dir='ltr'><strong>tis,</strong></span> <span class='ocrx_word' id='word_1_29' title='bbox 402 762 517 832; x_wconf 87' lang='lat' dir='ltr'><strong>ipse</strong></span> <span class='ocrx_word' id='word_1_30' title='bbox 544 764 842 834; x_wconf 89' lang='lat' dir='ltr'><strong>prostravit</strong></span> <span class='ocrx_word' id='word_1_31' title='bbox 861 764 1102 835; x_wconf 83' lang='lat' dir='ltr'><strong>Goliath,</strong></span> <span class='ocrx_word' id='word_1_32' title='bbox 1134 768 1187 824; x_wconf 89' lang='lat' dir='ltr'><strong>id</strong></span> <span class='ocrx_word' id='word_1_33' title='bbox 1218 778 1332 835; x_wconf 82' lang='lat' dir='ltr'><strong>est,</strong></span> <span class='ocrx_word' id='word_1_34' title='bbox 1364 772 1642 829; x_wconf 78' lang='lat' dir='ltr'><strong>humilitas</strong></span> <span class='ocrx_word' id='word_1_35' title='bbox 1683 789 1873 844; x_wconf 82' lang='lat' dir='ltr'><strong>supcr-</strong></span> 
     </span>
    </p>
   </div>
   <div class='ocr_carea' id='block_1_7' title="bbox 289 855 1873 933">
    <p class='ocr_par' dir='ltr' id='par_1_7' title="bbox 289 855 1873 933">
     <span class='ocr_line' id='line_1_7' title="bbox 289 855 1873 933; baseline 0.008 -24"><span class='ocrx_word' id='word_1_36' title='bbox 289 856 461 911; x_wconf 89' lang='lat' dir='ltr'><strong>biam.</strong></span> <span class='ocrx_word' id='word_1_37' title='bbox 488 855 590 925; x_wconf 86' lang='lat' dir='ltr'><strong>Qui</strong></span> <span class='ocrx_word' id='word_1_38' title='bbox 620 870 1033 926; x_wconf 66' lang='lat' dir='ltr'><strong>consecuntur,</strong></span> <span class='ocrx_word' id='word_1_39' title='bbox 1059 871 1345 933; x_wconf 75' lang='lat' dir='ltr'><strong>propterea</strong></span> <span class='ocrx_word' id='word_1_40' title='bbox 1388 875 1782 921; x_wconf 86' lang='lat' dir='ltr'><strong>consecrantur</strong></span> <span class='ocrx_word' id='word_1_41' title='bbox 1811 876 1873 922; x_wconf 90' lang='lat' dir='ltr'><strong>ut</strong></span> 
     </span>
    </p>
   </div>
   <div class='ocr_carea' id='block_1_8' title="bbox 289 947 1867 1028">
    <p class='ocr_par' dir='ltr' id='par_1_8' title="bbox 289 947 1867 1028">
     <span class='ocr_line' id='line_1_8' title="bbox 289 947 1867 1028; baseline 0.007 -25"><span class='ocrx_word' id='word_1_42' title='bbox 289 947 461 1028; x_wconf 82' lang='lat' dir='ltr'><strong>lortes</strong></span> <span class='ocrx_word' id='word_1_43' title='bbox 485 950 595 1005; x_wconf 90' lang='lat' dir='ltr'><strong>sint</strong></span> <span class='ocrx_word' id='word_1_44' title='bbox 620 959 677 1005; x_wconf 88' lang='lat' dir='ltr'><strong>et</strong></span> <span class='ocrx_word' id='word_1_45' title='bbox 713 964 811 1021; x_wconf 86' lang='lat' dir='ltr'><strong>per</strong></span> <span class='ocrx_word' id='word_1_46' title='bbox 836 952 1202 1011; x_wconf 76' lang='lat' dir='ltr'><strong>humilitatem</strong></span> <span class='ocrx_word' id='word_1_47' title='bbox 1242 956 1503 1027; x_wconf 88' lang='lat' dir='ltr'><strong>dejiciant</strong></span> <span class='ocrx_word' id='word_1_48' title='bbox 1539 960 1867 1028; x_wconf 81' lang='lat' dir='ltr'><strong>superbiam.</strong></span> 
     </span>
    </p>
   </div>
   <div class='ocr_carea' id='block_1_9' title="bbox 276 1018 1876 1117">
    <p class='ocr_par' dir='ltr' id='par_1_9' title="bbox 276 1018 1876 1117">
     <span class='ocr_line' id='line_1_9' title="bbox 276 1018 1876 1117; baseline 0.009 -24"><span class='ocrx_word' id='word_1_49' title='bbox 276 1018 407 1110; x_wconf 53' lang='lat' dir='ltr'><strong>ipsa</strong></span> <span class='ocrx_word' id='word_1_50' title='bbox 436 1018 745 1097; x_wconf 75' lang='lat' dir='ltr'><strong>celebratur</strong></span> <span class='ocrx_word' id='word_1_51' title='bbox 766 1043 819 1098; x_wconf 93' lang='lat' dir='ltr'><strong>in</strong></span> <span class='ocrx_word' id='word_1_52' title='bbox 846 1042 1009 1100; x_wconf 86' lang='lat' dir='ltr'><strong>Junio</strong></span> <span class='ocrx_word' id='word_1_53' title='bbox 1048 1061 1256 1112; x_wconf 83' lang='lat' dir='ltr'><strong>mense,</strong></span> <span class='ocrx_word' id='word_1_54' title='bbox 1285 1018 1503 1117; x_wconf 72' lang='lat' dir='ltr'><strong>quando</strong></span> <span class='ocrx_word' id='word_1_55' title='bbox 1538 1018 1721 1106; x_wconf 69' lang='lat' dir='ltr'><strong>fervor</strong></span> <span class='ocrx_word' id='word_1_56' title='bbox 1758 1068 1876 1107; x_wconf 87' lang='lat' dir='ltr'><strong>ma-</strong></span> 
     </span>
    </p>
   </div>
   <div class='ocr_carea' id='block_1_10' title="bbox 286 1132 1875 1206">
    <p class='ocr_par' dir='ltr' id='par_1_10' title="bbox 286 1132 1875 1206">
     <span class='ocr_line' id='line_1_10' title="bbox 286 1132 1875 1206; baseline 0.009 -21"><span class='ocrx_word' id='word_1_57' title='bbox 286 1147 426 1202; x_wconf 86' lang='lat' dir='ltr'><strong>gnus</strong></span> <span class='ocrx_word' id='word_1_58' title='bbox 454 1132 584 1188; x_wconf 89' lang='lat' dir='ltr'><strong>solis</strong></span> <span class='ocrx_word' id='word_1_59' title='bbox 625 1143 710 1189; x_wconf 88' lang='lat' dir='ltr'><strong>est</strong></span> <span class='ocrx_word' id='word_1_60' title='bbox 737 1149 901 1206; x_wconf 87' lang='lat' dir='ltr'><strong>super</strong></span> <span class='ocrx_word' id='word_1_61' title='bbox 948 1144 1172 1193; x_wconf 89' lang='lat' dir='ltr'><strong>terram.</strong></span> <span class='ocrx_word' id='word_1_62' title='bbox 1229 1137 1494 1196; x_wconf 84' lang='lat' dir='ltr'><strong>Omnibus</strong></span> <span class='ocrx_word' id='word_1_63' title='bbox 1544 1150 1734 1196; x_wconf 90' lang='lat' dir='ltr'><strong>notum</strong></span> <span class='ocrx_word' id='word_1_64' title='bbox 1791 1152 1875 1199; x_wconf 87' lang='lat' dir='ltr'><strong>est</strong></span> 
     </span>
    </p>
   </div>
   <div class='ocr_carea' id='block_1_11' title="bbox 288 1221 1878 1303">
    <p class='ocr_par' dir='ltr' id='par_1_11' title="bbox 288 1221 1878 1303">
     <span class='ocr_line' id='line_1_11' title="bbox 288 1221 1878 1303; baseline 0.008 -26"><span class='ocrx_word' id='word_1_65' title='bbox 288 1221 459 1279; x_wconf 80' lang='lat' dir='ltr'><strong>David</strong></span> <span class='ocrx_word' id='word_1_66' title='bbox 484 1223 799 1282; x_wconf 87' lang='lat' dir='ltr'><strong>bellicosum</strong></span> <span class='ocrx_word' id='word_1_67' title='bbox 830 1226 1017 1285; x_wconf 80' lang='lat' dir='ltr'><strong>fuisse.</strong></span> <span class='ocrx_word' id='word_1_68' title='bbox 1046 1228 1309 1300; x_wconf 51' lang='lat' dir='ltr'><strong>,Tempus</strong></span> <span class='ocrx_word' id='word_1_69' title='bbox 1359 1230 1507 1287; x_wconf 72' lang='lat' dir='ltr'><strong>Junii</strong></span> <span class='ocrx_word' id='word_1_70' title='bbox 1555 1243 1739 1303; x_wconf 88' lang='lat' dir='ltr'><strong>aptum</strong></span> <span class='ocrx_word' id='word_1_71' title='bbox 1793 1245 1878 1290; x_wconf 89' lang='lat' dir='ltr'><strong>est</strong></span> 
     </span>
    </p>
   </div>
   <div class='ocr_carea' id='block_1_12' title="bbox 286 1312 1879 1393">
    <p class='ocr_par' dir='ltr' id='par_1_12' title="bbox 286 1312 1879 1393">
     <span class='ocr_line' id='line_1_12' title="bbox 286 1312 1879 1393; baseline 0.008 -25"><span class='ocrx_word' id='word_1_72' title='bbox 286 1313 467 1368; x_wconf 85' lang='lat' dir='ltr'><strong>bellis.</strong></span> <span class='ocrx_word' id='word_1_73' title='bbox 498 1312 683 1371; x_wconf 89' lang='lat' dir='ltr'><strong>Tertia</strong></span> <span class='ocrx_word' id='word_1_74' title='bbox 710 1319 1054 1375; x_wconf 83' lang='lat' dir='ltr'><strong>consecratio</strong></span> <span class='ocrx_word' id='word_1_75' title='bbox 1083 1319 1393 1376; x_wconf 86' lang='lat' dir='ltr'><strong>celebratur</strong></span> <span class='ocrx_word' id='word_1_76' title='bbox 1435 1323 1487 1377; x_wconf 91' lang='lat' dir='ltr'><strong>in</strong></span> <span class='ocrx_word' id='word_1_77' title='bbox 1534 1323 1879 1393; x_wconf 88' lang='lat' dir='ltr'><strong>Septembrio</strong></span> 
     </span>
    </p>
   </div>
   <div class='ocr_carea' id='block_1_13' title="bbox 289 1401 1880 1484">
    <p class='ocr_par' dir='ltr' id='par_1_13' title="bbox 289 1401 1880 1484">
     <span class='ocr_line' id='line_1_13' title="bbox 289 1401 1880 1484; baseline 0.006 -25"><span class='ocrx_word' id='word_1_78' title='bbox 289 1404 450 1460; x_wconf 85' lang='lat' dir='ltr'><strong>tertio</strong></span> <span class='ocrx_word' id='word_1_79' title='bbox 478 1401 737 1471; x_wconf 84' lang='lat' dir='ltr'><strong>Sabbato,</strong></span> <span class='ocrx_word' id='word_1_80' title='bbox 763 1407 909 1477; x_wconf 88' lang='lat' dir='ltr'><strong>quod</strong></span> <span class='ocrx_word' id='word_1_81' title='bbox 942 1417 1028 1463; x_wconf 91' lang='lat' dir='ltr'><strong>est</strong></span> <span class='ocrx_word' id='word_1_82' title='bbox 1054 1408 1268 1465; x_wconf 90' lang='lat' dir='ltr'><strong>initium</strong></span> <span class='ocrx_word' id='word_1_83' title='bbox 1298 1412 1442 1466; x_wconf 89' lang='lat' dir='ltr'><strong>tertii</strong></span> <span class='ocrx_word' id='word_1_84' title='bbox 1467 1412 1721 1484; x_wconf 86' lang='lat' dir='ltr'><strong>catalogi.</strong></span> <span class='ocrx_word' id='word_1_85' title='bbox 1754 1412 1880 1469; x_wconf 63' lang='lat' dir='ltr'><strong>Haec</strong></span> 
     </span>
    </p>
   </div>
   <div class='ocr_carea' id='block_1_14' title="bbox 288 1497 1878 1578">
    <p class='ocr_par' dir='ltr' id='par_1_14' title="bbox 288 1497 1878 1578">
     <span class='ocr_line' id='line_1_14' title="bbox 288 1497 1878 1578; baseline 0.008 -27"><span class='ocrx_word' id='word_1_86' title='bbox 288 1497 581 1566; x_wconf 84' lang='lat' dir='ltr'><strong>deputatur</strong></span> <span class='ocrx_word' id='word_1_87' title='bbox 604 1499 938 1568; x_wconf 89' lang='lat' dir='ltr'><strong>generationi</strong></span> <span class='ocrx_word' id='word_1_88' title='bbox 967 1498 1261 1557; x_wconf 71' lang='lat' dir='ltr'><strong>Jcchoniaz.</strong></span> <span class='ocrx_word' id='word_1_89' title='bbox 1289 1502 1580 1561; x_wconf 87' lang='lat' dir='ltr'><strong>Jechonias</strong></span> <span class='ocrx_word' id='word_1_90' title='bbox 1608 1506 1878 1578; x_wconf 90' lang='lat' dir='ltr'><strong>interpre-</strong></span> 
     </span>
    </p>
   </div>
   <div class='ocr_carea' id='block_1_15' title="bbox 290 1590 1878 1666">
    <p class='ocr_par' dir='ltr' id='par_1_15' title="bbox 290 1590 1878 1666">
     <span class='ocr_line' id='line_1_15' title="bbox 290 1590 1878 1666; baseline 0.008 -23"><span class='ocrx_word' id='word_1_91' title='bbox 290 1596 440 1644; x_wconf 81' lang='lat' dir='ltr'><strong>tatur</strong></span> <span class='ocrx_word' id='word_1_92' title='bbox 467 1592 783 1661; x_wconf 77' lang='lat' dir='ltr'><strong>prazparatio</strong></span> <span class='ocrx_word' id='word_1_93' title='bbox 811 1590 1046 1648; x_wconf 81' lang='lat' dir='ltr'><strong>Domini.</strong></span> <span class='ocrx_word' id='word_1_94' title='bbox 1076 1594 1324 1666; x_wconf 87' lang='lat' dir='ltr'><strong>Nullique</strong></span> <span class='ocrx_word' id='word_1_95' title='bbox 1351 1597 1596 1664; x_wconf 84' lang='lat' dir='ltr'><strong>dubium,</strong></span> <span class='ocrx_word' id='word_1_96' title='bbox 1614 1598 1657 1654; x_wconf 87' lang='lat' dir='ltr'><strong>si</strong></span> <span class='ocrx_word' id='word_1_97' title='bbox 1687 1615 1878 1656; x_wconf 87' lang='lat' dir='ltr'><strong>omnes</strong></span> 
     </span>
    </p>
   </div>
   <div class='ocr_carea' id='block_1_16' title="bbox 1579 196 2267 257">
    <p class='ocr_par' dir='ltr' id='par_1_16' title="bbox 1579 196 2267 257">
     <span class='ocr_line' id='line_1_16' title="bbox 1579 196 2267 257; baseline 0.001 -3"><span class='ocrx_word' id='word_1_98' title='bbox 1579 196 1672 254; x_wconf 84' lang='lat' dir='ltr'><strong>DE</strong></span> <span class='ocrx_word' id='word_1_99' title='bbox 1711 197 1980 255; x_wconf 59' lang='lat' dir='ltr'><strong>OFFHEO</strong></span> <span class='ocrx_word' id='word_1_100' title='bbox 2016 197 2267 257; x_wconf 66' lang='lat' dir='ltr'><strong>MISSE.</strong></span> 
     </span>
    </p>
   </div>
   <div class='ocr_carea' id='block_1_17' title="bbox 204 298 2857 393">
    <p class='ocr_par' dir='ltr' id='par_1_17' title="bbox 284 298 2857 383">
     <span class='ocr_line' id='line_1_17' title="bbox 284 298 2857 383; baseline 0.004 -28"><span class='ocrx_word' id='word_1_101' title='bbox 284 308 439 355; x_wconf 85' lang='lat' dir='ltr'><strong>ratur</strong></span> <span class='ocrx_word' id='word_1_102' title='bbox 501 298 910 367; x_wconf 64' lang='lat' dir='ltr'><strong>adolescentiae,</strong></span> <span class='ocrx_word' id='word_1_103' title='bbox 961 317 1082 372; x_wconf 66' lang='lat' dir='ltr'><strong>quia</strong></span> <span class='ocrx_word' id='word_1_104' title='bbox 1146 303 1345 363; x_wconf 85' lang='lat' dir='ltr'><strong>habilis</strong></span> <span class='ocrx_word' id='word_1_105' title='bbox 1390 309 1491 365; x_wconf 73' lang='lat' dir='ltr'><strong>est’</strong></span> <span class='ocrx_word' id='word_1_106' title='bbox 1529 311 1869 380; x_wconf 79' lang='lat' dir='ltr'><strong>generationi</strong></span> <span class='ocrx_word' id='word_1_107' title='bbox 1893 317 1943 375; x_wconf 78' lang='grc' dir='ltr'><strong>Α</strong></span> <span class='ocrx_word' id='word_1_108' title='bbox 1972 320 2223 366; x_wconf 86' lang='lat' dir='ltr'><strong>cantetur</strong></span> <span class='ocrx_word' id='word_1_109' title='bbox 2242 320 2300 366; x_wconf 89' lang='lat' dir='ltr'><strong>et</strong></span> <span class='ocrx_word' id='word_1_110' title='bbox 2333 311 2540 382; x_wconf 80' lang='lat' dir='ltr'><strong>legatur</strong></span> <span class='ocrx_word' id='word_1_111' title='bbox 2561 311 2857 383; x_wconf 83' lang='lat' dir='ltr'><strong>antiphona</strong></span> 
     </span>
    </p>
   </div>
   <div class='ocr_carea' id='block_1_18' title="bbox 3420 205 3556 264">
    <p class='ocr_par' dir='ltr' id='par_1_18' title="bbox 3420 205 3556 264">
     <span class='ocr_line' id='line_1_18' title="bbox 3420 205 3556 264; baseline 0.029 -4"><span class='ocrx_word' id='word_1_112' title='bbox 3420 205 3556 264; x_wconf 81' lang='lat' dir='ltr'><strong>l078</strong></span> 
     </span>
    </p>
   </div>
   <div class='ocr_carea' id='block_1_19' title="bbox 2914 310 3558 379">
    <p class='ocr_par' dir='ltr' id='par_1_19' title="bbox 2914 310 3558 379">
     <span class='ocr_line' id='line_1_19' title="bbox 2914 310 3558 379; baseline 0.011 -13"><span class='ocrx_word' id='word_1_113' title='bbox 2914 331 2926 366; x_wconf 92' lang='lat'><strong>:</strong></span> <span class='ocrx_word' id='word_1_114' title='bbox 2988 310 3220 379; x_wconf 69' lang='lat' dir='ltr'><strong>Exaudi,</strong></span> <span class='ocrx_word' id='word_1_115' title='bbox 3266 314 3489 371; x_wconf 82' lang='lat' dir='ltr'><strong>Domine</strong></span> <span class='ocrx_word' id='word_1_116' title='bbox 3534 331 3558 372; x_wconf 91' lang='lat'><strong><em>:</em></strong></span> 
     </span>
    </p>
   </div>
   <div class='ocr_carea' id='block_1_20' title="bbox 1972 400 3559 474">
    <p class='ocr_par' dir='ltr' id='par_1_20' title="bbox 1972 400 3559 474">
     <span class='ocr_line' id='line_1_20' title="bbox 1972 400 3559 474; baseline 0.003 -19"><span class='ocrx_word' id='word_1_117' title='bbox 1972 402 2138 455; x_wconf 82' lang='lat' dir='ltr'><strong>missa</strong></span> <span class='ocrx_word' id='word_1_118' title='bbox 2188 400 2443 474; x_wconf 84' lang='lat' dir='ltr'><strong>[oratio],</strong></span> <span class='ocrx_word' id='word_1_119' title='bbox 2467 418 2647 468; x_wconf 79' lang='lat' dir='ltr'><strong>preces</strong></span> <span class='ocrx_word' id='word_1_120' title='bbox 2695 412 2900 456; x_wconf 81' lang='lat' dir='ltr'><strong>nostras</strong></span> <span class='ocrx_word' id='word_1_121' title='bbox 2947 418 3270 472; x_wconf 72' lang='lat' dir='ltr'><strong>qua&#39;sumus,</strong></span> <span class='ocrx_word' id='word_1_122' title='bbox 3316 403 3559 460; x_wconf 79' lang='lat' dir='ltr'><strong>Domine.</strong></span> 
     </span>
    </p>
   </div>
   <div class='ocr_carea' id='block_1_21' title="bbox 1972 489 3557 565">
    <p class='ocr_par' dir='ltr' id='par_1_21' title="bbox 1972 489 3557 565">
     <span class='ocr_line' id='line_1_21' title="bbox 1972 489 3557 565; baseline 0.004 -20"><span class='ocrx_word' id='word_1_123' title='bbox 1972 489 2210 562; x_wconf 78' lang='lat' dir='ltr'><strong>Require</strong></span> <span class='ocrx_word' id='word_1_124' title='bbox 2234 492 2477 561; x_wconf 88' lang='lat' dir='ltr'><strong>inprima</strong></span> <span class='ocrx_word' id='word_1_125' title='bbox 2502 493 2841 549; x_wconf 87' lang='lat' dir='ltr'><strong>hebdomada</strong></span> <span class='ocrx_word' id='word_1_126' title='bbox 2863 492 3321 565; x_wconf 72' lang='lat' dir='ltr'><strong>Quadragesimze.</strong></span> <span class='ocrx_word' id='word_1_127' title='bbox 3336 494 3522 551; x_wconf 89' lang='lat' dir='ltr'><strong>Lectio</strong></span> <span class='ocrx_word' id='word_1_128' title='bbox 3540 513 3557 551; x_wconf 84' lang='lat' dir='ltr'><strong>x</strong></span> 
     </span>
    </p>
   </div>
   <div class='ocr_carea' id='block_1_22' title="bbox 1976 583 3560 657">
    <p class='ocr_par' dir='ltr' id='par_1_22' title="bbox 1976 583 3560 657">
     <span class='ocr_line' id='line_1_22' title="bbox 1976 583 3560 657; baseline 0.002 -19"><span class='ocrx_word' id='word_1_129' title='bbox 1976 583 2120 639; x_wconf 71' lang='lat' dir='ltr'><strong>Dixit</strong></span> <span class='ocrx_word' id='word_1_130' title='bbox 2171 583 2446 640; x_wconf 85' lang='lat' dir='ltr'><strong>Salomon.</strong></span> <span class='ocrx_word' id='word_1_131' title='bbox 2494 585 2624 640; x_wconf 89' lang='lat' dir='ltr'><strong>Item</strong></span> <span class='ocrx_word' id='word_1_132' title='bbox 2679 585 2856 641; x_wconf 84' lang='lat' dir='ltr'><strong>oratio</strong></span> <span class='ocrx_word' id='word_1_133' title='bbox 2906 603 2920 639; x_wconf 91' lang='lat'><strong>:</strong></span> <span class='ocrx_word' id='word_1_134' title='bbox 2981 585 3319 640; x_wconf 81' lang='lat' dir='ltr'><strong>Devotionem</strong></span> <span class='ocrx_word' id='word_1_135' title='bbox 3356 586 3560 657; x_wconf 80' lang='lat' dir='ltr'><strong>populi.</strong></span> 
     </span>
    </p>
   </div>
   <div class='ocr_carea' id='block_1_23' title="bbox 1971 676 3566 748">
    <p class='ocr_par' dir='ltr' id='par_1_23' title="bbox 1971 676 3566 748">
     <span class='ocr_line' id='line_1_23' title="bbox 1971 676 3566 748; baseline 0 -15"><span class='ocrx_word' id='word_1_136' title='bbox 1971 676 2161 733; x_wconf 82' lang='lat' dir='ltr'><strong>Lectio</strong></span> <span class='ocrx_word' id='word_1_137' title='bbox 2186 676 2336 732; x_wconf 69' lang='lat' dir='ltr'><strong>lsaite</strong></span> <span class='ocrx_word' id='word_1_138' title='bbox 2356 677 2658 748; x_wconf 65' lang='lat' dir='ltr'><strong>prophetae:</strong></span> <span class='ocrx_word' id='word_1_139' title='bbox 2675 677 3034 744; x_wconf 80' lang='lat' dir='ltr'><strong>Audi,.lacob.</strong></span> <span class='ocrx_word' id='word_1_140' title='bbox 3049 677 3274 733; x_wconf 85' lang='lat' dir='ltr'><strong>Alleluia</strong></span> <span class='ocrx_word' id='word_1_141' title='bbox 3302 696 3314 732; x_wconf 91' lang='lat'><strong>:</strong></span> <span class='ocrx_word' id='word_1_142' title='bbox 3340 678 3566 733; x_wconf 74' lang='lat' dir='ltr'><strong>Domina</strong></span> 
     </span>
    </p>
   </div>
   <div class='ocr_carea' id='block_1_24' title="bbox 1974 767 3567 839">
    <p class='ocr_par' dir='ltr' id='par_1_24' title="bbox 1974 767 3567 839">
     <span class='ocr_line' id='line_1_24' title="bbox 1974 767 3567 839; baseline 0 -17"><span class='ocrx_word' id='word_1_143' title='bbox 1974 768 2116 823; x_wconf 77' lang='lat' dir='ltr'><strong>Deus</strong></span> <span class='ocrx_word' id='word_1_144' title='bbox 2150 767 2360 823; x_wconf 75' lang='lat' dir='ltr'><strong>salutis.</strong></span> <span class='ocrx_word' id='word_1_145' title='bbox 2402 768 2660 839; x_wconf 85' lang='lat' dir='ltr'><strong>Evangel.</strong></span> <span class='ocrx_word' id='word_1_146' title='bbox 2695 769 2988 824; x_wconf 90' lang='lat' dir='ltr'><strong>secundum</strong></span> <span class='ocrx_word' id='word_1_147' title='bbox 3019 767 3220 823; x_wconf 85' lang='lat' dir='ltr'><strong>Lucam</strong></span> <span class='ocrx_word' id='word_1_148' title='bbox 3254 783 3270 822; x_wconf 92' lang='lat'><strong>:</strong></span> <span class='ocrx_word' id='word_1_149' title='bbox 3302 768 3567 823; x_wconf 80' lang='lat' dir='ltr'><strong>Acceden-</strong></span> 
     </span>
    </p>
   </div>
   <div class='ocr_carea' id='block_1_25' title="bbox 1974 862 3562 933">
    <p class='ocr_par' dir='ltr' id='par_1_25' title="bbox 1974 862 3562 933">
     <span class='ocr_line' id='line_1_25' title="bbox 1974 862 3562 933; baseline 0 -16"><span class='ocrx_word' id='word_1_150' title='bbox 1974 873 2052 918; x_wconf 82' lang='lat' dir='ltr'><strong>tes</strong></span> <span class='ocrx_word' id='word_1_151' title='bbox 2107 862 2375 933; x_wconf 77' lang='lat' dir='ltr'><strong>discipuli.</strong></span> <span class='ocrx_word' id='word_1_152' title='bbox 2426 862 2597 918; x_wconf 69' lang='lat' dir='ltr'><strong>Olfert</strong></span> <span class='ocrx_word' id='word_1_153' title='bbox 2654 882 2666 917; x_wconf 90' lang='lat'>:</span> <span class='ocrx_word' id='word_1_154' title='bbox 2731 862 2840 917; x_wconf 81' lang='lat' dir='ltr'><strong>Viri</strong></span> <span class='ocrx_word' id='word_1_155' title='bbox 2889 862 3121 919; x_wconf 72' lang='lat' dir='ltr'><strong>Galilwi.</strong></span> <span class='ocrx_word' id='word_1_156' title='bbox 3170 864 3494 919; x_wconf 76' lang='lat' dir='ltr'><strong>Communia</strong></span> <span class='ocrx_word' id='word_1_157' title='bbox 3544 880 3562 917; x_wconf 87' lang='lat'><strong>:</strong></span> 
     </span>
    </p>
   </div>
   <div class='ocr_carea' id='block_1_26' title="bbox 1973 954 3563 1028">
    <p class='ocr_par' dir='ltr' id='par_1_26' title="bbox 1973 954 3563 1028">
     <span class='ocr_line' id='line_1_26' title="bbox 1973 954 3563 1028; baseline 0 -20"><span class='ocrx_word' id='word_1_158' title='bbox 1973 954 2161 1021; x_wconf 82' lang='lat' dir='ltr'><strong>Pater,</strong></span> <span class='ocrx_word' id='word_1_159' title='bbox 2195 972 2312 1009; x_wconf 84' lang='lat' dir='ltr'><strong>cum</strong></span> <span class='ocrx_word' id='word_1_160' title='bbox 2342 971 2528 1009; x_wconf 82' lang='lat' dir='ltr'><strong>essem.</strong></span> <span class='ocrx_word' id='word_1_161' title='bbox 2557 954 2717 1011; x_wconf 87' lang='lat' dir='ltr'><strong>Feria</strong></span> <span class='ocrx_word' id='word_1_162' title='bbox 2747 966 2898 1011; x_wconf 77' lang='lat' dir='ltr'><strong>sexta</strong></span> <span class='ocrx_word' id='word_1_163' title='bbox 2928 957 3222 1028; x_wconf 73' lang='lat' dir='ltr'><strong>antiphona</strong></span> <span class='ocrx_word' id='word_1_164' title='bbox 3269 971 3285 1009; x_wconf 93' lang='lat'><strong>:</strong></span> <span class='ocrx_word' id='word_1_165' title='bbox 3325 955 3563 1023; x_wconf 70' lang='lat' dir='ltr'><strong>Exaudi,</strong></span> 
     </span>
    </p>
   </div>
   <div class='ocr_carea' id='block_1_27' title="bbox 1974 1046 3567 1120">
    <p class='ocr_par' dir='ltr' id='par_1_27' title="bbox 1974 1046 3567 1120">
     <span class='ocr_line' id='line_1_27' title="bbox 1974 1046 3567 1120; baseline 0.002 -20"><span class='ocrx_word' id='word_1_166' title='bbox 1974 1047 2239 1101; x_wconf 79' lang='lat' dir='ltr'><strong>Domine:</strong></span> <span class='ocrx_word' id='word_1_167' title='bbox 2269 1047 2433 1101; x_wconf 87' lang='lat' dir='ltr'><strong>missa</strong></span> <span class='ocrx_word' id='word_1_168' title='bbox 2469 1046 2690 1120; x_wconf 79' lang='lat' dir='ltr'><strong>{oratio}</strong></span> <span class='ocrx_word' id='word_1_169' title='bbox 2726 1066 2738 1102; x_wconf 93' lang='lat'>:</span> <span class='ocrx_word' id='word_1_170' title='bbox 2776 1048 2926 1111; x_wconf 84' lang='lat' dir='ltr'><strong>Esto,</strong></span> <span class='ocrx_word' id='word_1_171' title='bbox 2984 1049 3232 1114; x_wconf 77' lang='lat' dir='ltr'><strong>Domine,</strong></span> <span class='ocrx_word' id='word_1_172' title='bbox 3284 1049 3567 1118; x_wconf 84' lang='lat' dir='ltr'><strong>propitius.</strong></span> 
     </span>
    </p>
   </div>
   <div class='ocr_carea' id='block_1_28' title="bbox 1978 1137 3567 1207">
    <p class='ocr_par' dir='ltr' id='par_1_28' title="bbox 1978 1137 3567 1207">
     <span class='ocr_line' id='line_1_28' title="bbox 1978 1137 3567 1207; baseline 0.001 -14"><span class='ocrx_word' id='word_1_173' title='bbox 1978 1137 2165 1193; x_wconf 82' lang='lat' dir='ltr'><strong>Lectio</strong></span> <span class='ocrx_word' id='word_1_174' title='bbox 2200 1155 2215 1193; x_wconf 88' lang='lat'><strong>:</strong></span> <span class='ocrx_word' id='word_1_175' title='bbox 2272 1138 2587 1203; x_wconf 68' lang='lat' dir='ltr'><strong>Exsultate,</strong></span> <span class='ocrx_word' id='word_1_176' title='bbox 2630 1139 2755 1207; x_wconf 68' lang='lat' dir='ltr'><strong>ﬁliae</strong></span> <span class='ocrx_word' id='word_1_177' title='bbox 2784 1139 2935 1195; x_wconf 89' lang='lat' dir='ltr'><strong>Sion.</strong></span> <span class='ocrx_word' id='word_1_178' title='bbox 2985 1140 3212 1195; x_wconf 81' lang='lat' dir='ltr'><strong>Alleluia</strong></span> <span class='ocrx_word' id='word_1_179' title='bbox 3251 1159 3264 1194; x_wconf 88' lang='lat'><strong>:</strong></span> <span class='ocrx_word' id='word_1_180' title='bbox 3324 1140 3567 1205; x_wconf 82' lang='lat' dir='ltr'><strong>Domine,</strong></span> 
     </span>
    </p>
   </div>
   <div class='ocr_carea' id='block_1_29' title="bbox 1978 1228 3573 1302">
    <p class='ocr_par' dir='ltr' id='par_1_29' title="bbox 1978 1228 3573 1302">
     <span class='ocr_line' id='line_1_29' title="bbox 1978 1228 3573 1302; baseline 0.003 -21"><span class='ocrx_word' id='word_1_181' title='bbox 1978 1228 2238 1299; x_wconf 76' lang='lat' dir='ltr'><strong>refugium</strong></span> <span class='ocrx_word' id='word_1_182' title='bbox 2312 1229 2486 1299; x_wconf 83' lang='lat' dir='ltr'><strong>[actus</strong></span> <span class='ocrx_word' id='word_1_183' title='bbox 2547 1247 2621 1284; x_wconf 84' lang='lat' dir='ltr'><strong>es.</strong></span> <span class='ocrx_word' id='word_1_184' title='bbox 2687 1231 3041 1302; x_wconf 82' lang='lat' dir='ltr'><strong>Evangelium</strong></span> <span class='ocrx_word' id='word_1_185' title='bbox 3112 1232 3405 1286; x_wconf 85' lang='lat' dir='ltr'><strong>secundum</strong></span> <span class='ocrx_word' id='word_1_186' title='bbox 3464 1232 3573 1285; x_wconf 88' lang='lat' dir='ltr'><strong>Lu-</strong></span> 
     </span>
    </p>
   </div>
   <div class='ocr_carea' id='block_1_30' title="bbox 1979 1318 3569 1376">
    <p class='ocr_par' dir='ltr' id='par_1_30' title="bbox 1979 1318 3569 1376">
     <span class='ocr_line' id='line_1_30' title="bbox 1979 1318 3569 1376; baseline 0.002 -4"><span class='ocrx_word' id='word_1_187' title='bbox 1979 1335 2141 1373; x_wconf 83' lang='lat' dir='ltr'><strong>cam:</strong></span> <span class='ocrx_word' id='word_1_188' title='bbox 2179 1318 2326 1373; x_wconf 80' lang='lat' dir='ltr'><strong>Venit</strong></span> <span class='ocrx_word' id='word_1_189' title='bbox 2386 1322 2455 1374; x_wconf 88' lang='lat' dir='ltr'><strong>ad</strong></span> <span class='ocrx_word' id='word_1_190' title='bbox 2514 1319 2700 1374; x_wconf 73' lang='lat' dir='ltr'><strong>Iesum</strong></span> <span class='ocrx_word' id='word_1_191' title='bbox 2763 1322 2842 1376; x_wconf 79' lang='lat' dir='ltr'><strong>uir</strong></span> <span class='ocrx_word' id='word_1_192' title='bbox 2880 1322 3089 1375; x_wconf 84' lang='lat' dir='ltr'><strong>nomine</strong></span> <span class='ocrx_word' id='word_1_193' title='bbox 3116 1319 3320 1375; x_wconf 82' lang='lat' dir='ltr'><strong>Jairus.</strong></span> <span class='ocrx_word' id='word_1_194' title='bbox 3355 1320 3569 1376; x_wconf 80' lang='lat' dir='ltr'><strong>Offert:</strong></span> 
     </span>
    </p>
   </div>
   <div class='ocr_carea' id='block_1_31' title="bbox 1989 1406 3569 1477">
    <p class='ocr_par' dir='ltr' id='par_1_31' title="bbox 1989 1406 3569 1477">
     <span class='ocr_line' id='line_1_31' title="bbox 1989 1406 3569 1477; baseline 0.004 -16"><span class='ocrx_word' id='word_1_195' title='bbox 1989 1406 2101 1463; x_wconf 86' lang='lat' dir='ltr'><strong>Viri</strong></span> <span class='ocrx_word' id='word_1_196' title='bbox 2162 1409 2392 1465; x_wconf 73' lang='lat' dir='ltr'><strong>Galiltei.</strong></span> <span class='ocrx_word' id='word_1_197' title='bbox 2455 1410 2779 1467; x_wconf 88' lang='lat' dir='ltr'><strong>Communio</strong></span> <span class='ocrx_word' id='word_1_198' title='bbox 2841 1427 2856 1465; x_wconf 90' lang='lat'><strong>:</strong></span> <span class='ocrx_word' id='word_1_199' title='bbox 2924 1410 3123 1477; x_wconf 87' lang='lat' dir='ltr'><strong>Pater,</strong></span> <span class='ocrx_word' id='word_1_200' title='bbox 3189 1429 3307 1467; x_wconf 84' lang='lat' dir='ltr'><strong>cum</strong></span> <span class='ocrx_word' id='word_1_201' title='bbox 3381 1428 3569 1467; x_wconf 83' lang='lat' dir='ltr'><strong>essem.</strong></span> 
     </span>
    </p>
   </div>
   <div class='ocr_carea' id='block_1_32' title="bbox 1980 1502 3571 1576">
    <p class='ocr_par' dir='ltr' id='par_1_32' title="bbox 1980 1502 3571 1576">
     <span class='ocr_line' id='line_1_32' title="bbox 1980 1502 3571 1576; baseline 0.001 -17"><span class='ocrx_word' id='word_1_202' title='bbox 1980 1502 2221 1560; x_wconf 85' lang='lat' dir='ltr'><strong>Sabbato</strong></span> <span class='ocrx_word' id='word_1_203' title='bbox 2266 1521 2455 1561; x_wconf 89' lang='lat' dir='ltr'><strong>omnes</strong></span> <span class='ocrx_word' id='word_1_204' title='bbox 2508 1507 2679 1576; x_wconf 86' lang='lat' dir='ltr'><strong>parati</strong></span> <span class='ocrx_word' id='word_1_205' title='bbox 2726 1507 2977 1576; x_wconf 87' lang='lat' dir='ltr'><strong>primitus</strong></span> <span class='ocrx_word' id='word_1_206' title='bbox 3024 1514 3244 1560; x_wconf 88' lang='lat' dir='ltr'><strong>cantent</strong></span> <span class='ocrx_word' id='word_1_207' title='bbox 3300 1505 3571 1561; x_wconf 87' lang='lat' dir='ltr'><strong>litauiam.</strong></span> 
     </span>
    </p>
   </div>
   <div class='ocr_carea' id='block_1_33' title="bbox 1984 1596 3580 1669">
    <p class='ocr_par' dir='ltr' id='par_1_33' title="bbox 1984 1596 3580 1669">
     <span class='ocr_line' id='line_1_33' title="bbox 1984 1596 3580 1669; baseline 0 -17"><span class='ocrx_word' id='word_1_208' title='bbox 1984 1596 2187 1652; x_wconf 82' lang='lat' dir='ltr'><strong>Deinde</strong></span> <span class='ocrx_word' id='word_1_209' title='bbox 2218 1596 2384 1669; x_wconf 80' lang='lat' dir='ltr'><strong>Kyrie</strong></span> <span class='ocrx_word' id='word_1_210' title='bbox 2416 1598 2644 1664; x_wconf 86' lang='lat' dir='ltr'><strong>eleison;</strong></span> <span class='ocrx_word' id='word_1_211' title='bbox 2679 1597 2863 1654; x_wconf 80' lang='lat' dir='ltr'><strong>Gloria</strong></span> <span class='ocrx_word' id='word_1_212' title='bbox 2907 1601 2959 1653; x_wconf 88' lang='lat' dir='ltr'><strong>in</strong></span> <span class='ocrx_word' id='word_1_213' title='bbox 2999 1597 3216 1653; x_wconf 75' lang='lat' dir='ltr'><strong>excelsis</strong></span> <span class='ocrx_word' id='word_1_214' title='bbox 3264 1598 3395 1652; x_wconf 89' lang='lat' dir='ltr'><strong>Deo.</strong></span> <span class='ocrx_word' id='word_1_215' title='bbox 3444 1596 3580 1652; x_wconf 87' lang='lat' dir='ltr'><strong>Pos-</strong></span> 
     </span>
    </p>
   </div>
   <div class='ocr_carea' id='block_1_34' title="bbox 288 1678 3577 1761">
    <p class='ocr_par' dir='ltr' id='par_1_34' title="bbox 288 1678 3577 1761">
     <span class='ocr_line' id='line_1_34' title="bbox 288 1678 3577 1761; baseline 0.002 -24"><span class='ocrx_word' id='word_1_216' title='bbox 288 1691 503 1753; x_wconf 90' lang='lat' dir='ltr'><strong>oportet</strong></span> <span class='ocrx_word' id='word_1_217' title='bbox 526 1685 818 1754; x_wconf 67' lang='lat' dir='ltr'><strong>praeparari</strong></span> <span class='ocrx_word' id='word_1_218' title='bbox 844 1685 896 1739; x_wconf 91' lang='lat' dir='ltr'><strong>in</strong></span> <span class='ocrx_word' id='word_1_219' title='bbox 918 1686 1221 1743; x_wconf 87' lang='lat' dir='ltr'><strong>Adventum</strong></span> <span class='ocrx_word' id='word_1_220' title='bbox 1245 1688 1488 1756; x_wconf 90' lang='lat' dir='ltr'><strong>Domini,</strong></span> <span class='ocrx_word' id='word_1_221' title='bbox 1512 1691 1642 1761; x_wconf 89' lang='lat' dir='ltr'><strong>quin</strong></span> <span class='ocrx_word' id='word_1_222' title='bbox 1666 1691 1880 1761; x_wconf 88' lang='lat' dir='ltr'><strong>potissi-</strong></span> <span class='ocrx_word' id='word_1_223' title='bbox 1908 1678 1957 1738; x_wconf 87' lang='grc' dir='ltr'><strong>Β</strong></span> <span class='ocrx_word' id='word_1_224' title='bbox 1989 1700 2074 1747; x_wconf 86' lang='lat' dir='ltr'><strong>tea</strong></span> <span class='ocrx_word' id='word_1_225' title='bbox 2116 1692 2289 1747; x_wconf 83' lang='lat' dir='ltr'><strong>oratio</strong></span> <span class='ocrx_word' id='word_1_226' title='bbox 2320 1711 2331 1745; x_wconf 87' lang='lat'><strong>:</strong></span> <span class='ocrx_word' id='word_1_227' title='bbox 2386 1692 2651 1747; x_wconf 80' lang='lat' dir='ltr'><strong>Mentibus</strong></span> <span class='ocrx_word' id='word_1_228' title='bbox 2696 1693 2909 1747; x_wconf 77' lang='lat' dir='ltr'><strong>nostris.</strong></span> <span class='ocrx_word' id='word_1_229' title='bbox 2954 1692 3074 1747; x_wconf 89' lang='lat' dir='ltr'><strong>Alia</strong></span> <span class='ocrx_word' id='word_1_230' title='bbox 3103 1707 3118 1746; x_wconf 90' lang='lat'><strong>:</strong></span> <span class='ocrx_word' id='word_1_231' title='bbox 3161 1690 3266 1745; x_wconf 91' lang='lat' dir='ltr'><strong>Illo</strong></span> <span class='ocrx_word' id='word_1_232' title='bbox 3299 1685 3392 1745; x_wconf 80' lang='lat' dir='ltr'><strong>nos</strong></span> <span class='ocrx_word' id='word_1_233' title='bbox 3436 1692 3577 1760; x_wconf 80' lang='lat' dir='ltr'><strong>igne.</strong></span> 
     </span>
    </p>
   </div>
   <div class='ocr_carea' id='block_1_35' title="bbox 291 1780 1883 1854">
    <p class='ocr_par' dir='ltr' id='par_1_35' title="bbox 291 1780 1883 1854">
     <span class='ocr_line' id='line_1_35' title="bbox 291 1780 1883 1854; baseline 0.007 -23"><span class='ocrx_word' id='word_1_234' title='bbox 291 1792 441 1831; x_wconf 91' lang='lat' dir='ltr'><strong>mum</strong></span> <span class='ocrx_word' id='word_1_235' title='bbox 477 1792 571 1834; x_wconf 90' lang='lat' dir='ltr'><strong>eos</strong></span> <span class='ocrx_word' id='word_1_236' title='bbox 600 1780 693 1850; x_wconf 91' lang='lat' dir='ltr'><strong>qui</strong></span> <span class='ocrx_word' id='word_1_237' title='bbox 734 1789 1143 1835; x_wconf 90' lang='lat' dir='ltr'><strong>consecrantur.</strong></span> <span class='ocrx_word' id='word_1_238' title='bbox 1180 1780 1367 1854; x_wconf 82' lang='lat' dir='ltr'><strong>Neque</strong></span> <span class='ocrx_word' id='word_1_239' title='bbox 1397 1783 1500 1840; x_wconf 85' lang='lat' dir='ltr'><strong>hoc</strong></span> <span class='ocrx_word' id='word_1_240' title='bbox 1527 1785 1644 1840; x_wconf 90' lang='lat' dir='ltr'><strong>sine</strong></span> <span class='ocrx_word' id='word_1_241' title='bbox 1668 1785 1883 1842; x_wconf 80' lang='lat' dir='ltr'><strong>ratione</strong></span> 
     </span>
    </p>
   </div>
   <div class='ocr_carea' id='block_1_36' title="bbox 291 1868 1880 1941">
    <p class='ocr_par' dir='ltr' id='par_1_36' title="bbox 291 1868 1880 1941">
     <span class='ocr_line' id='line_1_36' title="bbox 291 1868 1880 1941; baseline 0.004 -18"><span class='ocrx_word' id='word_1_242' title='bbox 291 1868 449 1923; x_wconf 89' lang='lat' dir='ltr'><strong>estsi</strong></span> <span class='ocrx_word' id='word_1_243' title='bbox 482 1877 829 1939; x_wconf 83' lang='lat' dir='ltr'><strong>computetur</strong></span> <span class='ocrx_word' id='word_1_244' title='bbox 881 1869 1162 1941; x_wconf 78' lang='lat' dir='ltr'><strong>catalogus</strong></span> <span class='ocrx_word' id='word_1_245' title='bbox 1208 1872 1518 1928; x_wconf 72' lang='lat' dir='ltr'><strong>novissimae</strong></span> <span class='ocrx_word' id='word_1_246' title='bbox 1574 1875 1880 1930; x_wconf 86' lang='lat' dir='ltr'><strong>tesserade-</strong></span> 
     </span>
    </p>
   </div>
   <div class='ocr_carea' id='block_1_37' title="bbox 291 1957 1883 2037">
    <p class='ocr_par' dir='ltr' id='par_1_37' title="bbox 291 1957 1883 2037">
     <span class='ocr_line' id='line_1_37' title="bbox 291 1957 1883 2037; baseline 0.008 -25"><span class='ocrx_word' id='word_1_247' title='bbox 291 1957 468 2024; x_wconf 84' lang='lat' dir='ltr'><strong>cadis,</strong></span> <span class='ocrx_word' id='word_1_248' title='bbox 490 1967 545 2013; x_wconf 88' lang='lat' dir='ltr'><strong>et</strong></span> <span class='ocrx_word' id='word_1_249' title='bbox 568 1959 737 2015; x_wconf 87' lang='lat' dir='ltr'><strong>semel</strong></span> <span class='ocrx_word' id='word_1_250' title='bbox 764 1969 1111 2030; x_wconf 89' lang='lat' dir='ltr'><strong>computetur</strong></span> <span class='ocrx_word' id='word_1_251' title='bbox 1130 1961 1442 2029; x_wconf 84' lang='lat' dir='ltr'><strong>Jechonias,</strong></span> <span class='ocrx_word' id='word_1_252' title='bbox 1499 1980 1606 2019; x_wconf 88' lang='lat' dir='ltr'><strong>non</strong></span> <span class='ocrx_word' id='word_1_253' title='bbox 1651 1968 1883 2037; x_wconf 89' lang='lat' dir='ltr'><strong>amplius</strong></span> 
     </span>
    </p>
   </div>
   <div class='ocr_carea' id='block_1_38' title="bbox 294 2049 1885 2126">
    <p class='ocr_par' dir='ltr' id='par_1_38' title="bbox 294 2049 1885 2126">
     <span class='ocr_line' id='line_1_38' title="bbox 294 2049 1885 2126; baseline 0.007 -24"><span class='ocrx_word' id='word_1_254' title='bbox 294 2049 645 2105; x_wconf 89' lang='lat' dir='ltr'><strong>inveniuntur</strong></span> <span class='ocrx_word' id='word_1_255' title='bbox 681 2066 803 2106; x_wconf 87' lang='lat' dir='ltr'><strong>cum</strong></span> <span class='ocrx_word' id='word_1_256' title='bbox 851 2050 967 2122; x_wconf 91' lang='lat' dir='ltr'><strong>ipso</strong></span> <span class='ocrx_word' id='word_1_257' title='bbox 996 2050 1215 2107; x_wconf 90' lang='lat' dir='ltr'><strong>Christo</strong></span> <span class='ocrx_word' id='word_1_258' title='bbox 1241 2069 1404 2123; x_wconf 87' lang='lat' dir='ltr'><strong>qttam</strong></span> <span class='ocrx_word' id='word_1_259' title='bbox 1433 2054 1689 2109; x_wconf 90' lang='lat' dir='ltr'><strong>tredecim</strong></span> <span class='ocrx_word' id='word_1_260' title='bbox 1720 2072 1885 2126; x_wconf 84' lang='lat' dir='ltr'><strong>gene-</strong></span> 
     </span>
    </p>
   </div>
   <div class='ocr_carea' id='block_1_39' title="bbox 293 2144 1886 2220">
    <p class='ocr_par' dir='ltr' id='par_1_39' title="bbox 293 2144 1886 2220">
     <span class='ocr_line' id='line_1_39' title="bbox 293 2144 1886 2220; baseline 0.007 -22"><span class='ocrx_word' id='word_1_261' title='bbox 293 2144 571 2210; x_wconf 80' lang='lat' dir='ltr'><strong>rationes;</strong></span> <span class='ocrx_word' id='word_1_262' title='bbox 610 2145 657 2201; x_wconf 89' lang='lat' dir='ltr'><strong>si</strong></span> <span class='ocrx_word' id='word_1_263' title='bbox 689 2146 803 2216; x_wconf 88' lang='lat' dir='ltr'><strong>ipse</strong></span> <span class='ocrx_word' id='word_1_264' title='bbox 836 2146 919 2205; x_wconf 86' lang='lat' dir='ltr'><strong>his</strong></span> <span class='ocrx_word' id='word_1_265' title='bbox 964 2155 1332 2216; x_wconf 87' lang='lat' dir='ltr'><strong>computetur,</strong></span> <span class='ocrx_word' id='word_1_266' title='bbox 1355 2152 1766 2220; x_wconf 84' lang='lat' dir='ltr'><strong>quatuordecim</strong></span> <span class='ocrx_word' id='word_1_267' title='bbox 1801 2154 1886 2208; x_wconf 80' lang='lat' dir='ltr'><strong>in-</strong></span> 
     </span>
    </p>
   </div>
   <div class='ocr_carea' id='block_1_40' title="bbox 291 2235 1886 2317">
    <p class='ocr_par' dir='ltr' id='par_1_40' title="bbox 291 2235 1886 2317">
     <span class='ocr_line' id='line_1_40' title="bbox 291 2235 1886 2317; baseline 0.009 -28"><span class='ocrx_word' id='word_1_268' title='bbox 291 2236 606 2291; x_wconf 88' lang='lat' dir='ltr'><strong>veniuntur.</strong></span> <span class='ocrx_word' id='word_1_269' title='bbox 634 2235 868 2293; x_wconf 86' lang='lat' dir='ltr'><strong>Sanctus</strong></span> <span class='ocrx_word' id='word_1_270' title='bbox 902 2240 1240 2309; x_wconf 80' lang='lat' dir='ltr'><strong>Augustinus</strong></span> <span class='ocrx_word' id='word_1_271' title='bbox 1265 2257 1427 2299; x_wconf 88' lang='lat' dir='ltr'><strong>causa</strong></span> <span class='ocrx_word' id='word_1_272' title='bbox 1466 2247 1707 2316; x_wconf 87' lang='lat' dir='ltr'><strong>mysterii</strong></span> <span class='ocrx_word' id='word_1_273' title='bbox 1764 2262 1886 2317; x_wconf 77' lang='lat' dir='ltr'><strong>per-</strong></span> 
     </span>
    </p>
   </div>
   <div class='ocr_carea' id='block_1_41' title="bbox 293 2324 1887 2407">
    <p class='ocr_par' dir='ltr' id='par_1_41' title="bbox 293 2324 1887 2407">
     <span class='ocr_line' id='line_1_41' title="bbox 293 2324 1887 2407; baseline 0.008 -27"><span class='ocrx_word' id='word_1_274' title='bbox 293 2325 448 2381; x_wconf 87' lang='lat' dir='ltr'><strong>hibet</strong></span> <span class='ocrx_word' id='word_1_275' title='bbox 471 2324 671 2382; x_wconf 80' lang='lat' dir='ltr'><strong>factum</strong></span> <span class='ocrx_word' id='word_1_276' title='bbox 696 2343 817 2385; x_wconf 90' lang='lat' dir='ltr'><strong>esse</strong></span> <span class='ocrx_word' id='word_1_277' title='bbox 855 2330 999 2399; x_wconf 90' lang='lat' dir='ltr'><strong>quod</strong></span> <span class='ocrx_word' id='word_1_278' title='bbox 1026 2329 1340 2398; x_wconf 90' lang='lat' dir='ltr'><strong>Jechonias,</strong></span> <span class='ocrx_word' id='word_1_279' title='bbox 1365 2334 1458 2404; x_wconf 88' lang='lat' dir='ltr'><strong>qui</strong></span> <span class='ocrx_word' id='word_1_280' title='bbox 1497 2335 1887 2407; x_wconf 88' lang='lat' dir='ltr'><strong>interpretatur</strong></span> 
     </span>
    </p>
   </div>
   <div class='ocr_carea' id='block_1_42' title="bbox 292 2419 1890 2501">
    <p class='ocr_par' dir='ltr' id='par_1_42' title="bbox 292 2419 1890 2501">
     <span class='ocr_line' id='line_1_42' title="bbox 292 2419 1890 2501; baseline 0.011 -31"><span class='ocrx_word' id='word_1_281' title='bbox 292 2420 612 2489; x_wconf 76' lang='lat' dir='ltr'><strong>prwparatio</strong></span> <span class='ocrx_word' id='word_1_282' title='bbox 643 2419 876 2487; x_wconf 88' lang='lat' dir='ltr'><strong>Domini,</strong></span> <span class='ocrx_word' id='word_1_283' title='bbox 901 2422 984 2478; x_wconf 93' lang='lat' dir='ltr'><strong>bis</strong></span> <span class='ocrx_word' id='word_1_284' title='bbox 1020 2436 1339 2480; x_wconf 88' lang='lat' dir='ltr'><strong>numeretur</strong></span> <span class='ocrx_word' id='word_1_285' title='bbox 1368 2427 1421 2482; x_wconf 92' lang='lat' dir='ltr'><strong>in</strong></span> <span class='ocrx_word' id='word_1_286' title='bbox 1462 2428 1570 2485; x_wconf 88' lang='lat' dir='ltr'><strong>llne</strong></span> <span class='ocrx_word' id='word_1_287' title='bbox 1600 2422 1811 2501; x_wconf 10' lang='lat' dir='ltr'><strong>[prioris</strong></span> <span class='ocrx_word' id='word_1_288' title='bbox 1834 2437 1890 2486; x_wconf 85' lang='lat' dir='ltr'><strong>et</strong></span> 
     </span>
    </p>
   </div>
   <div class='ocr_carea' id='block_1_43' title="bbox 297 2509 1889 2591">
    <p class='ocr_par' dir='ltr' id='par_1_43' title="bbox 297 2509 1889 2591">
     <span class='ocr_line' id='line_1_43' title="bbox 297 2509 1889 2591; baseline 0.011 -29"><span class='ocrx_word' id='word_1_289' title='bbox 297 2509 353 2562; x_wconf 93' lang='lat' dir='ltr'><strong>in</strong></span> <span class='ocrx_word' id='word_1_290' title='bbox 375 2509 554 2580; x_wconf 89' lang='lat' dir='ltr'><strong>capite</strong></span> <span class='ocrx_word' id='word_1_291' title='bbox 576 2513 857 2581; x_wconf 89' lang='lat' dir='ltr'><strong>sequentis</strong></span> <span class='ocrx_word' id='word_1_292' title='bbox 884 2514 1110 2586; x_wconf 78' lang='lat' dir='ltr'><strong>catalogi</strong></span> <span class='ocrx_word' id='word_1_293' title='bbox 1130 2556 1146 2583; x_wconf 91' lang='lat'><strong>,</strong></span> <span class='ocrx_word' id='word_1_294' title='bbox 1174 2516 1403 2587; x_wconf 85' lang='lat' dir='ltr'><strong>lapidem</strong></span> <span class='ocrx_word' id='word_1_295' title='bbox 1459 2522 1787 2591; x_wconf 83' lang='lat' dir='ltr'><strong>angularem,</strong></span> <span class='ocrx_word' id='word_1_296' title='bbox 1835 2524 1889 2579; x_wconf 92' lang='lat' dir='ltr'><strong>id</strong></span> 
     </span>
    </p>
   </div>
   <div class='ocr_carea' id='block_1_44' title="bbox 300 2600 1887 2682">
    <p class='ocr_par' dir='ltr' id='par_1_44' title="bbox 300 2600 1887 2682">
     <span class='ocr_line' id='line_1_44' title="bbox 300 2600 1887 2682; baseline 0.01 -27"><span class='ocrx_word' id='word_1_297' title='bbox 300 2608 411 2667; x_wconf 83' lang='lat' dir='ltr'><strong>est,</strong></span> <span class='ocrx_word' id='word_1_298' title='bbox 437 2600 713 2659; x_wconf 87' lang='lat' dir='ltr'><strong>Christum</strong></span> <span class='ocrx_word' id='word_1_299' title='bbox 741 2604 1058 2673; x_wconf 70' lang='lat' dir='ltr'><strong>signiﬁcans</strong></span> <span class='ocrx_word' id='word_1_300' title='bbox 1090 2624 1104 2660; x_wconf 88' lang='lat'><strong>:</strong></span> <span class='ocrx_word' id='word_1_301' title='bbox 1139 2608 1192 2662; x_wconf 88' lang='lat' dir='ltr'><strong>in</strong></span> <span class='ocrx_word' id='word_1_302' title='bbox 1234 2624 1344 2679; x_wconf 89' lang='lat' dir='ltr'><strong>quo</strong></span> <span class='ocrx_word' id='word_1_303' title='bbox 1386 2615 1712 2682; x_wconf 80' lang='lat' dir='ltr'><strong>praeparavit</strong></span> <span class='ocrx_word' id='word_1_304' title='bbox 1742 2614 1887 2671; x_wconf 90' lang='lat' dir='ltr'><strong>Deus</strong></span> 
     </span>
    </p>
   </div>
   <div class='ocr_carea' id='block_1_45' title="bbox 296 2690 1892 2775">
    <p class='ocr_par' dir='ltr' id='par_1_45' title="bbox 296 2690 1892 2775">
     <span class='ocr_line' id='line_1_45' title="bbox 296 2690 1892 2775; baseline 0.011 -32"><span class='ocrx_word' id='word_1_305' title='bbox 296 2699 456 2760; x_wconf 87' lang='lat' dir='ltr'><strong>pater</strong></span> <span class='ocrx_word' id='word_1_306' title='bbox 484 2690 618 2747; x_wconf 90' lang='lat' dir='ltr'><strong>duos</strong></span> <span class='ocrx_word' id='word_1_307' title='bbox 647 2693 871 2763; x_wconf 92' lang='lat' dir='ltr'><strong>populos</strong></span> <span class='ocrx_word' id='word_1_308' title='bbox 902 2696 1057 2764; x_wconf 85' lang='lat' dir='ltr'><strong>quasi</strong></span> <span class='ocrx_word' id='word_1_309' title='bbox 1092 2698 1329 2766; x_wconf 89' lang='lat' dir='ltr'><strong>parietes</strong></span> <span class='ocrx_word' id='word_1_310' title='bbox 1377 2701 1430 2755; x_wconf 91' lang='lat' dir='ltr'><strong>in</strong></span> <span class='ocrx_word' id='word_1_311' title='bbox 1472 2717 1636 2757; x_wconf 87' lang='lat' dir='ltr'><strong>uuam</strong></span> <span class='ocrx_word' id='word_1_312' title='bbox 1660 2704 1892 2775; x_wconf 72' lang='lat' dir='ltr'><strong>iungere</strong></span> 
     </span>
    </p>
   </div>
   <div class='ocr_carea' id='block_1_46' title="bbox 305 2784 1889 2864">
    <p class='ocr_par' dir='ltr' id='par_1_46' title="bbox 305 2784 1889 2864">
     <span class='ocr_line' id='line_1_46' title="bbox 305 2784 1889 2864; baseline 0.008 -25"><span class='ocrx_word' id='word_1_313' title='bbox 305 2784 547 2840; x_wconf 90' lang='lat' dir='ltr'><strong>domum.</strong></span> <span class='ocrx_word' id='word_1_314' title='bbox 602 2784 923 2855; x_wconf 84' lang='lat' dir='ltr'><strong>Quanquam</strong></span> <span class='ocrx_word' id='word_1_315' title='bbox 964 2788 1158 2845; x_wconf 83' lang='lat' dir='ltr'><strong>beatus</strong></span> <span class='ocrx_word' id='word_1_316' title='bbox 1194 2789 1558 2864; x_wconf 85' lang='lat' dir='ltr'><strong>Hieronymus</strong></span> <span class='ocrx_word' id='word_1_317' title='bbox 1587 2795 1719 2852; x_wconf 92' lang='lat' dir='ltr'><strong>vitio</strong></span> <span class='ocrx_word' id='word_1_318' title='bbox 1748 2798 1889 2853; x_wconf 88' lang='lat' dir='ltr'><strong>scri-</strong></span> 
     </span>
    </p>
   </div>
   <div class='ocr_carea' id='block_1_47' title="bbox 297 2876 1892 2953">
    <p class='ocr_par' dir='ltr' id='par_1_47' title="bbox 297 2876 1892 2953">
     <span class='ocr_line' id='line_1_47' title="bbox 297 2876 1892 2953; baseline 0.011 -23"><span class='ocrx_word' id='word_1_319' title='bbox 297 2885 516 2948; x_wconf 86' lang='lat' dir='ltr'><strong>ptorum</strong></span> <span class='ocrx_word' id='word_1_320' title='bbox 540 2884 594 2932; x_wconf 93' lang='lat' dir='ltr'><strong>et</strong></span> <span class='ocrx_word' id='word_1_321' title='bbox 629 2876 969 2948; x_wconf 77' lang='lat' dir='ltr'><strong>longitudine</strong></span> <span class='ocrx_word' id='word_1_322' title='bbox 1022 2890 1324 2953; x_wconf 86' lang='lat' dir='ltr'><strong>temporum</strong></span> <span class='ocrx_word' id='word_1_323' title='bbox 1372 2884 1516 2941; x_wconf 89' lang='lat' dir='ltr'><strong>inter</strong></span> <span class='ocrx_word' id='word_1_324' title='bbox 1568 2885 1791 2945; x_wconf 68' lang='lat' dir='ltr'><strong>Graecos</strong></span> <span class='ocrx_word' id='word_1_325' title='bbox 1835 2897 1892 2946; x_wconf 75' lang='lat' dir='ltr'><strong>et</strong></span> 
     </span>
    </p>
   </div>
   <div class='ocr_carea' id='block_1_48' title="bbox 298 2967 1892 3049">
    <p class='ocr_par' dir='ltr' id='par_1_48' title="bbox 298 2967 1892 3049">
     <span class='ocr_line' id='line_1_48' title="bbox 298 2967 1892 3049; baseline 0.009 -25"><span class='ocrx_word' id='word_1_326' title='bbox 298 2967 529 3025; x_wconf 84' lang='lat' dir='ltr'><strong>Latinos</strong></span> <span class='ocrx_word' id='word_1_327' title='bbox 555 2968 839 3027; x_wconf 82' lang='lat' dir='ltr'><strong>confusum</strong></span> <span class='ocrx_word' id='word_1_328' title='bbox 874 2986 997 3028; x_wconf 88' lang='lat' dir='ltr'><strong>esse</strong></span> <span class='ocrx_word' id='word_1_329' title='bbox 1023 2984 1227 3049; x_wconf 84' lang='lat' dir='ltr'><strong>narret,</strong></span> <span class='ocrx_word' id='word_1_330' title='bbox 1251 2985 1545 3047; x_wconf 82' lang='lat' dir='ltr'><strong>etpatrem</strong></span> <span class='ocrx_word' id='word_1_331' title='bbox 1574 2982 1665 3049; x_wconf 85' lang='lat' dir='ltr'><strong>qui</strong></span> <span class='ocrx_word' id='word_1_332' title='bbox 1696 2982 1754 3036; x_wconf 76' lang='lat' dir='ltr'><strong>in</strong></span> <span class='ocrx_word' id='word_1_333' title='bbox 1785 2982 1892 3038; x_wconf 73' lang='lat' dir='ltr'><strong>He-</strong></span> 
     </span>
    </p>
   </div>
   <div class='ocr_carea' id='block_1_49' title="bbox 296 3046 1894 3131">
    <p class='ocr_par' dir='ltr' id='par_1_49' title="bbox 296 3046 1894 3131">
     <span class='ocr_line' id='line_1_49' title="bbox 296 3046 1894 3131; baseline 0.008 -16"><span class='ocrx_word' id='word_1_334' title='bbox 296 3059 451 3116; x_wconf 64' lang='lat' dir='ltr'><strong>braeo</strong></span> <span class='ocrx_word' id='word_1_335' title='bbox 477 3056 724 3115; x_wconf 89' lang='lat' dir='ltr'><strong>Joacbim</strong></span> <span class='ocrx_word' id='word_1_336' title='bbox 767 3046 1079 3120; x_wconf 78' lang='lat' dir='ltr'><strong>nominatus</strong></span> <span class='ocrx_word' id='word_1_337' title='bbox 1104 3072 1205 3131; x_wconf 85' lang='lat' dir='ltr'><strong>est,</strong></span> <span class='ocrx_word' id='word_1_338' title='bbox 1230 3046 1347 3122; x_wconf 84' lang='lat' dir='ltr'><strong>non</strong></span> <span class='ocrx_word' id='word_1_339' title='bbox 1374 3067 1426 3122; x_wconf 90' lang='lat' dir='ltr'><strong>in</strong></span> <span class='ocrx_word' id='word_1_340' title='bbox 1456 3046 1766 3127; x_wconf 74' lang='lat' dir='ltr'><strong>Chaldteam</strong></span> <span class='ocrx_word' id='word_1_341' title='bbox 1793 3072 1894 3127; x_wconf 87' lang='lat' dir='ltr'><strong>du-</strong></span> 
     </span>
    </p>
   </div>
   <div class='ocr_carea' id='block_1_50' title="bbox 303 3148 1894 3226">
    <p class='ocr_par' dir='ltr' id='par_1_50' title="bbox 303 3148 1894 3226">
     <span class='ocr_line' id='line_1_50' title="bbox 303 3148 1894 3226; baseline 0.011 -20"><span class='ocrx_word' id='word_1_342' title='bbox 303 3160 478 3220; x_wconf 90' lang='lat' dir='ltr'><strong>ctum,</strong></span> <span class='ocrx_word' id='word_1_343' title='bbox 513 3153 610 3209; x_wconf 89' lang='lat' dir='ltr'><strong>sed</strong></span> <span class='ocrx_word' id='word_1_344' title='bbox 640 3148 953 3212; x_wconf 75' lang='lat' dir='ltr'><strong>defunctum</strong></span> <span class='ocrx_word' id='word_1_345' title='bbox 974 3157 1034 3211; x_wconf 86' lang='lat' dir='ltr'><strong>in</strong></span> <span class='ocrx_word' id='word_1_346' title='bbox 1065 3165 1207 3215; x_wconf 85' lang='lat' dir='ltr'><strong>terra</strong></span> <span class='ocrx_word' id='word_1_347' title='bbox 1232 3175 1350 3226; x_wconf 83' lang='lat' dir='ltr'><strong>sua,</strong></span> <span class='ocrx_word' id='word_1_348' title='bbox 1371 3170 1428 3216; x_wconf 88' lang='lat' dir='ltr'><strong>et</strong></span> <span class='ocrx_word' id='word_1_349' title='bbox 1457 3160 1626 3217; x_wconf 86' lang='lat' dir='ltr'><strong>ﬁlium</strong></span> <span class='ocrx_word' id='word_1_350' title='bbox 1646 3159 1894 3223; x_wconf 71' lang='lat' dir='ltr'><strong>Joachill</strong></span> 
     </span>
    </p>
   </div>
   <div class='ocr_carea' id='block_1_51' title="bbox 304 3242 1892 3325">
    <p class='ocr_par' dir='ltr' id='par_1_51' title="bbox 304 3242 1892 3325">
     <span class='ocr_line' id='line_1_51' title="bbox 304 3242 1892 3325; baseline 0.006 -22"><span class='ocrx_word' id='word_1_351' title='bbox 304 3242 375 3303; x_wconf 80' lang='lat' dir='ltr'><strong>de</strong></span> <span class='ocrx_word' id='word_1_352' title='bbox 400 3246 715 3317; x_wconf 83' lang='lat' dir='ltr'><strong>captivitate</strong></span> <span class='ocrx_word' id='word_1_353' title='bbox 741 3248 1055 3305; x_wconf 88' lang='lat' dir='ltr'><strong>redeuntem</strong></span> <span class='ocrx_word' id='word_1_354' title='bbox 1080 3249 1345 3309; x_wconf 84' lang='lat' dir='ltr'><strong>Salathiel</strong></span> <span class='ocrx_word' id='word_1_355' title='bbox 1365 3254 1621 3325; x_wconf 78' lang='lat' dir='ltr'><strong>genuisse</strong></span> <span class='ocrx_word' id='word_1_356' title='bbox 1641 3254 1892 3312; x_wconf 81' lang='lat' dir='ltr'><strong>allinnet.</strong></span> 
     </span>
    </p>
   </div>
   <div class='ocr_carea' id='block_1_52' title="bbox 303 3342 1897 3422">
    <p class='ocr_par' dir='ltr' id='par_1_52' title="bbox 303 3342 1897 3422">
     <span class='ocr_line' id='line_1_52' title="bbox 303 3342 1897 3422; baseline 0.006 -23"><span class='ocrx_word' id='word_1_357' title='bbox 303 3342 479 3415; x_wconf 80' lang='lat' dir='ltr'><strong>Igitur</strong></span> <span class='ocrx_word' id='word_1_358' title='bbox 500 3344 846 3415; x_wconf 85' lang='lat' dir='ltr'><strong>supradictus</strong></span> <span class='ocrx_word' id='word_1_359' title='bbox 871 3346 1061 3421; x_wconf 82' lang='lat' dir='ltr'><strong>doctpr</strong></span> <span class='ocrx_word' id='word_1_360' title='bbox 1089 3348 1258 3405; x_wconf 89' lang='lat' dir='ltr'><strong>voluit</strong></span> <span class='ocrx_word' id='word_1_361' title='bbox 1296 3350 1524 3422; x_wconf 76' lang='lat' dir='ltr'><strong>intelligi</strong></span> <span class='ocrx_word' id='word_1_362' title='bbox 1546 3361 1606 3406; x_wconf 90' lang='lat' dir='ltr'><strong>ut</strong></span> <span class='ocrx_word' id='word_1_363' title='bbox 1634 3354 1897 3409; x_wconf 83' lang='lat' dir='ltr'><strong>tredecim</strong></span> 
     </span>
    </p>
   </div>
   <div class='ocr_carea' id='block_1_53' title="bbox 307 3429 1899 3521">
    <p class='ocr_par' dir='ltr' id='par_1_53' title="bbox 307 3429 1899 3521">
     <span class='ocr_line' id='line_1_53' title="bbox 307 3429 1899 3521; baseline 0.008 -29"><span class='ocrx_word' id='word_1_364' title='bbox 307 3446 366 3492; x_wconf 91' lang='lat' dir='ltr'><strong>et</strong></span> <span class='ocrx_word' id='word_1_365' title='bbox 386 3429 806 3509; x_wconf 87' lang='lat' dir='ltr'><strong>quatuordecim</strong></span> <span class='ocrx_word' id='word_1_366' title='bbox 835 3442 1191 3501; x_wconf 59' lang='lat' dir='ltr'><strong>hebdomadas</strong></span> <span class='ocrx_word' id='word_1_367' title='bbox 1224 3446 1639 3518; x_wconf 70' lang='lat' dir='ltr'><strong>pmﬁguratent</strong></span> <span class='ocrx_word' id='word_1_368' title='bbox 1688 3448 1740 3502; x_wconf 92' lang='lat' dir='ltr'><strong>in</strong></span> <span class='ocrx_word' id='word_1_369' title='bbox 1781 3464 1899 3521; x_wconf 79' lang='lat' dir='ltr'><strong>my-</strong></span> 
     </span>
    </p>
   </div>
   <div class='ocr_carea' id='block_1_54' title="bbox 308 3531 1901 3612">
    <p class='ocr_par' dir='ltr' id='par_1_54' title="bbox 308 3531 1901 3612">
     <span class='ocr_line' id='line_1_54' title="bbox 308 3531 1901 3612; baseline 0.005 -25"><span class='ocrx_word' id='word_1_370' title='bbox 308 3531 503 3597; x_wconf 87' lang='lat' dir='ltr'><strong>sterio,</strong></span> <span class='ocrx_word' id='word_1_371' title='bbox 531 3534 675 3603; x_wconf 92' lang='lat' dir='ltr'><strong>quod</strong></span> <span class='ocrx_word' id='word_1_372' title='bbox 701 3531 992 3592; x_wconf 86' lang='lat' dir='ltr'><strong>Jechouias</strong></span> <span class='ocrx_word' id='word_1_373' title='bbox 1022 3537 1192 3594; x_wconf 88' lang='lat' dir='ltr'><strong>semel</strong></span> <span class='ocrx_word' id='word_1_374' title='bbox 1233 3547 1329 3594; x_wconf 78' lang='lat' dir='ltr'><strong>aut</strong></span> <span class='ocrx_word' id='word_1_375' title='bbox 1371 3540 1456 3595; x_wconf 89' lang='lat' dir='ltr'><strong>bis</strong></span> <span class='ocrx_word' id='word_1_376' title='bbox 1501 3549 1798 3612; x_wconf 81' lang='lat' dir='ltr'><strong>poneretur</strong></span> <span class='ocrx_word' id='word_1_377' title='bbox 1843 3542 1901 3596; x_wconf 80' lang='lat' dir='ltr'><strong>in</strong></span> 
     </span>
    </p>
   </div>
   <div class='ocr_carea' id='block_1_55' title="bbox 312 3621 1904 3694">
    <p class='ocr_par' dir='ltr' id='par_1_55' title="bbox 312 3621 1904 3694">
     <span class='ocr_line' id='line_1_55' title="bbox 312 3621 1904 3694; baseline 0.005 -16"><span class='ocrx_word' id='word_1_378' title='bbox 312 3621 582 3694; x_wconf 81' lang='lat' dir='ltr'><strong>catalogo.</strong></span> <span class='ocrx_word' id='word_1_379' title='bbox 613 3623 909 3682; x_wconf 87' lang='lat' dir='ltr'><strong>Enimvero</strong></span> <span class='ocrx_word' id='word_1_380' title='bbox 949 3627 1202 3685; x_wconf 81' lang='lat' dir='ltr'><strong>omnibus</strong></span> <span class='ocrx_word' id='word_1_381' title='bbox 1239 3629 1397 3685; x_wconf 89' lang='lat' dir='ltr'><strong>annis</strong></span> <span class='ocrx_word' id='word_1_382' title='bbox 1445 3631 1705 3686; x_wconf 88' lang='lat' dir='ltr'><strong>tredecim</strong></span> <span class='ocrx_word' id='word_1_383' title='bbox 1752 3631 1904 3686; x_wconf 88' lang='lat' dir='ltr'><strong>inve—</strong></span> 
     </span>
    </p>
   </div>
   <div class='ocr_carea' id='block_1_56' title="bbox 310 3713 1905 3791">
    <p class='ocr_par' dir='ltr' id='par_1_56' title="bbox 310 3713 1905 3791">
     <span class='ocr_line' id='line_1_56' title="bbox 310 3713 1905 3791; baseline 0.005 -22"><span class='ocrx_word' id='word_1_384' title='bbox 310 3713 566 3779; x_wconf 86' lang='lat' dir='ltr'><strong>niuntur,</strong></span> <span class='ocrx_word' id='word_1_385' title='bbox 595 3718 838 3786; x_wconf 80' lang='lat' dir='ltr'><strong>exceptis</strong></span> <span class='ocrx_word' id='word_1_386' title='bbox 862 3717 965 3785; x_wconf 89' lang='lat' dir='ltr'><strong>his,</strong></span> <span class='ocrx_word' id='word_1_387' title='bbox 998 3719 1101 3776; x_wconf 84' lang='lat' dir='ltr'><strong>hoc</strong></span> <span class='ocrx_word' id='word_1_388' title='bbox 1126 3729 1232 3787; x_wconf 89' lang='lat' dir='ltr'><strong>est,</strong></span> <span class='ocrx_word' id='word_1_389' title='bbox 1255 3722 1474 3791; x_wconf 85' lang='lat' dir='ltr'><strong>quando</strong></span> <span class='ocrx_word' id='word_1_390' title='bbox 1503 3721 1734 3778; x_wconf 72' lang='lat' dir='ltr'><strong>Martius</strong></span> <span class='ocrx_word' id='word_1_391' title='bbox 1767 3720 1905 3778; x_wconf 77' lang='lat' dir='ltr'><strong>feria</strong></span> 
     </span>
    </p>
   </div>
   <div class='ocr_carea' id='block_1_57' title="bbox 324 3804 1907 3887">
    <p class='ocr_par' dir='ltr' id='par_1_57' title="bbox 324 3804 1907 3887">
     <span class='ocr_line' id='line_1_57' title="bbox 324 3804 1907 3887; baseline 0.004 -27"><span class='ocrx_word' id='word_1_392' title='bbox 324 3804 489 3860; x_wconf 87' lang='lat' dir='ltr'><strong>tertia</strong></span> <span class='ocrx_word' id='word_1_393' title='bbox 512 3804 597 3860; x_wconf 87' lang='lat' dir='ltr'><strong>vel</strong></span> <span class='ocrx_word' id='word_1_394' title='bbox 625 3815 840 3875; x_wconf 82' lang='lat' dir='ltr'><strong>quarta,</strong></span> <span class='ocrx_word' id='word_1_395' title='bbox 867 3805 1138 3867; x_wconf 80' lang='lat' dir='ltr'><strong>Nativitas</strong></span> <span class='ocrx_word' id='word_1_396' title='bbox 1167 3824 1297 3867; x_wconf 89' lang='lat' dir='ltr'><strong>vero</strong></span> <span class='ocrx_word' id='word_1_397' title='bbox 1326 3811 1540 3867; x_wconf 62' lang='lat' dir='ltr'><strong>Donum?</strong></span> <span class='ocrx_word' id='word_1_398' title='bbox 1566 3813 1743 3887; x_wconf 76' lang='lat' dir='ltr'><strong>nostri</strong></span> <span class='ocrx_word' id='word_1_399' title='bbox 1774 3812 1907 3868; x_wconf 87' lang='lat' dir='ltr'><strong>Jesu</strong></span> 
     </span>
    </p>
   </div>
   <div class='ocr_carea' id='block_1_58' title="bbox 316 3894 1909 3958">
    <p class='ocr_par' dir='ltr' id='par_1_58' title="bbox 316 3894 1909 3958">
     <span class='ocr_line' id='line_1_58' title="bbox 316 3894 1909 3958; baseline 0.003 -5"><span class='ocrx_word' id='word_1_400' title='bbox 316 3894 523 3953; x_wconf 87' lang='lat' dir='ltr'><strong>Christi</strong></span> <span class='ocrx_word' id='word_1_401' title='bbox 551 3896 832 3954; x_wconf 89' lang='lat' dir='ltr'><strong>Dominica</strong></span> <span class='ocrx_word' id='word_1_402' title='bbox 875 3909 970 3954; x_wconf 85' lang='lat' dir='ltr'><strong>aut</strong></span> <span class='ocrx_word' id='word_1_403' title='bbox 1011 3900 1246 3957; x_wconf 80' lang='lat' dir='ltr'><strong>secunda</strong></span> <span class='ocrx_word' id='word_1_404' title='bbox 1292 3899 1431 3957; x_wconf 79' lang='lat' dir='ltr'><strong>feria</strong></span> <span class='ocrx_word' id='word_1_405' title='bbox 1472 3902 1792 3958; x_wconf 88' lang='lat' dir='ltr'><strong>acciderint.</strong></span> <span class='ocrx_word' id='word_1_406' title='bbox 1828 3904 1909 3958; x_wconf 84' lang='lat' dir='ltr'><strong>De</strong></span> 
     </span>
    </p>
   </div>
   <div class='ocr_carea' id='block_1_59' title="bbox 317 3988 1912 4065">
    <p class='ocr_par' dir='ltr' id='par_1_59' title="bbox 317 3988 1912 4065">
     <span class='ocr_line' id='line_1_59' title="bbox 317 3988 1912 4065; baseline 0.003 -19"><span class='ocrx_word' id='word_1_407' title='bbox 317 3991 425 4046; x_wconf 89' lang='lat' dir='ltr'><strong>hoc</strong></span> <span class='ocrx_word' id='word_1_408' title='bbox 448 3988 841 4060; x_wconf 84' lang='lat' dir='ltr'><strong>jejunio,quod</strong></span> <span class='ocrx_word' id='word_1_409' title='bbox 869 3990 926 4047; x_wconf 90' lang='lat' dir='ltr'><strong>in</strong></span> <span class='ocrx_word' id='word_1_410' title='bbox 948 3991 1062 4062; x_wconf 84' lang='lat' dir='ltr'><strong>ipsa</strong></span> <span class='ocrx_word' id='word_1_411' title='bbox 1086 3992 1337 4049; x_wconf 87' lang='lat' dir='ltr'><strong>solebant</strong></span> <span class='ocrx_word' id='word_1_412' title='bbox 1362 3993 1545 4065; x_wconf 80' lang='lat' dir='ltr'><strong>vigilia</strong></span> <span class='ocrx_word' id='word_1_413' title='bbox 1572 3994 1912 4065; x_wconf 87' lang='lat' dir='ltr'><strong>antiquiores</strong></span> 
     </span>
    </p>
   </div>
   <div class='ocr_carea' id='block_1_60' title="bbox 312 4081 1912 4153">
    <p class='ocr_par' dir='ltr' id='par_1_60' title="bbox 312 4081 1912 4153">
     <span class='ocr_line' id='line_1_60' title="bbox 312 4081 1912 4153; baseline 0.002 -14"><span class='ocrx_word' id='word_1_414' title='bbox 312 4081 625 4147; x_wconf 83' lang='lat' dir='ltr'><strong>celebrate,</strong></span> <span class='ocrx_word' id='word_1_415' title='bbox 653 4096 818 4150; x_wconf 85' lang='lat' dir='ltr'><strong>supra</strong></span> <span class='ocrx_word' id='word_1_416' title='bbox 867 4084 1178 4141; x_wconf 82' lang='lat' dir='ltr'><strong>nominatus</strong></span> <span class='ocrx_word' id='word_1_417' title='bbox 1205 4084 1342 4139; x_wconf 78' lang='lat' dir='ltr'><strong>dixit</strong></span> <span class='ocrx_word' id='word_1_418' title='bbox 1390 4085 1744 4143; x_wconf 80' lang='lat' dir='ltr'><strong>Amalarius:</strong></span> <span class='ocrx_word' id='word_1_419' title='bbox 1780 4085 1912 4153; x_wconf 55' lang='lat' dir='ltr'><strong>Quae</strong></span> 
     </span>
    </p>
   </div>
   <div class='ocr_carea' id='block_1_61' title="bbox 321 4172 1911 4248">
    <p class='ocr_par' dir='ltr' id='par_1_61' title="bbox 321 4172 1911 4248">
     <span class='ocr_line' id='line_1_61' title="bbox 321 4172 1911 4248; baseline 0.003 -18"><span class='ocrx_word' id='word_1_420' title='bbox 321 4172 665 4230; x_wconf 79' lang='lat' dir='ltr'><strong>consecratio</strong></span> <span class='ocrx_word' id='word_1_421' title='bbox 690 4173 854 4230; x_wconf 89' lang='lat' dir='ltr'><strong>habet</strong></span> <span class='ocrx_word' id='word_1_422' title='bbox 881 4173 1123 4233; x_wconf 72' lang='lat' dir='ltr'><strong>liuentia</strong></span> <span class='ocrx_word' id='word_1_423' title='bbox 1180 4175 1294 4246; x_wconf 84' lang='lat' dir='ltr'><strong>ipsa</strong></span> <span class='ocrx_word' id='word_1_424' title='bbox 1344 4175 1911 4248; x_wconf 68' lang='lat' dir='ltr'><strong>Nativitate.Christi,</strong></span> 
     </span>
    </p>
   </div>
   <div class='ocr_carea' id='block_1_62' title="bbox 236 4265 1912 4336">
    <p class='ocr_par' dir='ltr' id='par_1_62' title="bbox 236 4265 1912 4336">
     <span class='ocr_line' id='line_1_62' title="bbox 236 4265 1912 4336; baseline 0.002 -13"><span class='ocrx_word' id='word_1_425' title='bbox 236 4288 245 4294; x_wconf 54' lang='grc' dir='ltr'><em>ι</em></span> <span class='ocrx_word' id='word_1_426' title='bbox 321 4267 468 4323; x_wconf 88' lang='lat' dir='ltr'><strong>sicut</strong></span> <span class='ocrx_word' id='word_1_427' title='bbox 486 4265 846 4335; x_wconf 90' lang='lat' dir='ltr'><strong>quorumdam</strong></span> <span class='ocrx_word' id='word_1_428' title='bbox 874 4266 1155 4334; x_wconf 85' lang='lat' dir='ltr'><strong>Italorum,</strong></span> <span class='ocrx_word' id='word_1_429' title='bbox 1184 4268 1370 4325; x_wconf 82' lang='lat' dir='ltr'><strong>nescio</strong></span> <span class='ocrx_word' id='word_1_430' title='bbox 1410 4286 1481 4329; x_wconf 70' lang='lat' dir='ltr'><strong>an</strong></span> <span class='ocrx_word' id='word_1_431' title='bbox 1519 4271 1784 4336; x_wconf 86' lang='lat' dir='ltr'><strong>omnium,</strong></span> <span class='ocrx_word' id='word_1_432' title='bbox 1812 4272 1912 4327; x_wconf 90' lang='lat' dir='ltr'><strong>ad-</strong></span> 
     </span>
    </p>
   </div>
   <div class='ocr_carea' id='block_1_63' title="bbox 321 4356 1909 4435">
    <p class='ocr_par' dir='ltr' id='par_1_63' title="bbox 321 4356 1909 4435">
     <span class='ocr_line' id='line_1_63' title="bbox 321 4356 1909 4435; baseline 0.004 -23"><span class='ocrx_word' id='word_1_433' title='bbox 321 4356 433 4413; x_wconf 85' lang='lat' dir='ltr'><strong>huc</strong></span> <span class='ocrx_word' id='word_1_434' title='bbox 453 4372 571 4413; x_wconf 90' lang='lat' dir='ltr'><strong>mos</strong></span> <span class='ocrx_word' id='word_1_435' title='bbox 591 4367 677 4414; x_wconf 84' lang='lat' dir='ltr'><strong>est</strong></span> <span class='ocrx_word' id='word_1_436' title='bbox 695 4371 856 4428; x_wconf 87' lang='lat' dir='ltr'><strong>agere</strong></span> <span class='ocrx_word' id='word_1_437' title='bbox 880 4368 937 4413; x_wconf 87' lang='lat' dir='ltr'><strong>ut</strong></span> <span class='ocrx_word' id='word_1_438' title='bbox 955 4372 1057 4431; x_wconf 82' lang='lat' dir='ltr'><strong>ego</strong></span> <span class='ocrx_word' id='word_1_439' title='bbox 1080 4359 1195 4429; x_wconf 82' lang='lat' dir='ltr'><strong>ipse</strong></span> <span class='ocrx_word' id='word_1_440' title='bbox 1216 4360 1416 4417; x_wconf 87' lang='lat' dir='ltr'><strong>ibidem</strong></span> <span class='ocrx_word' id='word_1_441' title='bbox 1432 4361 1640 4431; x_wconf 90' lang='lat' dir='ltr'><strong>positus</strong></span> <span class='ocrx_word' id='word_1_442' title='bbox 1652 4362 1909 4435; x_wconf 64' lang='lat' dir='ltr'><strong>cogitem;</strong></span> 
     </span>
    </p>
   </div>
   <div class='ocr_carea' id='block_1_64' title="bbox 318 4450 1909 4517">
    <p class='ocr_par' dir='ltr' id='par_1_64' title="bbox 318 4450 1909 4517">
     <span class='ocr_line' id='line_1_64' title="bbox 318 4450 1909 4517; baseline 0.003 -12"><span class='ocrx_word' id='word_1_443' title='bbox 318 4450 425 4508; x_wconf 81' lang='lat' dir='ltr'><strong>sed</strong></span> <span class='ocrx_word' id='word_1_444' title='bbox 448 4466 579 4506; x_wconf 90' lang='lat' dir='ltr'><strong>usus</strong></span> <span class='ocrx_word' id='word_1_445' title='bbox 608 4451 662 4505; x_wconf 92' lang='lat' dir='ltr'><strong>in</strong></span> <span class='ocrx_word' id='word_1_446' title='bbox 687 4451 892 4507; x_wconf 87' lang='lat' dir='ltr'><strong>nostris</strong></span> <span class='ocrx_word' id='word_1_447' title='bbox 912 4454 1159 4509; x_wconf 76' lang='lat' dir='ltr'><strong>excrevit</strong></span> <span class='ocrx_word' id='word_1_448' title='bbox 1192 4452 1455 4511; x_wconf 83' lang='lat' dir='ltr'><strong>Ecclcsiis</strong></span> <span class='ocrx_word' id='word_1_449' title='bbox 1476 4462 1545 4508; x_wconf 75' lang='lat' dir='ltr'><strong>att</strong></span> <span class='ocrx_word' id='word_1_450' title='bbox 1569 4454 1626 4508; x_wconf 90' lang='lat' dir='ltr'><strong>in</strong></span> <span class='ocrx_word' id='word_1_451' title='bbox 1650 4454 1909 4517; x_wconf 75' lang='lat' dir='ltr'><strong>anteriori</strong></span> 
     </span>
    </p>
   </div>
   <div class='ocr_carea' id='block_1_65' title="bbox 322 4542 1912 4619">
    <p class='ocr_par' dir='ltr' id='par_1_65' title="bbox 322 4542 1912 4619">
     <span class='ocr_line' id='line_1_65' title="bbox 322 4542 1912 4619; baseline 0.001 -19"><span class='ocrx_word' id='word_1_452' title='bbox 322 4542 666 4600; x_wconf 82' lang='lat' dir='ltr'><strong>hebdomada</strong></span> <span class='ocrx_word' id='word_1_453' title='bbox 696 4544 1049 4614; x_wconf 87' lang='lat' dir='ltr'><strong>anticipetur,</strong></span> <span class='ocrx_word' id='word_1_454' title='bbox 1076 4547 1204 4616; x_wconf 81' lang='lat' dir='ltr'><strong>quia</strong></span> <span class='ocrx_word' id='word_1_455' title='bbox 1241 4547 1329 4602; x_wconf 87' lang='lat' dir='ltr'><strong>illa</strong></span> <span class='ocrx_word' id='word_1_456' title='bbox 1363 4548 1471 4603; x_wconf 91' lang='lat' dir='ltr'><strong>duo</strong></span> <span class='ocrx_word' id='word_1_457' title='bbox 1507 4546 1681 4603; x_wconf 77' lang='lat' dir='ltr'><strong>cilicia</strong></span> <span class='ocrx_word' id='word_1_458' title='bbox 1716 4546 1912 4619; x_wconf 69' lang='lat' dir='ltr'><strong>jejuni</strong></span> 
     </span>
    </p>
   </div>
   <div class='ocr_carea' id='block_1_66' title="bbox 325 4633 1912 4698">
    <p class='ocr_par' dir='ltr' id='par_1_66' title="bbox 325 4633 1912 4698">
     <span class='ocr_line' id='line_1_66' title="bbox 325 4633 1912 4698; baseline 0.002 -5"><span class='ocrx_word' id='word_1_459' title='bbox 325 4642 386 4693; x_wconf 85' lang='lat' dir='ltr'><strong>et</strong></span> <span class='ocrx_word' id='word_1_460' title='bbox 407 4633 619 4693; x_wconf 79' lang='lat' dir='ltr'><strong>Natalis</strong></span> <span class='ocrx_word' id='word_1_461' title='bbox 650 4635 864 4694; x_wconf 84' lang='lat' dir='ltr'><strong>Domini</strong></span> <span class='ocrx_word' id='word_1_462' title='bbox 895 4653 1007 4695; x_wconf 86' lang='lat' dir='ltr'><strong>non</strong></span> <span class='ocrx_word' id='word_1_463' title='bbox 1055 4641 1388 4696; x_wconf 87' lang='lat' dir='ltr'><strong>conveniunt</strong></span> <span class='ocrx_word' id='word_1_464' title='bbox 1433 4641 1592 4696; x_wconf 88' lang='lat' dir='ltr'><strong>simul</strong></span> <span class='ocrx_word' id='word_1_465' title='bbox 1618 4642 1912 4698; x_wconf 77' lang='lat' dir='ltr'><strong>celebrari.</strong></span> 
     </span>
    </p>
   </div>
   <div class='ocr_carea' id='block_1_67' title="bbox 324 4730 1918 4808">
    <p class='ocr_par' dir='ltr' id='par_1_67' title="bbox 324 4730 1918 4808">
     <span class='ocr_line' id='line_1_67' title="bbox 324 4730 1918 4808; baseline 0.003 -21"><span class='ocrx_word' id='word_1_466' title='bbox 324 4730 465 4787; x_wconf 83' lang='lat' dir='ltr'><strong>Nam</strong></span> <span class='ocrx_word' id='word_1_467' title='bbox 514 4741 568 4788; x_wconf 91' lang='lat' dir='ltr'><strong>et</strong></span> <span class='ocrx_word' id='word_1_468' title='bbox 619 4732 758 4788; x_wconf 86' lang='lat' dir='ltr'><strong>sicut</strong></span> <span class='ocrx_word' id='word_1_469' title='bbox 802 4735 1180 4803; x_wconf 83' lang='lat' dir='ltr'><strong>praeveniendo</strong></span> <span class='ocrx_word' id='word_1_470' title='bbox 1231 4734 1375 4791; x_wconf 91' lang='lat' dir='ltr'><strong>istud</strong></span> <span class='ocrx_word' id='word_1_471' title='bbox 1426 4736 1811 4808; x_wconf 82' lang='lat' dir='ltr'><strong>anticipamus,</strong></span> <span class='ocrx_word' id='word_1_472' title='bbox 1842 4738 1918 4792; x_wconf 88' lang='lat' dir='ltr'><strong>ita</strong></span> 
     </span>
    </p>
   </div>
   <div class='ocr_carea' id='block_1_68' title="bbox 324 4822 1926 4900">
    <p class='ocr_par' dir='ltr' id='par_1_68' title="bbox 324 4822 1926 4900">
     <span class='ocr_line' id='line_1_68' title="bbox 324 4822 1926 4900; baseline 0.001 -19"><span class='ocrx_word' id='word_1_473' title='bbox 324 4823 629 4881; x_wconf 76' lang='lat' dir='ltr'><strong>secundum</strong></span> <span class='ocrx_word' id='word_1_474' title='bbox 659 4822 957 4880; x_wconf 85' lang='lat' dir='ltr'><strong>Sabbatum</strong></span> <span class='ocrx_word' id='word_1_475' title='bbox 985 4822 1133 4880; x_wconf 86' lang='lat' dir='ltr'><strong>Junii</strong></span> <span class='ocrx_word' id='word_1_476' title='bbox 1158 4829 1361 4883; x_wconf 88' lang='lat' dir='ltr'><strong>mensis</strong></span> <span class='ocrx_word' id='word_1_477' title='bbox 1398 4841 1522 4883; x_wconf 90' lang='lat' dir='ltr'><strong>cum</strong></span> <span class='ocrx_word' id='word_1_478' title='bbox 1565 4828 1751 4900; x_wconf 83' lang='lat' dir='ltr'><strong>vigilia</strong></span> <span class='ocrx_word' id='word_1_479' title='bbox 1790 4827 1926 4883; x_wconf 90' lang='lat' dir='ltr'><strong>Pen-</strong></span> 
     </span>
    </p>
   </div>
   <div class='ocr_carea' id='block_1_69' title="bbox 333 4916 1921 4992">
    <p class='ocr_par' dir='ltr' id='par_1_69' title="bbox 333 4916 1921 4992">
     <span class='ocr_line' id='line_1_69' title="bbox 333 4916 1921 4992; baseline 0.001 -19"><span class='ocrx_word' id='word_1_480' title='bbox 333 4926 570 4975; x_wconf 79' lang='lat' dir='ltr'><strong>tecosles</strong></span> <span class='ocrx_word' id='word_1_481' title='bbox 619 4917 667 4974; x_wconf 87' lang='lat' dir='ltr'><strong>si</strong></span> <span class='ocrx_word' id='word_1_482' title='bbox 713 4916 1049 4989; x_wconf 87' lang='lat' dir='ltr'><strong>provenerit,</strong></span> <span class='ocrx_word' id='word_1_483' title='bbox 1098 4917 1470 4991; x_wconf 85' lang='lat' dir='ltr'><strong>prolongando</strong></span> <span class='ocrx_word' id='word_1_484' title='bbox 1508 4921 1560 4973; x_wconf 91' lang='lat' dir='ltr'><strong>in</strong></span> <span class='ocrx_word' id='word_1_485' title='bbox 1605 4922 1921 4992; x_wconf 80' lang='lat' dir='ltr'><strong>proximum</strong></span> 
     </span>
    </p>
   </div>
   <div class='ocr_carea' id='block_1_70' title="bbox 335 5007 1921 5084">
    <p class='ocr_par' dir='ltr' id='par_1_70' title="bbox 335 5007 1921 5084">
     <span class='ocr_line' id='line_1_70' title="bbox 335 5007 1921 5084; baseline 0.002 -20"><span class='ocrx_word' id='word_1_486' title='bbox 335 5007 654 5078; x_wconf 72' lang='lat' dir='ltr'><strong>dill‘erimus,</strong></span> <span class='ocrx_word' id='word_1_487' title='bbox 670 5010 798 5066; x_wconf 84' lang='lat' dir='ltr'><strong>licet</strong></span> <span class='ocrx_word' id='word_1_488' title='bbox 816 5008 990 5066; x_wconf 91' lang='lat' dir='ltr'><strong>nostri</strong></span> <span class='ocrx_word' id='word_1_489' title='bbox 1014 5016 1387 5067; x_wconf 86' lang='lat' dir='ltr'><strong>antecessores</strong></span> <span class='ocrx_word' id='word_1_490' title='bbox 1410 5019 1706 5084; x_wconf 90' lang='lat' dir='ltr'><strong>utrumque</strong></span> <span class='ocrx_word' id='word_1_491' title='bbox 1727 5013 1781 5068; x_wconf 93' lang='lat' dir='ltr'><strong>in</strong></span> <span class='ocrx_word' id='word_1_492' title='bbox 1809 5014 1921 5083; x_wconf 88' lang='lat' dir='ltr'><strong>ipsa</strong></span> 
     </span>
    </p>
   </div>
   <div class='ocr_carea' id='block_1_71' title="bbox 260 5101 1920 5174">
    <p class='ocr_par' dir='ltr' id='par_1_71' title="bbox 260 5101 1920 5174">
     <span class='ocr_line' id='line_1_71' title="bbox 260 5101 1920 5174; baseline 0.002 -18"><span class='ocrx_word' id='word_1_493' title='bbox 260 5142 263 5145; x_wconf 58' lang='grc' dir='ltr'>η</span> <span class='ocrx_word' id='word_1_494' title='bbox 334 5102 516 5174; x_wconf 85' lang='lat' dir='ltr'><strong>vigilia</strong></span> <span class='ocrx_word' id='word_1_495' title='bbox 541 5114 732 5160; x_wconf 90' lang='lat' dir='ltr'><strong>sancta</strong></span> <span class='ocrx_word' id='word_1_496' title='bbox 762 5103 921 5159; x_wconf 88' lang='lat' dir='ltr'><strong>simul</strong></span> <span class='ocrx_word' id='word_1_497' title='bbox 947 5101 1306 5170; x_wconf 88' lang='lat' dir='ltr'><strong>celebrarent,</strong></span> <span class='ocrx_word' id='word_1_498' title='bbox 1324 5103 1469 5159; x_wconf 91' lang='lat' dir='ltr'><strong>sicut</strong></span> <span class='ocrx_word' id='word_1_499' title='bbox 1496 5106 1920 5171; x_wconf 80' lang='lat' dir='ltr'><strong>praetitulatione</strong></span> 
     </span>
    </p>
   </div>
   <div class='ocr_carea' id='block_1_72' title="bbox 338 5192 1921 5265">
    <p class='ocr_par' dir='ltr' id='par_1_72' title="bbox 338 5192 1921 5265">
     <span class='ocr_line' id='line_1_72' title="bbox 338 5192 1921 5265; baseline 0.003 -17"><span class='ocrx_word' id='word_1_500' title='bbox 338 5192 597 5251; x_wconf 90' lang='lat' dir='ltr'><strong>librorum</strong></span> <span class='ocrx_word' id='word_1_501' title='bbox 626 5194 848 5251; x_wconf 85' lang='lat' dir='ltr'><strong>evidens</strong></span> <span class='ocrx_word' id='word_1_502' title='bbox 869 5195 1135 5251; x_wconf 82' lang='lat' dir='ltr'><strong>habemus</strong></span> <span class='ocrx_word' id='word_1_503' title='bbox 1158 5195 1554 5251; x_wconf 89' lang='lat' dir='ltr'><strong>testimonium.</strong></span> <span class='ocrx_word' id='word_1_504' title='bbox 1614 5198 1754 5265; x_wconf 87' lang='lat' dir='ltr'><strong>Quid</strong></span> <span class='ocrx_word' id='word_1_505' title='bbox 1786 5198 1921 5253; x_wconf 86' lang='lat' dir='ltr'><strong>adeo</strong></span> 
     </span>
    </p>
   </div>
   <div class='ocr_carea' id='block_1_73' title="bbox 336 5285 1925 5350">
    <p class='ocr_par' dir='ltr' id='par_1_73' title="bbox 336 5285 1925 5350">
     <span class='ocr_line' id='line_1_73' title="bbox 336 5285 1925 5350; baseline 0 -5"><span class='ocrx_word' id='word_1_506' title='bbox 336 5304 471 5350; x_wconf 85' lang='lat' dir='ltr'><strong>opus</strong></span> <span class='ocrx_word' id='word_1_507' title='bbox 512 5298 619 5350; x_wconf 86' lang='lat' dir='ltr'><strong>est.</strong></span> <span class='ocrx_word' id='word_1_508' title='bbox 670 5304 816 5345; x_wconf 91' lang='lat' dir='ltr'><strong>nunc</strong></span> <span class='ocrx_word' id='word_1_509' title='bbox 860 5287 1087 5350; x_wconf 83' lang='lat' dir='ltr'><strong>inquiri,</strong></span> <span class='ocrx_word' id='word_1_510' title='bbox 1113 5288 1255 5350; x_wconf 89' lang='lat' dir='ltr'><strong>quod</strong></span> <span class='ocrx_word' id='word_1_511' title='bbox 1308 5298 1419 5343; x_wconf 89' lang='lat' dir='ltr'><strong>tam</strong></span> <span class='ocrx_word' id='word_1_512' title='bbox 1472 5285 1633 5350; x_wconf 74' lang='lat' dir='ltr'><strong>longo</strong></span> <span class='ocrx_word' id='word_1_513' title='bbox 1678 5300 1925 5350; x_wconf 86' lang='lat' dir='ltr'><strong>tempore</strong></span> 
     </span>
    </p>
   </div>
   <div class='ocr_carea' id='block_1_74' title="bbox 1942 4412 1992 4472">
    <p class='ocr_par' dir='ltr' id='par_1_74' title="bbox 1942 4412 1992 4472">
     <span class='ocr_line' id='line_1_74' title="bbox 1942 4412 1992 4472; baseline 0 0"><span class='ocrx_word' id='word_1_514' title='bbox 1942 4412 1992 4472; x_wconf 86' lang='grc' dir='ltr'><strong>Ι)</strong></span> 
     </span>
    </p>
   </div>
   <div class='ocr_carea' id='block_1_75' title="bbox 1987 1778 3576 1853">
    <p class='ocr_par' dir='ltr' id='par_1_75' title="bbox 1987 1778 3576 1853">
     <span class='ocr_line' id='line_1_75' title="bbox 1987 1778 3576 1853; baseline -0.003 -16"><span class='ocrx_word' id='word_1_515' title='bbox 1987 1782 2167 1837; x_wconf 80' lang='lat' dir='ltr'><strong>Tertia</strong></span> <span class='ocrx_word' id='word_1_516' title='bbox 2200 1800 2214 1836; x_wconf 88' lang='lat'><strong>:</strong></span> <span class='ocrx_word' id='word_1_517' title='bbox 2247 1782 2389 1837; x_wconf 87' lang='lat' dir='ltr'><strong>Deus</strong></span> <span class='ocrx_word' id='word_1_518' title='bbox 2434 1784 2526 1853; x_wconf 85' lang='lat' dir='ltr'><strong>qui</strong></span> <span class='ocrx_word' id='word_1_519' title='bbox 2572 1783 2642 1836; x_wconf 84' lang='lat' dir='ltr'><strong>ad</strong></span> <span class='ocrx_word' id='word_1_520' title='bbox 2694 1782 3015 1836; x_wconf 86' lang='lat' dir='ltr'><strong>animarum.</strong></span> <span class='ocrx_word' id='word_1_521' title='bbox 3064 1783 3267 1849; x_wconf 86' lang='lat' dir='ltr'><strong>Quarta</strong></span> <span class='ocrx_word' id='word_1_522' title='bbox 3301 1797 3313 1834; x_wconf 87' lang='lat'><strong>:</strong></span> <span class='ocrx_word' id='word_1_523' title='bbox 3346 1778 3576 1844; x_wconf 75' lang='lat' dir='ltr'><strong>Prwsta,</strong></span> 
     </span>
    </p>
   </div>
   <div class='ocr_carea' id='block_1_76' title="bbox 1983 1862 3575 1946">
    <p class='ocr_par' dir='ltr' id='par_1_76' title="bbox 1983 1862 3575 1946">
     <span class='ocr_line' id='line_1_76' title="bbox 1983 1862 3575 1946; baseline -0.003 -16"><span class='ocrx_word' id='word_1_524' title='bbox 1983 1892 2317 1946; x_wconf 73' lang='lat' dir='ltr'><strong>quwsumus,</strong></span> <span class='ocrx_word' id='word_1_525' title='bbox 2351 1876 2677 1945; x_wconf 83' lang='lat' dir='ltr'><strong>omnipotens</strong></span> <span class='ocrx_word' id='word_1_526' title='bbox 2714 1874 2877 1941; x_wconf 84' lang='lat' dir='ltr'><strong>Deus,</strong></span> <span class='ocrx_word' id='word_1_527' title='bbox 2910 1884 2967 1927; x_wconf 89' lang='lat' dir='ltr'><strong>ut</strong></span> <span class='ocrx_word' id='word_1_528' title='bbox 2992 1873 3314 1929; x_wconf 84' lang='lat' dir='ltr'><strong>salutaribus</strong></span> <span class='ocrx_word' id='word_1_529' title='bbox 3331 1862 3575 1942; x_wconf 45' lang='lat' dir='ltr'><strong>jejuniis;</strong></span> 
     </span>
    </p>
   </div>
   <div class='ocr_carea' id='block_1_77' title="bbox 1986 1964 3577 2038">
    <p class='ocr_par' dir='ltr' id='par_1_77' title="bbox 1986 1964 3577 2038">
     <span class='ocr_line' id='line_1_77' title="bbox 1986 1964 3577 2038; baseline -0.002 -17"><span class='ocrx_word' id='word_1_530' title='bbox 1986 1968 2219 2035; x_wconf 87' lang='lat' dir='ltr'><strong>Quinta:</strong></span> <span class='ocrx_word' id='word_1_531' title='bbox 2240 1964 2465 2033; x_wconf 74' lang='lat' dir='ltr'><strong>Praesta,</strong></span> <span class='ocrx_word' id='word_1_532' title='bbox 2489 1983 2789 2038; x_wconf 76' lang='lat' dir='ltr'><strong>quwsumus</strong></span> <span class='ocrx_word' id='word_1_533' title='bbox 2811 1968 3136 2036; x_wconf 81' lang='lat' dir='ltr'><strong>omnipotens</strong></span> <span class='ocrx_word' id='word_1_534' title='bbox 3156 1965 3323 2030; x_wconf 86' lang='lat' dir='ltr'><strong>Deus,</strong></span> <span class='ocrx_word' id='word_1_535' title='bbox 3351 1965 3425 2019; x_wconf 86' lang='lat' dir='ltr'><strong>sie</strong></span> <span class='ocrx_word' id='word_1_536' title='bbox 3457 1980 3577 2018; x_wconf 87' lang='lat' dir='ltr'><strong>nos.</strong></span> 
     </span>
    </p>
   </div>
   <div class='ocr_carea' id='block_1_78' title="bbox 1980 2054 3584 2129">
    <p class='ocr_par' dir='ltr' id='par_1_78' title="bbox 1980 2054 3584 2129">
     <span class='ocr_line' id='line_1_78' title="bbox 1980 2054 3584 2129; baseline -0.002 -17"><span class='ocrx_word' id='word_1_537' title='bbox 1980 2058 2408 2129; x_wconf 77' lang='lat' dir='ltr'><strong>Subsequuntur</strong></span> <span class='ocrx_word' id='word_1_538' title='bbox 2457 2057 2719 2112; x_wconf 87' lang='lat' dir='ltr'><strong>lectiones</strong></span> <span class='ocrx_word' id='word_1_539' title='bbox 2768 2073 2893 2113; x_wconf 91' lang='lat' dir='ltr'><strong>cum</strong></span> <span class='ocrx_word' id='word_1_540' title='bbox 2937 2056 3288 2129; x_wconf 88' lang='lat' dir='ltr'><strong>gradualibus</strong></span> <span class='ocrx_word' id='word_1_541' title='bbox 3333 2075 3347 2111; x_wconf 90' lang='lat'><strong>:</strong></span> <span class='ocrx_word' id='word_1_542' title='bbox 3387 2054 3584 2125; x_wconf 59' lang='lat' dir='ltr'><strong>Propia</strong></span> 
     </span>
    </p>
   </div>
   <div class='ocr_carea' id='block_1_79' title="bbox 1987 2146 3581 2217">
    <p class='ocr_par' dir='ltr' id='par_1_79' title="bbox 1987 2146 3581 2217">
     <span class='ocr_line' id='line_1_79' title="bbox 1987 2146 3581 2217; baseline -0.001 -15"><span class='ocrx_word' id='word_1_543' title='bbox 1987 2150 2116 2216; x_wconf 87' lang='lat' dir='ltr'><strong>tius,</strong></span> <span class='ocrx_word' id='word_1_544' title='bbox 2161 2149 2462 2213; x_wconf 85' lang='lat' dir='ltr'><strong>Protector,</strong></span> <span class='ocrx_word' id='word_1_545' title='bbox 2505 2150 2583 2203; x_wconf 82' lang='lat' dir='ltr'><strong>Ad</strong></span> <span class='ocrx_word' id='word_1_546' title='bbox 2623 2148 2931 2217; x_wconf 70' lang='lat' dir='ltr'><strong>Dominum,</strong></span> <span class='ocrx_word' id='word_1_547' title='bbox 2972 2147 3258 2217; x_wconf 72' lang='lat' dir='ltr'><strong>.Dt&#39;rigatur</strong></span> <span class='ocrx_word' id='word_1_548' title='bbox 3277 2157 3325 2202; x_wconf 88' lang='lat' dir='ltr'><strong>et</strong></span> <span class='ocrx_word' id='word_1_549' title='bbox 3348 2146 3581 2203; x_wconf 79' lang='lat' dir='ltr'><strong>Benedi-</strong></span> 
     </span>
    </p>
   </div>
   <div class='ocr_carea' id='block_1_80' title="bbox 1988 2236 3580 2309">
    <p class='ocr_par' dir='ltr' id='par_1_80' title="bbox 1988 2236 3580 2309">
     <span class='ocr_line' id='line_1_80' title="bbox 1988 2236 3580 2309; baseline -0.001 -14"><span class='ocrx_word' id='word_1_550' title='bbox 1988 2242 2108 2295; x_wconf 88' lang='lat' dir='ltr'><strong>cite.</strong></span> <span class='ocrx_word' id='word_1_551' title='bbox 2157 2240 2240 2294; x_wconf 86' lang='lat' dir='ltr'><strong>Ad</strong></span> <span class='ocrx_word' id='word_1_552' title='bbox 2286 2240 2510 2294; x_wconf 88' lang='lat' dir='ltr'><strong>missam</strong></span> <span class='ocrx_word' id='word_1_553' title='bbox 2549 2258 2561 2292; x_wconf 91' lang='lat'><strong>:</strong></span> <span class='ocrx_word' id='word_1_554' title='bbox 2599 2236 2834 2304; x_wconf 73' lang='lat' dir='ltr'><strong>Prwsta,</strong></span> <span class='ocrx_word' id='word_1_555' title='bbox 2869 2254 3204 2309; x_wconf 75' lang='lat' dir='ltr'><strong>qutesumus,</strong></span> <span class='ocrx_word' id='word_1_556' title='bbox 3250 2238 3580 2306; x_wconf 86' lang='lat' dir='ltr'><strong>omnipotens</strong></span> 
     </span>
    </p>
   </div>
   <div class='ocr_carea' id='block_1_81' title="bbox 1990 2329 3584 2401">
    <p class='ocr_par' dir='ltr' id='par_1_81' title="bbox 1990 2329 3584 2401">
     <span class='ocr_line' id='line_1_81' title="bbox 1990 2329 3584 2401; baseline -0.003 -12"><span class='ocrx_word' id='word_1_557' title='bbox 1990 2335 2159 2399; x_wconf 86' lang='lat' dir='ltr'><strong>Deus,</strong></span> <span class='ocrx_word' id='word_1_558' title='bbox 2202 2346 2256 2387; x_wconf 90' lang='lat' dir='ltr'><strong>ut</strong></span> <span class='ocrx_word' id='word_1_559' title='bbox 2290 2334 2569 2387; x_wconf 75' lang='lat' dir='ltr'><strong>claritatis.</strong></span> <span class='ocrx_word' id='word_1_560' title='bbox 2622 2332 2853 2388; x_wconf 88' lang='lat' dir='ltr'><strong>Lectio:</strong></span> <span class='ocrx_word' id='word_1_561' title='bbox 2884 2330 3017 2386; x_wconf 87' lang='lat' dir='ltr'><strong>Cum</strong></span> <span class='ocrx_word' id='word_1_562' title='bbox 3062 2329 3250 2401; x_wconf 81' lang='lat' dir='ltr'><strong>Apollo</strong></span> <span class='ocrx_word' id='word_1_563' title='bbox 3298 2340 3431 2384; x_wconf 83' lang='lat' dir='ltr'><strong>esset</strong></span> <span class='ocrx_word' id='word_1_564' title='bbox 3480 2330 3584 2385; x_wconf 88' lang='lat' dir='ltr'><strong>Co-</strong></span> 
     </span>
    </p>
   </div>
   <div class='ocr_carea' id='block_1_82' title="bbox 1992 2419 3584 2492">
    <p class='ocr_par' dir='ltr' id='par_1_82' title="bbox 1992 2419 3584 2492">
     <span class='ocr_line' id='line_1_82' title="bbox 1992 2419 3584 2492; baseline -0.003 -14"><span class='ocrx_word' id='word_1_565' title='bbox 1992 2426 2172 2480; x_wconf 84' lang='lat' dir='ltr'><strong>rinthi.</strong></span> <span class='ocrx_word' id='word_1_566' title='bbox 2208 2424 2438 2479; x_wconf 86' lang='lat' dir='ltr'><strong>Alleluia</strong></span> <span class='ocrx_word' id='word_1_567' title='bbox 2471 2441 2483 2476; x_wconf 90' lang='lat'>:</span> <span class='ocrx_word' id='word_1_568' title='bbox 2518 2421 2875 2492; x_wconf 82' lang='lat' dir='ltr'><strong>Con/itemini.</strong></span> <span class='ocrx_word' id='word_1_569' title='bbox 2904 2421 3173 2477; x_wconf 87' lang='lat' dir='ltr'><strong>Tractus:</strong></span> <span class='ocrx_word' id='word_1_570' title='bbox 3201 2419 3441 2474; x_wconf 83' lang='lat' dir='ltr'><strong>Laudate</strong></span> <span class='ocrx_word' id='word_1_571' title='bbox 3474 2419 3584 2474; x_wconf 83' lang='lat' dir='ltr'><strong>Do-</strong></span> 
     </span>
    </p>
   </div>
   <div class='ocr_carea' id='block_1_83' title="bbox 1988 2509 3587 2585">
    <p class='ocr_par' dir='ltr' id='par_1_83' title="bbox 1988 2509 3587 2585">
     <span class='ocr_line' id='line_1_83' title="bbox 1988 2509 3587 2585; baseline -0.003 -16"><span class='ocrx_word' id='word_1_572' title='bbox 1988 2517 2217 2570; x_wconf 83' lang='lat' dir='ltr'><strong>minum.</strong></span> <span class='ocrx_word' id='word_1_573' title='bbox 2254 2514 2605 2585; x_wconf 79' lang='lat' dir='ltr'><strong>Evangelium</strong></span> <span class='ocrx_word' id='word_1_574' title='bbox 2645 2514 2941 2568; x_wconf 90' lang='lat' dir='ltr'><strong>secundum</strong></span> <span class='ocrx_word' id='word_1_575' title='bbox 2973 2511 3238 2567; x_wconf 84' lang='lat' dir='ltr'><strong>Joannem</strong></span> <span class='ocrx_word' id='word_1_576' title='bbox 3270 2527 3284 2564; x_wconf 91' lang='lat'><strong>:</strong></span> <span class='ocrx_word' id='word_1_577' title='bbox 3318 2509 3379 2565; x_wconf 90' lang='lat' dir='ltr'><strong>Si</strong></span> <span class='ocrx_word' id='word_1_578' title='bbox 3408 2509 3587 2581; x_wconf 85' lang='lat' dir='ltr'><strong>diligi-</strong></span> 
     </span>
    </p>
   </div>
   <div class='ocr_carea' id='block_1_84' title="bbox 1992 2599 3581 2675">
    <p class='ocr_par' dir='ltr' id='par_1_84' title="bbox 1992 2599 3581 2675">
     <span class='ocr_line' id='line_1_84' title="bbox 1992 2599 3581 2675; baseline -0.004 -13"><span class='ocrx_word' id='word_1_579' title='bbox 1992 2610 2059 2663; x_wconf 86' lang='lat' dir='ltr'><strong>tis</strong></span> <span class='ocrx_word' id='word_1_580' title='bbox 2093 2625 2193 2662; x_wconf 86' lang='lat' dir='ltr'><strong>me.</strong></span> <span class='ocrx_word' id='word_1_581' title='bbox 2248 2605 2439 2663; x_wconf 73' lang='lat' dir='ltr'><strong>Oli‘ert.</strong></span> <span class='ocrx_word' id='word_1_582' title='bbox 2476 2624 2489 2659; x_wconf 89' lang='lat'>:</span> <span class='ocrx_word' id='word_1_583' title='bbox 2522 2605 2717 2660; x_wconf 85' lang='lat' dir='ltr'><strong>Emitte</strong></span> <span class='ocrx_word' id='word_1_584' title='bbox 2763 2605 3031 2675; x_wconf 80' lang='lat' dir='ltr'><strong>spiritum.</strong></span> <span class='ocrx_word' id='word_1_585' title='bbox 3076 2604 3290 2658; x_wconf 77' lang='lat' dir='ltr'><strong>Comm.</strong></span> <span class='ocrx_word' id='word_1_586' title='bbox 3321 2599 3581 2656; x_wconf 80' lang='lat' dir='ltr'><strong>:‘Ultima.</strong></span> 
     </span>
    </p>
   </div>
   <div class='ocr_carea' id='block_1_85' title="bbox 1996 2691 3588 2770">
    <p class='ocr_par' dir='ltr' id='par_1_85' title="bbox 1996 2691 3588 2770">
     <span class='ocr_line' id='line_1_85' title="bbox 1996 2691 3588 2770; baseline -0.008 -13"><span class='ocrx_word' id='word_1_587' title='bbox 1996 2701 2195 2770; x_wconf 86' lang='lat' dir='ltr'><strong>Utique</strong></span> <span class='ocrx_word' id='word_1_588' title='bbox 2239 2698 2539 2755; x_wconf 84' lang='lat' dir='ltr'><strong>secundum</strong></span> <span class='ocrx_word' id='word_1_589' title='bbox 2585 2697 3035 2753; x_wconf 77' lang='lat' dir='ltr'><strong>consuetudinem</strong></span> <span class='ocrx_word' id='word_1_590' title='bbox 3090 2694 3392 2764; x_wconf 87' lang='lat' dir='ltr'><strong>antiquam.</strong></span> <span class='ocrx_word' id='word_1_591' title='bbox 3449 2691 3588 2748; x_wconf 84' lang='lat' dir='ltr'><strong>Gra-</strong></span> 
     </span>
    </p>
   </div>
   <div class='ocr_carea' id='block_1_86' title="bbox 1995 2784 3587 2859">
    <p class='ocr_par' dir='ltr' id='par_1_86' title="bbox 1995 2784 3587 2859">
     <span class='ocr_line' id='line_1_86' title="bbox 1995 2784 3587 2859; baseline -0.008 -10"><span class='ocrx_word' id='word_1_592' title='bbox 1995 2793 2197 2859; x_wconf 86' lang='lat' dir='ltr'><strong>dualia,</strong></span> <span class='ocrx_word' id='word_1_593' title='bbox 2248 2793 2391 2847; x_wconf 89' lang='lat' dir='ltr'><strong>sicut</strong></span> <span class='ocrx_word' id='word_1_594' title='bbox 2431 2807 2536 2847; x_wconf 91' lang='lat' dir='ltr'><strong>non</strong></span> <span class='ocrx_word' id='word_1_595' title='bbox 2587 2789 2762 2845; x_wconf 89' lang='lat' dir='ltr'><strong>solum</strong></span> <span class='ocrx_word' id='word_1_596' title='bbox 2814 2790 2867 2842; x_wconf 88' lang='lat' dir='ltr'><strong>in</strong></span> <span class='ocrx_word' id='word_1_597' title='bbox 2915 2788 3119 2843; x_wconf 83' lang='lat' dir='ltr'><strong>nostris</strong></span> <span class='ocrx_word' id='word_1_598' title='bbox 3160 2786 3316 2842; x_wconf 88' lang='lat' dir='ltr'><strong>libris</strong></span> <span class='ocrx_word' id='word_1_599' title='bbox 3356 2784 3587 2840; x_wconf 89' lang='lat' dir='ltr'><strong>habetur</strong></span> 
     </span>
    </p>
   </div>
   <div class='ocr_carea' id='block_1_87' title="bbox 1998 2877 3588 2966">
    <p class='ocr_par' dir='ltr' id='par_1_87' title="bbox 1998 2877 3588 2966">
     <span class='ocr_line' id='line_1_87' title="bbox 1998 2877 3588 2966; baseline -0.006 -27"><span class='ocrx_word' id='word_1_600' title='bbox 1998 2885 2286 2949; x_wconf 89' lang='lat' dir='ltr'><strong>insertum,</strong></span> <span class='ocrx_word' id='word_1_601' title='bbox 2332 2882 2427 2938; x_wconf 85' lang='lat' dir='ltr'><strong>sed</strong></span> <span class='ocrx_word' id='word_1_602' title='bbox 2466 2882 2653 2947; x_wconf 88' lang='lat' dir='ltr'><strong>etiam,</strong></span> <span class='ocrx_word' id='word_1_603' title='bbox 2704 2888 2763 2935; x_wconf 90' lang='lat' dir='ltr'><strong>ut</strong></span> <span class='ocrx_word' id='word_1_604' title='bbox 2796 2879 2858 2966; x_wconf 47' lang='lat' dir='ltr'><strong>.in</strong></span> <span class='ocrx_word' id='word_1_605' title='bbox 2892 2878 3127 2949; x_wconf 87' lang='lat' dir='ltr'><strong>quodam</strong></span> <span class='ocrx_word' id='word_1_606' title='bbox 3164 2877 3357 2933; x_wconf 87' lang='lat' dir='ltr'><strong>ordine</strong></span> <span class='ocrx_word' id='word_1_607' title='bbox 3392 2892 3588 2931; x_wconf 87' lang='lat' dir='ltr'><strong>secun-</strong></span> 
     </span>
    </p>
   </div>
   <div class='ocr_carea' id='block_1_88' title="bbox 1998 2970 3587 3044">
    <p class='ocr_par' dir='ltr' id='par_1_88' title="bbox 1998 2970 3587 3044">
     <span class='ocr_line' id='line_1_88' title="bbox 1998 2970 3587 3044; baseline -0.005 -13"><span class='ocrx_word' id='word_1_608' title='bbox 1998 2976 2126 3032; x_wconf 91' lang='lat' dir='ltr'><strong>dum</strong></span> <span class='ocrx_word' id='word_1_609' title='bbox 2158 2974 2333 3031; x_wconf 88' lang='lat' dir='ltr'><strong>sancti</strong></span> <span class='ocrx_word' id='word_1_610' title='bbox 2362 2973 2562 3029; x_wconf 89' lang='lat' dir='ltr'><strong>Gelasii</strong></span> <span class='ocrx_word' id='word_1_611' title='bbox 2590 2987 2743 3044; x_wconf 62' lang='lat' dir='ltr'><strong>papae</strong></span> <span class='ocrx_word' id='word_1_612' title='bbox 2767 2972 3151 3027; x_wconf 86' lang='lat' dir='ltr'><strong>auctoritatem</strong></span> <span class='ocrx_word' id='word_1_613' title='bbox 3192 2972 3366 3042; x_wconf 86' lang='lat' dir='ltr'><strong>reperi</strong></span> <span class='ocrx_word' id='word_1_614' title='bbox 3401 2970 3587 3042; x_wconf 79' lang='lat' dir='ltr'><strong>praeti-</strong></span> 
     </span>
    </p>
   </div>
   <div class='ocr_carea' id='block_1_89' title="bbox 2002 3062 3595 3135">
    <p class='ocr_par' dir='ltr' id='par_1_89' title="bbox 2002 3062 3595 3135">
     <span class='ocr_line' id='line_1_89' title="bbox 2002 3062 3595 3135; baseline -0.004 -12"><span class='ocrx_word' id='word_1_615' title='bbox 2002 3067 2251 3123; x_wconf 87' lang='lat' dir='ltr'><strong>tulatum.</strong></span> <span class='ocrx_word' id='word_1_616' title='bbox 2297 3065 2400 3135; x_wconf 90' lang='lat' dir='ltr'><strong>Qui</strong></span> <span class='ocrx_word' id='word_1_617' title='bbox 2444 3079 2565 3120; x_wconf 88' lang='lat' dir='ltr'><strong>mos</strong></span> <span class='ocrx_word' id='word_1_618' title='bbox 2608 3079 2783 3134; x_wconf 88' lang='lat' dir='ltr'><strong>usque</strong></span> <span class='ocrx_word' id='word_1_619' title='bbox 2824 3063 3007 3129; x_wconf 90' lang='lat' dir='ltr'><strong>hodie,</strong></span> <span class='ocrx_word' id='word_1_620' title='bbox 3038 3072 3096 3117; x_wconf 92' lang='lat' dir='ltr'><strong>ut</strong></span> <span class='ocrx_word' id='word_1_621' title='bbox 3120 3072 3461 3132; x_wconf 87' lang='lat' dir='ltr'><strong>compertum</strong></span> <span class='ocrx_word' id='word_1_622' title='bbox 3492 3062 3595 3116; x_wconf 89' lang='lat' dir='ltr'><strong>ha-</strong></span> 
     </span>
    </p>
   </div>
   <div class='ocr_carea' id='block_1_90' title="bbox 1992 3154 3594 3227">
    <p class='ocr_par' dir='ltr' id='par_1_90' title="bbox 1992 3154 3594 3227">
     <span class='ocr_line' id='line_1_90' title="bbox 1992 3154 3594 3227; baseline -0.005 -10"><span class='ocrx_word' id='word_1_623' title='bbox 1992 3161 2208 3227; x_wconf 76' lang='lat' dir='ltr'><strong>bemus,</strong></span> <span class='ocrx_word' id='word_1_624' title='bbox 2234 3161 2290 3214; x_wconf 93' lang='lat' dir='ltr'><strong>in</strong></span> <span class='ocrx_word' id='word_1_625' title='bbox 2319 3167 2508 3215; x_wconf 87' lang='lat' dir='ltr'><strong>sancta</strong></span> <span class='ocrx_word' id='word_1_626' title='bbox 2539 3158 2783 3212; x_wconf 75' lang='lat' dir='ltr'><strong>Romana</strong></span> <span class='ocrx_word' id='word_1_627' title='bbox 2823 3164 3079 3212; x_wconf 88' lang='lat' dir='ltr'><strong>servatur</strong></span> <span class='ocrx_word' id='word_1_628' title='bbox 3120 3154 3388 3211; x_wconf 86' lang='lat' dir='ltr'><strong>Ecclesia.</strong></span> <span class='ocrx_word' id='word_1_629' title='bbox 3430 3154 3594 3211; x_wconf 74' lang='lat' dir='ltr'><strong>Vide-</strong></span> 
     </span>
    </p>
   </div>
   <div class='ocr_carea' id='block_1_91' title="bbox 1994 3246 3591 3324">
    <p class='ocr_par' dir='ltr' id='par_1_91' title="bbox 1994 3246 3591 3324">
     <span class='ocr_line' id='line_1_91' title="bbox 1994 3246 3591 3324; baseline -0.004 -16"><span class='ocrx_word' id='word_1_630' title='bbox 1994 3262 2089 3308; x_wconf 85' lang='lat' dir='ltr'><strong>tur</strong></span> <span class='ocrx_word' id='word_1_631' title='bbox 2132 3268 2351 3324; x_wconf 88' lang='lat' dir='ltr'><strong>quoque</strong></span> <span class='ocrx_word' id='word_1_632' title='bbox 2393 3251 2445 3305; x_wconf 89' lang='lat' dir='ltr'><strong>id</strong></span> <span class='ocrx_word' id='word_1_633' title='bbox 2492 3251 2623 3305; x_wconf 86' lang='lat' dir='ltr'><strong>huic</strong></span> <span class='ocrx_word' id='word_1_634' title='bbox 2665 3248 2969 3303; x_wconf 80' lang='lat' dir='ltr'><strong>narrationi</strong></span> <span class='ocrx_word' id='word_1_635' title='bbox 3005 3262 3284 3303; x_wconf 87' lang='lat' dir='ltr'><strong>assensum</strong></span> <span class='ocrx_word' id='word_1_636' title='bbox 3325 3246 3591 3316; x_wconf 64' lang='lat' dir='ltr'><strong>praebere,</strong></span> 
     </span>
    </p>
   </div>
   <div class='ocr_carea' id='block_1_92' title="bbox 2001 3335 3594 3417">
    <p class='ocr_par' dir='ltr' id='par_1_92' title="bbox 2001 3335 3594 3417">
     <span class='ocr_line' id='line_1_92' title="bbox 2001 3335 3594 3417; baseline -0.007 -16"><span class='ocrx_word' id='word_1_637' title='bbox 2001 3347 2145 3417; x_wconf 91' lang='lat' dir='ltr'><strong>quod</strong></span> <span class='ocrx_word' id='word_1_638' title='bbox 2177 3345 2233 3399; x_wconf 90' lang='lat' dir='ltr'><strong>in</strong></span> <span class='ocrx_word' id='word_1_639' title='bbox 2276 3342 2606 3398; x_wconf 87' lang='lat' dir='ltr'><strong>authenticis</strong></span> <span class='ocrx_word' id='word_1_640' title='bbox 2642 3339 3055 3410; x_wconf 88' lang='lat' dir='ltr'><strong>Antiphonariis</strong></span> <span class='ocrx_word' id='word_1_641' title='bbox 3084 3339 3191 3393; x_wconf 92' lang='lat' dir='ltr'><strong>duo</strong></span> <span class='ocrx_word' id='word_1_642' title='bbox 3222 3346 3435 3392; x_wconf 90' lang='lat' dir='ltr'><strong>tantum</strong></span> <span class='ocrx_word' id='word_1_643' title='bbox 3461 3335 3594 3390; x_wconf 87' lang='lat' dir='ltr'><strong>alle-</strong></span> 
     </span>
    </p>
   </div>
   <div class='ocr_carea' id='block_1_93' title="bbox 2002 3423 3593 3498">
    <p class='ocr_par' dir='ltr' id='par_1_93' title="bbox 2002 3423 3593 3498">
     <span class='ocr_line' id='line_1_93' title="bbox 2002 3423 3593 3498; baseline -0.007 -8"><span class='ocrx_word' id='word_1_644' title='bbox 2002 3436 2114 3490; x_wconf 83' lang='lat' dir='ltr'><strong>luia</strong></span> <span class='ocrx_word' id='word_1_645' title='bbox 2138 3434 2491 3489; x_wconf 89' lang='lat' dir='ltr'><strong>inveniuntur</strong></span> <span class='ocrx_word' id='word_1_646' title='bbox 2514 3430 2821 3498; x_wconf 84' lang='lat' dir='ltr'><strong>descripta;</strong></span> <span class='ocrx_word' id='word_1_647' title='bbox 2858 3430 2962 3483; x_wconf 93' lang='lat' dir='ltr'><strong>hoc</strong></span> <span class='ocrx_word' id='word_1_648' title='bbox 2996 3436 3081 3483; x_wconf 89' lang='lat' dir='ltr'><strong>est</strong></span> <span class='ocrx_word' id='word_1_649' title='bbox 3109 3445 3123 3483; x_wconf 95' lang='lat'><strong>:</strong></span> <span class='ocrx_word' id='word_1_650' title='bbox 3158 3427 3383 3480; x_wconf 85' lang='lat' dir='ltr'><strong>Emittes</strong></span> <span class='ocrx_word' id='word_1_651' title='bbox 3413 3423 3593 3495; x_wconf 81' lang='lat' dir='ltr'><strong>Spiri-</strong></span> 
     </span>
    </p>
   </div>
   <div class='ocr_carea' id='block_1_94' title="bbox 2006 3514 3598 3596">
    <p class='ocr_par' dir='ltr' id='par_1_94' title="bbox 2006 3514 3598 3596">
     <span class='ocr_line' id='line_1_94' title="bbox 2006 3514 3598 3596; baseline -0.005 -14"><span class='ocrx_word' id='word_1_652' title='bbox 2006 3539 2141 3592; x_wconf 87' lang='lat' dir='ltr'><strong>tum,</strong></span> <span class='ocrx_word' id='word_1_653' title='bbox 2188 3536 2242 3581; x_wconf 84' lang='lat' dir='ltr'><strong>et</strong></span> <span class='ocrx_word' id='word_1_654' title='bbox 2290 3524 2523 3596; x_wconf 83' lang='lat' dir='ltr'><strong>Spiritus</strong></span> <span class='ocrx_word' id='word_1_655' title='bbox 2567 3522 2815 3586; x_wconf 87' lang='lat' dir='ltr'><strong>Domini;</strong></span> <span class='ocrx_word' id='word_1_656' title='bbox 2864 3529 3061 3575; x_wconf 65' lang='lat' dir='ltr'><strong>caetera</strong></span> <span class='ocrx_word' id='word_1_657' title='bbox 3106 3534 3291 3575; x_wconf 88' lang='lat' dir='ltr'><strong>veroa</strong></span> <span class='ocrx_word' id='word_1_658' title='bbox 3318 3514 3598 3574; x_wconf 72' lang='lat' dir='ltr'><strong>modernis</strong></span> 
     </span>
    </p>
   </div>
   <div class='ocr_carea' id='block_1_95' title="bbox 2006 3606 3601 3686">
    <p class='ocr_par' dir='ltr' id='par_1_95' title="bbox 2006 3606 3601 3686">
     <span class='ocr_line' id='line_1_95' title="bbox 2006 3606 3601 3686; baseline -0.006 -14"><span class='ocrx_word' id='word_1_659' title='bbox 2006 3627 2135 3672; x_wconf 89' lang='lat' dir='ltr'><strong>sunt</strong></span> <span class='ocrx_word' id='word_1_660' title='bbox 2188 3614 2508 3686; x_wconf 86' lang='lat' dir='ltr'><strong>composita.</strong></span> <span class='ocrx_word' id='word_1_661' title='bbox 2588 3612 2930 3683; x_wconf 87' lang='lat' dir='ltr'><strong>Quapropter</strong></span> <span class='ocrx_word' id='word_1_662' title='bbox 2988 3610 3306 3665; x_wconf 88' lang='lat' dir='ltr'><strong>intuendum</strong></span> <span class='ocrx_word' id='word_1_663' title='bbox 3346 3616 3429 3664; x_wconf 86' lang='lat' dir='ltr'><strong>est</strong></span> <span class='ocrx_word' id='word_1_664' title='bbox 3464 3606 3601 3677; x_wconf 69' lang='lat' dir='ltr'><strong>quia</strong></span> 
     </span>
    </p>
   </div>
   <div class='ocr_carea' id='block_1_96' title="bbox 2002 3695 3603 3770">
    <p class='ocr_par' dir='ltr' id='par_1_96' title="bbox 2002 3695 3603 3770">
     <span class='ocr_line' id='line_1_96' title="bbox 2002 3695 3603 3770; baseline -0.007 -5"><span class='ocrx_word' id='word_1_665' title='bbox 2002 3710 2057 3765; x_wconf 83' lang='lat' dir='ltr'><strong>si</strong></span> <span class='ocrx_word' id='word_1_666' title='bbox 2106 3709 2160 3763; x_wconf 91' lang='lat' dir='ltr'><strong>in</strong></span> <span class='ocrx_word' id='word_1_667' title='bbox 2220 3705 2566 3762; x_wconf 88' lang='lat' dir='ltr'><strong>monasteriis</strong></span> <span class='ocrx_word' id='word_1_668' title='bbox 2628 3703 2843 3760; x_wconf 86' lang='lat' dir='ltr'><strong>alleluia</strong></span> <span class='ocrx_word' id='word_1_669' title='bbox 2897 3711 3092 3759; x_wconf 88' lang='lat' dir='ltr'><strong>cautus</strong></span> <span class='ocrx_word' id='word_1_670' title='bbox 3146 3700 3421 3767; x_wconf 87' lang='lat' dir='ltr'><strong>abundat,</strong></span> <span class='ocrx_word' id='word_1_671' title='bbox 3469 3695 3603 3770; x_wconf 83' lang='lat' dir='ltr'><strong>quid</strong></span> 
     </span>
    </p>
   </div>
   <div class='ocr_carea' id='block_1_97' title="bbox 2011 3791 3602 3874">
    <p class='ocr_par' dir='ltr' id='par_1_97' title="bbox 2011 3791 3602 3874">
     <span class='ocr_line' id='line_1_97' title="bbox 2011 3791 3602 3874; baseline -0.009 -16"><span class='ocrx_word' id='word_1_672' title='bbox 2011 3802 2287 3874; x_wconf 85' lang='lat' dir='ltr'><strong>simplices</strong></span> <span class='ocrx_word' id='word_1_673' title='bbox 2327 3798 2576 3854; x_wconf 91' lang='lat' dir='ltr'><strong>villarum</strong></span> <span class='ocrx_word' id='word_1_674' title='bbox 2616 3795 2919 3868; x_wconf 80' lang='lat' dir='ltr'><strong>presbyteri</strong></span> <span class='ocrx_word' id='word_1_675' title='bbox 2963 3802 3152 3866; x_wconf 84' lang='lat' dir='ltr'><strong>agunt,</strong></span> <span class='ocrx_word' id='word_1_676' title='bbox 3192 3792 3285 3863; x_wconf 92' lang='lat' dir='ltr'><strong>qui</strong></span> <span class='ocrx_word' id='word_1_677' title='bbox 3332 3792 3420 3846; x_wconf 80' lang='lat' dir='ltr'><strong>vix</strong></span> <span class='ocrx_word' id='word_1_678' title='bbox 3466 3791 3602 3845; x_wconf 84' lang='lat' dir='ltr'><strong>duo-</strong></span> 
     </span>
    </p>
   </div>
   <div class='ocr_carea' id='block_1_98' title="bbox 2006 3879 3601 3953">
    <p class='ocr_par' dir='ltr' id='par_1_98' title="bbox 2006 3879 3601 3953">
     <span class='ocr_line' id='line_1_98' title="bbox 2006 3879 3601 3953; baseline -0.012 0"><span class='ocrx_word' id='word_1_679' title='bbox 2006 3913 2133 3953; x_wconf 80' lang='lat' dir='ltr'><strong>rum</strong></span> <span class='ocrx_word' id='word_1_680' title='bbox 2178 3904 2389 3951; x_wconf 89' lang='lat' dir='ltr'><strong>tantum</strong></span> <span class='ocrx_word' id='word_1_681' title='bbox 2447 3890 2697 3945; x_wconf 88' lang='lat' dir='ltr'><strong>notitiam</strong></span> <span class='ocrx_word' id='word_1_682' title='bbox 2745 3888 2995 3945; x_wconf 82' lang='lat' dir='ltr'><strong>habent?</strong></span> <span class='ocrx_word' id='word_1_683' title='bbox 3055 3886 3126 3943; x_wconf 87' lang='lat' dir='ltr'><strong>Ut</strong></span> <span class='ocrx_word' id='word_1_684' title='bbox 3177 3883 3422 3942; x_wconf 88' lang='lat' dir='ltr'><strong>omnium</strong></span> <span class='ocrx_word' id='word_1_685' title='bbox 3474 3879 3601 3937; x_wconf 88' lang='lat' dir='ltr'><strong>vul-</strong></span> 
     </span>
    </p>
   </div>
   <div class='ocr_carea' id='block_1_99' title="bbox 2006 3977 3603 4063">
    <p class='ocr_par' dir='ltr' id='par_1_99' title="bbox 2006 3977 3603 4063">
     <span class='ocr_line' id='line_1_99' title="bbox 2006 3977 3603 4063; baseline -0.009 -17"><span class='ocrx_word' id='word_1_686' title='bbox 2006 3993 2130 4063; x_wconf 81' lang='lat' dir='ltr'><strong>gari</strong></span> <span class='ocrx_word' id='word_1_687' title='bbox 2184 3988 2477 4062; x_wconf 90' lang='lat' dir='ltr'><strong>proverbio</strong></span> <span class='ocrx_word' id='word_1_688' title='bbox 2534 3996 2692 4054; x_wconf 89' lang='lat' dir='ltr'><strong>utar,</strong></span> <span class='ocrx_word' id='word_1_689' title='bbox 2756 3994 2851 4040; x_wconf 89' lang='lat' dir='ltr'><strong>aut</strong></span> <span class='ocrx_word' id='word_1_690' title='bbox 2901 3990 3129 4040; x_wconf 89' lang='lat' dir='ltr'><strong>cantant</strong></span> <span class='ocrx_word' id='word_1_691' title='bbox 3185 3980 3329 4052; x_wconf 86' lang='lat' dir='ltr'><strong>quod</strong></span> <span class='ocrx_word' id='word_1_692' title='bbox 3389 3977 3603 4043; x_wconf 87' lang='lat' dir='ltr'><strong>sciunt,</strong></span> 
     </span>
    </p>
   </div>
   <div class='ocr_carea' id='block_1_100' title="bbox 2016 4069 3609 4152">
    <p class='ocr_par' dir='ltr' id='par_1_100' title="bbox 2016 4069 3609 4152">
     <span class='ocr_line' id='line_1_100' title="bbox 2016 4069 3609 4152; baseline -0.011 -13"><span class='ocrx_word' id='word_1_693' title='bbox 2016 4093 2109 4139; x_wconf 88' lang='lat' dir='ltr'><strong>aut</strong></span> <span class='ocrx_word' id='word_1_694' title='bbox 2156 4093 2342 4138; x_wconf 89' lang='lat' dir='ltr'><strong>tacere</strong></span> <span class='ocrx_word' id='word_1_695' title='bbox 2398 4079 2800 4152; x_wconf 87' lang='lat' dir='ltr'><strong>compelluntur</strong></span> <span class='ocrx_word' id='word_1_696' title='bbox 2846 4076 2991 4148; x_wconf 92' lang='lat' dir='ltr'><strong>quod</strong></span> <span class='ocrx_word' id='word_1_697' title='bbox 3040 4072 3311 4129; x_wconf 87' lang='lat' dir='ltr'><strong>nesciunt.</strong></span> <span class='ocrx_word' id='word_1_698' title='bbox 3356 4069 3475 4125; x_wconf 77' lang='lat' dir='ltr'><strong>Non</strong></span> <span class='ocrx_word' id='word_1_699' title='bbox 3523 4078 3609 4123; x_wconf 89' lang='lat' dir='ltr'><strong>ta-</strong></span> 
     </span>
    </p>
   </div>
   <div class='ocr_carea' id='block_1_101' title="bbox 2017 4163 3605 4239">
    <p class='ocr_par' dir='ltr' id='par_1_101' title="bbox 2017 4163 3605 4239">
     <span class='ocr_line' id='line_1_101' title="bbox 2017 4163 3605 4239; baseline -0.011 -6"><span class='ocrx_word' id='word_1_700' title='bbox 2017 4192 2140 4233; x_wconf 88' lang='lat' dir='ltr'><strong>men</strong></span> <span class='ocrx_word' id='word_1_701' title='bbox 2200 4177 2318 4231; x_wconf 69' lang='lat' dir='ltr'><strong>liaec</strong></span> <span class='ocrx_word' id='word_1_702' title='bbox 2368 4173 2650 4239; x_wconf 86' lang='lat' dir='ltr'><strong>scribens,</strong></span> <span class='ocrx_word' id='word_1_703' title='bbox 2701 4169 3171 4227; x_wconf 87' lang='lat' dir='ltr'><strong>sanctissimorum</strong></span> <span class='ocrx_word' id='word_1_704' title='bbox 3224 4163 3605 4220; x_wconf 84' lang='lat' dir='ltr'><strong>auctoritatem</strong></span> 
     </span>
    </p>
   </div>
   <div class='ocr_carea' id='block_1_102' title="bbox 2012 4253 3607 4342">
    <p class='ocr_par' dir='ltr' id='par_1_102' title="bbox 2012 4253 3607 4342">
     <span class='ocr_line' id='line_1_102' title="bbox 2012 4253 3607 4342; baseline -0.011 -17"><span class='ocrx_word' id='word_1_705' title='bbox 2012 4267 2362 4342; x_wconf 80' lang='lat' dir='ltr'><strong>sacerdotum</strong></span> <span class='ocrx_word' id='word_1_706' title='bbox 2420 4262 2752 4337; x_wconf 74' lang='lat' dir='ltr'><strong>praeiudico,</strong></span> <span class='ocrx_word' id='word_1_707' title='bbox 2811 4277 2948 4332; x_wconf 89' lang='lat' dir='ltr'><strong>quos</strong></span> <span class='ocrx_word' id='word_1_708' title='bbox 3033 4258 3090 4315; x_wconf 92' lang='lat' dir='ltr'><strong>in</strong></span> <span class='ocrx_word' id='word_1_709' title='bbox 3146 4263 3339 4314; x_wconf 73' lang='lat' dir='ltr'><strong>sancte</strong></span> <span class='ocrx_word' id='word_1_710' title='bbox 3386 4253 3607 4325; x_wconf 81' lang='lat' dir='ltr'><strong>Spiritu</strong></span> 
     </span>
    </p>
   </div>
   <div class='ocr_carea' id='block_1_103' title="bbox 2016 4347 3610 4435">
    <p class='ocr_par' dir='ltr' id='par_1_103' title="bbox 2016 4347 3610 4435">
     <span class='ocr_line' id='line_1_103' title="bbox 2016 4347 3610 4435; baseline -0.01 -16"><span class='ocrx_word' id='word_1_711' title='bbox 2016 4367 2402 4435; x_wconf 85' lang='lat' dir='ltr'><strong>congregatos,</strong></span> <span class='ocrx_word' id='word_1_712' title='bbox 2435 4358 2759 4429; x_wconf 83' lang='lat' dir='ltr'><strong>jamdudum</strong></span> <span class='ocrx_word' id='word_1_713' title='bbox 2796 4354 2978 4414; x_wconf 87' lang='lat' dir='ltr'><strong>audivi</strong></span> <span class='ocrx_word' id='word_1_714' title='bbox 3020 4354 3075 4409; x_wconf 89' lang='lat' dir='ltr'><strong>in</strong></span> <span class='ocrx_word' id='word_1_715' title='bbox 3114 4350 3466 4426; x_wconf 81' lang='lat' dir='ltr'><strong>synodalibus</strong></span> <span class='ocrx_word' id='word_1_716' title='bbox 3493 4347 3610 4404; x_wconf 90' lang='lat' dir='ltr'><strong>suis</strong></span> 
     </span>
    </p>
   </div>
   <div class='ocr_carea' id='block_1_104' title="bbox 2019 4439 3608 4520">
    <p class='ocr_par' dir='ltr' id='par_1_104' title="bbox 2019 4439 3608 4520">
     <span class='ocr_line' id='line_1_104' title="bbox 2019 4439 3608 4520; baseline -0.011 -9"><span class='ocrx_word' id='word_1_717' title='bbox 2019 4454 2254 4511; x_wconf 88' lang='lat' dir='ltr'><strong>decretis</strong></span> <span class='ocrx_word' id='word_1_718' title='bbox 2307 4452 2568 4509; x_wconf 86' lang='lat' dir='ltr'><strong>statuisse</strong></span> <span class='ocrx_word' id='word_1_719' title='bbox 2630 4459 2690 4505; x_wconf 90' lang='lat' dir='ltr'><strong>ut</strong></span> <span class='ocrx_word' id='word_1_720' title='bbox 2735 4448 2911 4520; x_wconf 83' lang='lat' dir='ltr'><strong>magis</strong></span> <span class='ocrx_word' id='word_1_721' title='bbox 2961 4445 3199 4501; x_wconf 89' lang='lat' dir='ltr'><strong>debeant</strong></span> <span class='ocrx_word' id='word_1_722' title='bbox 3253 4441 3468 4498; x_wconf 84' lang='lat' dir='ltr'><strong>alleluia</strong></span> <span class='ocrx_word' id='word_1_723' title='bbox 3515 4439 3608 4494; x_wconf 91' lang='lat' dir='ltr'><strong>de-</strong></span> 
     </span>
    </p>
   </div>
   <div class='ocr_carea' id='block_1_105' title="bbox 2018 4532 3641 4621">
    <p class='ocr_par' dir='ltr' id='par_1_105' title="bbox 2018 4532 3641 4621">
     <span class='ocr_line' id='line_1_105' title="bbox 2018 4532 3641 4621; baseline -0.012 -18"><span class='ocrx_word' id='word_1_724' title='bbox 2018 4547 2260 4613; x_wconf 81' lang='lat' dir='ltr'><strong>cantari;</strong></span> <span class='ocrx_word' id='word_1_725' title='bbox 2299 4544 2397 4602; x_wconf 90' lang='lat' dir='ltr'><strong>sed</strong></span> <span class='ocrx_word' id='word_1_726' title='bbox 2432 4541 2757 4615; x_wconf 89' lang='lat' dir='ltr'><strong>simpliciter</strong></span> <span class='ocrx_word' id='word_1_727' title='bbox 2784 4555 2906 4611; x_wconf 67' lang='lat' dir='ltr'><strong>qua:</strong></span> <span class='ocrx_word' id='word_1_728' title='bbox 2940 4538 3145 4595; x_wconf 87' lang='lat' dir='ltr'><strong>sentire</strong></span> <span class='ocrx_word' id='word_1_729' title='bbox 3170 4535 3321 4609; x_wconf 89' lang='lat' dir='ltr'><strong>potui</strong></span> <span class='ocrx_word' id='word_1_730' title='bbox 3344 4532 3411 4587; x_wconf 89' lang='lat' dir='ltr'><strong>ad</strong></span> <span class='ocrx_word' id='word_1_731' title='bbox 3443 4533 3641 4621; x_wconf 23' lang='lat' dir='ltr'><strong>inter-&#39;</strong></span> 
     </span>
    </p>
   </div>
   <div class='ocr_carea' id='block_1_106' title="bbox 2022 4623 3676 4710">
    <p class='ocr_par' dir='ltr' id='par_1_106' title="bbox 2022 4623 3676 4710">
     <span class='ocr_line' id='line_1_106' title="bbox 2022 4623 3676 4710; baseline -0.011 -15"><span class='ocrx_word' id='word_1_732' title='bbox 2022 4647 2212 4710; x_wconf 80' lang='lat' dir='ltr'><strong>rogata</strong></span> <span class='ocrx_word' id='word_1_733' title='bbox 2250 4636 2580 4709; x_wconf 88' lang='lat' dir='ltr'><strong>respondere</strong></span> <span class='ocrx_word' id='word_1_734' title='bbox 2622 4633 2833 4701; x_wconf 86' lang='lat' dir='ltr'><strong>curavi,</strong></span> <span class='ocrx_word' id='word_1_735' title='bbox 2880 4629 3165 4689; x_wconf 89' lang='lat' dir='ltr'><strong>consulere</strong></span> <span class='ocrx_word' id='word_1_736' title='bbox 3207 4626 3395 4683; x_wconf 90' lang='lat' dir='ltr'><strong>volens</strong></span> <span class='ocrx_word' id='word_1_737' title='bbox 3424 4623 3612 4690; x_wconf 89' lang='lat' dir='ltr'><strong>etiam,</strong></span> <span class='ocrx_word' id='word_1_738' title='bbox 3670 4638 3676 4646; x_wconf 91' lang='grc'>·</span> 
     </span>
    </p>
   </div>
   <div class='ocr_carea' id='block_1_107' title="bbox 2025 4714 3619 4804">
    <p class='ocr_par' dir='ltr' id='par_1_107' title="bbox 2025 4714 3619 4804">
     <span class='ocr_line' id='line_1_107' title="bbox 2025 4714 3619 4804; baseline -0.011 -14"><span class='ocrx_word' id='word_1_739' title='bbox 2025 4734 2071 4790; x_wconf 89' lang='lat' dir='ltr'><strong>si</strong></span> <span class='ocrx_word' id='word_1_740' title='bbox 2097 4747 2338 4804; x_wconf 89' lang='lat' dir='ltr'><strong>possum,</strong></span> <span class='ocrx_word' id='word_1_741' title='bbox 2369 4730 2479 4787; x_wconf 89' lang='lat' dir='ltr'><strong>mei</strong></span> <span class='ocrx_word' id='word_1_742' title='bbox 2508 4728 2770 4785; x_wconf 89' lang='lat' dir='ltr'><strong>similium</strong></span> <span class='ocrx_word' id='word_1_743' title='bbox 2803 4724 3110 4797; x_wconf 80' lang='lat' dir='ltr'><strong>imperitiae,</strong></span> <span class='ocrx_word' id='word_1_744' title='bbox 3142 4722 3237 4792; x_wconf 93' lang='lat' dir='ltr'><strong>qui</strong></span> <span class='ocrx_word' id='word_1_745' title='bbox 3282 4726 3362 4774; x_wconf 92' lang='lat' dir='ltr'><strong>tot</strong></span> <span class='ocrx_word' id='word_1_746' title='bbox 3396 4714 3619 4772; x_wconf 80' lang='lat' dir='ltr'><strong>alleluia</strong></span> 
     </span>
    </p>
   </div>
   <div class='ocr_carea' id='block_1_108' title="bbox 2023 4806 3629 4887">
    <p class='ocr_par' dir='ltr' id='par_1_108' title="bbox 2023 4806 3629 4887">
     <span class='ocr_line' id='line_1_108' title="bbox 2023 4806 3629 4887; baseline -0.01 -5"><span class='ocrx_word' id='word_1_747' title='bbox 2023 4842 2131 4882; x_wconf 90' lang='lat' dir='ltr'><strong>non</strong></span> <span class='ocrx_word' id='word_1_748' title='bbox 2163 4832 2367 4882; x_wconf 85' lang='lat' dir='ltr'><strong>norunt</strong></span> <span class='ocrx_word' id='word_1_749' title='bbox 2398 4832 2644 4879; x_wconf 88' lang='lat' dir='ltr'><strong>cantare.</strong></span> <span class='ocrx_word' id='word_1_750' title='bbox 2695 4820 2789 4876; x_wconf 89' lang='lat' dir='ltr'><strong>Sic</strong></span> <span class='ocrx_word' id='word_1_751' title='bbox 2834 4819 2887 4873; x_wconf 92' lang='lat' dir='ltr'><strong>in</strong></span> <span class='ocrx_word' id='word_1_752' title='bbox 2933 4815 3171 4887; x_wconf 88' lang='lat' dir='ltr'><strong>quodam</strong></span> <span class='ocrx_word' id='word_1_753' title='bbox 3208 4810 3389 4869; x_wconf 91' lang='lat' dir='ltr'><strong>libello</strong></span> <span class='ocrx_word' id='word_1_754' title='bbox 3417 4809 3484 4863; x_wconf 90' lang='lat' dir='ltr'><strong>de</strong></span> <span class='ocrx_word' id='word_1_755' title='bbox 3513 4806 3629 4866; x_wconf 86' lang='lat' dir='ltr'><strong>hoc</strong></span> 
     </span>
    </p>
   </div>
   <div class='ocr_carea' id='block_1_109' title="bbox 2023 4902 3634 4989">
    <p class='ocr_par' dir='ltr' id='par_1_109' title="bbox 2023 4902 3634 4989">
     <span class='ocr_line' id='line_1_109' title="bbox 2023 4902 3634 4989; baseline -0.01 -16"><span class='ocrx_word' id='word_1_756' title='bbox 2023 4920 2215 4974; x_wconf 90' lang='lat' dir='ltr'><strong>ordine</strong></span> <span class='ocrx_word' id='word_1_757' title='bbox 2248 4918 2352 4989; x_wconf 82' lang='lat' dir='ltr'><strong>legi</strong></span> <span class='ocrx_word' id='word_1_758' title='bbox 2382 4931 2484 4987; x_wconf 90' lang='lat' dir='ltr'><strong>per</strong></span> <span class='ocrx_word' id='word_1_759' title='bbox 2523 4912 2772 4983; x_wconf 90' lang='lat' dir='ltr'><strong>singulas</strong></span> <span class='ocrx_word' id='word_1_760' title='bbox 2790 4909 3095 4971; x_wconf 90' lang='lat' dir='ltr'><strong>orationes,</strong></span> <span class='ocrx_word' id='word_1_761' title='bbox 3129 4907 3390 4961; x_wconf 90' lang='lat' dir='ltr'><strong>debemus</strong></span> <span class='ocrx_word' id='word_1_762' title='bbox 3421 4902 3634 4962; x_wconf 79' lang='lat' dir='ltr'><strong>mentis</strong></span> 
     </span>
    </p>
   </div>
   <div class='ocr_carea' id='block_1_110' title="bbox 2023 4998 3634 5077">
    <p class='ocr_par' dir='ltr' id='par_1_110' title="bbox 2023 4998 3634 5077">
     <span class='ocr_line' id='line_1_110' title="bbox 2023 4998 3634 5077; baseline -0.009 -12"><span class='ocrx_word' id='word_1_763' title='bbox 2023 5010 2385 5065; x_wconf 85' lang='lat' dir='ltr'><strong>humilitatem</strong></span> <span class='ocrx_word' id='word_1_764' title='bbox 2415 5022 2516 5077; x_wconf 86' lang='lat' dir='ltr'><strong>per</strong></span> <span class='ocrx_word' id='word_1_765' title='bbox 2539 5019 2778 5075; x_wconf 83' lang='lat' dir='ltr'><strong>genuum</strong></span> <span class='ocrx_word' id='word_1_766' title='bbox 2808 4999 3094 5057; x_wconf 81' lang='lat' dir='ltr'><strong>ﬂexionem</strong></span> <span class='ocrx_word' id='word_1_767' title='bbox 3121 4998 3435 5059; x_wconf 88' lang='lat' dir='ltr'><strong>ostendere,</strong></span> <span class='ocrx_word' id='word_1_768' title='bbox 3460 5006 3634 5050; x_wconf 86' lang='lat' dir='ltr'><strong>exce-</strong></span> 
     </span>
    </p>
   </div>
   <div class='ocr_carea' id='block_1_111' title="bbox 2028 5084 3638 5176">
    <p class='ocr_par' dir='ltr' id='par_1_111' title="bbox 2028 5084 3638 5176">
     <span class='ocr_line' id='line_1_111' title="bbox 2028 5084 3638 5176; baseline -0.011 -15"><span class='ocrx_word' id='word_1_769' title='bbox 2028 5114 2122 5176; x_wconf 86' lang='lat' dir='ltr'><strong>pto</strong></span> <span class='ocrx_word' id='word_1_770' title='bbox 2162 5103 2307 5159; x_wconf 79' lang='lat' dir='ltr'><strong>infra</strong></span> <span class='ocrx_word' id='word_1_771' title='bbox 2347 5101 2735 5155; x_wconf 86' lang='lat' dir='ltr'><strong>Pentecosten.</strong></span> <span class='ocrx_word' id='word_1_772' title='bbox 2772 5096 2831 5151; x_wconf 85' lang='lat' dir='ltr'><strong>In</strong></span> <span class='ocrx_word' id='word_1_773' title='bbox 2887 5093 3001 5151; x_wconf 90' lang='lat' dir='ltr'><strong>sola</strong></span> <span class='ocrx_word' id='word_1_774' title='bbox 3039 5092 3293 5148; x_wconf 89' lang='lat' dir='ltr'><strong>oratione</strong></span> <span class='ocrx_word' id='word_1_775' title='bbox 3316 5088 3383 5144; x_wconf 88' lang='lat' dir='ltr'><strong>de</strong></span> <span class='ocrx_word' id='word_1_776' title='bbox 3410 5084 3638 5147; x_wconf 80' lang='lat' dir='ltr'><strong>camino</strong></span> 
     </span>
    </p>
   </div>
   <div class='ocr_carea' id='block_1_112' title="bbox 2031 5181 3645 5270">
    <p class='ocr_par' dir='ltr' id='par_1_112' title="bbox 2031 5181 3645 5270">
     <span class='ocr_line' id='line_1_112' title="bbox 2031 5181 3645 5270; baseline -0.011 -16"><span class='ocrx_word' id='word_1_777' title='bbox 2031 5197 2172 5270; x_wconf 81' lang='lat' dir='ltr'><strong>ignis</strong></span> <span class='ocrx_word' id='word_1_778' title='bbox 2213 5211 2322 5252; x_wconf 89' lang='lat' dir='ltr'><strong>non</strong></span> <span class='ocrx_word' id='word_1_779' title='bbox 2353 5192 2625 5249; x_wconf 79' lang='lat' dir='ltr'><strong>ﬂectimus</strong></span> <span class='ocrx_word' id='word_1_780' title='bbox 2659 5205 2861 5262; x_wconf 88' lang='lat' dir='ltr'><strong>genua,</strong></span> <span class='ocrx_word' id='word_1_781' title='bbox 2886 5184 3104 5259; x_wconf 89' lang='lat' dir='ltr'><strong>quando</strong></span> <span class='ocrx_word' id='word_1_782' title='bbox 3129 5181 3645 5241; x_wconf 83' lang='lat' dir='ltr'><strong>Nabuchodonosor</strong></span> 
     </span>
    </p>
   </div>
   <div class='ocr_carea' id='block_1_113' title="bbox 2034 5272 3645 5350">
    <p class='ocr_par' dir='ltr' id='par_1_113' title="bbox 2034 5272 3645 5350">
     <span class='ocr_line' id='line_1_113' title="bbox 2034 5272 3645 5350; baseline -0.011 -3"><span class='ocrx_word' id='word_1_783' title='bbox 2034 5287 2390 5350; x_wconf 82' lang='lat' dir='ltr'><strong>compellebat</strong></span> <span class='ocrx_word' id='word_1_784' title='bbox 2414 5283 2675 5350; x_wconf 90' lang='lat' dir='ltr'><strong>populum</strong></span> <span class='ocrx_word' id='word_1_785' title='bbox 2699 5285 2931 5339; x_wconf 87' lang='lat' dir='ltr'><strong>adorare</strong></span> <span class='ocrx_word' id='word_1_786' title='bbox 2952 5285 3191 5336; x_wconf 88' lang='lat' dir='ltr'><strong>statuam</strong></span> <span class='ocrx_word' id='word_1_787' title='bbox 3216 5291 3380 5350; x_wconf 89' lang='lat' dir='ltr'><strong>quam</strong></span> <span class='ocrx_word' id='word_1_788' title='bbox 3405 5272 3645 5347; x_wconf 75' lang='lat' dir='ltr'><strong>fecerat,</strong></span> 
     </span>
    </p>
   </div>
  </div>
