4072 5350
561 215 584 270 ί
595 214 700 272 079

1668 205 2014 267 BERNONIS
2047 205 2342 265 ABBATIS
2377 202 2743 263 AUGIENSIS

3691 188 3828 250 1080

560 341 629 384 ne
660 326 940 383 videamur
979 323 1099 381 illos
1145 323 1348 381 imitari
1388 323 1480 395 qui
1521 336 1659 394 opus
1697 323 1900 379 bonum
1953 321 2138 378 stude-
2166 322 2220 384 Α
2244 319 2428 375 batum
2460 324 2733 387 computa,
2757 315 3065 382 iterumque
3088 308 3227 366 alias
3246 302 3669 379 quatuordecim

560 419 693 475 bant
737 417 878 474 male
920 418 1135 490 operari
1165 436 1178 473 :
1209 416 1664 489 quemadmodum
1696 425 1826 473 tunc
1858 416 1926 470 ab
1951 414 2138 471 osculo

559 509 917 579 abstinemus,
941 518 1162 581 propter
1189 508 1340 566 Juda:
1379 509 1657 567 traditoris
1690 506 2016 576 exemplum,
2046 504 2139 575 qui

558 616 657 673 per
704 599 970 657 simulata:
1014 601 1166 671 pacis
1208 600 1452 657 osculum
1487 599 1707 655 tradidit
1736 598 2024 653 Dominum
2049 594 2140 652 Je-

554 710 674 751 sum
703 694 1000 752 Christum.
1041 695 1099 751 Si
1134 695 1257 767 quis
1295 694 1500 765 jejunia
1542 694 1786 763 Quatuor
1828 702 2136 762 temporum

553 785 797 858 legitimo
833 787 1025 844 ordine
1053 787 1331 846 celebrare
1358 787 1651 851 desiderat,
1680 801 1844 857 supra
1874 784 2137 855 scriptum

556 890 937 952 argumentum
968 895 1037 938 ex
1081 881 1368 939 sententiis
1410 889 1724 937 sanctorum
1764 878 1985 933 Patrum
2030 874 2142 931 col-

555 969 755 1027 lectum
794 972 1089 1028 observare
1127 989 1236 1029 non
1273 971 1534 1046 negligat.
1567 970 1806 1025 Primum
1840 968 2137 1025 Sabbatum

559 1063 781 1132 Martii,
831 1080 954 1122 cum
1000 1066 1342 1137 praecedente
1396 1064 1638 1135 ejusdem
1692 1061 1897 1118 mensis
1944 1066 2138 1130 quarta

558 1156 736 1225 feria,
786 1166 918 1215 nota
969 1159 1294 1232 diligenter,
1347 1167 1404 1212 et
1451 1156 1520 1213 ab
1567 1157 1684 1227 ipso
1726 1151 2135 1225 quatuordecim

553 1248 924 1308 hebdomadas
962 1266 1137 1323 usque
1185 1252 1241 1307 in
1283 1253 1582 1308 secundum
1609 1248 1755 1304 Junii
1777 1247 1980 1304 mensis
2005 1244 2141 1301 Sab-

2246 409 2508 467 domadas
2543 407 2743 464 abhinc
2779 418 2954 475 usque
2983 402 3039 457 in
3073 401 3296 457 tertium
3333 395 3670 469 septembris
3697 393 3834 449 Sab-

2244 503 2451 568 batum,
2487 500 2631 572 quod
2670 497 2818 554 nullo
2854 497 3014 552 modo
3050 502 3102 550 te
3128 492 3289 559 fallit,
3338 500 3703 552 eonnumera,
3748 483 3834 539 iu-

2246 596 2418 666 deque
2458 592 2765 664 proximum
2816 586 3114 644 Sabbatum
3155 590 3286 640 ante
3327 578 3686 636 Nativitatem
3726 573 3835 631 Do-

2245 687 2398 752 mini,
2442 685 2557 745 sive
2603 679 3052 753 quatuordecim,
3106 677 3220 733 sive
3272 671 3536 730 tredecim
3592 667 3835 734 fuerint,

2246 793 2459 850 semper
2480 774 2738 843 observa;
2766 782 2823 830 et
2855 774 2909 829 in
2937 771 3024 827 his
3051 766 3278 841 singulis
3305 772 3542 838 quatuor
3563 760 3836 850 Sabbato-

2243 846 2380 926 runr
2405 869 2614 934 diebus,
2655 867 2859 937 absque
2897 863 3006 918 ullo
3044 875 3233 917 errore
3264 861 3519 914 occurret
3560 852 3666 908 tibi
3700 846 3837 937 legi-

2242 963 2374 1019 time
2421 959 2551 1015 illud
2587 936 2875 1029 jejunium,
2906 955 3051 1024 quod
3082 951 3135 1007 in
3165 948 3657 1005 Sacramentorum
3685 936 3839 993 libn's

2238 1049 2602 1124 praetitulatur
2623 1063 2748 1104 cum
2770 1045 3056 1103 duodecim
3078 1039 3404 1099 lectionibus
3422 1029 3835 1124 celebrandum.

2242 1121 2394 1216 Quod
2417 1145 2463 1201 si
2483 1143 2666 1216 vigilia
2687 1139 2896 1196 Natalis
2916 1137 3129 1196 Domini
3158 1137 3213 1192 in
3240 1131 3481 1191 Sabbato
3517 1125 3762 1188 venerit,
3784 1121 3838 1216 in

2240 1214 2609 1308 hebdomade.
2633 1234 2800 1305 priori
2829 1233 2980 1307 idem
3012 1228 3281 1303 jejunium
3312 1226 3475 1283 debet
3512 1214 3833 1290 anticipari.

563 1378 3832 1436 _____________________________________.__

1716 1545 2675 1711 BERNONIS
3604 1430 3861 1796 ί

1282 1829 1885 1952 ABBATIS
1969 1819 2454 1944 AUGle
2542 1813 3096 1935 DIVITIS

2016 2028 2380 2121 LIBER

624 2196 975 2268 QUALITER
1010 2192 1384 2253 ADVENTUS
1421 2190 1655 2252 DOMINI
1691 2160 2153 2248 CELEBRETUR
2190 2151 2477 2325 QUgNDO
2510 2170 2881 2231 NATIVITAS
2920 2165 3156 2228 DOMINI
3193 2158 3401 2223 FERIA
3439 2161 3774 2232 SECUNDA

1988 2271 2290 2325 EVENERI
2343 2310 2358 2325 .

1988 2271 2358 2333 EVENERIT.

1619 2417 1768 2492 (Pez,
1813 2412 2114 2470 Thesaurus
2139 2400 2339 2463 Anecd.
2375 2401 2463 2472 IV,
2498 2419 2564 2472 tt,
2591 2401 2710 2474 ‘59.)

1986 2546 2370 2566 Μ

545 2655 741 2728 Incipit
763 2655 983 2729 epistola
1007 2655 1168 2710 Bern.
1192 2655 1467 2723 Augiensis
1494 2655 1798 2704 monasterii
1819 2655 2041 2706 novatis,
2065 2655 2132 2693 aa

616 2728 897 2782 Aribonem
922 2724 1289 2796 Moguntinum
1324 2721 1795 2796 archiepiscopum,
1823 2714 1888 2766 de
1901 2726 2138 2796 .eolq'ua-r

618 2797 739 2851 liter
768 2782 1039 2851 Adventu;
1082 2795 1293 2849 Domini
1341 2794 1438 2846 hoc
1468 2782 1606 2845 anno
1649 2782 1910 2841 celebrari
1956 2782 2139 2835 debeat

615 2868 828 2940 quando
861 2865 1127 2920 Nativitas
1159 2863 1372 2919 Domini
1395 2859 1623 2915 secunda
1657 2857 1791 2926 [cria
1818 2853 2086 2918 evenerit.,

618 2979 857 3037 Summae
912 2976 1192 3048 dignitatis
1241 2973 1395 3044 apice
1439 2971 1728 3027 sublimato
1774 2970 2003 3024 Antnom
2043 2980 2136 3020 ar-

546 3075 914 3147 chiepiscopo,
947 3087 1045 3144 per
1092 3085 1253 3143 quem
1284 3069 1341 3125 in
1393 3084 1522 3124 area
1563 3066 1777 3123 Domini
1818 3067 1959 3121 bona
2003 3078 2136 3119 con-

548 3168 723 3226 servis
760 3165 991 3223 ﬁdeliter
1014 3164 1427 3220 administratur
1459 3159 1624 3215 tritici
1655 3172 1931 3224 mensura,
1963 3156 2133 3224 Bsmv,

543 3261 648 3317 etsi
677 3258 784 3316 vile
831 3258 926 3314 Dei
977 3255 1169 3312 Matris
1213 3254 1566 3327 mancipium,
1619 3249 1750 3307 illud
1798 3249 1940 3306 servi
2002 3248 2134 3306 boni

543 3352 692 3423 Euge
718 3358 869 3422 optat
897 3350 952 3404 in
984 3347 1331 3420 prooemium.

614 3440 843 3510 Quoties
871 3440 922 3495 in
945 3436 1314 3495 Ecclesiastici
1345 3434 1552 3492 ordinis
1575 3435 1684 3491 ritu
1707 3434 1886 3491 minus
1907 3447 2135 3491 concor-

540 3535 758 3600 damus,
783 3539 999 3604 oportet
1025 3539 1085 3586 ut
1107 3530 1174 3586 ad
1205 3528 1494 3586 consilium
1524 3528 1911 3600 magistrorum
1940 3541 2131 3582 recur-

543 3641 752 3692 ramus,
781 3638 881 3696 per
915 3638 1076 3694 quos,
1104 3631 1166 3678 ut
1213 3621 1498 3692 Scriptura
1551 3628 1806 3689 testatur,
1851 3618 2133 3691 Sapientia

541 3719 726 3775 divina
754 3716 1022 3789 profunda
1048 3715 1331 3772 ﬂuviorum
1357 3723 1597 3772 scrutata
1625 3723 1711 3772 est
1730 3723 1787 3770 et
1815 3713 2132 3770 abscondita

540 3808 800 3880 produxit
832 3808 885 3864 in
914 3806 1112 3874 lucem,
1134 3806 1448 3876 legislatore
1471 3806 1524 3863 id
1545 3807 1712 3865 etiam
1736 3805 2127 3876 praecipiente:

536 3898 822 3971 Interroga
847 3908 1049 3971 patrem
1080 3909 1251 3965 tuum,
1280 3907 1329 3953 et
1360 3897 1698 3953 annuntiabit
1739 3896 1834 3951 tibi
1855 3914 1877 3962 ;
1902 3896 2130 3967 majores

725 2652 983 2729 tepistola
1007 2653 1168 2729 Bern.
1192 2649 1473 2729 Augiensis
1494 2644 1798 2729 monasterii
1819 2640 2041 2729 abbatis,
2065 2636 2135 2693 ad
2166 2636 2214 2697 Β
2264 2668 2271 2669 κ
2312 2638 2549 2729 quatuor
2576 2625 2934 2682 hebdomadas
2980 2623 3237 2680 Adventui
3267 2618 3583 2678 celebrando
3625 2619 3835 2676 dandas

2242 2750 2251 2771 λ
2313 2718 2446 2757 esse.

2312 2816 2385 2874 Ut
2414 2815 2561 2872 enim
2595 2813 2839 2886 apertius
2866 2813 3010 2869 unde
3041 2828 3348 2885 quaeramus
3385 2824 3676 2883 agnoscas,
3710 2808 3841 2864 inti.

2237 2923 2453 2964 mamus
2483 2907 2629 2978 quod
2669 2918 2848 2961 tamen
2897 2904 3011 2975 jam
3043 2905 3244 2960 dudum
3285 2914 3340 2961 te
3387 2903 3561 2960 latere
3607 2900 3839 2958 minime

2238 2999 2534 3065 credimus,
2566 2997 2996 3068 quotiescunque
3021 2996 3229 3052 Natalis
3274 2994 3487 3052 Domini
3514 2994 3571 3049 in
3594 2991 3838 3050 secunda

2239 3090 2394 3156 feria,
2418 3089 2567 3145 velut
2586 3090 2639 3144 in
2664 3088 2920 3160 praesenti
2944 3102 3108 3155 anno,
3134 3086 3401 3154 evenerit,
3423 3100 3657 3158 magnus
3675 3096 3840 3139 error

2235 3196 2336 3252 per
2365 3181 2643 3238 Ecclesias
2687 3181 2784 3237 Dei
2821 3196 2879 3237 se
2917 3179 3173 3247 infundit,
3206 3178 3330 3235 aliis
3378 3176 3687 3234 dicentibus
3724 3188 3837 3231 non

2236 3272 2437 3329 debere
2484 3272 2606 3344 plus
2655 3287 2817 3343 quam
2867 3281 3103 3343 quatuor
3154 3271 3272 3327 dies
3332 3269 3651 3327 Dominicos
3698 3283 3833 3325 eum

2235 3362 2353 3434 ipsa
2381 3347 2752 3420 sacratissima
2780 3360 3079 3419 Dominicae
3120 3360 3438 3416 Nativitatis
3474 3358 3661 3430 vigilia
3690 3356 3838 3415 cele—

2234 3455 2420 3522 brari;
2459 3456 2581 3512 aliis
2632 3470 2764 3512 vero
2815 3470 2847 3511 e
2904 3454 3127 3527 regione
3183 3450 3662 3517 contendentibus,
3711 3465 3835 3506 ma-

2234 3547 2317 3617 gis
2370 3555 2623 3617 oportere
2676 3555 2914 3618 quatuor
2957 3545 3146 3616 plenas
3183 3542 3553 3600 hebdomadas
3608 3542 3837 3598 Λόγους

2237 3646 2351 3692 tum
2378 3635 2593 3692 Domini
2619 3636 2844 3704 habere,
2875 3636 3130 3709 quintum
3158 3635 3300 3691 diem
3328 3632 3674 3690 Dominicum
3702 3647 3833 3704 spe-

2234 3729 2448 3786 cialiter
2478 3728 2674 3801 vigilite
2695 3728 2911 3785 Domini
2938 3728 3281 3795 dedicantes,
3309 3726 3517 3782 nullum
3549 3725 3720 3792 aliud,
3768 3732 3832 3782 ut

2239 3821 2566 3892 investigare
2592 3821 2891 3892 potuimus,
2925 3820 3262 3877 defensionis
3296 3834 3409 3876 sua:
3439 3827 3830 3890 argumentum

2238 3913 2326 3971 vel
2350 3914 2620 3970 rationem
2649 3913 2934 3980 habentes,
2962 3912 3070 3968 nisi
3109 3911 3290 3967 ut'illa
3339 3919 3576 3982 quatuor
3621 3908 3828 3977 oﬂicia,

540 4001 681 4060 tuos,
712 4000 762 4048 et
788 3990 961 4046 dicent
986 3990 1101 4045 tibi.
1129 3990 1301 4060 Hujus
1324 3989 1404 4045 rei
1435 3988 1612 4061 gratia
1654 3995 1707 4043 te
1756 3988 2126 4059 potissimum,

2238 4020 2357 4076 quze
2421 4005 2475 4061 in
2519 4004 2933 4069 nocturnalibus
2980 4000 3393 4074 Antiphonariis
3443 4000 3825 4066 inveniuntur,

540 4083 783 4153 piissime
812 4080 994 4148 Pater,
1025 4082 1093 4137 de
1120 4082 1206 4139 his
1230 4096 1350 4153 quae
1392 4079 1701 4136 indubiam
1749 4079 1817 4134 de
1861 4077 2131 4135 Dominici

542 4175 824 4230 Adventus
853 4175 1221 4232 celebratione
1248 4182 1532 4241 venerunt,
1581 4170 1971 4230 consulendum
2002 4186 2132 4228 cen-

540 4265 773 4332 suimus,
813 4265 904 4322 cui
969 4280 1201 4336 superna
1248 4266 1588 4336 providentia
1635 4272 1844 4320 tantam
1886 4263 2129 4320 scientiae

542 4353 936 4424 plenitudinem
960 4355 1203 4420 donavit,
1232 4363 1292 4410 ut
1335 4362 1385 4412 te
1426 4371 1525 4428 per
1574 4369 1774 4426 aquam
1818 4354 2129 4409 divinarum

548 4438 958 4518 Scripturarum
985 4463 1091 4504 non
1122 4448 1294 4504 solum
1322 4464 1493 4518 usque
1518 4449 1589 4505 ad
1614 4449 1753 4506 talos
1777 4448 1866 4506 vel
1905 4449 1974 4505 ad
2026 4463 2125 4521 ges

539 4554 673 4607 nua,
700 4554 798 4597 seu
821 4538 987 4594 etiam
1016 4553 1189 4608 usque
1209 4538 1278 4593 ad
1307 4543 1907 4607 renestransduceret;
1935 4554 2125 4596 verum

537 4636 704 4691 etiam
732 4634 803 4690 ad
829 4634 1006 4705 ipsum
1038 4640 1336 4688 torrentem
1364 4648 1525 4702 quem
1552 4648 1660 4690 non
1690 4633 1867 4704 possis
1889 4634 2127 4689 transire

536 4731 901 4805 perduceret:
953 4728 1248 4796 Quoniam,
1298 4727 1514 4799 inquit,
1563 4728 1924 4783 intumuerunt
1971 4745 2124 4800 aqua:

538 4820 1108 4891 profundwtorrentie,
1158 4820 1250 4892 qui
1278 4835 1382 4874 non
1423 4828 1590 4891 potest
1626 4819 1983 4875 transuadari.
2020 4819 2123 4888 Qui

537 4914 640 4969 etsi
671 4929 776 4969 non
807 4913 1152 4983 pertransiri,
1180 4913 1249 4968 ad
1296 4911 1446 4967 illum
1498 4923 1679 4968 tamen
1729 4910 1847 4982 ipsa
1892 4910 1991 4966 Dei
2037 4926 2124 4968 sa-

537 5003 741 5074 pientia
772 5001 1083 5071 adjuvante,
1115 5017 1237 5072 quae
1286 5017 1384 5072 per
1432 5008 1734 5058 torrentem
1783 5000 2119 5073 designatur,

536 5102 716 5161 potest
737 5095 1031 5165 perveniri.
1056 5094 1226 5167 igitur
1249 5096 1412 5166 hujus
1433 5111 1630 5168 aquam
1655 5095 1931 5159 torrentis,
1958 5109 2121 5164 quem

540 5184 717 5240 nullus
744 5188 1053 5243 mortalium
1084 5189 1319 5245 transire
1348 5198 1547 5259 potest,
1573 5191 1914 5261 aliquatenus
1938 5196 2119 5258 tange,

541 5290 606 5330 ac
622 5278 855 5346 aliquem
880 5282 1248 5350 intelligentize
1272 5291 1491 5350 gustum
1512 5283 1801 5341 sitibundis
1811 5281 2121 5350 pectoribus

2237 4096 2325 4153 Vel
2370 4095 2631 4153 lectiones
2665 4104 2981 4151 sanctorum
3014 4091 3436 4165 Evangeliorum
3467 4104 3571 4148 nec
3614 4105 3725 4147 non
3767 4098 3826 4146 et

2236 4186 2464 4259 apostoli
2490 4188 2703 4259 plenius
2727 4186 3149 4257 adimpleantur.

2305 4282 2390 4337 Ad
2417 4282 2534 4337 haec
2562 4280 2654 4336 alii
2678 4280 2979 4353 pleniorem
3011 4279 3258 4336 veritatis
3288 4279 3505 4336 ratione
3526 4277 3822 4335 subnixam

2233 4374 2605 4445 antiquorum,
2630 4373 2776 4429 beati
2804 4373 3059 4429 videlicet
3100 4371 3348 4443 Gregorii
3397 4384 3552 4442 papae
3580 4387 3647 4427 ac
3697 4385 3823 4441 pre-

2234 4464 2440 4537 sbyteri
2496 4463 2831 4535 Hieronymi,
2880 4461 3167 4533 proferunt
3194 4462 3543 4529 sententiam,
3587 4475 3820 4531 quorum

2232 4558 2375 4614 alter
2397 4559 2448 4613 in
2477 4557 2616 4612 libro
2645 4554 3131 4622 Sacramentorum,
3182 4555 3239 4611 id
3286 4562 3411 4610 est:
3460 4552 3691 4619 Missali,
3747 4552 3817 4607 ita

2232 4647 2579 4719 praetitulavit
2607 4665 2620 4699 :
2650 4645 2932 4701 Dominica
2966 4646 3140 4716 prima
3169 4645 3235 4700 de
3280 4643 3518 4698 Adventu
3564 4640 3817 4707 Domini;

2232 4736 2509 4792 Dominica
2559 4736 2788 4791 secunda
2829 4752 2850 4801 ;
2904 4733 3184 4789 Dominica
3253 4733 3462 4798 tertia;
3536 4730 3817 4786 Domini“

2230 4836 2441 4899 quarta,
2469 4842 2587 4899 qua:
2613 4826 2855 4897 proxima
2882 4835 2957 4881 est
2989 4835 3112 4881 ante
3140 4823 3340 4880 Natale
3385 4823 3618 4878 Domini.
3665 4821 3816 4877 Alter

2229 4936 2359 4977 vero
2390 4922 2442 4976 in
2464 4919 2828 4986 Lectionaria,
2855 4934 3018 4989 quem
3043 4918 3235 4973 librant
3251 4915 3474 4972 Comitis
3496 4914 3807 4987 appellavit,

2230 5013 2337 5069 sic:
2363 5010 2640 5066 Dominica
2651 5019 2841 5083 quarta
2858 5019 2980 5064 ante
3005 5008 3200 5065 Natale
3216 5007 3429 5062 Domini
3449 5007 3635 5079 (quam
3650 5006 3785 5060 Ama

2229 5104 2402 5158 larius
2415 5102 2699 5173 presbyter
2714 5101 3149 5173 pmparationem
3167 5098 3427 5154 Dominici
3440 5100 3703 5155 Adventus
3715 5112 3809 5153 no-

2228 5192 2477 5263 minavit)
2487 5231 2501 5257 ,
2516 5189 2710 5247 deinde
2723 5190 3003 5246 Dominica
3011 5198 3200 5263 quarta
3216 5198 3339 5244 ante
3353 5187 3549 5245 Natale
3560 5188 3810 5254 Domini;

2226 5283 2503 5337 Dominica
2518 5282 2675 5337 tertia
2688 5291 2807 5337 ante
2822 5281 3017 5337 Natale
3027 5281 3240 5337 Domini
3253 5297 3274 5347 ;
3288 5280 3563 5337 Dominica
3576 5280 3810 5335 secunda
