4072 5350
211 232 364 290 1081

1145 240 1270 298 LIB.
1308 243 1397 302 DE
1435 246 1961 308 CELEBRATIONE
1998 250 2371 314 ADVENTUS
2413 256 2672 316 DOMINI.

3397 270 3418 325 1
3431 270 3537 328 082

209 362 332 402 non
371 349 860 420 inconvenieuter,
890 361 951 409 ut
985 370 1131 423 reor,
1155 367 1378 428 propter
1411 361 1650 432 quinque
1689 361 1848 433 hujus
1873 365 1925 427 Α
1952 373 2103 420 ratur
2140 367 2358 425 Gabriel
2416 371 2772 445 archangelus
2827 375 3026 434 missus
3072 379 3140 434 ad
3190 378 3538 454 Zachariam,

175 510 182 514 ε
208 442 425 496 saeculi
457 452 658 498 aetates
685 485 700 509 ,
739 446 791 500 in
818 446 1014 516 quibus
1057 450 1356 508 humanum
1383 467 1553 525 genus
1578 455 1679 510 sub
1714 454 1845 528 jugo

130 553 134 556 -
209 529 444 587 diaboli
498 535 778 606 captivum
813 540 1097 594 tenebatur
1121 581 1136 604 ,
1165 557 1446 613 quousque
1485 559 1583 614 per
1628 546 1844 602 intactre

209 620 488 694 Virginis
528 635 738 682 uterum
771 631 1045 686 nascendo
1073 647 1238 688 carne
1260 645 1564 705 appareret,
1595 638 1686 708 qui
1717 653 1842 694 car-

206 710 306 769 nis
331 726 586 784 peccata
617 731 716 788 per
744 720 826 775 sui
851 723 1095 793 corporis
1124 725 1358 780 hostiam
1391 728 1635 784 aboleret
1661 738 1716 786 et
1735 730 1842 786 ini-

211 804 364 860 tium
419 817 604 866 sextae
647 813 924 883 sequentis
951 817 1128 873 aetatis
1167 819 1553 876 sanctificaret.
1590 820 1688 878 Vel
1712 823 1839 893 quia

212 898 475 956 interior
510 911 698 959 noster
735 905 899 962 homo
929 924 1026 978 per
1066 912 1305 983 quinque
1350 929 1542 970 sensus
1592 917 1837 986 corporis

205 993 642 1062 corrumpitur,
680 996 752 1051 ita
788 1007 848 1053 ut
895 1001 948 1054 in
985 1003 1142 1058 nobis
1192 1019 1339 1061 mors
1383 1016 1660 1077 operetur,
1696 1008 1838 1064 sicut

206 1081 508 1152 propheta
537 1086 670 1142 dicit
698 1105 711 1142 :
744 1087 990 1146 Introivit
1029 1111 1168 1148 mors
1187 1100 1288 1165 'per
1318 1098 1576 1166 fenestras
1606 1111 1834 1166 vestras;

205 1183 511 1245 quatenus
559 1179 614 1234 in
661 1180 748 1237 his
787 1183 1026 1254 quinque
1068 1185 1496 1245 hebdomadibus
1537 1191 1832 1262 hospitium

208 1269 430 1324 mentis
462 1269 544 1324 illi
572 1273 686 1343 regi
718 1284 906 1332 nostro
931 1288 1298 1348 praeparetur,
1332 1297 1492 1352 quem
1515 1286 1832 1355 prophetica

206 1356 387 1414 lectio
421 1359 484 1416 in
515 1361 633 1432 ipsa
657 1363 996 1424 hebdomada
1039 1371 1228 1439 quinta
1257 1371 1341 1426 his
1372 1374 1552 1430 verbis
1588 1389 1834 1444 pronun-

206 1450 314 1504 tiat
349 1449 658 1510 venturum
686 1475 698 1511 :
729 1457 866 1514 Ecce
903 1461 1014 1516 dies
1041 1465 1278 1531 veniunt,
1313 1467 1440 1521 dicit
1475 1467 1752 1537 Dominus,
1781 1481 1833 1526 et

207 1545 503 1601 suscitabo
535 1547 709 1604 David
736 1567 947 1621 germen
969 1554 1201 1624 justum.

279 1633 432 1690 ltem
466 1635 527 1691 in
555 1638 953 1710 Antiphonario
977 1643 1172 1701 diurno
1198 1656 1320 1718 post
1360 1650 1464 1706 tria
1494 1649 1669 1708 olIicia
1718 1660 1830 1709 sta-

208 1723 313 1781 tim
341 1728 613 1798 sequitur
627 1728 918 1801 jejunium,

205 1817 319 1873 hoc
350 1818 578 1890 liquido
615 1825 1002 1895 comprobetur
1035 1817 1296 1900 quantum
1324 1835 1490 1891 etiam
1519 1837 1572 1891 in
1601 1839 1703 1895 hoc
1728 1839 1826 1896 de-

207 1908 476 1980 linquant
507 1913 603 1984 qui
627 1914 681 1970 in
702 1918 954 1986 praesenti
982 1933 1126 1977 anno
1143 1920 1433 1992 jejunium,
1458 1928 1600 1997 quod
1625 1943 1829 1998 prmce-

205 1999 346 2055 dere
394 2002 626 2072 debuit,
657 2015 781 2076 post
830 2008 1166 2066 Dominicam
1210 2029 1332 2084 qua:
1378 2026 1537 2072 vacat
1582 2029 1824 2089 ponunt,

205 2092 543 2152 Adventum
567 2095 782 2155 Domini
814 2099 1132 2158 inchoantes
1161 2120 1214 2160 vr
1245 2105 1366 2161 Kal.
1397 2107 1652 2167 Decemb.

285 2185 455 2254 Quod
485 2189 536 2246 si
565 2190 670 2248 hoc
697 2202 952 2252 caventes
973 2197 1127 2266 prius
1152 2196 1430 2268 jejunant,
1471 2202 1826 2263 nihilominus

207 2288 414 2336 contra
444 2281 677 2340 Patrum
705 2285 953 2343 instituta
986 2297 1173 2360 agunt,
1202 2291 1295 2362 qui
1327 2291 1596 2364 jejunium
1625 2296 1823 2354 decimi

207 2374 431 2432 mensis
461 2391 682 2448 semper
719 2379 773 2434 in
800 2381 1050 2452 proximo
1076 2381 1320 2440 Sabbato
1343 2397 1469 2442 ante
1499 2386 1691 2445 Natale
1718 2389 1825 2445 Do-

204 2465 346 2522 mini
390 2468 792 2528 celebrandum
852 2481 1180 2531 statuerunt.
1226 2478 1644 2546 Quaternarium
1691 2500 1822 2541 vero

209 2570 537 2629 numerum,
561 2577 744 2633 quem,
771 2573 830 2619 ut
869 2581 1031 2638 supra
1080 2572 1408 2638 notavimus,
1439 2574 1497 2628 S.
1527 2574 1820 2646 Gregorius

207 2650 266 2708 in
309 2665 522 2724 quarta
569 2657 849 2714 Doniiuica
879 2660 945 2716 de
971 2662 1219 2718 Adventu
1249 2664 1460 2721 Domini
1491 2667 1680 2726 diebus
1717 2685 1817 2740 po-

209 2744 320 2800 suit
340 2747 442 2802 tali
466 2747 757 2805 celebrans
785 2763 1161 2809 sacramento:
1180 2764 1240 2811 ut
1266 2757 1555 2828 homo,qui
1581 2770 1818 2832 quatuor

211 2837 478 2893 consistit
507 2839 793 2897 elementis
815 2882 831 2908 ,
876 2858 974 2914 per
1001 2855 1237 2915 quatuor
1283 2849 1652 2907 hebdomadas
1698 2851 1816 2920 ejus

210 2937 510 2999 exspectet
553 2931 859 2989 Adventum
880 2975 896 3002 ,
929 2952 1089 3007 quem
1121 2955 1216 3010 per
1248 2950 1360 2998 tres
1391 2944 1613 3002 ordines
1641 2945 1812 3003 libro-

210 3035 359 3088 rum,
410 3022 554 3095 legis
583 3025 832 3096 scilicet,
859 3031 1279 3102 prophetarum,
1313 3035 1645 3106 psalmorum
1681 3040 1811 3097 olim

207 3116 491 3185 promisit,
523 3126 579 3174 et
604 3135 703 3191 per
731 3133 1009 3194 quartum,
1041 3127 1093 3182 id
1120 3136 1205 3184 est
1254 3102 1585 3204 principium
1633 3135 1811 3192 Evan-
1837 3102 1884 3168 Ο

211 3207 362 3276 gelii,
397 3209 600 3282 angelo
622 3222 826 3270 sanctae
855 3215 1039 3272 Maria:
1061 3233 1278 3291 semper
1297 3223 1494 3296 virgini
1516 3238 1812 3299 conceptus

211 3311 276 3354 ac
325 3304 640 3363 nativitatis
687 3306 803 3377 ejus
832 3311 1080 3368 ordinem
1128 3324 1422 3385 narrante,
1453 3319 1522 3374 ad
1578 3321 1810 3379 salutem

211 3387 441 3449 humani
471 3397 709 3467 generis,
737 3401 1045 3459 certissime
1065 3404 1267 3462 scimus
1288 3408 1416 3464 huic
1443 3412 1645 3468 mundo
1669 3428 1811 3484 prte-

210 3492 518 3545 sentatum.
552 3492 616 3546 Et
642 3507 710 3549 ne
743 3503 893 3551 tanta
920 3496 1008 3553 illa
1039 3501 1324 3570 parvitatis
1347 3518 1482 3559 mea:
1505 3509 1806 3576 attestatio,

214 3591 378 3650 quam
408 3600 481 3642 ex
513 3585 741 3643 aliorum
790 3590 963 3662 magis
1007 3608 1173 3663 quam
1223 3609 1290 3650 ex
1338 3599 1556 3669 propria
1607 3601 1806 3671 protuli

215 3677 486 3741 sententia
513 3718 529 3743 ,
560 3677 808 3736 videatur
839 3684 1274 3755 parvipendenda
1301 3727 1316 3755 ,
1362 3689 1628 3760 majorum
1661 3690 1834 3772 dictaf

211 3774 487 3832 ponantur
521 3770 576 3824 in
608 3773 803 3840 medio,
825 3783 891 3829 ut
921 3776 1006 3832 vel
1037 3793 1104 3834 ex
1135 3778 1220 3834 his
1254 3780 1459 3852 liquido
1487 3770 1809 3856 comprobe-é'

214 3862 302 3914 tur
329 3874 566 3930 quorum
595 3880 728 3923 usus
757 3869 957 3925 rectior
986 3870 1271 3928 habeatur.

849 3959 1078 4017 CAPUT
1116 3963 1177 4018 ll.

247 4041 397 4102 Idem
419 4050 767 4120 conﬁrmatur
791 4068 856 4107 ea:
884 4051 1178 4121 Amalario,
1205 4053 1502 4114 Fortunato
1521 4068 1570 4115 et
1596 4060 1762 4117 Beda.

282 4136 371 4194 Ait
388 4155 584 4213 nempe
609 4143 918 4200 Amalarius
945 4145 1061 4217 (lib.
1096 4161 1155 4202 ill
1181 4147 1386 4205 Eccles.
1413 4149 1582 4222 0ﬂic.,
1611 4168 1661 4208 e.
1683 4153 1800 4226 40),

216 4225 520 4288 divinorum
549 4233 846 4290 otﬁciorum
890 4246 1162 4295 scrutator
1187 4256 1294 4296 non
1325 4225 1796 4303 contemnendus:

223 4331 242 4367 ε
277 4316 335 4374 ln
353 4321 590 4395 antiquis
610 4324 763 4381 libris
789 4325 1089 4384 Missalium
1121 4339 1176 4384 et
1213 4329 1684 4390 Lectionariorum
1713 4350 1799 4392 re-

216 4408 418 4475 peritur
445 4415 731 4486 scriptum,
757 4417 1095 4475 hebdomada
1120 4421 1307 4491 quinta
1331 4431 1456 4479 ante
1481 4423 1674 4482 Natale
1694 4424 1798 4483 Do-

222 4499 389 4559 mini:
425 4507 649 4565 totidem
689 4510 833 4565 enim
884 4510 1146 4569 lectiones
1174 4513 1446 4570 habentur
1486 4515 1540 4571 in
1578 4516 1792 4576 Lectio-

219 4593 388 4661 nario,
419 4608 475 4653 et
498 4600 721 4656 totidem
779 4601 1070 4674 Evangelia
1119 4621 1148 4660 a
1199 4615 1442 4678 tempore
1492 4618 1794 4668 memorato

219 4698 313 4752 per
351 4689 465 4748 dies
492 4693 801 4752 Dominicos
829 4712 1001 4768 usque
1041 4699 1108 4754 ad
1154 4698 1503 4756 Nativitatem
1553 4703 1787 4762 Domini.

176 4849 180 4854 .
219 4777 638 4852 Antiphonarius
667 4788 833 4845 habet
867 4791 970 4844 tria
998 4791 1172 4848 ollicia
1203 4793 1416 4860 diurna,
1449 4803 1502 4850 et
1531 4807 1788 4866 quartum

173 4930 181 4960 ε
218 4865 271 4922 in
294 4871 375 4927 die
395 4874 696 4948 Dominico,
720 4881 812 4952 qui
840 4892 1013 4948 vacat,
1037 4893 1158 4954 post
1180 4884 1440 4942 lectiones
1468 4865 1784 4957 duodecim;

173 5030 179 5037 δ
222 4973 472 5027 nocturna
514 4989 649 5030 vero
683 4983 935 5046 quatuor,
969 4983 1028 5029 ut
1072 4979 1321 5048 superius
1349 4978 1498 5046 dixi,
1541 4996 1638 5051 per
1672 4983 1788 5040 dies

170 5105 181 5138 ;
222 5052 750 5121 Muluicos.Auctor
772 5067 1098 5125 Lectionarii
1125 5072 1325 5126 excitat
1355 5069 1515 5127 [idem
1543 5083 1784 5132 nostram

172 5196 185 5232 ς
222 5145 284 5199 ad
313 5154 647 5212 recolendqu
676 5159 890 5214 Domini
913 5163 1086 5217 nostri
1115 5161 1239 5219 Jesu
1259 5163 1463 5220 Christi
1490 5170 1704 5226 venturi
1728 5171 1786 5227 in

168 5292 180 5306 ί
221 5239 460 5298 mundum
507 5249 837 5318 prmeonium
885 5263 982 5318 per
1037 5253 1274 5323 quinque
1332 5260 1524 5311 aetates
1577 5261 1781 5316 mundi.

1948 457 2203 514 videlicet
2256 463 2477 520 nuntius
2524 465 2825 522 nativitatis
2885 473 3238 538 praecursoris
3296 475 3535 538 Domini.

1947 545 2145 604 Verum
2197 552 2362 608 etiam
2413 563 2469 610 et
2513 557 2794 627 prophetia
2845 559 3121 616 Zachariae
3174 563 3240 619 de
3287 564 3537 625 Adventu

1945 638 2178 706 Domini,
2207 651 2263 698 et
2289 643 2508 701 Gabriel
2537 648 2734 704 missus
2765 650 2831 704 ad
2858 648 3082 706 Mariam
3116 655 3377 724 virginem
3409 673 3540 714 nar-
3603 643 3607 669 λ

1943 746 2070 788 rans
2114 734 2163 788 ei
2199 738 2610 808 conceptionem
2656 739 2955 799 Salvatoris
3002 747 3197 812 nostri,
3241 756 3297 803 et
3338 758 3536 809 caetera
3605 739 3609 777 ῖ

1945 823 2071 878 talia
2103 840 2273 895 usque
2317 829 2384 883 ad
2433 830 2603 900 ipsam
2653 831 3025 891 Nativitatem.
3059 837 3263 910 Nempe
3309 849 3364 896 et
3415 843 3534 913 ipsa

1941 928 2132 988 quarta
2164 921 2534 990 hebdomada,
2573 926 2675 983 hoc
2704 937 2820 994 est,
2853 945 2972 1000 qua:
3006 933 3254 1000 proxima
3286 945 3370 990 est
3406 945 3535 992 ante
3601 923 3608 934 ’

1938 1011 2128 1070 Natale
2175 1015 2424 1083 Domini,
2459 1018 2575 1074 sive
2623 1019 2676 1074 in
2726 1036 2830 1090 qua
2863 1023 3202 1092 celebratur,
3242 1027 3534 1099 singularis

1937 1118 2038 1161 est.
2080 1107 2252 1164 Habet
2297 1111 2351 1165 in
2398 1112 2700 1168 matutinali
2737 1114 2912 1170 oliicio
2959 1131 3056 1186 per
3097 1133 3533 1192 unamquamque

1936 1199 2128 1256 feriam
2161 1203 2483 1274 antiphonas
2510 1205 2755 1276 proprias
2785 1207 2836 1261 in
2861 1208 3104 1277 psalmis.
3131 1211 3198 1266 Et
3227 1213 3335 1267 alio
3367 1215 3530 1270 modo

1936 1304 2127 1349 auctor
2151 1294 2478 1352 Lectionarii
2526 1298 2683 1353 docet
2711 1314 2810 1354 nos
2839 1316 3002 1370 quam
3035 1299 3190 1359 fortis
3234 1304 3304 1358 sit
3351 1306 3534 1362 Domi-

1935 1405 2058 1449 nus.
2086 1390 2176 1460 qui
2207 1399 2468 1447 venturus
2493 1400 2577 1447 est
2611 1393 2677 1447 ad
2720 1409 2818 1450 nos
2839 1436 2852 1459 ,
2879 1402 2934 1450 et
2979 1395 3280 1452 intraturus
3309 1399 3528 1456 domum

1933 1489 2205 1548 nostram,
2233 1491 2292 1538 ut
2331 1483 2386 1537 in
2426 1498 2489 1539 ea
2517 1483 2748 1552 habitet,
2781 1501 2942 1555 quam
2976 1485 3214 1544 solemus
3245 1489 3528 1545 sordidare

1936 1575 2176 1646 quinque
2203 1577 2460 1633 sensibus
2493 1578 2714 1634 nostris.
2747 1577 2922 1634 lllices
2949 1578 3137 1635 formae
3180 1581 3384 1636 intrant
3428 1595 3530 1652 per

1932 1665 2140 1733 oculos,
2173 1667 2410 1738 suspicio
2442 1668 2583 1723 mala
2612 1668 2679 1724 de
2716 1668 2883 1724 fratre
2909 1685 3008 1740 per
3029 1685 3212 1738 aures,
3243 1672 3378 1728 odor
3404 1671 3526 1728 libi-

954 1735 1451 1821 deindeDominica
1474 1754 1655 1813 vacat,
1685 1756 1830 1803 utex
1859 1737 1906 1798 Β
1935 1758 2159 1816 dinosus
2208 1735 2306 1831 pe}
2350 1774 2542 1829 nares,
2595 1776 2694 1832 per
2737 1777 2801 1817 os
2841 1735 3105 1832 ingluvies
3153 1735 3382 1834 polluit,
3431 1777 3530 1834 per

1934 1861 2137 1909 tactum
2165 1853 2479 1910 crudelitas.
2513 1853 2572 1908 ln
2599 1854 2848 1910 sordibus
2878 1870 2986 1910 non
3014 1853 3130 1911 vult
3159 1855 3404 1911 habitare
3429 1871 3526 1912 rex

1931 1953 2211 2000 venturus.
2264 1943 2376 2000 Nisi
2429 1945 2612 2016 itaque
2646 1954 2904 2016 purgetur
2952 1945 3283 2017 hospitium,
3318 1954 3380 2001 ut
3423 1959 3528 2002 nec

1928 2037 2120 2093 saltem
2171 2036 2349 2108 pulvis
2396 2037 2581 2092 talium
2616 2038 3053 2108 phantasmatum
3082 2046 3386 2104 remaneat,
3415 2053 3526 2095 non

1927 2128 2237 2199 dignabitur
2279 2130 2477 2200 hospes
2517 2138 2781 2185 venturus
2824 2129 3030 2185 intrare
3070 2129 3124 2184 in
3167 2130 3338 2185 illum.
3398 2131 3525 2185 Ideo

1927 2218 2119 2274 scribit
2151 2227 2342 2275 auctor
2371 2219 2607 2290 quinque
2649 2218 2909 2275 lectiones
2949 2219 3187 2290 quinque
3221 2219 3524 2276 hebdoma-

1931 2311 2122 2366 darum
2150 2321 2209 2365 ut
2239 2325 2338 2367 nos
2362 2312 2609 2376 hortetur
2636 2311 3028 2368 circumcidere
3057 2311 3298 2384 quinque
3327 2327 3524 2376 sensus

1925 2410 2143 2460 nostros
2164 2401 2232 2457 ab
2255 2402 2401 2456 omni
2431 2402 2584 2467 vitio,
2617 2411 2672 2457 et
2698 2417 2892 2473 parare
2933 2402 3269 2459 mansionem
3299 2402 3520 2474 dignam

1923 2494 2038 2564 regi
2061 2501 2116 2549 ct
2138 2493 2365 2548 Domino
2390 2502 2554 2564 atque
2581 2509 2710 2550 vero
2736 2494 3030 2564 prophetae.

2002 2604 2019 2637 ι
2042 2586 2117 2640 De
2146 2586 2263 2655 ipso
2294 2601 2420 2656 rege
2441 2586 2572 2640 dicit
2598 2586 2775 2657 prima
2797 2586 2956 2643 lectio
2973 2587 3136 2644 :Ecce
3158 2588 3270 2644 dies
3285 2589 3521 2658 veniunt,

1919 2681 2045 2736 dicit
2077 2680 2366 2748 Dominus,
2391 2691 2440 2736 et
2471 2680 2735 2737 suscitabo
2767 2681 2938 2736 David
2965 2699 3174 2753 germen
3199 2683 3428 2755 justum,
3468 2692 3520 2742 et

1919 2779 2154 2848 regnabit
2201 2795 2310 2844 rex,
2339 2790 2386 2834 et
2413 2780 2620 2852 sapiens
2646 2781 2764 2837 erit.
2793 2781 2862 2837 Et
2900 2782 3095 2838 iterum
3125 2783 3192 2840 de
3230 2785 3457 2840 Domino
3492 2802 3508 2845 :

1917 2869 1989 2925 Et
2032 2871 2129 2926 Itoc
2172 2882 2244 2926 est
2304 2889 2489 2928 nomen
2515 2914 2531 2940 ,
2566 2875 2708 2944 quod
2760 2874 3017 2930 vocabunt
3061 2893 3198 2942 eum,
3256 2877 3519 2934 Dominus

1907 2966 2090 3036 justus
2126 2975 2322 3022 noster.
2357 2965 2423 3021 Et
2459 2967 2654 3022 iterum
2686 2967 2740 3021 in
2773 2967 3067 3039 Evangelio
3095 2969 3162 3024 de
3194 2971 3460 3040 propheta
3495 2984 3522 3037 ξ

1917 3055 2056 3123 Quia
2076 3057 2161 3111 hic
2180 3069 2254 3113 est
2270 3075 2384 3113 vere
2394 3059 2670 3129 prcit/tela,
2685 3060 2777 3131 qui
2797 3071 3046 3116 venturus
3058 3071 3130 3116 est
3147 3062 3200 3117 in
3232 3063 3510 3118 mundum.

1989 3167 2008 3202 ι
2025 3150 2231 3206 Auctor
2250 3151 2482 3207 Missalis
2503 3152 2616 3207 sive
2629 3151 3012 3223 Antiphonarii
3028 3154 3274 3209 eamdem
3300 3169 3512 3226 praepa-

1913 3241 2180 3298 rationem
2211 3243 2465 3300 hortatur
2489 3260 2588 3301 nos
2610 3244 2790 3302 facere
2820 3262 2917 3318 per
2943 3257 3178 3318 quatuor
3209 3247 3511 3303 hebdoma-

1911 3334 2030 3390 das.
2064 3333 2218 3390 Sicut
2255 3336 2399 3390 enim
2423 3337 2586 3393 homo
2610 3337 2961 3395 internuntiis
2990 3340 3230 3412 quinque
3259 3341 3513 3399 sensibus

1911 3428 1979 3482 ad
1999 3427 2238 3482 animam
2262 3427 2402 3484 bene
2431 3439 2525 3484 aut
2553 3429 2696 3484 male
2719 3438 3003 3501 operatur;
3040 3429 3116 3485 ita
3147 3445 3244 3501 per
3272 3439 3508 3501 quatuor

1909 3518 2175 3574 elementa
2206 3528 2299 3574 aut
2337 3520 2448 3574 ruit
2479 3520 2547 3574 ad
2576 3519 2717 3575 mala
2756 3521 3081 3592 corporalia,
3113 3529 3207 3576 aut
3235 3522 3413 3593 surgit
3433 3522 3504 3579 ad

1907 3613 2066 3668 bona.
2095 3612 2434 3682 Quapropter
2463 3612 2712 3666 hortatur
2752 3626 2869 3678 nos,
2896 3620 2957 3666 ut
2982 3611 3118 3679 dixi,
3160 3621 3354 3668 auctor
3383 3627 3505 3667 ine-

1907 3713 2151 3761 moratus
2175 3746 2190 3772 ,
2231 3713 2291 3760 ut
2311 3746 2326 3772 ,
2359 3705 2404 3761 si
2438 3719 2608 3776 usque
2639 3706 2799 3762 modo
2827 3706 3129 3777 torpuimus
3153 3706 3504 3778 negligentia,

1906 3796 2108 3853 dehinc
2141 3813 2428 3868 surgamus
2458 3799 2526 3853 ad
2565 3798 2932 3854 mundaudam
2981 3798 3201 3854 domum
3232 3806 3503 3885 nostram,

1904 3896 1965 3943 ut
1984 3889 2074 3959 qui
2097 3904 2205 3946 non
2231 3890 2498 3946 excitatus
2524 3897 2608 3946 est
2632 3890 2684 3944 in
2714 3889 2903 3961 quinta
2930 3889 3282 3955 hebdomada,
3308 3888 3500 3946 saltem

1907 3991 2094 4050 surgat
2123 3982 2176 4036 in
2208 3991 2422 4052 quarta.
2449 3981 2629 4052 Ipsum
2659 3982 2806 4038 enim
2843 3990 3002 4039 sonat
3027 3980 3188 4036 lectio
3218 3995 3337 4050 quae
3368 3979 3503 4051 legi-

1907 4079 1995 4126 tur
2042 4071 2097 4126 in
2155 4081 2345 4142 quarta
2392 4071 2776 4128 hebdomada:
2829 4071 3040 4130 Scimus
3087 4072 3211 4142 quia
3255 4069 3386 4126 hora
3417 4079 3496 4127 est

1897 4162 2017 4233 jam
2047 4155 2142 4216 nos
2167 4161 2233 4217 de
2255 4178 2440 4217 somno
2463 4178 2701 4235 surgere,
2737 4172 2792 4220 et
2820 4163 3052 4234 reliqua.

1980 4271 1999 4306 ‹
2029 4253 2150 4311 Non
2202 4253 2424 4322 dubito,
2478 4263 2768 4327 propterea
2805 4265 3082 4312 cautorem
3111 4256 3163 4311 in
3195 4263 3497 4312 memorata

1901 4347 2241 4416 hebdomada
2272 4362 2396 4404 cum
2447 4347 2574 4404 tuba
2605 4364 2761 4405 suam
2789 4348 3033 4406 exaltare
3061 4363 3250 4406 vocem
3287 4366 3300 4404 :
3331 4348 3414 4402 Ad
3444 4358 3495 4405 te

1902 4439 2066 4497 levavi
2113 4441 2346 4495 animant
2373 4457 2563 4506 meam,
2599 4449 2658 4496 ut
2695 4441 2899 4497 excitet
2937 4455 3032 4497 eos
3070 4440 3164 4511 qui
3211 4441 3266 4496 in
3306 4439 3496 4512 quinta

1901 4533 2238 4590 hebdomada
2261 4549 2456 4604 sopore
2485 4533 2824 4606 negligentiae
2851 4535 3096 4606 oppressi
3121 4543 3264 4590 sunt.

1977 4645 1995 4679 ι
2016 4627 2296 4694 Quomodo
2321 4634 2502 4684 autem
2526 4635 2768 4683 nostram
2795 4627 3012 4684 domum
3047 4639 3354 4698 praeparare
3395 4622 3492 4681 de-

1895 4719 2145 4786 beamus,
2176 4721 2232 4776 in
2261 4721 2618 4791 sequentibus
2653 4729 2952 4777 memorata
2983 4720 3148 4776 lectio
3175 4725 3445 4774 monstrat
3470 4734 3488 4776 :

1898 4813 2024 4868 Non
2055 4813 2108 4868 in
2149 4813 2616 4868 comessationibus
2648 4825 2695 4868 et
2724 4811 3088 4876 ebrietatibus,
3112 4827 3218 4868 non
3253 4809 3308 4863 in
3340 4809 3494 4863 cubi-

1891 4902 2031 4960 libus
2069 4913 2118 4960 et
2163 4903 2541 4973 impudicitiis,
2592 4919 2697 4956 non
2730 4903 2784 4955 in
2813 4899 3143 4955 contentione
3189 4909 3235 4954 et
3267 4894 3492 4953 a‘mula-

1889 4999 2049 5063 tione,
2078 4997 2167 5052 sed
2197 4994 2480 5051 induimini
2504 4993 2789 5048 Dominum
2811 4991 2995 5044 Iesum
3024 4989 3316 5046 Christum.
3512 4998 3522 5069 ι

1969 5107 1987 5138 ι
2008 5088 2264 5144 Eamdem
2292 5083 2746 5157 prwparationem
2769 5079 3003 5137 inculcat
3033 5080 3092 5134 in
3122 5096 3279 5137 aures
3306 5078 3489 5138 cordis

1889 5179 2060 5234 nostri
2089 5173 2586 5233 Sacramentarium
2611 5189 2626 5228 :
2656 5172 3039 5242 Suscipiamus,
3076 5173 3348 5245 inquiens,
3386 5171 3492 5226 Do-

1891 5271 2048 5337 mine,
2078 5267 2492 5324 misericordiam
2535 5275 2689 5320 tuam
2737 5267 2790 5320 in
2844 5264 3016 5318 medio
3064 5267 3242 5337 templi
3295 5269 3394 5334 tui,
3433 5275 3497 5322 ut
