4072 5350
514 396 515 399 “
547 385 690 444 1083

1616 381 1959 439 BERNONIS
1997 378 2290 438 ABBATIS
2326 378 2693 437 AUGiENSlS

3681 382 3823 443 1084

546 508 765 579 ignarus
789 486 909 559 esse
962 502 1157 574 regulae
1189 516 1358 558 sacrae
1389 500 1687 573 Scriptum
1712 542 1727 567 ,
1777 516 1892 571 qua:
1918 517 1946 555 a
1976 509 2129 570 parte
2159 506 2205 565 Α
2234 499 2443 555 ctiones
2472 499 2837 567 Epistolarum
2857 504 3021 568 atque
3049 496 3463 570 Evangeliorum
3496 499 3565 555 ad
3595 499 3825 571 implen-

547 605 720 652 totum
751 595 889 650 solet
910 594 1155 665 implere.
1193 613 1212 645 ι

618 686 714 742 His
759 684 940 740 verbis
970 684 1103 739 satis
1137 685 1297 739 datur
1336 678 1560 755 intelligi
1604 684 1747 753 quod
1786 682 1928 737 hanc
1963 695 2135 737 sacra:

550 778 848 847 Scriptura:
883 775 1146 847 regulam,
1183 789 1304 844 quae
1333 790 1440 829 non
1477 774 1654 830 solum
1683 788 1713 829 a
1749 779 1903 843 parte
1936 781 2133 837 totum,

550 869 644 924 sed
699 867 866 923 etiam
932 865 1219 935 aliquando
1250 881 1318 920 ex
1355 874 1467 921 toto
1512 874 1724 935 partem
1768 864 2060 934 signiﬁcat,
2098 863 2136 918 ii

552 957 943 1015 transcendant
972 958 1063 1026 qui
1089 958 1140 1011 in
1162 956 1457 1011 Nativitate
1486 957 1700 1013 Domini
1728 972 1835 1011 non
1874 964 2133 1027 quatuor,

551 1052 644 1107 sed
672 1051 912 1123 quinque
942 1049 1255 1106 Dominicos
1301 1050 1420 1106 dies
1448 1060 1834 1106 annumeravit.
1862 1048 2139 1120 Astipula-

553 1154 641 1199 tur
695 1144 820 1200 huic
872 1143 1173 1201 narrationi
1225 1142 1353 1197 illud
1381 1142 1732 1198 famosissimi
1759 1157 1826 1197 ac
1853 1141 2139 1212 sapientis-

553 1235 677 1290 simi
719 1234 1092 1301 calculatoris,
1121 1234 1303 1290 domui
1353 1233 1604 1289 videlicet
1630 1232 1809 1298 Bedte,
1851 1247 2139 1303 argumen-

554 1336 688 1391 tum,
717 1330 762 1383 si
793 1337 971 1383 tamen
1000 1329 1168 1398 ipsius
1182 1335 1238 1382 et
1258 1342 1367 1382 non
1399 1327 1626 1382 alterius
1652 1340 1774 1382 esse
1800 1325 2134 1391 conceditur,

553 1430 666 1479 toto
694 1437 832 1493 pene
873 1423 1019 1487 orbi,
1043 1430 1101 1476 ut
1142 1432 1295 1491 puto,
1337 1421 1702 1475 notissimum.
1748 1437 1768 1471 ι
1798 1418 2021 1485 Notum,
2057 1420 2140 1474 in-

554 1518 692 1588 quit,
734 1517 805 1573 sit
830 1518 1084 1573 omnibus
1132 1518 1445 1574 hominibus
1467 1526 1527 1571 ut
1577 1517 1890 1587 quicunque
1922 1518 2138 1573 Adven-

554 1623 666 1669 tum
691 1610 902 1668 Domini
940 1614 1226 1686 diligenter
1268 1615 1503 1671 voluerit
1546 1615 1848 1679 celebrare,
1871 1616 2144 1670 videatut

556 1723 659 1762 nec
688 1718 814 1763 ante
840 1722 875 1761 v
902 1706 1023 1762 Kal.
1072 1708 1334 1763 ‘Dccemb.
1370 1708 1608 1773 inchoet,
1634 1722 1737 1764 nec
1760 1724 1818 1763 ιη
1844 1706 2028 1763 Nonas
2059 1708 2140 1777 ip-

557 1802 671 1858 sius
702 1802 904 1859 mensis
934 1811 1197 1867 transeat,
1230 1802 1323 1857 sed
1353 1802 1406 1856 in
1445 1803 1530 1858 his
1554 1813 1760 1873 septem
1784 1803 1992 1867 diebus,
2024 1803 2145 1855 ubi-

2239 594 2365 647 dum
2392 606 2677 646 numerum
2714 591 3105 663 quinquaginta
3132 590 3361 646 duarum
3391 592 3517 647 anni
3576 592 3827 647 Domini-

2238 700 2445 741 carum.
2482 683 2765 741 Habentur
2786 685 2936 739 enim
2967 684 3110 739 inter
3132 682 3321 738 Natale
3360 682 3571 738 Domini
3619 692 3676 738 et
3730 684 3827 739 Se-

2235 777 2630 848 ptuagesimatn
2683 775 2854 832 oﬁicia
2909 785 3143 847 quatuor
3193 790 3290 847 per
3343 776 3457 830 dies
3493 775 3828 837 Dominicos,

2239 888 2271 927 a
2297 871 2708 943 Septuagesima
2731 885 2903 940 usque
2934 869 2986 925 in
3011 870 3223 925 Pascha
3260 878 3383 925 octo
3408 870 3561 939 (nam
3583 884 3729 924 nona
3772 869 3831 925 in

2238 964 2418 1020 medio
2442 963 2648 1033 vacat),
2671 978 2701 1016 a
2726 962 2936 1018 Pascha
2967 977 3097 1018 vero
3120 976 3293 1031 usque
3323 963 3378 1016 in
3418 970 3644 1017 octavas
3696 959 3833 1014 Pea-

2241 1065 2473 1112 tecostes
2500 1066 2645 1112 octo.
2695 1056 2901 1110 Deinde
2942 1063 3246 1125 sequuntur
3276 1054 3463 1125 viginti
3499 1063 3612 1109 tres
3664 1067 3835 1121 usque

2240 1150 2296 1205 in
2334 1148 2640 1205 Adventum
2671 1147 2908 1203 Domini.
2938 1147 2995 1201 In
3018 1147 3269 1202 Adventu
3299 1145 3510 1200 Domini
3542 1152 3659 1200 tres
3709 1154 3835 1198 tan-

2242 1251 2356 1297 tum
2394 1251 2692 1313 ponuntur,
2724 1249 2945 1311 quarta,
2992 1248 3053 1295 ut
3078 1254 3240 1309 supra
3271 1237 3530 1302 diximus,
3578 1245 3833 1293 vacante.

2242 1334 2487 1402 Quatuor
2514 1341 2570 1388 et
2592 1340 2741 1397 octo,
2766 1331 3006 1400 itemque
3033 1338 3160 1384 octo
3183 1338 3349 1398 atque
3381 1327 3569 1397 viginti
3596 1336 3734 1391 tres,
3783 1335 3838 1381 et

2243 1434 2356 1481 tres
2378 1424 2515 1480 ﬁunt
2536 1422 2894 1494 quadraginta
2922 1436 3037 1477 sex.
3064 1420 3161 1476 His
3182 1421 3320 1475 adde
3360 1427 3597 1489 quatuor
3651 1417 3837 1473 Domi-

2242 1520 2395 1574 nicas
2424 1525 2703 1583 vacantes,
2732 1526 2787 1571 et
2808 1531 2996 1580 unam,
3053 1528 3174 1585 qua:
3192 1523 3279 1569 est
3306 1511 3632 1584 praeparatio
3656 1510 3842 1565 Domi-

2244 1612 2349 1667 nici
2376 1611 2677 1673 Adventus.
2712 1624 2814 1664 nec
2837 1622 2944 1662 non
2979 1608 3046 1662 de
3092 1616 3287 1662 sancta
3346 1603 3636 1667 Trinitate,
3696 1617 3843 1658 sum-

2245 1718 2390 1759 mam
2447 1700 2841 1771 quinquaginta
2896 1699 3125 1753 duarum
3166 1694 3576 1753 Dominicamm
3632 1692 3844 1748 videbis

2246 1793 2590 1862 adimpletum
2612 1805 2755 1844 esse.

559 1909 773 1965 cunque
799 1895 916 1951 dies
946 1892 1222 1951 Dominica
1268 1895 1569 1960 advenerit,
1603 1895 1675 1950 ibi
1720 1895 1840 1949 sine
1864 1880 2030 1950 dubio
2056 1907 2145 1948 ce-
2174 1880 2224 1943 B
2314 1888 2393 1941 'At
2437 1900 2569 1940 vero
2610 1884 2789 1938 missae
2838 1883 2891 1937 in
2933 1882 3070 1938 libro
3129 1880 3611 1938 Sacramentorum
3656 1877 3845 1948 plura

558 1988 774 2044 lebrare
801 1988 1019 2045 valebit.
1054 2007 1073 2041 ι

630 2079 788 2135 Hunc
837 2095 1043 2136 morem
1072 2090 1201 2143 tota,
1236 2090 1348 2137 tota
1384 2095 1546 2150 pene,
1581 2086 1640 2134 ut
1667 2078 1864 2144 fertur,
1891 2079 2150 2133 observat

558 2170 732 2227 Gallia
760 2186 825 2229 ac
851 2173 966 2244 ipsa
1008 2172 1205 2228 civitas
1235 2172 1501 2238 Romana,
1528 2173 1804 2243 quondam
1839 2171 2025 2226 mundi
2056 2170 2153 2225 do-

563 2265 731 2330 mina,
784 2273 842 2319 ut
894 2280 991 2336 per
1011 2266 1395 2322 veracissimos
1444 2265 1711 2321 relatores
1765 2281 1829 2321 ac
1878 2265 2153 2335 praecipue

562 2366 767 2413 sanctae
826 2357 1222 2415 recordationis
1266 2357 1625 2413 Adalboldum
1656 2358 1989 2428 episcopum,
2059 2356 2151 2425 qui

564 2452 787 2522 scriptis
835 2454 1037 2508 nostris
1072 2452 1317 2523 pulsatus
1369 2451 1556 2507 Roma
1584 2452 1798 2522 positus
1838 2451 1941 2506 hoc
1973 2450 2154 2519 requi-

564 2545 712 2611 sivit,
739 2546 1315 2617 didieimus,quamvis
1340 2555 1525 2616 postea
1554 2546 1741 2601 nescio
1769 2559 1874 2615 qua
1907 2547 1970 2599 de
1990 2559 2152 2599 causa

565 2639 724 2694 aliter
753 2648 1005 2711 agerent:
1042 2640 1353 2700 Placentina
1388 2648 1592 2702 tamen,
1617 2647 1677 2691 ut
1706 2638 1805 2708 ipsi
1836 2652 1935 2708 ego
1963 2636 2154 2690 eodem

550 2733 619 2789 ‘in
650 2743 894 2804 tempore
918 2744 973 2790 et
994 2733 1261 2790 audiendo
1290 2742 1345 2790 et
1366 2734 1597 2789 videndo
1646 2733 1893 2804 cognovi,
1927 2732 2158 2802 aliisque

556 2824 733 2880 Italia-3
764 2825 1073 2881 civitatibus
1102 2827 1340 2896 antiquae
1373 2827 1728 2881 institutionis
1774 2825 2012 2897 regulam
2045 2839 2158 2878 ser-

565 2921 844 2975 vantibus.
881 2918 986 2975 Sed
1038 2928 1090 2975 et
1142 2921 1311 2976 abbas
1359 2919 1677 2991 Herigerus,
1730 2920 1816 2974 vir
1840 2935 1947 2973 non
1980 2932 2159 2987 parva:

569 3013 917 3067 auctoritatis
943 3013 1147 3067 nostris
1172 3013 1525 3082 temporibus,
1557 3010 1840 3080 proprium
1866 3023 2028 3079 super
2056 3010 2159 3061 hac

567 3119 629 3158 rc
680 3102 917 3157 libellum
972 3103 1297 3172 composuit,
1359 3102 1411 3156 in
1456 3115 1585 3170 quo,
1621 3106 1956 3154 utasserunt
1976 3098 2067 3167 qui
2096 3097 2161 3152 il-

569 3196 680 3250 lum
714 3196 979 3268 legerunt,
1008 3194 1379 3266 probabilibus
1409 3194 1743 3265 argumentis
1767 3207 1862 3248 eos
1883 3191 2161 3247 convincit

2255 1975 2603 2030 inveniuntur
2658 1972 2959 2043 apposita},
3009 1981 3196 2041 utpote
3257 1979 3378 2041 post
3434 1967 3845 2039 Theuphaniam

2254 2067 2533 2121 abundant
2582 2075 2714 2131 tres,
2750 2075 2872 2134 post
2922 2073 3168 2120 octavam
3218 2062 3570 2119 Pentecostes
3599 2077 3747 2123 una.
3794 2068 3851 2115 et

2253 2174 2360 2213 una
2393 2158 2447 2211 in
2479 2157 2709 2225 septimo
2746 2172 2954 2215 mense.
2992 2154 3214 2225 quando
3255 2152 3519 2223 jeiunitnn
3570 2160 3667 2207 est
3708 2149 3851 2204 cele-

2253 2252 2545 2314 brandum,
2570 2266 2675 2304 non
2698 2250 3019 2318 incongrue,
3047 2245 3103 2302 ut
3134 2257 3285 2317 puto,
3317 2246 3532 2308 ordine,
3562 2252 3623 2299 ut
3650 2242 3852 2312 quina-

2255 2345 2392 2410 rius,
2429 2344 2522 2413 qui
2547 2341 3058 2412 quinquagesimum
3104 2338 3403 2394 secundum
3434 2351 3726 2392 numerum
3756 2334 3852 2387 hic

2256 2437 2692 2506 supergreditur,
2724 2434 2931 2504 quintio
2968 2431 3329 2488 nihilominus
3386 2429 3684 2485 Dominica:
3724 2434 3854 2483 ante

2257 2531 2445 2586 Natale
2483 2531 2695 2585 Domini
2743 2542 2840 2600 per
2889 2527 3056 2583 verba
3104 2524 3506 2596 deprecationis
3558 2521 3851 2577 aduncum

2254 2625 2351 2680 Sic
2391 2626 2537 2679 enim
2571 2631 2694 2678 orat
2716 2621 3010 2677 sacerdos:
3047 2617 3258 2684 Ezeita,
3280 2617 3527 2680 Domine.
3549 2629 3853 2685 Mam

2258 2729 2470 2772 tuorum
2503 2716 2741 2786 ﬁdelium
2792 2714 3106 2773 voluntates.
3156 2719 3269 2767 etc.
3323 2709 3649 2777 Quanquam
3690 2714 3749 2760 et
3792 2703 3853 2763 in

2260 2810 2583 2881 quibusdam
2614 2807 2915 2862 Missalium
2946 2803 3101 2858 libris
3128 2804 3295 2856 etiam
3343 2799 3541 2863 altera,
3592 2796 3782 2851 nescio
3824 2809 3854 2850 ι

2260 2918 2389 2974 quo,
2418 2901 2726 2955 inveniatur
2751 2896 3073 2965 composita.
3106 2893 3259 2959 Quod
3282 2892 3327 2947 si
3356 2891 3409 2945 in
3439 2888 3717 2959 aliquibus
3736 2886 3851 2957 plu-

2261 3011 2349 3051 res
2378 2995 2730 3050 inveniuntur
2749 2990 2923 3055 libris,
2951 3004 3059 3044 non
3092 2997 3274 3043 tamen
3304 2982 3661 3039 authentieis.

2335 3087 2428 3142 llis
2450 3088 2522 3142 ita
2554 3102 2681 3142 sese
2710 3084 3056 3145 habentibus,
3084 3097 3181 3137 eos
3217 3079 3310 3149 qui
3334 3087 3485 3133 tanto
3512 3075 3711 3130 aunisu
3754 3073 3855 3130 hoc

2256 3195 2404 3235 sane
2431 3194 2596 3233 unam
2634 3175 3023 3232 hebdomadam
3051 3170 3333 3227 Dominico
3357 3167 3626 3224 Adventui
3656 3180 3857 3219 conan—

571 3298 761 3344 contra
808 3287 1029 3343 Patrum
1057 3289 1305 3343 instituta
1347 3302 1529 3359 agere,
1563 3285 1653 3355 qui
1685 3285 1804 3356 plus
1836 3300 1999 3356 quam
2027 3298 2153 3354 qua-

2266 3281 2354 3327 tur
2407 3270 2672 3339 adjicere,
2722 3266 2854 3322 libet
2903 3262 3213 3334 percontari
3276 3260 3535 3330 quidnam
3590 3256 3854 3327 agendum

574 3390 698 3435 tuor
739 3379 1048 3436 Dominicos
1103 3379 1219 3435 dies
1275 3380 1554 3435 Adventus
1603 3377 1818 3434 Domini
1876 3376 2160 3433 celebrare

574 3473 931 3529 contendunt.

1199 3562 1429 3620 CAPUT
1466 3563 1553 3618 ΠΙ.

895 3655 1131 3727 Objectia
1155 3667 1334 3711 contra
1362 3656 1502 3711 dicta
1532 3656 1852 3711 dissolvitur.

648 3750 801 3817 Quod
830 3765 958 3806 vero
983 3763 1047 3804 ex
1074 3750 1300 3805 adverso
1332 3749 1618 3820 objiciunt,
1648 3751 1769 3806 ideo
1800 3759 2033 3820 quatuor
2057 3750 2163 3804 Do-

578 3842 809 3897 minicos
830 3841 945 3896 dies
966 3850 1190 3910 excepta
1212 3840 1394 3913 vigilia
1420 3841 1632 3896 Domini
1650 3842 1852 3897 debere
1873 3841 2161 3905 celebrari,

578 3941 640 3989 ut
671 3932 759 3987 illa
787 3942 1021 4004 quatuor
1071 3922 1413 3989 nocturnalia
1458 3933 1631 3989 ollicia
1663 3934 1745 3990 vel
1780 3935 1953 3989 sancti
1982 3934 2162 3989 Evan-

579 4012 725 4099 gelii,
754 4041 849 4082 seu
876 4026 1119 4096 Apostoli
1152 4027 1316 4082 lectio
1363 4030 1417 4081 in
1450 4026 1538 4081 illa
1578 4027 1883 4093 Dominica,
1916 4041 2038 4098 quae
2074 4041 2165 4081 va-

582 4128 687 4182 cat,
714 4112 931 4188 possint
952 4117 1189 4189 impleri,
1242 4118 1386 4175 facili
1419 4118 1773 4189 responsione
1801 4126 1976 4188 potest
2006 4132 2166 4173 ener-

582 4214 723 4267 vari.
751 4212 886 4280 Quis
916 4213 1061 4268 enim
1115 4227 1223 4268 non
1250 4213 1427 4267 videat
1469 4212 1829 4284 incongruum
1860 4212 2017 4267 valde
2045 4225 2166 4267 esse

552 4314 806 4374 propter
856 4306 963 4360 tria
1020 4302 1105 4361 vel
1138 4315 1375 4376 quatuor
1418 4308 1784 4377 responsoria,
1838 4321 1959 4376 quae
1995 4315 2167 4360 retro-

544 4464 547 4465 ,
584 4397 723 4450 actis
763 4398 1113 4454 hebdomadae
1137 4400 1348 4464 diebus,
1381 4401 1423 4457 si
1470 4412 1647 4458 tamen
1675 4403 1750 4457 ita
1778 4402 1956 4457 visum
1982 4400 2164 4469 fuerit,

586 4488 888 4559 dccantari,
918 4489 1001 4544 vel
1050 4490 1224 4545 sancti
1268 4490 1543 4562 Evangelii
1587 4508 1682 4548 seu
1711 4493 1955 4563 Apostoli
1979 4491 2165 4556 lectio,

586 4596 705 4650 qute
736 4579 867 4633 feria
900 4580 1057 4634 tertia
1090 4581 1520 4650 ante'jcjunium,
1551 4584 1693 4637 sicut
1722 4584 1776 4637 in
1796 4582 1964 4638 Italia:
1988 4582 2167 4653 regio—

588 4673 747 4727 nibus
773 4685 871 4726 nos
899 4670 997 4741 ipsi
1041 4684 1202 4740 agere
1219 4672 1535 4728 audivimus
1574 4688 1641 4728 ac
1667 4674 1929 4738 vidimus,
1970 4672 2153 4742 νειμ)

2266 4655 2533 4709 lcetiones
2574 4660 2827 4720 quatuor,
2892 4648 3089 4703 missas
3128 4643 3389 4713 quinque,

542 4816 545 4817 ν
590 4764 694 4817 tius
727 4763 780 4817 in
808 4764 922 4833 ipsa
941 4761 1242 4826 Dominica,
1273 4765 1489 4832 quando
1513 4765 1692 4836 vigilia
1721 4766 2167 4821 celebratur'cum

590 4855 805 4926 hymnis
839 4853 1270 4921 matutinalibus,
1296 4855 1471 4925 primo
1495 4871 1654 4911 mane
1680 4858 1887 4926 possint
1910 4854 2172 4925 adimple-

591 4947 792 5011 ri,tam
827 4947 1084 5019 mysticas
1132 4949 1371 5004 rationes
1419 4960 1654 5021 quatuor
1704 4950 2169 5006 hebdomadarum

588 5038 840 5091 ci'acuari
874 5037 1103 5095 debere?

662 5131 991 5203 Nonutique
1046 5142 1239 5203 quarta
1303 5133 1587 5191 Dominica
1627 5134 1909 5189 Adventus
1962 5130 2176 5185 Domini

592 5233 807 5262 var-ornt

873 5224 915 5262 ci
968 5226 1242 5262 nrnnrinm
1297 5225 1531 5262 ninnium
1578 5226 1804 5262 ιιαῑνιονοι
1878 5223 2169 5262 Iuli-nilne.

2256 3369 2705 3425 censeant,~cum
2747 3357 2985 3429 primum
3035 3354 3243 3410 Pascha
3287 3351 3342 3407 in
3375 3367 3428 3405 χι
3483 3347 3610 3405 Kal.
3660 3347 3852 3418 ApriL,

2263 3451 2676 3523 Septuagesima
2702 3463 2832 3503 vero
2865 3462 2936 3501 xv
2975 3444 3101 3500 Kal.
3158 3442 3316 3499 Febr.
3367 3440 3640 3506 evenerit,
3690 3446 3746 3493 et
3793 3435 3858 3491 ob

2263 3547 2368 3603 hoc
2412 3523 2522 3600 duo
2551 3543 2749 3609 oﬁicia,
2800 3555 2928 3612 quae
2961 3547 3089 3595 sunt
3120 3556 3133 3592 :
3167 3536 3348 3593 Omnis
3400 3544 3567 3597 terra,
3607 3532 3856 3593 Aderate,

2261 3637 2412 3693 velut
2431 3636 2610 3691 minus
2632 3632 2947 3690 necessaria
2966 3628 3350 3693 remanebunt,
3375 3626 3478 3681 nisi
3504 3624 3647 3679 forte
3669 3623 3856 3693 priori,

2264 3729 2318 3785 id
2343 3737 2427 3784 est
2453 3745 2464 3780 :
2493 3726 2677 3780 Omnis
2698 3734 2861 3789 terra,
2918 3721 3011 3777 tali
3042 3720 3201 3777 modo
3228 3718 3406 3774 locum
3438 3716 3589 3781 dent,
3646 3724 3706 3768 ut
3739 3724 3859 3768 ante

2264 3820 2619 3892 Epiphaniam
2644 3838 2656 3873 :
2684 3818 2750 3873 In
2770 3816 2971 3874 excelso
3004 3815 3193 3869 throno
3205 3820 3396 3868 contra
3409 3823 3619 3864 morem
3642 3814 3858 3869 canant,

2265 3933 2386 3973 eum
2414 3916 2466 3972 in
2488 3915 2738 3970 onmibus
2791 3908 3125 3967 authenticis
3150 3901 3564 3975 Antiphonariis
3607 3900 3660 3954 id
3689 3899 3858 3968 ipsum

2267 4011 2341 4064 ita
2367 4006 2727 4077 praelituletur
2744 4021 2756 4057 :
2774 4002 3049 4057 Dominica
3071 3999 3099 4053 I
3119 4007 3232 4070 post
3252 3994 3609 4067 Epiphaniam
3622 3990 3857 4047 Domini.

2338 4098 2452 4153 Non
2482 4096 2655 4151 solum
2688 4095 2810 4159 hoc,
2848 4091 2942 4147 sed
2993 4099 3048 4146 et
3104 4085 3449 4159 responsuris
3482 4102 3496 4139 :
3529 4082 3779 4145 Domine,
3804 4095 3863 4133 ne

2245 4191 2449 4254 inira,
2484 4188 2686 4243 nullum
2718 4186 2860 4241 diem
2900 4181 3239 4239 Dominicum
3266 4184 3529 4250 poterunt
3572 4175 3864 4244 attingere,

2260 4293 2459 4339 octava
2498 4278 2812 4350 Epiphaniae
2832 4276 3086 4346 proxima
3114 4272 3270 4327 tertia
3292 4269 3428 4325 feria
3461 4275 3590 4322 ante
3643 4266 3868 4337 Septua-

2269 4377 2470 4450 gesima
2499 4382 2842 4430 occurrente.
2864 4369 3019 4437 Quod
3044 4368 3090 4422 si
3132 4367 3207 4421 ita
3235 4372 3339 4429 est,
3374 4364 3484 4417 imo
3511 4360 3642 4430 quia
3666 4360 3741 4413 ita
3764 4365 3863 4421 est,

2268 4483 2435 4524 unum
2468 4467 2658 4521 horum
2681 4476 2906 4519 necesse
2927 4468 3012 4516 est
3032 4457 3360 4527 intelligant,
3402 4460 3494 4505 aut
3525 4460 3586 4504 ut
3612 4450 3732 4505 lucc
3759 4463 3864 4502 om-

2258 4561 2381 4625 nia,
2414 4559 2615 4615 idest:
2646 4555 2844 4620 oﬂicia,
2883 4548 3231 4622 responsoria
3264 4566 3277 4600 :
3304 4544 3548 4607 Domine,
3587 4558 3654 4597 ne
3683 4542 3737 4595 iu
3768 4540 3864 4602 ira,

3442 4636 3671 4693 omnino
3715 4630 3866 4702 quasi

2266 4761 2381 4801 non
2416 4743 2725 4799 necessaria
2756 4739 3207 4812 praetermittam;
3237 4741 3334 4787 aut
3358 4731 3448 4787 ubi
3474 4731 3726 4785 locorum
3752 4741 3867 4797 pos-

2272 4838 2400 4901 sint,
2430 4836 2779 4897 interserant,
2803 4839 2858 4885 et
2887 4829 3189 4885 concedant
3212 4823 3393 4888 nobis,
3437 4822 3493 4877 id
3514 4836 3627 4875 una
3661 4827 3866 4874 tantum

2274 4930 2441 4984 missa
2463 4936 2519 4982 et
2541 4941 2650 4980 una
2672 4925 2905 4979 lectione
2919 4919 3217 4992 apostolica
3240 4932 3336 4972 seu
3356 4913 3670 4984 evangelica
3688 4924 3867 4982 agere,

2270 5020 2418 5089 quod
2449 5018 2551 5074 sibi
2577 5023 2770 5087 putant
2798 5014 2850 5069 in
2873 5011 3122 5084 plurimis
3144 5009 3329 5063 licere.
3371 5005 3629 5074 Alioquin
3681 5001 3869 5057 termi-

2275 5128 2404 5166 num
2442 5107 2752 5178 paschalem
2800 5114 3027 5161 eotenus
3064 5098 3416 5163 transferant,
3470 5105 3741 5166 quatenus
3782 5091 3868 5146 illa

2277 5205 2382 5259 duo
2406 5201 2608 5262 ofﬁcia,
2639 5215 2708 5253 ne
2736 5198 2915 5254 dicam
2948 5195 3210 5251 lectiones
3237 5200 3295 5246 et
3318 5191 3536 5254 missas,
3569 5188 3714 5241 inter
3752 5183 3870 5254 Epi-
