4072 5350
225 279 378 338 1085

1352 287 1442 344 DE
1479 287 1689 347 ΙΜΤΙΟ
1720 289 2092 348 ADVENTUS
2131 293 2387 352 DOMlNl.

220 391 489 447 Patribos
521 388 756 457 Gelasio,
783 391 1067 463 Gregorio,
1107 392 1434 468 Hieronymo
1479 409 1642 470 alque
1672 401 1818 455 Hila-
1852 411 1898 470 Α
1923 407 2110 459 smmi!
2135 405 2344 460 Salutat
2371 416 2423 462 te
2451 408 2672 464 humilis
2690 408 3042 480 Augiensium
3071 413 3300 472 fratrum
3331 429 3515 476 cater-

223 483 318 538 rio
343 483 709 538 indubitanter
752 486 1078 554 accepimus,
1101 500 1226 556 quae
1263 488 1411 544 velut
1451 490 1609 548 bases
1650 494 1828 548 consi-

225 584 385 632 stunt
410 577 463 630 in
491 584 692 630 sancta:
718 575 975 632 Ecclesia:
997 576 1388 647 fumlamentis,
1422 596 1653 651 quorum
1697 603 1828 642 sen-

229 667 427 723 tentiis
444 666 585 721 nolle
605 667 954 736 acquiescere
985 673 1344 741 transgressio
1357 682 1442 729 est
1458 675 1592 746 legis
1610 678 1824 733 divinae.

855 760 1085 817 CAPUT
1124 762 1212 817 IV.

227 828 495 900 Implorut
519 831 690 886 Berno
720 832 968 922 Ariltom's
1007 835 1395 922 auctoritatem,
1453 847 1599 922 utne
1645 841 1826 922 plures

303 919 464 984 quam
497 916 728 973 quatuor
754 904 1016 958 Adventus
1045 903 1349 962 Dominicas
1403 903 1660 966 celebrari
1705 929 1827 983 per-

303 981 497 1028 mittat.

303 1063 432 1120 “(BC
461 1079 581 1121 esse
606 1066 708 1122 etsi
763 1067 837 1122 ita
887 1068 1185 1137 credimus,
1237 1072 1380 1128 haud
1432 1073 1588 1130 facile
1649 1083 1830 1129 tamen

227 1157 353 1213 aliis
371 1159 841 1228 persuadebimus.
874 1161 1219 1235 Quapmpter
1239 1182 1306 1221 ex
1328 1177 1529 1224 saneta:
1556 1170 1698 1224 sedis
1725 1178 1830 1223 tute

227 1252 565 1306 auctoritate
595 1253 862 1308 sententia
899 1256 1144 1324 prodeat,
1199 1273 1320 1327 quer
1362 1269 1675 1314 sanctorttm
1732 1257 1832 1314 Pa-

227 1348 375 1397 trum
406 1341 653 1398 instituta
683 1359 907 1400 servare
937 1347 1219 1412 decernat,
1274 1363 1340 1402 ne
1393 1361 1594 1405 sanctae
1640 1352 1832 1407 matris

224 1433 486 1492 Ecclesiae
513 1435 630 1502 lilii,
685 1437 736 1492 in
791 1439 1027 1493 schisma
1059 1440 1282 1508 diversi,
1338 1442 1516 1498 minus
1546 1446 1829 1498 unanimes

220 1525 438 1595 possint
489 1525 734 1582 habitare
785 1526 840 1581 iu
901 1529 1061 1585 domo
1115 1531 1346 1586 Domini.
1404 1533 1535 1587 Nam
1595 1550 1660 1588 ex
1717 1535 1831 1588 dul-

221 1615 449 1672 cissimo
497 1617 637 1673 sacri
669 1619 903 1689 pectoris
931 1620 1005 1674 tui
1037 1619 1188 1677 fonte
1213 1639 1405 1694 purum
1453 1625 1612 1696 hujus
1655 1627 1831 1682 scicn-

221 1705 318 1760 tia:
341 1715 524 1776 potum
559 1709 774 1762 tandem
806 1709 1028 1766 haurire
1067 1713 1338 1782 cupimus,
1395 1731 1460 1769 ne
1509 1733 1606 1786 per
1647 1717 1829 1772 varios

1933 495 2072 559 vula,
2105 511 2317 566 semper
2339 497 2414 552 tui
2444 513 2653 554 memor
2703 500 2845 555 inter
2887 515 3041 557 sacra
3089 505 3394 564 orationum
3445 511 3514 568 li-

1929 587 2165 642 bamina.
2871 595 2898 624 ⁸

2188 678 2517 752 Rescriptum
2557 684 2820 741 Aribom’s-
2853 689 3248 762 archiepiscopi.

2004 773 2364 829 Sanctitatem
2391 785 2629 831 vestram
2683 793 2800 834 aevo
2851 784 3188 853 sempiterno
3229 787 3515 842 intemera-

1934 875 2042 919 tam
2073 881 2400 921 conservare
2445 877 2714 939 optantes,
2773 872 3180 946 circumspecta:
3223 884 3414 932 vestra:
3462 877 3517 934 in

1933 956 2040 1020 his,
2065 971 2186 1025 quae
2212 958 2278 1012 ad
2303 959 2588 1014 Dominum
2614 971 2764 1028 sunt,
2786 963 3132 1020 sollicitudini
3161 967 3513 1036 gratulamur.

1934 1047 2172 1104 Tandem
2210 1052 2374 1107 etiam
2405 1054 2603 1110 vestris
2633 1057 2769 1110 bene
2815 1065 2872 1112 et
2911 1059 3208 1116 artiﬁciose
3259 1062 3518 1130 inventis,

1931 1140 2136 1210 Optime
2185 1143 2484 1212 dispositis,
2533 1145 2765 1202 facunde
2817 1149 3044 1206 elocutis
3075 1193 3090 1216 ,
3128 1162 3194 1207 et
3235 1164 3518 1222 postremo

1935 1231 2086 1284 ﬁrma
2116 1235 2376 1288 memoria
2409 1238 2792 1305 pronuntiatis,
2825 1254 2890 1295 ex
2925 1242 3107 1296 animo
3139 1242 3380 1300 inventus
3408 1253 3516 1300 tra-

1933 1325 2188 1388 ctatibus,
2217 1334 2290 1390 et,
2339 1327 2384 1381 si
2413 1342 2519 1397 qua
2551 1327 2638 1382 illa
2671 1339 2754 1385 est
2799 1332 3146 1399 pontiﬁcatus
3189 1334 3380 1388 tantilli
3413 1349 3518 1390 au-

1933 1415 2176 1480 ctoritas,
2209 1415 2361 1486 ejus,
2413 1421 2556 1475 sicut
2603 1422 2858 1492 rogastis,
2921 1438 3141 1479 manum
3193 1425 3520 1496 imponimus

1931 1506 2028 1560 eis.
2066 1506 2339 1564 Fet-undet
2367 1511 2631 1566 Dominus
2668 1521 2722 1568 et
2743 1513 3033 1582 ampliﬁcet
3064 1524 3271 1570 tantam
3322 1518 3374 1572 in
3419 1531 3520 1572 vo-

1931 1599 2014 1653 bis
2038 1601 2290 1670 gratiam,
2321 1611 2402 1666 ut,
2427 1603 2473 1657 si
2503 1604 2646 1673 quod
2670 1604 2846 1660 adhuc
2875 1606 3062 1671 etiam,
3100 1607 3152 1662 in
3197 1622 3304 1676 quo
3333 1608 3518 1664 Eccle-

1931 1693 2007 1746 sia
2038 1692 2296 1759 oifcritlatt,
2332 1696 2676 1751 obstaculum
2715 1707 2922 1754 restare
2969 1699 3274 1765 senseritis,
3327 1701 3517 1756 emat

217 1812 472 1856 errorum
521 1801 722 1856 rivulos
770 1803 972 1860 diutius
999 1821 1026 1859 a
1057 1822 1188 1862 vero
1233 1824 1330 1862 nos
1374 1811 1711 1873 aberremus,
1767 1819 1816 1864 ul

1929 1784 2136 1838 cautela
2166 1785 2465 1855 propellere
2494 1787 2674 1842 velitis
2699 1797 2753 1843 et
2777 1789 3064 1845 industria.

217 1889 314 1944 illa
341 1889 522 1947 valeas
563 1893 814 1948 mercede
845 1895 1032 1948 donari
1077 1913 1238 1966 quam
1283 1897 1541 1955 Dominus
1569 1915 1664 1970 per
1695 1917 1818 1970 pro-

214 1979 440 2050 phetam
487 1982 683 2037 talibus
711 1985 892 2040 verbis
933 1987 1186 2057 dignatus
1214 1999 1297 2044 est
1327 1991 1566 2060 polliceri
1602 1991 1814 2058 :Bcati,

215 2073 314 2144 qui
339 2075 606 2130 seminatis
636 2094 793 2145 super
823 2094 1000 2132 omnes
1028 2096 1214 2150 aquas.

288 2149 528 2222 Dilectus
551 2167 806 2224 Ecclesiae
838 2170 1100 2239 Sponsus,
1129 2173 1219 2241 qui
1246 2173 1487 2242 quotidie
1535 2174 1816 2228 descemlit

214 2255 274 2310 in
308 2257 523 2312 hortum
554 2275 709 2314 suum
743 2262 808 2316 ad
844 2263 1082 2316 areolam
1115 2276 1439 2329 aromatum,
1501 2277 1549 2318 te
1581 2283 1810 2336 pascen-

213 2358 329 2402 tem
355 2349 406 2402 in
436 2349 609 2406 hortis
637 2353 918 2417 virtutum,
959 2355 1100 2408 inter
1129 2354 1241 2409 lilia
1295 2357 1564 2411 castitatis
1599 2359 1819 2411 conval-

209 2435 351 2493 lium
381 2450 504 2512 post
537 2443 697 2514 hujus
727 2445 852 2501 vitm
880 2447 1173 2500 terminum
1201 2449 1418 2518 colligat
1469 2451 1521 2504 in
1553 2453 1810 2523 ltorrcunt

1995 1893 2068 1947 De
2108 1905 2322 1960 ('zutct'o,
2355 1898 2694 1954 orationibus
2723 1901 2920 1956 vestris
2954 1912 3008 1956 et
3039 1904 3212 1958 sancti
3243 1906 3511 1962 examinis

1921 1987 2020 2042 sub
2053 1996 2234 2042 vestro
2267 1989 2531 2056 regimine
2560 1990 2924 2047 melliﬁcantis
2961 1995 3195 2049 recreari
3227 2005 3510 2064 optamus;

1920 2091 1972 2135 et
2006 2083 2097 2148 qui
2133 2097 2274 2135 tutnc
2309 2084 2409 2136 sub
2457 2085 2636 2138 crucis
2667 2084 2854 2139 habitu
2887 2086 2996 2140 assi
3033 2088 3200 2154 piscis
3233 2097 3387 2158 parte
3436 2089 3514 2144 ci-

1918 2175 2142 2236 bamini,
2171 2185 2229 2227 ut
2257 2177 2581 2246 quandoque
2612 2177 2735 2232 favo
2767 2179 2942 2234 mellis
2969 2180 3117 2250 digni
3171 2181 3509 2250 habeamini,

1922 2285 2006 2324 me
2039 2285 2254 2339 quoque
2278 2288 2305 2324 a
2331 2271 2488 2343 longe
2516 2273 2656 2326 haud
2691 2283 2913 2328 strenue
2944 2283 3242 2333 certantem
3263 2283 3318 2330 et
3345 2276 3512 2330 inter-

1915 2365 2040 2416 dum
2075 2365 2307 2417 statione
2337 2365 2524 2419 relicta
2557 2365 2676 2420 loco
2704 2367 3010 2432 cedentem,
3043 2366 3296 2437 precibus
3311 2367 3508 2422 vestris

1913 2469 2170 2508 revocare
2205 2454 2403 2518 velitis,
2437 2454 2670 2510 sollicite
2697 2471 2974 2527 rogamus.

269 2573 3478 2620 —_______________________________

721 2675 1430 2791 BERNONIS
1547 2679 2149 2792 ABBATIS
2264 2681 3015 2800 AUGIENSIS

1367 2893 1683 2970 RATIO
1735 2854 2311 2972 caucasus
3059 2909 3069 2922 ο

293 3058 401 3120 DE
441 3053 700 3118 ΙΝΙΊῚΟ
738 3052 1165 3114 ADVENTUS
1212 3049 1500 3112 DOMINI
1547 3049 1975 3114 SECUNDUM
2017 3053 2660 3120 AUCTORITATEM
2705 3059 3014 3123 HILARH
3063 3063 3446 3129 EPISCOPI.

1449 3172 1624 3243 (Apud
1656 3172 1788 3237 Pez,
1817 3172 1909 3226 ubi
1931 3187 2114 3242 supra,
2139 3173 2258 3247 49.)

295 3377 590 3438 Sciendum
619 3393 749 3434 sane
771 3387 854 3434 est
879 3384 936 3432 et
968 3375 1221 3432 omnibus
1275 3375 1596 3431 orthodoxis
1647 3373 1818 3430 lideli-
1841 3375 1892 3442 ο
1923 3375 2154 3430 termino
2182 3368 2496 3444 versantur,
2523 3387 2853 3444 succrescat,
2910 3395 3007 3450 per
3035 3381 3269 3450 speciem
3315 3395 3509 3454 synec:

217 3476 324 3531 bus
349 3471 663 3528 memoriter
685 3471 1048 3536 retinendum,
1072 3470 1199 3540 quia
1219 3469 1360 3524 sicut
1379 3469 1650 3540 praecipua
1678 3484 1806 3524 cur-

219 3563 394 3620 rentis
419 3563 544 3617 anni
587 3571 830 3632 tempora
883 3561 1122 3632 propriis
1151 3567 1279 3615 sunt
1307 3560 1555 3616 terminis
1586 3560 1809 3631 praeﬁxo

221 3665 412 3711 tenore
467 3663 756 3718 contenta,
807 3653 911 3708 hoc
963 3662 1047 3708 est
1080 3671 1092 3706 :
1121 3651 1606 3722 Septuagesimale,
1667 3653 1810 3722 quod

221 3747 566 3820 septuaginta
595 3746 758 3801 trium
794 3745 1005 3800 dierum
1035 3745 1212 3816 spatio
1239 3745 1546 3810 conﬁcitur,
1579 3753 1635 3799 et
1679 3761 1812 3815 qua-

219 3835 584 3908 dragesimale
619 3876 633 3900 ,
697 3834 842 3906 quod
886 3833 1253 3903 quadragenis
1303 3832 1550 3902 binisque
1599 3842 1812 3889 constat

217 3929 432 3993 diebus,
459 3943 562 3984 nec
593 3943 699 3982 non
729 3936 784 3982 et
805 3925 1078 3998 paschalis
1115 3924 1476 3980 solemnitatis
1523 3926 1806 3990 terminus,

217 4019 346 4090 quia
373 4034 406 4074 α
433 4033 510 4074 ιιι
549 4017 668 4072 Kal.
693 4016 896 4088 Aprilis
946 4031 1120 4086 usque
1149 4031 1241 4070 xxv
1277 4015 1402 4070 Kal.
1453 4015 1580 4071 Maii
1632 4031 1732 4086 per
1773 4031 1812 4070 ι

220 4119 278 4166 et
315 4123 372 4164 ιιι
401 4123 576 4164 annos
604 4108 873 4173 variatur;
906 4106 1266 4178 Rogationum
1297 4122 1536 4176 quoque,
1578 4119 1808 4177 quarum

218 4201 486 4259 terminus
506 4200 660 4256 omni
691 4209 932 4270 tempore
959 4217 988 4254 a
1019 4197 1194 4269 pridie
1217 4197 1354 4252 Non.
1373 4197 1498 4252 Maii
1525 4199 1808 4270 quaeritur,

215 4305 274 4353 et
299 4305 384 4352 est
410 4295 535 4350 luna
567 4311 636 4350 ιι
664 4295 866 4350 mensis
900 4293 1432 4360 Maii;Pcntecostes
1470 4293 1734 4348 terminus
1779 4308 1808 4346 a

215 4403 315 4442 stu
351 4385 472 4442 Kal.
521 4384 671 4441 Junii
707 4399 924 4456 semper
962 4384 1260 4456 inquiritur
1283 4425 1297 4448 ,
1336 4383 1427 4454 qui
1475 4393 1562 4439 est
1599 4383 1724 4437 luna
1757 4397 1812 4437 tv

213 4480 422 4538 mensis
450 4477 628 4546 Junii;
659 4481 730 4533 ita
755 4494 889 4549 ergo
915 4479 1180 4533 terminus
1208 4476 1571 4533 inchoationis
1595 4475 1814 4532 Adven-

217 4581 304 4625 tus
334 4570 546 4626 Domini
571 4569 836 4626 immobili
867 4569 1041 4624 limite
1067 4576 1287 4625 constat
1315 4569 1618 4624 secundum
1649 4568 1810 4624 ﬁdem

214 4659 422 4717 Nicaeui
451 4661 665 4718 concilii
695 4677 727 4717 a
751 4677 782 4716 v
810 4659 929 4716 Kal.
965 4662 1093 4717 Dec.
1126 4676 1297 4730 usque
1330 4661 1383 4715 in
1413 4675 1470 4714 Ill
1497 4658 1635 4714 Non.
1664 4659 1812 4730 ejus-

1911 3469 2119 3533 docbae,
2155 3470 2207 3524 id
2247 3477 2352 3534 est,
2389 3477 2499 3524 tota
2527 3485 2594 3524 ex
2641 3480 2793 3538 parte
2841 3482 3208 3544 eernputetur,
3241 3489 3308 3527 eo
3361 3474 3504 3542 quod

1913 3568 2024 3614 tota
2059 3574 2165 3613 non
2189 3560 2433 3614 vacando
2475 3561 2833 3628 expendatur,
2865 3562 2960 3616 sed
2993 3561 3046 3615 in
3097 3560 3336 3616 Sahbato
3383 3560 3504 3630 ejus

1915 3649 2131 3702 tandem
2156 3647 2339 3718 vigilia
2365 3649 2578 3703 Domini
2605 3649 2934 3706 celebretur.

1983 3740 2135 3810 Qum,
2178 3742 2447 3811 inquiunt,
2479 3742 2621 3797 ratio
2649 3751 2735 3798 est
2774 3751 2832 3796 ut
2876 3750 3110 3812 quatuor
3151 3745 3508 3801 hebdomadte

1911 3833 1966 3887 in
2009 3832 2283 3902 praeconio
2325 3831 2604 3887 Adventus
2637 3832 2851 3887 Domini
2884 3831 3126 3888 funditus
3162 3833 3505 3903 expleantur,

1911 3935 1967 3983 et
2008 3928 2198 3996 quinta
2249 3926 2491 3980 intrante
2531 3924 2716 3996 vigilia
2767 3925 2975 3980 Domini
3010 3927 3318 3982 habeatur?
3367 3926 3423 3982 Si
3451 3928 3508 3984 iu
3584 3941 3594 3952 ‘

1913 4033 1976 4071 tu
2018 4017 2154 4072 Non.
2203 4015 2457 4072 Decemb.
2504 4015 2816 4081 inchoatur,
2857 4017 2948 4071 ubi
2999 4015 3186 4070 ultitna
3225 4017 3507 4073 Dominica

1911 4108 2152 4179 ejusdem
2187 4107 2405 4163 termini
2438 4107 2734 4175 invenitur,
2765 4122 2868 4162 non
2907 4108 3286 4178 expenduntur
3315 4108 3368 4163 in
3391 4107 3504 4163 Ad-

1911 4208 2074 4254 ventu
2100 4199 2312 4253 Domini
2355 4199 2455 4254 nisi
2491 4210 2600 4254 tres
2627 4199 2978 4254 hebdomadas
3004 4199 3182 4271 plenae
3216 4200 3378 4256 etiam
3409 4215 3504 4256 σευ·

1915 4291 2140 4346 lebratis
2199 4291 2386 4360 legalis
2434 4289 2627 4361 jejunii
2685 4291 2986 4357 solemniis,
3041 4302 3233 4362 quarta
3287 4293 3504 4348 demum

1914 4383 2317 4438 accrastinante
2345 4382 2524 4453 vigilia
2565 4383 2776 4438 Domini
2813 4385 2866 4438 in
2897 4384 3179 4439 Dominica
3216 4387 3473 4440 occurrit.

1983 4473 2106 4529 llaec
2119 4485 2300 4529 autem
2323 4489 2486 4529 causa
2501 4483 2606 4539 est,
2619 4475 2745 4544 quia
2769 4475 2990 4545 praelata
3005 4474 3226 4530 Patrum
3241 4477 3508 4531 sententia

1915 4565 2152 4621 fulcitur.
2179 4565 2370 4622 Omnis
2405 4565 2550 4621 enim
2580 4565 2980 4638 Omnipotentis
3026 4567 3187 4622 Verbi
3221 4567 3508 4621 humanatt’

1915 4659 2268 4728 dispensatio,
2301 4667 2502 4714 sancta:
2515 4657 2798 4712 Trinitatis
2831 4657 3105 4712 individua
3131 4666 3215 4712 est.
3238 4653 3504 4724 operatio.

213 4755 337 4811 dem
376 4756 600 4812 mensis.
631 4755 768 4811 Nam
790 4764 999 4825 septem
1033 4755 1149 4810 dies
1177 4755 1231 4809 in
1290 4753 1468 4808 medio
1527 4754 1805 4810 variantes
1831 4751 1883 4813 D
1911 4748 1976 4803 Et
2016 4765 2326 4820 quanquam
2363 4748 2430 4803 ad
2454 4747 2624 4802 solum
2672 4747 2868 4802 Filium
2899 4746 3160 4815 respiciat
3201 4741 3513 4798 humanita-

212 4847 517 4903 ostendunt
542 4847 736 4919 procul
773 4847 935 4902 dubio
977 4846 1206 4916 singulis
1236 4846 1394 4901 annis
1445 4844 1806 4914 Dominicam,

215 4943 424 5014 inqua,
447 4941 656 5011 absque
681 4939 1046 5012 refragatione
1065 4937 1266 5006 aliqua,
1291 4945 1482 4993 saneta
1507 4953 1604 5006 per
1617 4941 1806 4998 orbem

214 5031 458 5089 Ecclesia
485 5031 796 5086 Adventum
825 5027 1038 5084 Domini
1070 5027 1432 5096 praeconando
1469 5033 1806 5095 aggreditur.

286 5123 358 5181 Et
385 5123 460 5180 ita
491 5123 780 5192 contingit,
819 5130 878 5176 ut
901 5120 944 5176 si
975 5120 1326 5188 quarumdam
1352 5131 1506 5171 more
1532 5118 1810 5181 Ecclesia-

215 5232 338 5274 rum
367 5230 399 5270 a
427 5233 478 5272 vt
511 5214 633 5271 Kal.
665 5213 916 5270 Decemb.
949 5209 1087 5266 idem
1115 5211 1378 5264 terminus
1408 5206 1620 5274 ﬁgatur,
1683 5230 1807 5285 pro.

215 5308 362 5350 πίπτει
400 5305 734 5350 hnhrlnmnda
774 5298 1082 5350 Nntivitalis
1132 5297 1343 5350 Domini
1388 5296 1660 5350 SUDet‘ﬂtm
1699 5313 1805 5350 mla

1916 4838 1984 4893 tis
2039 4839 2357 4909 assumptio,
2415 4847 2596 4891 tamen
2625 4837 2690 4891 ad
2720 4844 2888 4889 totam
2919 4832 3248 4889 Trinitatem
3275 4829 3514 4900 pertinet

1916 4927 2168 4988 eﬂ'ectiva
2215 4936 2416 4984 nostrre
2471 4925 2866 4993 redemptionis
2907 4920 3336 4977 consummatio.
3378 4916 3526 4984 Qua-

1951 5034 2142 5098 rOptcr
2181 5033 2395 5089 aetrnum
2443 5031 2539 5085 per
2562 5015 2744 5068 omnia
2793 5013 2915 5068 fore
2944 5020 3000 5067 et
3033 5009 3376 5069 condecibile
3401 5022 3531 5062 cen-

1914 5125 2092 5185 setur,
2121 5118 2388 5184 quatenus
2417 5115 2528 5160 tres
2553 5113 2761 5159 tantum
2788 5103 3160 5160 hebdomadas
3178 5107 3534 5200 observentur

1916 5209 1968 5261 in
2016 5210 2269 5264 Adventu
2323 5196 2563 5254 Domini.
2617 5194 2772 5262 Quod
2824 5198 2868 5253 si
2906 5193 3116 5262 aliquid
3175 5193 3531 5266 supercrevit,

1915 5294 2346 5350 ενηριτιιοριιίοοε
2406 5286 2692 5350 accipitur,
2745 5303 2814 5343 ne
2871 5283 3009 5340 tanti
3041 5283 3300 5350 mysterii
3353 5278 3537 5350 regula
