4072 5350
607 221 744 280 1087

1692 223 2039 288 BERNONIS
2074 227 2366 289 ABBATIS
2402 230 2767 293 AUCIENSIS

3745 235 3892 296 {088

604 340 747 395 trino
772 338 1004 395 adventu
1034 338 1429 398 infructuosam
1472 341 1758 402 ﬂculneam
1787 347 2028 404 visitavit
2060 367 2073 403 :
2103 349 2184 405 sic
2212 350 2263 412 Α
2288 358 2401 405 tum
2432 351 2643 408 Domini
2683 352 3025 412 inchoarent.
3056 349 3353 412 Transacta
3383 353 3582 427 quippe
3613 326 3709 410 ilia
3748 356 3892 412 heb-

604 441 791 495 sancta
830 442 1007 488 mater
1050 433 1294 491 Ecclesia
1342 434 1974 503 Salvatorisadventum
2002 456 2185 499 annuo

602 540 825 581 recursu
877 539 976 596 per
1008 525 1170 581 trium
1221 529 1647 598 septitnanarum
1698 542 1965 588 secretum
2009 534 2184 606 spatia

604 615 765 688 [alter
783 616 929 683 cod.,
958 617 1363 691 spatiutn]ssibi
1423 621 1687 678 incitavit.
1728 622 1881 678 Venit
1910 626 2051 680 enim
2078 625 2178 680 Fi-

599 707 703 763 lius
729 709 956 764 hominis
987 727 1219 781 quaerere
1244 722 1292 767 et
1321 713 1521 769 salttum
1553 716 1746 786 facere,
1776 717 1915 788 quod
1938 719 2182 787 perierat.

594 799 756 857 Venit
796 812 923 859 ante
960 803 1153 875 legem,
1183 805 1310 877 quia
1358 822 1455 879 per
1498 810 1799 865 naturalem
1853 810 2184 868 intellectum

603 892 734 963 quid
770 893 1063 964 unicuique
1117 897 1402 968 agendum,
1464 900 1660 970 quidve
1708 902 2041 971 sequendum
2089 904 2183 972 sit,

597 985 856 1044 innotuit.
895 986 1056 1045 Venit
1087 990 1189 1046 sub
1220 990 1359 1063 lege,
1396 993 1522 1063 quia
1546 995 1981 1066 patriarcharum
2003 1012 2187 1055 exem-

592 1080 697 1150 plis
723 1089 776 1135 et
818 1084 1206 1153 prophetarum
1242 1087 1530 1156 praeconiis
1570 1086 1805 1144 Ahraha:
1831 1088 2022 1161 lcgalia
2057 1106 2185 1147 con-

596 1172 832 1231 ﬁrmavit
850 1175 1091 1234 decreta.
1122 1175 1281 1232 Venit
1314 1180 1473 1235 tertio
1495 1188 1617 1250 post
1635 1180 1803 1251 legem
1831 1197 1932 1252 per
1953 1183 2184 1251 gratiam

596 1266 661 1321 ad
712 1268 1056 1325 vocationem
1111 1270 1376 1343 gentium,
1416 1280 1536 1327 uta
1568 1273 1696 1330 solis
1737 1283 1861 1330 ortu
1902 1290 2075 1345 usque
2116 1278 2184 1332 ad

494 1412 500 1418 .
592 1376 846 1419 occasum
902 1362 1127 1421 laudare
1187 1365 1462 1423 discerent
1516 1366 1723 1442 [rodd.,
1787 1370 2181 1444 discernerent]

591 1455 744 1524 pueri
776 1470 972 1512 nomen
1002 1457 1240 1525 Domini,
1273 1473 1554 1531 quousque
1592 1461 1660 1517 ad
1706 1460 1866 1517 linem
1899 1463 2083 1519 mundi
2115 1463 2184 1519 ad

592 1562 704 1604 sua:
736 1547 1040 1619 maj‘estatis
1063 1550 1271 1607 cultum
1297 1554 1580 1610 exhortari
1611 1571 1717 1612 non
1741 1556 1964 1614 desinit.
2001 1577 2020 1611 ι
2059 1558 2185 1617 Haec

592 1649 740 1707 sunt,
777 1656 899 1713 quae
946 1643 1087 1713 apud
1116 1643 1299 1701 Gallos
1348 1645 1557 1717 positus
1586 1662 1655 1704 ex
1697 1647 1837 1705 libro
1868 1648 2180 1709 Oliiciorum

592 1733 767 1790 sancti
790 1732 982 1791 Hilarii
1013 1751 1118 1791 non
1147 1736 1413 1795 inutiliter
1432 1740 1569 1796 mihi
1594 1743 1820 1798 corrasi.

915 1825 1261 1898 Conﬁrmatio
1301 1831 1534 1901 ejusdem
1573 1837 1863 1890 sementim.

663 1915 772 1974 Sed
795 1932 861 1975 ne
887 1933 955 1976 ea
974 1934 1095 1990 quae
1121 1920 1385 1979 hactenus
1411 1923 1635 1981 Patrum
1657 1927 1881 1999 vestigia
1909 1931 2182 2000 sequendo

589 2008 899 2081 retulimus,
921 2012 1233 2084 amphibola
1272 2013 1375 2087 [ita
1416 2017 1563 2090 cod.]
1600 2017 1832 2076 fortasse
1872 2021 2178 2090 videantur,

586 2114 769 2170 operae
797 2102 1031 2172 pretium
1074 2104 1328 2162 duximus
1353 2115 1433 2175 ut,
1466 2108 1705 2180 qualiter
1725 2113 1915 2168 eadem
1948 2115 2185 2171 auctori-

590 2199 675 2248 tas
705 2193 757 2248 in
781 2203 968 2251 nostra
992 2212 1209 2269 quoque
1246 2203 1533 2270 praesentia
1560 2204 1700 2276 apud
1727 2204 1915 2263 urbem
1939 2207 2185 2264 Aurelia-

588 2298 810 2340 nensem
833 2287 1123 2346 multorum
1146 2300 1411 2348 conventu
1433 2294 1811 2366 episcoporum
1836 2305 1998 2369 atque
2017 2300 2177 2370 spiri-

588 2374 778 2434 talium
809 2376 1035 2436 Patrum
1063 2380 1381 2441 dilI‘tnitioue
1408 2386 1638 2443 subnixa
1664 2389 1755 2454 sit,
1787 2388 2106 2448 referamus.

654 2466 898 2540 Contigit
930 2487 1169 2545 namque
1213 2477 1448 2548 quodam
1491 2495 1653 2546 anno,
1684 2482 1960 2539 mediante
1985 2483 2181 2540 decen-

585 2560 870 2620 novenalis
892 2564 1029 2637 cycli
1064 2568 1359 2638 curriculo,
1392 2580 1449 2627 ut
1479 2573 1903 2633 Aurelianenses
1933 2579 2178 2636 canonici

584 2663 748 2708 causa
771 2664 965 2726 agente
992 2658 1331 2730 negligentia:
1355 2663 1407 2719 in
1441 2678 1494 2720 vr
1520 2664 1638 2721 Kal.
1675 2665 1928 2725 Decemb.
1961 2669 2178 2726 Adven-

2290 442 2520 498 dnmada
2547 443 2759 499 exstitit
2793 453 2985 501 octava
3027 445 3158 510 dies,
3190 459 3312 515 qua:
3347 453 3431 501 est
3476 461 3536 500 ιιι
3578 444 3725 501 Non.
3782 444 3892 500 De-

2287 535 2462 590 cemh.
2505 535 2572 592 Et
2608 552 2705 594 nos
2746 537 3118 595 Floriacenses
3145 538 3361 603 fratres,
3389 538 3645 595 monachi
3684 538 3888 594 videli-

2287 635 2370 681 cet
2418 625 2717 683 beatissimi
2775 628 2953 685 Patris
3014 628 3325 694 Benedicti,
3375 629 3590 684 initium
3653 628 3891 684 fecimus

2284 717 2569 773 Adventus
2590 719 2824 774 Domini.
2854 720 3096 791 Cumque
3125 721 3178 774 in
3204 722 3527 786 crastinum,
3557 720 3708 790 quod
3732 728 3822 774 est
3849 734 3890 774 ιι

2286 808 2424 865 Νοη.
2462 810 2593 867 Dec.
2627 810 2821 868 festum
2857 811 3151 868 haberetur
3198 810 3457 866 illalionis
3503 808 3755 879 ejusdem
3786 808 3890 864 Pa-

2286 902 2409 969 tris,
2432 911 2488 958 et
2530 902 2745 972 praefati
2784 903 3030 959 canonici
3072 911 3232 958 tantae
3271 900 3551 958 festivitati
3612 915 3685 955 ex
3733 914 3889 956 more

2284 1003 2712 1062 concurrerent,
2764 1004 2817 1053 et
2870 1011 2968 1052 nos
3032 1010 3097 1051 ex
3145 995 3537 1051 consuetudine
3577 993 3888 1049 monastic

2283 1085 2656 1142 matutinalem
2699 1086 3034 1144 celebramus
3080 1087 3298 1142 missam
3361 1086 3429 1143 de
3471 1085 3730 1141 Adventu
3777 1083 3886 1142 Do-

2283 1178 2438 1244 mini,
2469 1194 2633 1249 quem
2667 1178 2838 1249 pridie
2887 1177 2977 1252 [ln
3017 1177 3111 1233 alt.
3164 1179 3261 1233 cod
3310 1177 3498 1234 deest:
3525 1175 3734 1249 pridie]
3795 1176 3881 1231 in-

2284 1269 2617 1337 choavimus,
2641 1279 2918 1340 cmperunt
2950 1269 3051 1340 ipsi
3082 1267 3498 1325 Aurelianenses
3529 1266 3691 1323 valde
3740 1267 3887 1323 inter

2284 1378 2342 1419 se
2367 1362 2654 1418 mussitare
2674 1372 2728 1417 et
2755 1378 2852 1419 nos
2879 1363 3092 1419 incaute
3122 1377 3369 1435 arguere.

2298 1457 2302 1465 '
2356 1456 2461 1513 Sed
2492 1457 2618 1527 quia
2647 1464 2796 1512 tanta
2828 1456 2963 1512 tanti
3011 1455 3192 1512 Patris
3229 1454 3544 1512 solemnitas
3575 1468 3679 1511 nos
3713 1469 3748 1508 a
3794 1467 3885 1510 re-

2283 1549 2575 1621 sponsione
2612 1549 2996 1620 suspendebat,
3023 1549 3077 1604 in
3120 1549 3415 1605 crastinum
3458 1562 3551 1604 res
3578 1547 3881 1603 admodum

2284 1642 2542 1698 ventilata
2571 1650 2676 1698 est.
2710 1642 2777 1697 Et
2803 1641 2929 1713 quia
2958 1642 3078 1698 sine
3111 1641 3400 1712 praesentia
3442 1640 3688 1713 ejusdem
3728 1637 3881 1696 urbis

2205 1710 2256 1772 Β
2282 1733 2520 1803 episcopi
2545 1732 2689 1787 finiri
2718 1710 2836 1788 non
2854 1732 3052 1803 potuit,
3081 1710 3283 1804 placuit
3308 1732 3426 1788 sine
3448 1710 3603 1787 mora
3623 1732 3882 1788 omnibus

2283 1826 2636 1898 Fraucigenis
2657 1826 2923 1898 episcopis
2954 1827 3094 1897 apud
3132 1826 3243 1898 jam
3272 1825 3471 1881 dictam
3517 1822 3713 1882 urbem
3744 1839 3877 1881 con-

2283 1919 2467 1975 cilium
2507 1934 2668 1991 super
2696 1919 2943 1975 Adventu
2992 1917 3203 1974 Domini
3232 1933 3409 1991 agere.
3440 1914 3515 1974 lbi
3548 1932 3649 1974 uos
3678 1918 3881 1989 quippe

2285 2012 2663 2068 Floriaceuses
2712 2010 2937 2065 Patrum
2969 2009 3290 2065 auctoritate
3346 2007 3541 2064 armati
3593 2016 3651 2063 ct
3704 2006 3879 2079 iugla-

2286 2105 2560 2162 diabiliter
2598 2104 2894 2177 perarmati
2928 2102 3218 2168 adfuimus,
3249 2110 3304 2157 ct
3328 2102 3401 2157 ita
3434 2100 3879 2157 contradicentes

2286 2199 2340 2254 in
2366 2199 2620 2255 omnibus
2648 2198 2999 2261 convicimus,
3030 2205 3091 2252 ut
3120 2196 3171 2252 in
3193 2204 3456 2252 aeternum
3484 2194 3568 2250 eis
3597 2193 3876 2251 silentium

2283 2306 2448 2362 super
2475 2291 2578 2347 hoc
2609 2289 2827 2362 negotio
2869 2289 3287 2359 imponeremus.
3315 2287 3394 2342 Ex
3421 2286 3514 2343 illo
3536 2287 3627 2343 die
3652 2296 3710 2342 et
3733 2285 3871 2341 dein-

2282 2400 2411 2455 ceps
2436 2400 2546 2441 non
2572 2394 2657 2440 est
2685 2382 2827 2455 apud
2866 2380 3048 2439 Gallos
3068 2380 3153 2435 vel
3179 2380 3480 2437 Germanos
3512 2385 3876 2451 pmsumptor

2281 2479 2553 2545 inventus,
2583 2476 2676 2548 qui
2716 2475 2843 2532 huic
2882 2483 2991 2531 tam
3018 2489 3165 2529 sanae
3192 2471 3499 2529 diﬂinitioni
3546 2470 3716 2527 vellet
3750 2484 3874 2525 con-

2284 2574 2471 2629 traire.
2501 2571 2844 2642 Quapropter
2888 2568 2934 2624 si
2964 2575 3046 2623 est
3068 2583 3208 2623 unus
3238 2565 3522 2631 Dominus,
3554 2579 3665 2619 una
3724 2563 3869 2628 fides,

2283 2684 2450 2725 unum
2480 2666 2773 2737 baptisma,
2804 2664 2875 2719 sit
2903 2670 2958 2718 et
2985 2676 3090 2717 una
3119 2658 3373 2717 Ecclesia:
3402 2658 3764 2714 unanimitas.

610 2791 3862 2840 ...Μ-*Μ

1751 2934 2256 3093 BERN
2266 2930 2706 3091 ONIS

1299 3175 1897 3299 ABBATIS
1980 3182 2459 3301 AUGIIE
2543 3178 3096 3301 DIVITIS

1922 3380 2520 3509 DIALOGUS

771 3532 1124 3605 QUALITER
1161 3540 1503 3611 QUATUOR
1543 3546 1930 3608 TEMPORUM
1966 3548 2243 3608 JEJUNIA
2279 3548 2420 3606 PER
2459 3547 2595 3605 SUA
2634 3547 2952 3605 SABBATA
2992 3546 3149 3605 SINT
3187 3545 3679 3606 OBSERVANDA.

1733 3656 1915 3739 (Apud
1950 3645 2078 3733 Pez,
2117 3665 2210 3720 ubi
2244 3680 2432 3736 supra,
2460 3679 2516 3737 p.
2547 3662 2662 3737 55.)

2012 3786 2373 3802 ﬂ

636 3863 875 3946 Incipit
910 3866 1463 3955 prologuﬁBern.
1500 3873 1742 3955 abbatis
1784 3874 1867 3936 ad
1903 3874 2241 3955 Aribonem
2282 3870 2821 3955 archiepiscopum
2862 3867 3310 3948 Moguntinum
3336 3867 3420 3949 in
3460 3868 3803 3951 Dialogum

1422 3952 1495 4015 de
1538 3954 1971 4018 observatione
1998 3953 2238 4036 jejunii
2279 3953 2569 4029 Quatuor
2612 3957 2978 4028 temporum.

648 4084 1035 4149 Amantissimo
1095 4092 1315 4149 domino
1357 4094 1621 4164 ARIBONI,
1669 4096 1947 4154 odorifero
1980 4096 2158 4168 ponti«
2185 4100 2230 4164 ί]
2259 4103 2316 4151 et
2352 4093 2703 4164 responsione
2749 4093 2816 4148 dc
2859 4092 3080 4165 jejuniis
3106 4091 3347 4161 Quatuor
3376 4090 3710 4164 Tomporum
3743 4094 3852 4150 edi-

579 4176 741 4235 ficum
769 4179 940 4250 Flori,
987 4182 1154 4241 Bentt.
1190 4184 1284 4242 Dei
1315 4185 1506 4244 Matris
1531 4203 1817 4245 servorum
1859 4200 2158 4254 extremus,
2265 4188 2342 4254 di,
2396 4186 2860 4246 commendarem.
2907 4185 3054 4242 Nihil
3106 4187 3251 4242 enim
3299 4201 3366 4243 ex
3412 4186 3654 4257 pmpriis
3728 4201 3846 4242 sum

578 4267 634 4324 in
663 4269 914 4328 discreta:
960 4272 1346 4349 fidei‘pignus,
1396 4279 1666 4352 simulque
1713 4281 1880 4338 debiti
1930 4297 2159 4354 pensum
2265 4286 2686 4345 commentatus,
2736 4278 2832 4333 sed
2878 4278 3022 4349 quod
3075 4276 3201 4333 inde
3227 4277 3482 4349 antiquos
3499 4276 3700 4334 Patres
3728 4294 3847 4349 pro-

579 4355 891 4421 famulatus.

2281 4372 2516 4428 )abiliter
2562 4371 2803 4428 elocutos
2858 4370 3025 4427 fuisse
3061 4370 3307 4429 invenire
3357 4371 3535 4443 potui,
3597 4371 3845 4442 diligenti

650 4452 909 4512 Doctrina
943 4468 999 4514 et
1044 4460 1272 4528 veritas,
1303 4478 1423 4533 quae
1473 4465 1526 4521 in
1578 4465 1919 4527 rationabilis
1962 4481 2159 4538 pecca-
2264 4462 2619 4533 dispositione
2642 4462 2931 4519 scribendo
2965 4463 3242 4519 memoria:
3269 4463 3668 4519 commendavi.

577 4542 717 4599 toris
765 4544 867 4613 tui,
920 4548 1133 4606 decoris
1183 4552 1267 4608 sui
1314 4556 1550 4625 speciem
1600 4566 2040 4626 pratmonstrant,
2091 4559 2158 4614 ad
2336 4557 2416 4613 Tu
2464 4573 2595 4615 vero
2642 4573 2786 4614 nunc
2825 4557 3168 4627 opusculum,
3217 4558 3424 4624 decus,
3482 4557 3627 4628 ωψιί
3678 4556 3849 4612 libra-

586 4633 640 4690 id
696 4649 878 4694 meum
925 4639 1254 4701 inducebant
1281 4647 1544 4715 animum,
1570 4663 1678 4719 quo
1718 4659 1771 4704 te
1807 4666 1918 4721 pra:
1945 4651 2158 4708 caeteris
2261 4650 2427 4707 minis
2474 4650 2653 4718 lance,
2698 4665 2904 4721 quaeso,
2954 4650 3248 4721 perpende,
3290 4660 3605 4705 utrumnam
3652 4648 3729 4703 sit
3768 4647 3849 4702 (II-
3901 4640 3913 4685 ί

577 4727 797 4795 dignum
840 4730 1115 4802 ducerem,
1139 4736 1292 4807 cujus
1313 4739 1807 4797 examinationibus
1836 4741 1981 4797 illius
2028 4758 2155 4797 nar-
2258 4761 2422 4815 gnum
2468 4745 2949 4816 pronuntiatione;
3000 4744 3129 4815 quia
3164 4743 3300 4799 satis
3349 4744 3455 4797 erit
3506 4751 3689 4796 ratum
3722 4781 3738 4808 ,
3802 4738 3849 4794 si

574 4816 800 4877 rationis
848 4824 1066 4896 seriem,
1114 4845 1280 4900 quam
1327 4844 1502 4901 nuper
1569 4830 1671 4886 sub
1724 4831 2154 4905 interrogatione
2257 4836 2394 4891 tanti
2441 4836 2717 4894 Pontificis
2767 4835 3090 4893 auctoritate
3112 4834 3269 4891 fuerit
3304 4835 3644 4890 roboratum.
3894 4882 3903 4909 ἶ

3897 4920 3905 4944 3

3898 4954 3907 5005 ἒ

1689 5080 2084 5164 INCIPIT
2158 5082 2680 5162 DIALOGUS

681 5221 872 5266 INTER
911 5227 1100 5271 BERN.
1147 5229 1445 5274 ΔΒΒΑἸῈΜ
1490 5231 1812 5282 AUGIENSIS
1857 5237 2149 5282 COENOBII
2191 5236 2272 5280 ET
2312 5236 2675 5281 MONACHUM
2718 5236 3068 5282 GEBUNGUM
3101 5236 3397 5294 HABITUS,
3444 5236 3764 5292 QUAE.le

1056 5307 1355 5350 OUATUOR
1397 5312 1751 5350 TEMpmmnr
1790 5317 2045 5350 .nanmn
2092 5317 2210 5350 vim
2257 5316 2368 5350 sua
2414 5316 2688 5350 “unum
2733 5315 2873 5350 sm'r
2915 5317 3351 5350 ηιιςπιινιηηι-
