4072 5350
203 349 351 406 1089

1064 340 1411 401 DlALOGUS
1453 341 1538 399 DE
1575 338 1869 399 JEJUNIIS
1906 339 2246 411 QUATUOR
2287 342 2595 401 ΤΕΜΡοιι.

3348 348 3490 407 1000

199 467 556 528 excitandum
588 466 800 539 putavi,
840 470 1113 536 quatenus
1141 461 1417 536 pessulum
1446 460 1570 517 ostii
1607 459 1804 516 dilecto
1832 461 1881 521 Α
1907 458 2177 516 intentum
2232 460 2425 518 adesse
2485 459 2784 532 conspicio.
2843 459 3131 517 Terminos
3162 470 3325 519 recta:
3368 462 3492 520 ﬁdei

198 571 304 619 tuo
351 574 568 632 sponso,
599 557 856 614 videlicet
882 556 1123 623 Christo,
1153 556 1207 611 in
1239 555 1396 611 nobis
1423 554 1658 626 aperias,
1701 553 1798 609 da-

198 661 374 726 taque
398 668 561 710 manu
597 652 653 707 in
688 651 999 708 cubiculum
1028 664 1199 706 sactae
1256 648 1520 704 doctrinae
1550 647 1802 703 introdu-

201 763 331 814 cas,
362 744 453 801 ubi
478 752 535 801 et
585 758 783 817 panem
810 741 1181 814 intelligentia:
1209 740 1450 813 parvulis
1486 741 1800 812 petentibus

211 836 462 910 frangas.
533 836 675 906 Quia
731 846 861 894 tunc
907 835 1200 893 salubriter
1245 850 1277 889 a
1326 833 1801 906 contemplationis

205 946 404 991 somno
433 935 501 989 ad
530 941 744 1003 tempus
768 929 1050 998 excitaris,
1083 929 1129 985 si
1150 926 1525 1001 proximorum
1555 924 1801 982 necessi-

200 1024 309 1082 tati
338 1023 597 1095 patiendo
629 1021 1058 1079 condescendas.

279 1116 349 1172 B.
380 1116 526 1174 Satis
553 1116 792 1189 egregie,
816 1114 910 1182 lili,
946 1114 1051 1169 hoc
1079 1110 1343 1167 tliiliuisti.
1377 1109 1484 1167 Sed
1532 1126 1633 1183 ego
1679 1109 1805 1165 inde

198 1210 387 1281 magis
412 1207 656 1264 dolorem
686 1207 865 1279 capio,
898 1206 1043 1277 quod
1076 1204 1132 1261 in
1182 1220 1273 1262 me
1300 1201 1437 1258 nihil
1489 1200 1804 1274 bujusmodi

147 1261 410 1371 lsenlio,
435 1310 496 1358 ut
520 1309 674 1373 puta,
697 1261 860 1372 qtiem
889 1261 1039 1355 nulla
1059 1297 1324 1354 virtutum
1347 1310 1528 1368 penna
1562 1261 1645 1350 'ad
1695 1292 1803 1348 alta

197 1394 468 1462 sustollit,
506 1395 602 1452 sed
633 1398 785 1465 gravi
816 1392 1031 1450 sarcina
1065 1389 1342 1448 saecularis
1397 1402 1543 1444 cura:
1582 1386 1651 1442 ad
1698 1386 1807 1442 ima

197 1487 499 1561 demergit,
526 1487 802 1545 dissoluta:
855 1484 1054 1541 mentis
1100 1482 1329 1556 pigredo
1376 1481 1444 1535 ad
1494 1478 1658 1535 noxia
1710 1491 1808 1548 per

196 1579 406 1654 quietis
432 1594 684 1651 soporem
718 1577 1010 1649 pertrahit,
1034 1576 1110 1632 ita
1138 1582 1199 1631 ut
1223 1574 1276 1629 in
1301 1572 1518 1628 illorum
1571 1584 1807 1626 numero

196 1672 439 1731 inveniri
472 1672 878 1745 pertimescam,
914 1672 981 1727 de
1007 1669 1209 1742 quibus
1234 1667 1437 1725 dicitur
1456 1681 1554 1739 per
1579 1664 1810 1722 Psalmi-

196 1774 348 1821 SIam
382 1782 396 1821 :
434 1764 776 1820 Dormierunt
812 1779 1054 1819 somnum
1084 1778 1265 1828 suum,
1317 1769 1367 1815 et
1416 1756 1547 1813 nihil
1592 1759 1809 1813 invene-

196 1871 352 1915 runt.
385 1857 589 1916 Verum
632 1858 761 1930 quia
819 1856 1075 1914 Salomon
1106 1854 1237 1911 dicit
1270 1851 1501 1909 :Stellio
1552 1851 1803 1907 manibus
1836 1833 1884 1896 Β

196 1953 414 2021 nititur,
438 1962 488 2009 et
517 1962 759 2009 moratur
817 1952 872 2007 in
898 1950 1098 2007 aedibus
1125 1965 1340 2021 regum;
1361 1947 1465 2005 etsi
1496 1950 1683 2004 tardus
1713 1946 1804 2002 in-

197 2046 387 2118 genio,
434 2044 626 2102 inlisus
660 2053 839 2101 tamen
863 2044 917 2099 in
947 2058 1031 2108 eo,
1068 2042 1160 2114 qui
1204 2039 1353 2096 omni
1400 2040 1607 2112 petenti
1650 2053 1711 2094 se
1746 2036 1807 2093 ti-

203 2121 409 2193 deliter
435 2136 647 2204 tribuit,
689 2151 755 2192 ac
803 2134 938 2191 nulli
969 2134 1327 2205 improperat,
1364 2132 1485 2187 nisu
1512 2145 1624 2201 quo
1653 2129 1808 2185 valeo

196 2242 308 2300 per
339 2229 516 2299 ipsum
548 2228 617 2284 ad
649 2227 826 2299 ipsum
852 2242 939 2283 me
972 2226 1155 2282 levare
1183 2223 1443 2288 conabor,
1501 2222 1594 2293 qui
1643 2222 1807 2275 etiam

197 2319 353 2393 gallo
374 2319 523 2376 dedit
550 2319 990 2391 intelligentiam.
1021 2317 1103 2374 Tu
1126 2317 1344 2373 tandem
1392 2328 1635 2386 propone
1661 2310 1807 2385 quod

198 2415 496 2485 tantbperc
525 2412 661 2469 velis
688 2411 1034 2483 investigare.

290 2504 359 2560 (ἱ.
403 2504 518 2561 lloc
544 2505 773 2571 scilicet,
804 2512 885 2571 ut,
905 2519 1029 2560 eum
1060 2519 1167 2559 una
1209 2502 1347 2558 ﬁdes
1378 2509 1580 2558 sancta:
1618 2499 1809 2556 catho—

198 2595 329 2651 lica:
379 2596 567 2651 Matris
614 2594 871 2651 Ecclesiae
919 2594 1182 2651 unitatem
1236 2592 1598 2657 commendet,
1636 2604 1807 2662 quare

201 2690 328 2761 ipsa
357 2689 411 2744 in
447 2689 572 2745 liliis
604 2690 718 2745 suis
767 2686 1093 2759 quibusdam
1141 2684 1593 2741 consuetudinum
1624 2681 1806 2738 diver—

200 2780 686 2851 sitatcaliquando
710 2778 1008 2836 discordet.
1043 2775 1111 2832 Ut
1133 2776 1281 2832 enim
1328 2791 1495 2830 unum
1532 2774 1805 2845 quoddam

202 2873 277 2930 ad
308 2873 548 2929 medium
580 2873 800 2940 ducam,
826 2872 893 2927 de
921 2869 1146 2942 jejuniis
1174 2869 1419 2937 Quatuor
1475 2868 1805 2939 Temporum

202 2966 389 3025 studui
423 2981 570 3022 nunc
597 2965 1065 3036 interrogandum,
1091 2964 1146 3019 in
1169 2978 1400 3035 quorum
1423 2960 1809 3018 observatione

202 3055 457 3113 nonnulli
502 3056 757 3111 videntur
805 3055 1140 3111 discordare.
1189 3052 1323 3109 Nam
1378 3069 1501 3109 cum
1550 3054 1605 3108 in
1651 3052 1808 3109 libris

204 3148 692 3204 Sacramentorum
717 3146 791 3201 ita
840 3145 1152 3202 ordinatum
1198 3143 1588 3216 prsetituletur,
1637 3153 1699 3199 ut
1749 3145 1804 3199 in

201 3242 387 3314 primo
433 3238 671 3296 Sabbato
719 3237 885 3310 primi
929 3238 1135 3294 mensis
1192 3237 1477 3294 duodecim
1545 3236 1806 3293 lectiones

202 3348 331 3389 cum
354 3330 565 3405 jejunio
597 3330 709 3388 sint
734 3329 1108 3396 eelebrandm;
1145 3329 1201 3385 in
1247 3338 1442 3401 quarto
1492 3344 1679 3386 mense
1722 3344 1808 3386 se-

201 3423 388 3479 cundo
413 3438 429 3489 ;
459 3423 515 3477 in
547 3421 779 3492 septimo
811 3420 1010 3487 tertio;
1044 3421 1097 3476 in
1122 3420 1334 3477 decimo
1370 3419 1622 3491 proximo
1671 3418 1808 3476 Sab-

199 3516 337 3574 bato
376 3524 504 3572 ante
545 3514 793 3572 Natalem
838 3514 1087 3581 Domini;
1140 3513 1232 3569 alii
1278 3514 1359 3569 sic
1397 3513 1806 3585 intelligendum

200 3622 421 3686 putant,
453 3620 509 3668 ut
538 3612 582 3669 si
612 3610 838 3668 Martius
870 3625 926 3678 v,
942 3609 1125 3677 v1,vel
1151 3609 1267 3682 ipsa
1286 3624 1360 3665 vn
1401 3607 1537 3665 feria
1560 3609 1804 3680 incipiat,

200 3720 333 3767 mox
362 3720 488 3761 eum
507 3707 847 3777 praecedente
867 3703 1151 3760 Februarii
1178 3703 1384 3759 mensis
1418 3711 1617 3774 quarta
1644 3702 1805 3769 feria,

202 3812 302 3853 seu
329 3797 498 3853 etiam
543 3796 838 3868 aliquando
865 3811 920 3850 v1
962 3795 1232 3867 jejunium
1280 3795 1336 3850 in
1382 3794 1624 3852 Sabbato
1668 3796 1808 3852 cele-

197 3891 390 3957 brent,
425 3890 728 3961 eademque
757 3889 1147 3961 consequentia
1175 3889 1475 3945 secundum
1508 3889 1806 3946 Sabbatum

199 3981 259 4039 in
280 3979 466 4048 Junio,
493 3981 715 4038 tertium
742 3980 1039 4038 observent
1066 3980 1123 4037 in
1144 3982 1392 4052 septimo,
1447 3982 1654 4053 absque
1710 3983 1809 4037 ali-

201 4088 309 4144 qua
338 4071 779 4130 consideratione
800 4082 1009 4145 quartae
1029 4087 1124 4129 seu
1151 4082 1320 4129 sexta:
1342 4072 1515 4130 ferite.
1545 4073 1652 4129 Alii
1677 4090 1807 4131 vero

201 4180 236 4222 e
266 4166 486 4221 diverso
510 4165 701 4222 nolunt
738 4166 794 4222 in
821 4166 1021 4223 Martio
1054 4167 1294 4237 primum
1335 4166 1637 4224 Sabbatum
1669 4168 1810 4241 jeju-

198 4258 310 4314 niis
340 4258 624 4329 deputare,
648 4257 755 4315 nisi
795 4258 1041 4331 ejusdem
1084 4268 1282 4330 quarta
1329 4259 1808 4331 feriatanteccdat,

198 4349 396 4405 eodem
452 4358 666 4406 utentes
716 4349 911 4406 ordine
940 4364 1064 4421 per
1097 4363 1227 4405 suas
1268 4360 1506 4421 quatuor
1546 4352 1714 4409 ferias
1753 4353 1807 4408 in

198 4443 364 4499 Junio
397 4450 454 4499 et
488 4441 823 4514 Septembri.
863 4442 1135 4511 Quocirca
1167 4443 1310 4499 ratio
1337 4445 1531 4516 exigit,
1574 4454 1635 4501 ut
1679 4460 1812 4517 ape-

1901 570 2158 626 santhue
2201 555 2467 612 doctrina:
2512 564 2815 627 posuerunt
2845 555 2913 610 ab
2968 555 3123 612 initio
3172 555 3366 613 Patres
3395 574 3483 612 ea.

1903 646 2115 714 tholiei,
2164 660 2302 718 quos
2343 646 2565 703 omnino
2590 646 2745 704 nefas
2795 655 2882 704 est
2933 648 3261 720 transgredi.
3292 648 3399 706 Sed
3439 658 3497 706 ct

1902 739 2088 796 multa:
2135 739 2559 797 consuetudines
2606 739 2992 798 ecclesiasticae
3038 741 3395 799 inveniuntur
3454 758 3486 798 a

1906 834 2115 890 sanctis
2169 832 2425 891 Patribus
2458 833 2600 889 infra
2658 835 2941 893 canonica:
2992 836 3194 910 regulae
3226 838 3490 897 terminos

1905 926 2235 991 constitutae,
2294 925 2611 982 sicut‘sunt
2651 926 2930 984 Adventus
2954 926 3204 994 Domini,
3258 927 3490 1001 Septua-

1906 1021 2132 1094 gesima,
2165 1019 2542 1091 Sexagesima,
2572 1019 3055 1094 Quinquagesima,
3107 1022 3328 1080 Litania
3378 1038 3495 1080 ma-
3548 1062 3556 1070 .

1899 1114 2012 1184 jor,
2061 1114 2180 1171 dies
2229 1112 2591 1185 Rogationum
2631 1121 2761 1170 ante
2808 1115 3200 1172 Ascensionem
3252 1115 3493 1185 Domini,

1906 1207 2106 1280 vigilia:
2155 1207 2519 1277 quorumdam
2564 1214 2903 1274 sanctorum,
2950 1221 3053 1266 nec
3101 1223 3209 1266 non
3265 1217 3322 1265 ct
3374 1210 3492 1267 haec

1908 1300 2025 1371 ipsa
2060 1299 2309 1368 Quatuor
2359 1297 2690 1371 Temporum
2732 1299 2964 1371 jejunia,
3017 1317 3138 1372 qua:
3172 1315 3290 1373 prae
3320 1304 3499 1360 mani-

1907 1395 2012 1451 bus
2064 1393 2356 1460 babcntur,
2422 1391 2635 1463 aliaque
2689 1391 2944 1465 perplura
2985 1408 3105 1465 qua:
3151 1393 3336 1452 omnia
3376 1395 3500 1468 jure

1908 1494 2175 1559 perpetuo
2226 1485 2434 1556 absque
2493 1482 2607 1539 ulla
2663 1484 3098 1556 transgressione
3150 1483 3308 1542 nobis
3369 1495 3500 1543 sunt

1910 1579 2249 1636 observanda
2279 1593 2345 1634 ac
2381 1592 2482 1649 pro
2515 1576 2634 1649 lege
2664 1576 2920 1644 tenenda,
2958 1577 3177 1633 dicente
3205 1576 3263 1633 S.
3304 1578 3486 1650 Augu-

1911 1672 2055 1729 stino
2099 1670 2168 1727 ad
2226 1669 2557 1727 Casulanum
2584 1670 2970 1742 presbyterum
3021 1669 3090 1726 de
3128 1668 3338 1743 jejunio
3357 1670 3497 1729 Sab-

1910 1767 2024 1825 bati
2071 1786 2084 1823 :
2132 1788 2151 1820 ι
2179 1767 2238 1822 Ιιι
2279 1766 2366 1823 bis
2403 1765 2550 1823 enim
2608 1765 2798 1833 rebus,
2843 1765 2909 1821 de
2938 1763 3137 1837 quibus
3177 1765 3317 1823 nihil
3365 1768 3497 1824 certi

1909 1864 2103 1922 statuit
2164 1863 2447 1935 Scriptura
2513 1863 2746 1931 divina,
2799 1862 2945 1934 [mos
3005 1861 3191 1933 populi
3245 1859 3345 1918 Dei
3413 1859 3501 1918 vel

1910 1959 2157 2015 instituta
2204 1956 2471 2028 majorum
2497 1970 2626 2039 pro_
2653 1955 2771 2027 lege
2796 1962 2925 2011 sunt
2972 1952 3225 2010 tenenda.
3259 1972 3278 2007 ι
3322 1952 3499 2009 Acce-

1910 2051 1989 2107 dit
2036 2050 2092 2107 in
2138 2051 2266 2115 hoc.
2316 2048 2460 2121 quod
2483 2048 2619 2103 nihil
2659 2048 2778 2104 sine
2828 2047 3045 2103 ratione
3074 2046 3128 2102 in
3165 2044 3499 2102 ecclesiasti-

1910 2148 1991 2205 cis
2034 2145 2517 2203 consuetudinibus
2543 2158 2572 2198 a
2598 2144 2805 2200 sanctis
2837 2141 3090 2199 Patribus
3131 2139 3490 2198 constitutum

1910 2238 2207 2311 reperitur,
2244 2237 2290 2292 si
2320 2252 2485 2293 causa
2529 2235 2821 2307 diligenter
2861 2232 3193 2305 inquiratur.

1983 2330 2050 2386 G.
2091 2330 2173 2385 Ita
2240 2344 2362 2385 esse
2418 2337 2482 2383 ut
2547 2328 2748 2384 asseris
2803 2326 3178 2383 indubitanter
3215 2325 3497 2393 creditur;

1908 2423 2144 2495 ideoque
2202 2423 2375 2494 magis
2439 2437 2781 2493 consequens
2832 2421 3054 2477 videtur
3109 2430 3170 2476 ut
3220 2420 3497 2477 edisseras

1909 2531 2020 2587 qua
2065 2516 2278 2571 ratione
2302 2514 2417 2571 haec
2473 2513 2723 2582 Quatuor
2771 2512 3099 2583 Temporum
3142 2510 3351 2584 jejunia
3382 2511 3494 2568 sint

1909 2607 2241 2674 constituta;
2287 2624 2387 2663 cur
2433 2608 2520 2664 his
2566 2606 2912 2679 potissimum
2953 2605 3127 2661 tribus
3185 2604 3502 2676 septimanae

1909 2699 2133 2765 diebus;
2178 2714 2280 2754 cur
2322 2697 2458 2753 feria
2516 2705 2709 2767 quarta
2766 2698 2884 2753 dum
2924 2694 3205 2763 lectiones,
3239 2695 3293 2750 in
3347 2703 3502 2752 sexta

1908 2792 2045 2847 feria
2077 2800 2285 2848 tantum
2315 2807 2421 2846 una
2453 2790 2699 2863 legatur;
2742 2788 3041 2845 Sabbatum
3082 2798 3266 2844 autem
3313 2787 3503 2860 practi-

1909 2885 2114 2942 tuletur
2135 2885 2189 2939 in
2214 2884 2499 2941 duodecim
2530 2881 2874 2947 lectioniibus,
2913 2897 3033 2936 cum
3058 2897 3165 2937 non
3189 2880 3307 2952 plus
3337 2893 3501 2951 quam

1908 2991 2002 3034 sex
2063 2977 2333 3051 legantur.
2378 2975 2583 3033 Deinde
2623 2974 2768 3046 quod
2810 2988 3055 3045 qumrere
3083 2973 3318 3040 institui,
3346 2972 3502 3028 vide-

1908 3071 2055 3137 licet,
2101 3086 2209 3142 quo
2252 3069 2445 3126 ordine
2496 3068 2693 3140 saepius
2743 3077 3052 3123 memorata
3084 3080 3147 3122 ac
3185 3080 3497 3122 memoran-

1909 3168 1976 3224 da
2008 3182 2106 3238 per
2146 3182 2243 3224 sua
2290 3164 2526 3221 Sabbata
2572 3163 2683 3221 sint
2719 3162 3042 3219 celebranda
3090 3159 3322 3234 jejunia.

2520 3294 2750 3352 CAPUT
2788 3295 2876 3351 lll.

1909 3394 2030 3461 Qua
2091 3384 2295 3448 ratione
2335 3390 2583 3465 Quatuor
2637 3388 2949 3465 emporum
2984 3387 3203 3465 jejunio
3240 3385 3347 3445 sint
3384 3403 3505 3465 cott-

1980 3466 2189 3526 stitutn,
2241 3474 2289 3517 et
2338 3478 2434 3516 cur
2476 3459 2818 3531 potissimum
2849 3460 3017 3514 tribas
3042 3459 3352 3531 septimana
3384 3459 3499 3514 dic-

1981 3538 2113 3600 bus;
2151 3550 2270 3605 qua:
2309 3529 2527 3605 denique
2580 3532 2716 3586 ratio
2765 3529 3000 3603 plurium
3054 3530 3131 3585 vel
3187 3530 3500 3601 pauciorum

1979 3606 2285 3662 lectionum.

1980 3719 2046 3775 B.
2090 3718 2323 3791 (Annae.
2365 3716 2610 3774 FORTUN.
2650 3715 2809 3773 eccle.
2844 3714 2989 3788 Oﬂic.
3043 3714 3139 3772 lib.
3196 3731 3265 3783 tt,
3326 3731 3378 3772 e.
3422 3715 3502 3788 2.)

1910 3816 1983 3873 Ut
2009 3831 2072 3872 ex
2104 3822 2375 3879 veterum,
2408 3811 2680 3883 praecipue
2729 3808 2789 3866 S.
2822 3809 3110 3881 Augustini
3159 3808 3506 3865 sermonibus

1908 3908 2139 3981 intelligi
2188 3914 2389 3979 potest,
2438 3903 2811 3961 necessarium
2864 3912 2948 3959 est
3004 3911 3203 3959 nostrae
3251 3899 3505 3972 religioni

1910 4002 2194 4061 annuatim
2240 4008 2477 4072 quatuor
2505 3996 2712 4068 jejunia
2744 3997 3047 4053 celebrare.
3081 3995 3219 4051 Nam
3267 4001 3504 4066 quatuor

1911 4084 2249 4166 temporibus
2277 4090 2516 4147 volvitur
2540 4104 2716 4146 annus
2742 4102 2756 4143 :
2794 4103 2946 4154 vere,
2972 4095 3182 4153 aestate,
3215 4093 3504 4151 autumno,

1911 4185 2111 4241 hieme.
2142 4183 2267 4239 llaec
2312 4189 2549 4253 quatuor
2585 4189 2830 4254 tempora
2881 4178 3056 4235 solent
3088 4193 3187 4234 nos
3226 4192 3324 4249 per
3362 4176 3508 4232 dele-

1912 4285 2184 4335 ctantenta
2213 4290 2311 4332 sua
2341 4287 2604 4329 revocare
2634 4272 2703 4328 ab
2735 4284 2922 4327 amore
2952 4268 3249 4326 Creatoris.
3290 4267 3405 4336 Qua
3440 4268 3509 4323 de

1912 4386 1972 4426 re
1992 4367 2346 4439 jejunandum
2384 4374 2469 4422 est
2516 4365 2571 4420 in
2615 4376 2942 4435 unoquoque
2974 4370 3220 4432 tempore
3249 4369 3310 4415 ut
3337 4360 3503 4417 casti-

1912 4469 2108 4533 gentur
2150 4468 2335 4514 nostra
2366 4464 2601 4527 quatuor
2640 4454 2932 4522 elementa,
2966 4468 3033 4509 ne
3068 4452 3443 4524 subripiantur
3477 4468 3507 4506 a

202 4534 319 4591 rias
372 4534 422 4592 si
472 4535 621 4606 quod
657 4542 1037 4607 argumentum
1079 4535 1165 4592 vel
1211 4534 1451 4605 regulam
1489 4536 1592 4592 bac
1638 4537 1705 4592 de
1750 4552 1811 4592 re

1915 4550 2276 4607 delectatione
2296 4547 2504 4604 mundi.
2525 4547 2647 4618 lpsa
2669 4556 2903 4618 quatuor
2920 4544 3193 4601 elementa
3215 4542 3508 4613 conjuncta

200 4632 464 4691 statuerit
509 4634 754 4691 anterior
789 4644 942 4704 tetas,
992 4633 1150 4705 cujus
1191 4635 1519 4691 auctoritate
1562 4632 1812 4689 instructi

199 4723 585 4783 discernamus
609 4725 704 4798 qui
732 4727 928 4784 horum
952 4727 1123 4799 magis
1148 4727 1262 4785 sint
1299 4724 1582 4798 sequendi.

836 4839 1065 4898 CAPUT
1099 4840 1161 4897 ll.

200 4933 271 4991 In
302 4934 458 4991 rebus
497 4933 713 4990 incertis
763 4950 825 4989 ac
876 4934 1052 5017 dubiis
1104 4933 1363 5006 majorum
1419 4930 1645 4987 tenenda
1690 4924 1813 4988 sun‘

880 5014 1145 5061 instituta.

279 5101 319 5130 Β
376 5100 548 5130 nm..-
576 5101 818 5130 main-nm
871 5099 960 5130 nn:
987 5104 1147 5130 mlnln
1174 5109 1225 5130 AO
1255 5096 1522 5130 cnninniin
1557 5110 1649 5130 nnc
1674 5113 1785 5130 nam

1914 4640 1971 4695 in
1995 4655 2090 4695 sua
2117 4647 2314 4695 natura
2338 4644 2465 4692 sunt
2487 4646 2724 4707 quatuor
2747 4635 3086 4707 temporibus
3111 4634 3261 4690 anni.
3295 4634 3403 4689 Ver
3424 4642 3511 4689 est

1916 4732 2152 4790 calidum
2180 4741 2235 4788 et
2263 4732 2569 4798 humidum,
2609 4740 2665 4786 et
2708 4730 2761 4785 in
2793 4744 2861 4786 eo
2894 4728 3126 4785 facimus
3160 4743 3328 4785 unum
3363 4725 3514 4794 jeju-

1916 4826 2069 4882 nium
2100 4832 2162 4880 ut
2184 4823 2516 4880 elementum
2546 4822 2793 4879 humoris
2819 4821 2873 4877 in
2899 4820 3059 4877 nobis
3089 4818 3415 4889 eastigetur,
3442 4832 3518 4873 ne

1919 4916 2227 4973 consentiat
2282 4913 2433 4971 falsae
2493 4913 2885 4986 pulchritudini
2934 4911 3104 4967 veris.
3154 4910 3234 4967 Ex
3283 4908 3529 4966 humore

1921 5010 2065 5066 enim
2103 5017 2161 5065 et
2194 5006 2380 5065 calore
2422 5008 2669 5063 nascitur
2719 5003 3071 5075 pulchritudo
3114 5012 3295 5060 terrae.
3335 4999 3538 5061 IEstas

1921 5102 2061 5130 κει-υ...
2095 5110 2140 5130 Α·
2175 5100 2347 5130 ΛΑΙζΛΑ
2407 5099 2458 5130 ἔτι
2492 5114 2595 5130 nun
2631 5100 2858 5130 nlla-vum
2898 5092 3178 5130 ἷοῖιιιιῖηηι
3209 5092 3439 5130 funirnnc
3465 5107 3502 5130 II
