4072 5350
585 279 718 338 ιθθι
1706 281 2053 340 BERNONIS
2087 281 2382 338 ABBATIS
2417 282 2784 343 AUGIENSIS
3712 291 3845 350 £092

581 395 1066 453 comessationibus
1093 406 1149 452 et
1183 397 1572 468 potationibus,
1617 412 1680 454 ac
1715 413 1810 468 per
1838 397 1942 454 hoc
1983 397 2158 468 negli-
2185 401 2234 460 Α
2263 397 2461 467 quibus
2507 399 2782 470 incognita
2831 409 2950 456 erat
3001 399 3194 458 Latina
3242 401 3452 475 lingua,
3507 403 3846 478 aderantque

578 502 736 566 gatur
765 507 918 546 amor
945 490 1063 546 Dei.
2259 489 2438 546 Latini
2461 493 2656 561 quibus
2679 493 2952 565 incognita
2978 507 3098 551 erat
3117 493 3305 552 Graeca
3329 513 3344 550 :
3372 497 3604 553 alteram
3627 509 3844 570 propter

647 586 719 642 At
746 587 870 656 quia
900 595 1136 656 quatuor
1165 595 1408 656 tempora
1435 599 1702 640 annorum
1729 599 1830 641 nos
1859 585 2166 655 impediunt.
2261 581 2669 638 unanimitatem
2701 585 2982 656 utriusque
3017 585 3220 656 populi.
3253 585 3547 643 Duodecim
3580 587 3845 646 lectiones

575 682 642 737 ab
668 695 856 736 amore
881 680 998 746 Dei,
1027 691 1263 750 quatuor
1281 679 1490 751 jejunia
1521 681 1774 736 iacimus.
1807 681 1910 736 Per
1943 680 2160 753 singula
2259 675 2515 731 dicuntur
2560 686 2785 749 prepter
2831 679 3111 734 duodecim
3164 679 3415 748 lectores,
3463 697 3573 738 non
3629 694 3847 755 propter

573 788 791 844 quoque
823 769 1070 846 tempora
1106 790 1264 829 suum
1287 773 1573 842 jejunium,
1608 775 2033 846 unumquodque
2060 790 2158 846 pro
2258 767 2542 826 duodecim
2565 771 2956 827 sententiarum
2977 772 3283 828 varietates.
3305 771 3412 828 Sex
3434 772 3708 830 lectiones
3727 785 3850 834 sunt

573 883 674 926 suo
704 879 964 940 tempore.
999 867 1178 926 Siiili
1209 869 1369 925 modo
1399 869 1594 924 diurna
1621 868 1889 924 curricula
1923 878 2159 938 quatuor
2261 865 2630 920 tantummodo
2659 865 2716 920 in
2745 865 3050 921 sententiis.
3083 865 3268 938 Neque
3291 867 3436 922 enim
3467 869 3512 924 si
3546 870 3848 930 dixerimus

573 962 1005 1034 nosimpediunt
1047 964 1118 1018 ab
1149 978 1336 1018 amore
1381 963 1716 1031 caelestium,
1742 963 1950 1020 scilicet
1977 972 2156 1020 matu-
2257 969 2434 1021 omen.
2467 971 2676 1023 verum,
2720 966 3008 1028 propterea
3045 958 3178 1014 duas
3206 959 3497 1018 varietates
3541 960 3848 1036 intelligere

573 1054 779 1118 tinum,
807 1053 1169 1110 meridianum
1189 1095 1204 1120 ,
1231 1054 1624 1124 vespertinum,
1655 1063 1982 1112 nocturnum
2014 1070 2028 1108 :
2059 1070 2156 1126 per
2255 1047 2514 1104 debemus
2544 1050 2639 1106 sed
2661 1066 2846 1106 unam.
2879 1070 2898 1104 ι
2935 1048 3040 1106 Sed
3067 1051 3134 1106 de
3165 1051 3251 1109 his
3273 1053 3560 1111 hactenus.
3594 1054 3762 1114 Nunc
3782 1058 3846 1114 ad

571 1143 688 1200 haec
713 1145 864 1200 enim.
881 1145 1122 1215 quotidie
1147 1146 1216 1201 ah
1238 1161 1424 1204 amore
1447 1156 1777 1212 aeternorum
1803 1148 2154 1204 retrahimur.
2254 1143 2530 1214 proposita
2554 1143 2858 1203 redeamus.

569 1236 626 1292 ln
658 1253 984 1309 eamqueque
1033 1249 1146 1294 tres
1197 1239 1312 1294 dies
1355 1249 1512 1306 sunt,
1560 1240 1690 1310 quia
1732 1241 2156 1310 unumquodque
2869 1257 3098 1316 CAPUT
3133 1257 3222 1315 ιγ,

568 1335 782 1444 fi???
804 1329 1562 1444 ὲῖῗ⁵εἷ¹ἶῗῗῗῗῗξῗῗῖῗῗὶῗῖ¹ἶ
1598 1345 2154 1444 ¹¹Ῐ¹Ῐ³ἷξῗῗῗ¹¹ἷῗεῖ¹³ῗῗῗῗθ
2258 1361 2444 1444 votum
2473 1369 2651 1444 statim
2683 1369 2742 1444 in.
2771 1369 2954 1444 primo
2985 1368 3218 1444 sabbato
3259 1371 3444 1428 Martii
3487 1375 3559 1429 σει
3581 1374 3848 1444 icium-

567 1417 770 1490 singuli
799 1419 916 1477 ﬁes
938 1419 1146 1492 jejunio
1173 1431 1581 1477 consecrantur.
1612 1423 1686 1477 At
1707 1438 1838 1478 vero
1861 1424 1988 1492 quia
2016 1440 2153 1494 quo-

2325 1438 2470 1516 dam,
2497 1439 2702 1516 etiqntsi
2725 1417 2874 1516 idem
2888 1417 3306 1516 mensae-irini;

569 1510 773 1568 tidiana
814 1524 1040 1583 peccata
1081 1523 1397 1586 aggravant,
1431 1532 1538 1570 non
1587 1515 1783 1571 sullicit
1817 1533 1984 1572 unum
2010 1517 2152 1588 jeju-

2329 1506 2833 1592 ίιίήα,ξιιςίιιὶιιιῑαιι-
2851 1512 2910 1592 in
2948 1510 3098 1592 aliud
3113 1506 3417 1592 'S‘abbatum
3445 1526 3669 1586 propter
3685 1506 3844 1588 ’φωτ-

567 1603 716 1662 nium
746 1577 842 1674 per
871 1577 1292 1676 unumquodqne
1320 1615 1550 1677 tempus,
1586 1609 1684 1678 (ac
1715 1625 1812 1680 per
1856 1610 1988 1679 hoc)
2010 1577 2152 1682 qna-

1586 1609 1684 1678 (ac
1715 1625 1812 1680 per
1856 1610 1988 1679 hoc)
2010 1577 2152 1682 ᾧῷ
2325 1577 2436 1630 uim
2466 1577 2653 1648 [crium
2683 1582 2750 1633 sit
2779 1580 3171 1649 (ii/ferendum?

567 1695 928 1766 dragesimale
954 1696 1280 1762 inducimus,
1311 1713 1420 1768 quo
1455 1699 1774 1768 quotidiana
1812 1709 2036 1770 peccata
2066 1701 2148 1756 ιιι·-
2326 1691 2564 1758 Ωιιωειὶο
2592 1701 2706 1759 illo.
2739 1694 2784 1749 Si
2822 1695 2928 1749 l'ilo
2967 1696 3243 1759 recordor.
3277 1695 3398 1752 talis
3423 1707 3590 1753 erat:
3626 1697 3846 1757 Utrum-

566 1788 840 1862 mgamnr.
2179 1777 2222 1838 Β
2254 1800 2378 1839 nam
2407 1785 2592 1842 statim
2619 1785 2672 1840 in
2698 1786 2874 1856 primo
2902 1787 3140 1844 Sabbato
3163 1787 3342 1844 Martii
3372 1787 3838 1859 sitjejunandum,

639 1884 838 1941 Eadem
865 1899 993 1942 vero
1017 1884 1260 1953 Quatuor
1281 1884 1606 1956 Temporum
1625 1885 1827 1957 jejunia
1850 1887 1933 1942 his
1959 1887 2150 1942 diebus
2251 1876 2462 1930 etiamsi
2491 1876 2632 1930 idem
2664 1878 2868 1932 mensis
2895 1879 3104 1948 quinta,
3134 1888 3285 1934 sexta
3317 1889 3410 1932 aut
3435 1881 3679 1950 septima
3712 1880 3842 1936 feria

565 1975 740 2030 solent
780 1976 1072 2042 celebrari,
1105 1976 1316 2032 scilicet
1349 1986 1544 2047 quarta
1573 1977 1731 2043 feria,
1763 1989 1938 2044 sexta,
1979 1978 2148 2047 septi-
2251 1967 2494 2036 Ῐηείρίίη»
2525 1984 2592 2022 an
2629 1967 2681 2021 ίη
2709 1967 2855 2023 amid
2889 1968 3184 2026 sabbatum
3231 1979 3451 2041 1³1³01³⁸61·
3481 1983 3744 2041 (ιυετιειιιι
3772 1974 3843 2029 re.

565 2083 692 2124 ma:
727 2069 849 2126 ideo
874 2079 1092 2140 quarta,
1134 2069 1262 2140 quia
1292 2068 1462 2124 Judaei
1502 2070 1553 2123 in
1586 2085 1650 2123 ea
1697 2067 1946 2125 fecerunt
1971 2071 2149 2124 consi-

2252 2057 2386 2111 riam
2413 2058 2485 2112 sit
2511 2056 2904 2114 differendum?
2935 2060 3017 2115 Ad
3054 2061 3196 2131 quod
3227 2061 3326 2117 tibi
3353 2077 3420 2118 ex
3447 2066 3845 2120 consuetudine

563 2159 694 2215 lium
724 2171 784 2215 ut
817 2163 1129 2218 occiderent
1171 2163 1480 2231 Christum;
1513 2173 1664 2218 sexta
1703 2162 1858 2232 iet-ia,
1892 2164 2148 2232 quoniam
2250 2161 2451 2208 εὲιιυιω
2486 2151 2766 2217 Ευοίθδίίὲ,
2815 2169 2935 2224 qua:
2967 2149 3066 2225 ἰ)Γο
3106 2154 3346 2210 molitm
3385 2155 3724 2210 auctoritate
3766 2165 3844 2212 le-

562 2255 880 2312 occiderunt
901 2271 1058 2322 eum;
1091 2257 1345 2326 septima,
1373 2271 1437 2311 ex
1465 2257 1788 2312 auctoritate
1811 2267 2013 2310 sanctae
2043 2255 2147 2310 Ro-
2251 2245 2426 2298 "olida
2453 2253 2556 2312 εει,
2584 2246 2906 2314 respondeo.
2937 2247 3080 2317 quod
3103 2249 3307 2319 absque
3333 2243 3438 2302 ulla
3473 2247 3846 2320 refragalione

561 2364 736 2405 manu:
768 2347 1024 2404 Ecclesiae
1051 2348 1391 2404 concluditur
1415 2348 1682 2419 jejunium
1727 2358 1946 2420 propter
1979 2348 2150 2403 tristi-
2247 2353 2464 2408 semper
2501 2339 2741 2408 ejusdem
2774 2343 2976 2396 mensis
3003 2350 3198 2412 quarta
3229 2341 3366 2396 feria
3407 2339 3613 2397 debeat
3653 2357 3847 2412 exspe-

560 2439 692 2496 tiam
715 2439 1103 2512 apostolorum,
1126 2454 1287 2510 quam
1305 2441 1372 2494 de
1392 2439 1753 2494 morteno=tri
1772 2437 2148 2508 Redemptoris
2249 2431 2411 2496 olori.
2462 2432 2718 2502 Quoniam
2764 2433 2904 2488 idem
2953 2431 3221 2502 jejunium
3271 2433 3413 2503 quod
3457 2443 3660 2503 quarta
3710 2433 3842 2488 feria

560 2531 882 2595 habuerant,
915 2531 1058 2586 sicut
1081 2531 1431 2587 Innocentius
1455 2547 1596 2602 papa
1625 2531 1680 2585 in
1710 2533 1822 2586 suis
1849 2531 2146 2586 Decretalio
2250 2521 2505 2594 illoipilur
2529 2523 2768 2579 Sabbulo
2795 2521 3375 2595 ﬁuitlll‘,'net1uaquam
3403 2523 3717 2580 Februario
3746 2525 3840 2580 sed

557 2621 662 2680 bus
684 2631 901 2678 narrat:
930 2639 950 2672 ι
979 2621 1240 2689 sabbato,
1272 2624 1467 2694 inquit,
1485 2623 1840 2695 jejunandum
1863 2639 1984 2679 esse
2008 2624 2146 2680 ratio
2250 2615 2444 2671 Martio
2473 2627 2642 2672 totum
2680 2618 3012 2689 deputatur:
3051 2634 3116 2673 ea
3153 2617 3404 2674 videlicet
3433 2619 3652 2675 ratione
3683 2627 3745 2673 ut
3788 2619 3840 2674 in

547 2714 969 2771 evidentissime
997 2715 1350 2772 demonstrat.
1392 2715 1528 2770 Nam
1569 2717 1613 2772 si
1647 2717 1732 2772 die
1764 2695 2048 2771 Doniinico
2077 2716 2146 2772 ob
2248 2728 2313 2768 eo
2339 2728 2524 2768 mense
2548 2714 2781 2784 primum
2812 2713 3076 2785 jejunium
3109 2723 3353 2770 nostrum
3382 2712 3622 2769 Domino
3649 2729 3844 2770 conse-

561 2807 926 2864 venerahilem
985 2809 1441 2864 resurrectionem
1509 2809 1722 2863 Domini
1787 2809 1960 2864 nostri
2012 2808 2141 2866 Jesu
2249 2814 2452 2874 eretur,
2484 2807 2537 2862 in
2560 2822 2669 2877 quo
2697 2808 3020 2880 principium
3051 2807 3178 2862 anni
3208 2823 3271 2863 ac
3294 2807 3410 2877 ipsa
3435 2807 3648 2862 creatio
3677 2806 3842 2877 erepit

557 2896 763 2954 Christi
794 2913 900 2952 non
931 2897 1105 2954 solum
1135 2897 1342 2954 Pascha
1367 2898 1730 2965 celebramus,
1760 2915 1947 2955 verum
1979 2900 2145 2954 etiam
2249 2899 2456 2956 mundi.
2483 2900 2634 2956 Unde
2656 2901 2757 2956 iste
2783 2901 3051 2956 terminus
3074 2899 3414 2956 ﬁrmiter‘est
3435 2899 3836 2962 observandas,

559 3005 656 3062 per
677 2991 918 3062 singulos
946 2992 1182 3048 circulos
1202 2991 1662 3049 hebdomadarum
1687 2994 1858 3065 ipsius
1883 2995 1988 3050 dici
2011 2997 2146 3050 ima—
2249 3001 2324 3050 ut.
2355 3007 2454 3046 nec
2477 3001 2603 3046 ante
2627 3007 2678 3045 ιν
2706 2991 3085 3051 Nonas.Martii
3115 3005 3211 3046 nec
3234 3000 3355 3062 post
3379 3005 3428 3044 γι
3456 2989 3585 3044 ldus
3601 2989 3839 3062 ejusdem

560 3082 739 3154 ginem
787 3081 1217 3152 frequentamus,
1247 3099 1312 3140 ac
1345 3085 1391 3139 si
1421 3095 1572 3140 sexta
1609 3085 1744 3141 feria
1773 3095 1994 3158 propter
2022 3103 2146 3158 pas-
2171 3132 2215 3158 η
2249 3085 2474 3152 mensis,
2500 3083 2696 3156 aliquis
2713 3094 2916 3139 statuat
2937 3083 3231 3140 Sabbatum
3253 3082 3636 3154 jejunandum,
3661 3083 3759 3137 sed
3788 3082 3838 3136 iu

561 3132 738 3154 υ’“’”’“
787 3132 1217 3152 ’“““Ἰ”⁷““”“”””““’⁷
1249 3132 1310 3140 ’“⁷
1345 3132 1391 3139 ””
1421 3132 1572 3140 ’⁷’“““
1609 3132 1680 3140 ’ν’
1696 3132 1744 3141 ’³⁸
1773 3132 1825 3156 Ι’⁵
1841 3132 1982 3158 'r'v'
2022 3132 2118 3158 ιη’-’⁸
2251 3132 2474 3152 “““⁹“¹’“⁷””1
2501 3132 2914 3156 “···“ι““-“’““·“·““·*
2937 3132 3231 3140 """”""""'
3253 3132 3636 3154 σἐ“““““““”-⁷⁷
3663 3132 3758 3137 ⁷⁷*
3788 3132 3838 3136 '—

561 3175 769 3229 sionem
799 3173 1014 3229 Domini
1037 3173 1368 3244 jejunamus,
1402 3175 1700 3232 Sabbatum
1725 3180 2144 3248 praetermittere
2171 3132 2216 3198 c
2249 3177 2334 3232 bis
2381 3185 2588 3248 septem
2639 3177 2859 3243 diebus,
2905 3177 3215 3247 ubicunque
3263 3175 3501 3246 primum
3554 3175 3838 3241 evenerit,

561 3281 668 3319 non
708 3266 988 3332 debemus,
1034 3267 1127 3338 qui
1173 3266 1317 3324 inter
1365 3269 1640 3324 tristitiam
1687 3281 1850 3342 atque
1900 3272 2142 3328 laetitiam
2239 3266 2486 3338 jejunarc
2534 3267 2679 3322 licite
2729 3266 2948 3323 valebit.
2997 3266 3076 3322 Ex
3128 3282 3234 3338 quo
3280 3265 3428 3320 velut
3479 3262 3840 3320 intellectoali

564 3355 822 3424 temporis
853 3355 996 3411 illius
1019 3356 1236 3412 videtur
1261 3358 1517 3414 inclusus.
1545 3378 1564 3412 ι
1595 3359 1652 3414 In
1681 3376 1789 3430 quo
1813 3363 1976 3417 etiam
2007 3363 2143 3420 Sab-
2245 3359 2480 3429 quodam
2517 3359 2606 3414 ﬁlo
2649 3359 2967 3414 rectissima:
3007 3357 3203 3430 regulae
3248 3356 3389 3411 linea
3432 3369 3534 3426 per
3575 3363 3840 3424 quatuor-

561 3448 690 3504 bato
725 3448 1072 3504 consecratio
1099 3446 1349 3503 ordinum
1379 3449 1870 3507 ecclesiasticarum
1902 3453 2144 3510 celebra-
2248 3449 2420 3504 decim
2452 3449 2820 3506 hebdomadas
2850 3464 3019 3519 usque
3045 3449 3098 3503 in
3133 3445 3430 3504 secundum
3457 3443 3605 3500 Junii
3635 3441 3839 3498 mensis

560 3547 668 3604 tur,
706 3553 927 3595 causam
973 3539 1136 3594 etiam
1185 3540 1429 3610 ejusdem
1477 3544 1908 3599 consecrationis
1956 3553 2144 3600 sancto
2249 3544 2546 3600 Sabbatum
2594 3547 2844 3610 ducatur,
2875 3543 3104 3612 indeque
3135 3555 3229 3614 per
3257 3539 3390 3594 alias
3421 3534 3838 3608 quattuordecim

560 3633 858 3706 Augustino
901 3633 1118 3690 dicente
1147 3635 1213 3688 ad
1244 3633 1561 3691 Januarium
1589 3652 1604 3690 :
1653 3657 1670 3688 ι
1707 3637 2028 3704 Sabbatum,
2063 3639 2145 3694 in-
2249 3635 2314 3688 ad
2346 3635 2489 3690 aliud
2514 3634 2820 3706 proximum
2849 3643 2974 3688 ante
3005 3632 3350 3687 Nativitatem
3381 3628 3601 3684 Domini
3632 3625 3838 3682 Sabbu-

558 3725 698 3796 quit,
724 3727 1162 3782 conuuendatum
1193 3735 1280 3782 est
1307 3727 1474 3797 priori
1505 3727 1701 3799 pepulo
1728 3729 1781 3783 in
1811 3731 1920 3784 otio
1950 3745 2144 3800 corpo-
2250 3737 2384 3792 tum,
2413 3735 2470 3780 ut
2512 3727 2716 3796 absque
2747 3741 2933 3781 errore
2963 3723 3276 3780 eorumdem
3319 3719 3692 3776 Sabbatorum
3721 3727 3836 3774 ter-

560 3817 747 3872 raliter
777 3816 1183 3882 celebrandum,
1214 3827 1272 3872 ut
1309 3817 1480 3888 ﬁgura
1515 3828 1661 3873 esset
1695 3819 2145 3876 sanctiﬁcationis
2249 3819 2378 3873 mini
2409 3820 2616 3889 possint
2646 3819 2897 3873 inveniri.

558 3907 613 3964 in
637 3909 828 3980 requie
856 3907 1090 3980 Spiritus
1119 3909 1316 3964 sancti.
1347 3907 1626 3980 Nusquam
1657 3911 1800 3964 enim
1832 3909 2061 3979 legimus
2090 3913 2142 3966 in
2319 3907 2382 3966 (ἰ.
2427 3912 2638 3966 Videris
2681 3911 2902 3983 quidem
2944 3910 3012 3966 de
3055 3908 3231 3980 primo
3269 3919 3456 3962 mense
3504 3903 3836 3962 sufﬁcienter

555 3997 756 4058 Genesi
783 3999 1268 4055 sanctiﬁcationem
1303 4015 1398 4070 per
1430 4015 1619 4056 omnes
1645 4001 1855 4072 priores
1881 4002 2016 4064 dies,
2051 4002 2144 4056 sed
2247 4003 2450 4058 dixisse
2479 4021 2490 4055 :
2523 3999 2629 4056 Sed
2674 4010 2759 4057 est
2789 4001 2990 4065 adhuc,
3023 3999 3165 4069 quod
3199 4006 3410 4053 moveat
3452 3996 3523 4050 de
3553 4003 3752 4066 quarto
3779 3999 3836 4049 α

559 4093 625 4150 de
649 4093 768 4149 solo
795 4091 1035 4148 Sabbato
1061 4092 1265 4146 dictum
1293 4100 1377 4146 est
1403 4107 1416 4146 :
1447 4089 1805 4160 Sanctificavit
1838 4093 1976 4147 diem
2004 4093 2142 4148 Deus
2248 4099 2498 4168 septimo.
2525 4095 2662 4165 Quia
2690 4113 2812 4150 cum
2845 4095 3054 4150 diceres
3085 4109 3113 4147 a
3150 4091 3388 4148 Sahbato
3410 4103 3585 4160 usque
3615 4089 3671 4144 in
3699 4085 3836 4142 Sab-

555 4185 865 4256 uptimum;
895 4184 1020 4255 quia
1049 4185 1278 4238 Charitas
1309 4182 1407 4237 Dei
1453 4183 1650 4254 cli/fusa
1697 4193 1772 4238 est
1809 4184 1861 4238 in
1897 4185 2142 4238 cordibus
2248 4189 2430 4244 batum
2478 4204 2690 4259 semper
2736 4183 3143 4257 quatuordecim
3195 4180 3566 4237 hebdomadas
3615 4192 3836 4234 enume-

561 4275 752 4330 uouris
789 4291 880 4344 per
921 4273 1180 4344 Spiritum
1213 4285 1476 4342 sanctum,
1521 4277 1610 4346 qui
1649 4276 1806 4330 datus
1849 4287 1922 4330 est
1969 4276 2137 4332 nobis.
2251 4279 2480 4345 randas,
2517 4293 2622 4332 non
2665 4276 2917 4331 addidisti
2957 4284 3160 4339 utrum,
3195 4271 3346 4327 ﬁnita
3379 4269 3592 4326 decima
3637 4275 3833 4338 quarta

557 4367 684 4422 Ideo
723 4365 1084 4422 sanctiﬁcatio
1127 4365 1180 4420 in
1210 4367 1441 4436 septimo
1471 4367 1557 4422 die
1587 4379 2010 4422 commemorata
2038 4377 2142 4436 est,
2249 4370 2610 4436 hebdomada,
2635 4369 2928 4438 secundum
2953 4363 3405 4422 Sabbatumlunii
3432 4361 3642 4417 mensis
3655 4357 3833 4432 quarti

558 4459 650 4517 ubi
699 4460 916 4528 requies
965 4459 1396 4514 commendatur.
1436 4479 1455 4512 ι
1509 4458 1662 4515 Nunc
1707 4461 1774 4516 de
1819 4461 2142 4518 lectionibus
2172 4510 2221 4532 ,ι
2249 4465 2396 4520 feria:
2433 4481 2492 4532 ιι,
2549 4463 2771 4519 tertium
2818 4461 3154 4532 Septembris
3184 4457 3480 4513 Sabbalum
3523 4453 3834 4524 precedent

565 4510 650 4517 ---
1439 4510 1448 4512 ε
1509 4510 1660 4515 --ν--τ
1712 4510 1772 4516 -ν
1821 4510 2141 4518 ---η----νη
2251 4510 2396 4520 ηυνυ
2433 4510 2492 4532 ..,
2551 4510 2771 4519 --η-ν..-
2820 4510 3151 4532 νην-νηπίη-
3197 4510 3236 4513 νγ
3525 4510 3542 4524 .

558 4549 864 4606 Videatlllls-
2172 4510 2222 4570 υ
2249 4557 2508 4613 deberent
2537 4573 2618 4624 ιιι,
2650 4573 2772 4612 cum
2801 4555 2852 4610 id
2877 4554 2946 4610 sit
2981 4554 3213 4608 niaxime
3239 4550 3383 4623 quod
3409 4547 3667 4603 videatur
3694 4560 3830 4618 qua-

629 4643 689 4700 ln
719 4651 914 4715 quarta
947 4642 1080 4698 l'eria
1117 4642 1237 4698 dua:
1263 4643 1528 4700 lectiones
1555 4647 1825 4718 leguntur,
1857 4658 1916 4701 ut
1943 4648 2018 4712 bi,
2050 4646 2142 4717 qui
2247 4653 2480 4706 stionem
2512 4651 2752 4722 gignere.
2794 4649 2948 4715 Quod
2991 4646 3226 4717 qualiter
3252 4643 3474 4701 evenire
3511 4643 3708 4708 soleat,
3739 4653 3835 4712 per

557 4737 614 4796 in
645 4734 888 4792 Sabbato
917 4745 1042 4792 sunt
1069 4737 1448 4802 consecrandi,
1493 4738 1887 4794 admoneantur
1916 4749 1976 4794 ut
2003 4740 2146 4794 uoti-
2249 4755 2302 4800 te
2328 4752 2475 4813 opto,
2513 4752 2568 4796 ut
2599 4741 2943 4796 manifestum
2975 4740 3088 4792 ﬁat.

562 4829 688 4884 tiam
720 4827 854 4897 legis
881 4835 938 4882 et
974 4826 1363 4900 prophetarum
1396 4827 1653 4894 habeant,
1685 4829 1776 4897 qui
1823 4831 2059 4884 maxime
2089 4829 2143 4884 in
2316 4831 2382 4887 B.
2424 4831 2505 4886 Ad
2549 4832 2652 4886 hoc
2703 4829 3183 4885 demonstrandum
3229 4826 3634 4882 constituantur
3684 4823 3836 4880 feri:

557 4928 752 4992 quarta
781 4928 940 4974 aetate
986 4917 1262 4988 vigebant.
1308 4917 1470 4974 Sexta
1519 4918 1650 4974 feria
1685 4937 1787 4976 una
1824 4929 2032 4974 tantum
2069 4919 2148 4973 le-
2249 4935 2455 4994 septem
2487 4939 2608 4978 cum
2639 4923 2830 4978 diebus
2858 4923 3086 4978 totidem
3133 4919 3338 4976 mensis
3383 4919 3585 4985 lanii,
3621 4919 3680 4974 id
3707 4926 3831 4974 est:

557 5010 734 5084 gitur;
765 5010 892 5081 quia
922 5011 1008 5066 lex
1055 5020 1112 5064 et
1141 5009 1424 5080 prophetia
1475 5010 1528 5064 in
1565 5028 1670 5066 uno
1725 5010 2016 5080 Evaugclio
2057 5023 2143 5063 1³6-
2248 5031 2276 5070 a
2306 5032 2358 5071 ιν
2382 5014 2564 5072 Nonas
2593 5031 2763 5087 usque
2797 5017 2848 5070 in
2881 5031 2931 5069 vr
2956 5015 3100 5080 ldus,
3129 5029 3226 5086 per
3254 5029 3390 5082 quos
3415 5011 3578 5083 primi
3609 5009 3834 5068 Sabhali

4009 2575 4011 2628 1

4009 2647 4011 2682 1

4009 2693 4011 2722 l

4009 2777 4011 2826 1

4009 3197 4011 3218 1

4009 3253 4011 3284 1

4009 3291 4011 3318 1

4010 3341 4011 3372 1
