4072 5350
219 188 365 247 1093

1150 188 1501 256 υιΑιοευε
1536 192 1625 249 DE
1662 192 1955 252 JEJUNIIS
1992 194 2332 264 QUATUOR
2369 197 2577 255 TEMP.

3362 201 3502 259 1094

217 303 524 361 Sabbatum
566 321 622 361 iv
645 304 785 364 Non.
817 304 873 361 Si
904 321 973 362 ex
1008 307 1094 362 his
1119 306 1627 378 singulis'terminis
1658 307 1814 363 adhi-
1836 318 1887 377 Α
1914 309 2115 366 Christi
2161 322 2288 367 sunt
2316 328 2439 368 cum
2468 314 2617 384 ipso;
2648 321 2729 370 tot
2764 313 2933 370 etiam
2963 312 3318 369 hehdmnadae
3354 315 3502 371 inve~

216 400 331 455 bita
394 400 795 469 computatione
840 399 908 454 ad
961 400 1222 455 terminos
1273 398 1421 454 Junii
1471 401 1705 467 mensis,
1755 410 1812 460 et

215 492 416 547 iterum
444 491 513 546 ab
539 491 646 546 illis
676 493 741 546 ad
775 493 1035 546 terminos
1061 491 1398 563 Septembris
1428 508 1526 562 per
1552 504 1813 564 quatuor-

216 584 398 639 decim
430 582 793 638 hebdomadas
822 582 995 637 aciem
1028 593 1177 638 recte
1217 584 1426 655 dirigis,
1456 584 1663 655 liquido
1690 601 1811 656 per—

216 678 434 733 videhis
464 677 519 732 in
547 686 745 749 quarto
771 692 864 733 seu
897 677 1133 747 septum
1162 693 1348 734 mense
1380 688 1605 749 quartas
1646 678 1817 737 ferias

209 773 372 847 juxta
415 770 501 829 sui
524 773 889 845 quantitatem
930 772 1043 827 suis
1092 769 1346 827 Sabbatis
1390 774 1569 828 minus
1599 774 1809 840 deesse,

110 876 119 882 ”
215 878 453 937 excepto
483 866 814 935 Septembri,
855 865 1070 935 quando
1101 866 1213 933 ipse
1251 864 1437 933 incipit
1477 864 1610 919 feria
1641 881 1694 932 v,
1720 864 1814 920 Ju-

216 959 346 1014 nius
374 972 447 1023 ιν,
481 952 709 1011 Martius
732 970 816 1023 in,
851 955 1011 1011 simul
1041 965 1225 1010 autem
1275 952 1579 1025 Septembri
1623 969 1678 1012 et
1715 956 1813 1010 Ju-

217 1050 341 1117 nio;
375 1065 497 1106 cum
533 1050 672 1106 idem
703 1047 1025 1120 September
1053 1047 1188 1103 feria
1216 1063 1290 1112 vr,
1335 1046 1528 1103 Junius
1576 1065 1627 1113 v,
1674 1049 1817 1103 Mar-

219 1143 330 1198 tius
376 1158 450 1198 tv.
483 1141 598 1210 Qua
630 1157 698 1196 ex
731 1152 791 1197 re
830 1142 1070 1206 eveniat,
1116 1140 1368 1211 prudenti
1399 1141 1714 1197 calculatori
1746 1143 1817 1198 ad

217 1231 586 1308 indagandum
616 1250 959 1305 nequaquam
985 1235 1091 1289 erit
1121 1232 1355 1289 dillicile.

292 1330 373 1386 Ex
407 1328 492 1386 his
519 1328 776 1385 omnibus
806 1329 947 1383 ratio
1002 1325 1291 1381 manifeste
1323 1327 1480 1383 docet
1512 1328 1721 1382 lirmius
1750 1344 1812 1382 ac

216 1422 473 1479 stabilius
498 1420 627 1478 illud
657 1436 780 1477 esse
811 1427 1216 1491 argumentum,
1249 1419 1393 1489 quod
1425 1435 1489 1474 ex
1522 1421 1815 1475 hebdoma-

216 1515 413 1569 darum
473 1528 703 1569 numero
757 1513 1039 1567 collectum
1094 1526 1374 1581 nunquam
1426 1523 1601 1578 nutat,
1652 1528 1814 1583 quam

214 1608 362 1676 quod
408 1620 475 1662 ει
515 1604 775 1660 feriarum
826 1604 1261 1661 consideratione
1307 1606 1667 1675 capitulatum
1714 1607 1813 1660 ali-

1914 404 2141 459 niuntur
2181 419 2213 459 a
2250 405 2429 474 primo
2492 406 2735 461 Sahbato
2773 406 2937 476 primi
2977 404 3182 459 mensis
3221 420 3393 475 usque
3437 405 3507 462 ad

1914 506 2168 569 quartum
2230 497 2529 555 Sabbatum
2591 500 2786 555 decimi
2859 499 3081 554 mensis.
3144 500 3498 556 Consecratio

1915 593 2089 662 prima
2121 589 2428 646 celebratur
2456 591 2637 661 primo
2668 590 2907 647 Sabbate
2934 590 3097 660 primi
3128 591 3356 656 mensis,
3385 607 3508 661 qua:

1914 682 2068 753 quasi
2102 682 2156 736 iu
2205 682 2324 737 loco
2352 681 2586 737 Abraha:
2628 690 2852 753 generat
2879 679 3180 736 Christum.
3226 681 3505 737 Abraham

1915 777 2310 847 interpretatur
2349 785 2500 844 pater
2531 774 2820 829 multum
2860 775 3115 845 gentium,
3160 773 3250 829 cui
3299 774 3505 829 dictum

1915 876 2000 923 est
2035 886 2048 921 :
2085 866 2153 921 In
2196 867 2390 921 semine
2444 877 2534 920 tuo
2573 866 2942 920 benedicentur
2989 881 3171 921 oms
3210 876 3405 936 genus.
3450 862 3513 922 Si

1916 958 2039 1028 quis
2065 966 2421 1012 consecratus
2468 965 2577 1012 stat
2606 958 2659 1011 in
2701 956 2907 1013 senius
2952 956 3242 1011 multorum
3274 967 3508 1013 conver-

1918 1050 2151 1105 tentiuna
2190 1065 2286 1120 per
2316 1064 2413 1105 sua
2454 1048 2703 1118 exempla
2748 1048 2817 1104 ad
2848 1050 3045 1115 Deum,
3075 1058 3161 1104 est
3209 1048 3384 1120 primo
3408 1062 3510 1119 pa-

1917 1140 2154 1196 triarcha
2180 1141 2453 1195 Abraham
2494 1141 2741 1212 genitus;
2775 1151 2861 1195 est
2904 1140 3080 1210 ipsum
3128 1157 3313 1196 semen
3353 1141 3509 1197 Chri-

1917 1242 2052 1298 stus,
2084 1236 2137 1287 ‘m
2162 1249 2270 1304 quo
2296 1235 2505 1291 semine
2534 1234 2862 1303 promissum
2893 1243 2980 1288 est
3002 1232 3236 1288 Abrahae
3257 1233 3506 1289 benedici

1915 1342 2104 1382 omnes
2133 1338 2341 1398 gentes.
2369 1327 2487 1398 Ipsa
2523 1330 2867 1385 consecratio
2893 1337 3140 1399 tempore
3168 1345 3335 1385 verno
3366 1331 3512 1386 eele«

1916 1420 2143 1484 bratur,
2192 1420 2336 1488 quod
2385 1430 2599 1490 tempus
2656 1420 2837 1474 habile
2886 1428 2969 1475 est
3012 1421 3511 1491 procreatiouibus.

1915 1510 2053 1564 Nam
2079 1521 2133 1564 et
2160 1511 2440 1566 Abraham
2471 1512 2637 1567 tertia
2655 1521 2818 1567 actate
2843 1510 2946 1565 fuit
2972 1510 3132 1581 huius
3162 1513 3371 1576 mundi,
3393 1528 3511 1583 qum

1916 1612 2049 1655 tetas
2072 1613 2423 1671 mmparatur
2450 1602 2850 1668 adolescentia,
2871 1617 2993 1672 quae
3021 1602 3219 1659 habilis
3243 1612 3330 1659 est
3349 1617 3514 1673 gene-

213 1695 437 1765 quando
478 1694 718 1750 vacillat.
749 1693 825 1750 De
854 1709 1040 1751 mense
1084 1709 1216 1749 vero
1259 1696 1471 1751 decimo
1502 1697 1634 1751 nihil
1666 1697 1811 1752 aliud
1843 1694 1890 1761 3
1922 1694 2119 1748 rationi
2151 1694 2410 1750 ﬁliorum.
2445 1693 2696 1750 Secunda
2741 1694 3086 1750 consecratio
3107 1704 3197 1750 est
3231 1696 3285 1750 in
3312 1705 3511 1766 quarto

215 1786 508 1843 dicendum
555 1796 659 1853 est,
703 1788 808 1842 nisi
852 1797 908 1842 ut
949 1789 1253 1857 proximum
1291 1800 1418 1845 ante
1462 1788 1815 1846 Nativitatem

214 1877 433 1933 Domini
495 1892 715 1950 semper
773 1878 1094 1935 observetur
1158 1880 1492 1949 Sabbatum,
1551 1892 1810 1952 excepto,

213 1971 439 2041 quando
473 1971 655 2043 vigilia
682 1974 925 2029 evenerit
954 1973 1006 2027 in
1038 1975 1172 2029 feria
1204 1976 1457 2046 septima.

858 2060 1087 2123 CAPUT
1130 2068 1191 2123 γ.

341 2139 615 2214 Ρῖίωάίεια
650 2158 875 2230 amplius
908 2159 1245 2214 illustrantur
1268 2171 1315 2215 et
1347 2164 1683 2216 roborantur.

290 2243 360 2303 G.
434 2242 693 2315 Quamvis
745 2250 921 2305 oratio
968 2259 1058 2304 tua
1113 2250 1243 2305 mihi
1298 2254 1635 2321 persuaserit
1685 2252 1818 2309 nihil

210 2340 405 2396 verius
448 2352 571 2397 esse
599 2354 762 2413 quam
792 2344 936 2413 quod
980 2345 1203 2412 asseris,
1253 2345 1441 2400 vellem
1484 2355 1663 2401 tamen
1696 2363 1818 2417 per-

215 2428 403 2487 doceri
452 2448 555 2505 qua
586 2435 913 2491 auctoritate
942 2437 1043 2490 hoc
1073 2445 1451 2509 argumentum
1483 2452 1548 2491 cx
1579 2451 1807 2492 numero

214 2527 629 2594 quatuordecim
677 2527 1140 2584 hebdomadarum
1182 2530 1460 2583 inventum
1511 2531 1681 2600 magis
1724 2531 1815 2585 de-

216 2617 348 2671 beat
385 2632 506 2674 esse
537 2628 736 2685 ratum,
766 2620 1038 2691 prtecipue
1077 2636 1200 2675 cum
1244 2629 1297 2676 te
1336 2623 1585 2691 superius
1617 2622 1818 2677 dixisse

216 2710 480 2765 recorder
528 2710 664 2766 nihil
717 2711 770 2765 in
818 2711 1209 2767 ecclesiasticis
1258 2712 1745 2770 consuetudinibus
1785 2726 1817 2768 a

214 2798 424 2856 sanctis
468 2796 721 2858 Patribus
750 2818 871 2859 esse
912 2803 1266 2859 constitutum
1297 2804 1442 2875 quod
1486 2820 1592 2859 non
1632 2806 1814 2876 aliqua

215 2894 431 2961 ratione
460 2897 529 2950 sit
561 2892 899 2952 roboratum.
1352 2898 1357 2903 ’

285 2986 353 3042 Β.
395 2985 524 3045 Scio
552 3004 636 3044 me
656 3004 757 3062 pro
782 3000 935 3047 certo
960 2991 1034 3047 ita
1076 2991 1279 3052 dixisse
1307 3010 1320 3047 :
1350 3002 1405 3048 et
1431 3004 1592 3063 quam
1625 3008 1812 3049 verum

1920 1802 2128 1853 mense,
2149 1789 2391 1844 secando
2407 1789 2667 1853 Sabbato,
2690 1788 2832 1858 quod
2847 1796 2937 1843 est
2952 1787 3166 1843 initium
3182 1788 3404 1844 secundi
3423 1805 3514 1844 ca-

1921 1880 2083 1951 tologi
2113 1882 2527 1950 quattuordecim
2552 1881 3039 1937 hebdomadarum.
3076 1880 3201 1936 Haec
3222 1882 3515 1953 deputatur

1921 1972 1975 2026 in
2002 1972 2126 2028 loco
2162 1973 2401 2030 ﬁliorum
2442 1974 2632 2028 David.
2686 1974 2863 2030 David
2912 1973 3305 2044 interpretatur
3347 1988 3515 2029 manu

1920 2065 2097 2134 fortia.
2138 2064 2259 2136 ipse
2288 2065 2586 2135 prostravit
2612 2063 2846 2129 Goliam,
2885 2065 2939 2119 id
2979 2074 3087 2131 est,
3116 2065 3396 2121 humilitas
3420 2082 3511 2121 su-

1919 2154 2186 2222 perbiam.
2211 2153 2312 2220 Qui
2339 2162 2748 2219 consecrantur,
2782 2162 3068 2224 propterea
3098 2162 3511 2219 consecrantur,

1920 2254 1981 2298 ut
2023 2243 2194 2300 fortes
2223 2244 2332 2299 sint
2386 2253 2441 2299 et
2489 2258 2585 2312 per
2632 2243 2990 2298 humilitatem
3040 2241 3298 2312 dejiciant
3328 2256 3514 2313 super-

1918 2336 2088 2391 biam.
2111 2336 2231 2405 lpsa
2260 2335 2567 2390 celebratur
2587 2335 2641 2390 in
2664 2334 2827 2390 Junio
2850 2324 3056 2399 mense.
3078 2333 3297 2405 quando
3326 2334 3511 2391 fervor

1923 2442 2155 2497 magnus
2184 2426 2315 2481 solis
2345 2434 2429 2480 est
2458 2440 2621 2495 super
2663 2437 2884 2482 terram.
2913 2424 3180 2482 Omnibus
3214 2434 3403 2481 notum
3429 2436 3515 2483 est

1925 2520 2094 2574 David
2137 2519 2455 2576 bellicosum
2495 2518 2664 2576 fuisse
2699 2527 2758 2575 et
2786 2517 2944 2574 valde
2982 2518 3183 2574 arsisse
3216 2517 3271 2572 in
3316 2516 3512 2575 Marte.

1924 2612 2161 2683 Tempus
2206 2611 2357 2669 Junii
2402 2621 2589 2683 aptum
2616 2622 2699 2669 est
2726 2612 2904 2670 bellis.
2935 2612 3124 2667 Tertia
3170 2612 3515 2670 consecratio

1921 2704 2233 2761 celebratur
2279 2706 2332 2760 in
2363 2703 2730 2775 Septembrio,
2761 2703 2925 2761 tertio
2952 2700 3213 2770 Sabbato,
3258 2704 3402 2774 quod
3433 2710 3517 2759 est

1924 2798 2139 2852 initium
2186 2798 2332 2853 tertii
2381 2797 2631 2869 eatalogi.
2672 2795 2803 2852 Haec
2835 2799 3129 2865 deputatur
3174 2796 3514 2865 generationi

1920 2886 2215 2943 Jechonias.
2267 2886 2559 2944 Jechou’ras
2598 2888 2995 2958 interpretatur
3036 2888 3358 2957 praeparatio
3407 2887 3515 2942 Do-

1923 2977 2053 3062 mini
2076 2989 2094 3026 :
2130 2976 2374 3047 nullique
2396 2977 2640 3043 dubium,
2671 2977 2719 3032 si
2754 2992 2944 3034 omnes
2972 2988 3187 3048 oportet
3216 2978 3513 3049 prmparari

212 3072 289 3135 εῖτ
335 3074 503 3135 etiam
560 3076 614 3136 ιη
661 3080 764 3137 hac
819 3098 907 3149 τε,
966 3084 1033 3140 de
1084 3098 1189 3155 qua
1243 3099 1482 3156 praesens
1540 3093 1812 3142 "actam,
1838 3068 1885 3138 α
1917 3067 1972 3121 iu
1997 3066 2235 3123 adventu
2263 3067 2486 3133 Christi,
2513 3069 2644 3139 quin
2665 3068 3010 3141 potissimum
3041 3083 3139 3123 eos
3166 3066 3256 3138 qui
3286 3082 3515 3124 sacran-

212 3168 467 3240 habetur,
514 3187 622 3245 qua
670 3184 881 3245 potero,
912 3172 1179 3231 brevitate
1224 3192 1290 3232 ex
1341 3177 1498 3233 dictis
1551 3177 1812 3248 majorum

213 3264 423 3320 curabo
464 3260 861 3322 demonstrare.
908 3266 1077 3341 igitur
1118 3268 1454 3333 Amalarius,
1509 3270 1815 3327 dirinortm

211 3356 515 3414 omciorum
588 3360 874 3430 indagator
950 3362 1381 3429 solertissimus,
1453 3362 1604 3432 cujus
1671 3364 1813 3419 dicta

212 3451 612 3508 catholicorum
671 3453 913 3510 virorum
971 3457 1258 3511 sententiis
1308 3455 1516 3526 fulgent
1570 3456 1811 3521 munita,

211 3556 341 3598 cum
392 3544 459 3600 de
501 3545 707 3601 eisdem
751 3546 1049 3617 disputaret
1093 3547 1334 3619 jejuniis,
1390 3548 1467 3603 sic
1516 3548 1658 3603 inter
1709 3550 1813 3603 alia

211 3636 348 3693 dicit
395 3638 496 3709 (De
534 3638 681 3711 Ofﬁc.
722 3639 877 3695 eccle.
928 3641 1019 3697 lib.
1079 3656 1139 3709 tt,
1192 3642 1363 3714 0.1):
1420 3658 1437 3693 t
1466 3640 1632 3697 Primi
1686 3657 1816 3713 apo-

212 3718 392 3783 stoiici
423 3742 639 3800 semper
668 3730 721 3784 in
742 3731 1063 3786 Deccmbrio
1091 3748 1299 3797 mense,
1328 3733 1382 3787 in
1414 3749 1523 3803 quo
1552 3732 1812 3788 Nativitas

211 3817 433 3874 Domini
477 3821 647 3876 nostri
691 3819 817 3877 Jesu
866 3821 1069 3879 Christi
1120 3823 1451 3889 celebratur,
1520 3839 1810 3880 consecra-

211 3911 395 3966 tiones
437 3911 819 3969 ministrabant
848 3929 1020 3985 usque
1066 3915 1133 3970 ad
1165 3915 1540 3988 Simplicium,
1592 3917 1683 3987 qui
1712 3916 1813 3970 fuit

211 4018 243 4055 a
282 4001 441 4058 beato
491 4002 654 4059 Petro
699 4004 1151 4077 quadragesimus
1194 4022 1387 4063 nonus.
1436 4007 1554 4077 Ipse
1604 4009 1812 4076 primus

209 4094 555 4149 consecravit
583 4095 637 4150 in
665 4093 983 4163 Februario,
1014 4097 1066 4151 ni
1099 4096 1275 4164 fallor,
1308 4099 1508 4153 nullam
1537 4099 1606 4153 ob
1650 4100 1810 4153 aliam

210 4185 475 4252 causam',
525 4186 630 4243 uisi
676 4187 977 4244 intimando
1018 4188 1421 4261 conjungendos
1454 4190 1812 4261 propinquius

210 4276 417 4334 Christi
444 4278 661 4350 corpori
700 4280 792 4351 qui
824 4295 924 4351 per
951 4294 1168 4336 sacrum
1210 4282 1574 4338 ministerium
1620 4296 1811 4353 prove-

210 4371 441 4439 huntur,
484 4372 626 4442 quod
653 4372 801 4428 nullo
839 4372 1000 4428 modo
1026 4373 1200 4429 satius
1231 4372 1348 4429 fieri
1394 4382 1597 4443 potest,
1646 4386 1809 4444 quam

1923 3168 2036 3217 tur.
2062 3160 2192 3227 Qua:
2222 3160 2569 3216 consecratio
2596 3159 2759 3215 habet
2787 3159 2950 3215 finem
2987 3158 3043 3213 in
3070 3158 3188 3230 ipsa
3217 3156 3515 3216 Nativitate

1919 3255 2143 3314 Christi.
2182 3253 2312 3323 Qua:
2341 3254 2634 3325 aliquando
2654 3254 2708 3308 in
2738 3253 2897 3310 tertia
2923 3253 3263 3310 hebdomada
3295 3252 3513 3322 ﬁnitur,

1920 3358 2142 3420 propter
2168 3348 2613 3418 anticipationem
2661 3348 2868 3403 dierum
2914 3346 3226 3402 Nativitatis
3272 3346 3508 3413 Domini,

1920 3450 1975 3496 et
1999 3441 2164 3496 habet
2190 3440 2450 3495 tredecim
2475 3440 2862 3503 hebdomadas,
2898 3440 3190 3510 aliquando
3212 3441 3266 3495 in
3293 3450 3510 3511 quarta,

1920 3543 2141 3606 propter
2172 3534 2500 3597 tarditatem,
2549 3542 2605 3589 et
2648 3534 2811 3589 habet
2840 3532 3273 3602 quatuordecim.
3320 3531 3511 3604 Neque

1919 3628 2023 3684 hoc
2054 3626 2171 3683 sine
2202 3625 2411 3680 ratione
2446 3631 2549 3679 est.
2598 3621 2732 3690 Quia
2760 3623 2806 3678 si
2851 3631 3198 3693 computetur
3229 3623 3511 3695 catalogus

1919 3720 2230 3777 novissima:
2260 3717 2751 3775 tesserecedecadis
2775 3717 2871 3788 (ita
2895 3716 3062 3787 cod.),
3091 3728 3146 3773 et
3169 3717 3336 3773 semel
3362 3732 3513 3772 com-

1918 3820 2141 3884 putetur
2182 3810 2510 3876 Jechonias,
2556 3824 2665 3866 nou
2705 3809 2939 3880 amplius
2983 3809 3335 3865 inveniuntur
3383 3824 3509 3865 cum

1917 3907 2036 3977 ipso
2065 3904 2287 3961 Christo
2330 3920 2495 3973 quam
2527 3902 2790 3960 tredecim
2834 3900 3235 3972 generationes.
3287 3899 3347 3956 Si
3395 3900 3509 3971 ipse

1918 3999 2004 4055 bis
2051 4006 2418 4070 computetur,
2467 3995 2877 4067 quatuordecim
2935 3994 3308 4051 inveniuntur.
3353 4014 3373 4047 ι
3428 3994 3508 4049 En

1919 4094 2125 4159 habes,
2170 4092 2317 4163 quod
2365 4092 2508 4148 scire
2559 4090 2856 4161 cupiebas,
2898 4103 3006 4159 qua
3045 4086 3297 4145 videlicet
3345 4102 3508 4143 causa

1916 4196 2296 4260 argumentum
2320 4195 2556 4255 quatuor
2574 4182 2902 4255 jejuniorum
2930 4197 2997 4239 ex
3019 4182 3228 4238 ratione
3248 4190 3509 4252 quatuor-

1912 4281 2089 4335 decim
2122 4277 2585 4334 hebdomadarum
2612 4275 2684 4330 sit
2709 4273 3097 4345 colligendum.

1986 4369 2053 4427 G.
2094 4372 2312 4428 Gratias
2343 4371 2453 4426 Deo
2489 4383 2557 4423 ac
2602 4366 2698 4423 tibi
2731 4381 2835 4437 ago
2879 4366 3009 4437 quia
3055 4365 3135 4420 sic
3170 4359 3365 4422 habeo.
3399 4364 3509 4422 Sed

211 4465 259 4521 si
293 4479 394 4536 per
418 4480 513 4521 eos
541 4465 879 4537 patriarchas
923 4481 991 4521 ex
1026 4465 1222 4537 quibus
1253 4476 1415 4523 natus
1444 4477 1526 4521 est
1553 4466 1805 4524 Christus
1828 4450 1884 4516 Ι)
1910 4483 2017 4522 non
2065 4464 2403 4520 infructuose
2446 4460 2627 4515 adhuc
2674 4456 3027 4528 quaarendum
3081 4457 3321 4512 arbitror
3374 4455 3509 4524 quid

209 4566 568 4632 generentur,
599 4559 743 4629 quod
770 4558 1104 4630 impossibile
1130 4569 1214 4617 est
1242 4560 1536 4616 secundum
1562 4576 1801 4627 carnem,

208 4651 512 4709 secundum
538 4664 668 4707 vero
697 4651 949 4721 spiritum
976 4652 1198 4724 dignum
1230 4660 1287 4707 et
1317 4650 1524 4733 habile;
1559 4651 1662 4707 hoc
1687 4658 1800 4707 est:

210 4750 272 4798 ut
335 4757 436 4815 per
483 4742 962 4813 interpretationes
1018 4746 1300 4801 nominum
1363 4745 1803 4815 patriarcharum

209 4843 517 4891 nascantur
560 4844 763 4901 mente,
812 4837 905 4907 qui
950 4837 1277 4911 genealogis:
1324 4835 1526 4893 Christi
1554 4838 1806 4894 videntur

211 4929 541 4991 familiarius
586 4928 801 4986 ascisci.
846 4929 914 4985 Et
941 4929 1066 4997 quia
1096 4932 1453 5001 incongruum
1499 4940 1613 4995 est,
1662 4931 1805 4987 sicut

210 5024 512 5097 uniquique
537 5019 879 5094 δεπενδιίοηί
909 5019 1201 5092 singularis
1246 5020 1591 5076 hebdomada
1639 5023 1804 5093 depu-

209 5124 390 5184 tatur,
424 5116 500 5170 ita
541 5127 640 5185 per
681 5122 1119 5183 unamquamque
1162 5110 1571 5171 hebdomadam
1616 5126 1805 5170 conse-

205 5209 511 5266 crationem
538 5203 842 5271 celebrari,
879 5217 1046 5260 causa
1093 5200 1422 5275 congruenti
1454 5214 1552 5269 per
1588 5204 1803 5276 singula

209 5313 475 5350 lemnnra.
504 5315 624 5350 num
645 5300 936 5350 convenire
967 5309 1190 5350 Dossunt
1219 5292 1522 5350 virtutibus
1544 5306 1598 5350 et
1628 5298 1801 5350 inter-

1911 4561 2015 4615 hoc
2043 4558 2173 4612 velit
2196 4554 2341 4627 quod
2371 4553 2571 4609 dicitur
2600 4569 2618 4606 :
2652 4548 2712 4607 Si
2746 4548 2907 4606 semel
2951 4558 3283 4619 computetur
3310 4544 3506 4599 Jeclto-

1910 4654 2049 4718 nias,
2076 4664 2183 4705 non
2206 4647 2431 4717 amplius
2452 4644 2793 4701 inveniuntur
2822 4658 2943 4698 cum
2972 4642 3087 4711 ipso
3113 4638 3324 4695 Christo
3349 4652 3515 4706 quam

1911 4746 2159 4801 tredecim
2209 4740 2607 4814 generationes;
2656 4739 2704 4794 si
2746 4746 2924 4791 autem
2960 4733 3065 4798 bis,
3110 4728 3525 4804 quatuordeeint

1908 4836 2270 4892 inveniuntur.

1982 4924 2052 4981 B.
2092 4923 2151 4980 Β.
2183 4922 2522 4993 Augustinus
2549 4933 2712 4974 causa
2753 4912 2998 4986 mysterii
3029 4913 3286 4981 perhibet
3308 4908 3548 4970 factum

1909 5034 2034 5076 esse
2058 5026 2119 5072 ut
2140 5014 2454 5075 Jechonias,
2482 5010 2574 5078 qui
2600 5009 2992 5076 interpretatur
3032 4998 3363 5074 prteparatio
3407 4998 3549 5056 Do-

1911 5115 2063 5180 mini,
2094 5111 2179 5165 bis
2221 5111 2539 5162 numeratus
2565 5100 2618 5153 in
2655 5100 2765 5155 ﬁne
2791 5096 2990 5167 prioris
3032 5105 3093 5150 et
3122 5099 3176 5152 in
3219 5092 3402 5163 capite
3424 5106 3555 5152 se.

1914 5204 2133 5276 queritis
2157 5196 2389 5263 catalogi
2422 5200 2743 5263 poneretur,
2774 5186 3007 5258 lapidem
3057 5187 3416 5276 angularem_,
3468 5187 3558 5252 id

1914 5273 2019 5350 est.
2045 5291 2326 5350 Christum
2368 5282 2707 5350 signiﬁcans,
2740 5282 2794 5337 in
2843 5292 2951 5348 quo
2994 5276 3331 5350 praeparavit
3374 5273 3562 5343 Deus
