4072 5350
568 279 708 343 1093

1629 280 1978 344 BERNONIS
2012 281 2307 340 ABBATIS
2344 282 2715 342 AUGIENSIS

3713 286 3849 344 1096

566 399 792 455 lchn-seo
841 395 1086 454 Joachim
1117 396 1430 454 nominatus
1475 405 1591 465 est,
1624 411 1731 452 non
1763 396 1815 452 in
1846 395 2155 452 Chaldzeam
2183 406 2234 468 Α
2261 395 2391 450 luia.
2446 393 2814 451 Conlitemini.
2877 394 3098 452 Tractus
3133 411 3154 450 :
3199 393 3463 452 Laudate.
3521 396 3736 470 Euang.
3796 401 3852 457 Si

567 491 810 558 ductum,
841 492 934 548 sed
967 490 1276 548 defunctum
1309 491 1364 548 in
1397 500 1543 550 terra
1567 509 1661 549 sua
1681 533 1696 558 ,
1745 501 1800 548 et
1828 493 1995 548 lilium
2025 491 2153 547 Joa-

563 583 708 639 chim
757 582 825 636 de
878 582 1196 654 captivitate
1252 584 1568 641 redeuntem
1619 585 1846 642 Salatiel
1904 585 2155 657 genuisse

563 670 813 727 aﬂirmet.
840 671 1008 744 Igitur
1048 675 1151 729 hoc
1183 675 1529 744 supradictus
1556 676 1748 732 doctor
1790 675 1962 731 voluit
1995 679 2156 732 intel-

563 763 657 835 ligi
690 771 750 817 ut
774 763 1033 822 tredecim
1061 773 1116 820 et
1159 765 1569 836 quatuordecim
1599 767 1952 824 hebdomada:
1978 768 2156 838 praeﬂ-

564 862 827 928 gurarent
853 855 906 909 in
935 856 1194 928 mysterio
1224 857 1370 929 quod
1398 856 1689 916 Jechonias
1733 857 1900 915 semel
1935 866 2029 915 aut
2068 859 2154 916 bis

564 953 860 1018 poneretur
882 945 939 1001 in
961 946 1229 1020 catalogo.

1180 1063 1410 1122 CAPUT
1447 1064 1535 1121 Vl.

601 1147 953 1217 Quandonam
978 1153 1226 1208 tredecim
1257 1153 1336 1236 vel
1354 1155 1750 1226 quatuordecim
1773 1157 2116 1214 hebdomada:

1157 1235 1420 1293 eveniant,
1457 1235 1564 1283 etc.

633 1311 701 1368 G.
767 1313 984 1370 Utinam
1029 1316 1194 1372 modo
1243 1333 1354 1372 non
1406 1319 1653 1388 graveris
1707 1319 1888 1376 dicere
1935 1322 2153 1392 quando

562 1407 825 1465 tredecim
866 1409 952 1466 vel
979 1411 1196 1482 quando
1225 1413 1637 1483 quatuordecim
1686 1413 2044 1472 hebdomada:
2069 1431 2154 1474 so-

562 1498 710 1557 leant
733 1501 949 1558 evenire
973 1503 985 1557 l
1279 1523 1282 1526 ·

631 1593 698 1649 Β.
740 1594 1094 1668 Nequaquam
1139 1599 1213 1654 tui
1243 1600 1449 1658 amoris
1509 1618 1675 1659 causa
1710 1603 1978 1674 gravabor
2023 1603 2152 1660 inti-

561 1701 714 1744 mare
742 1690 885 1758 quod
911 1705 1100 1745 verum
1143 1692 1338 1748 exinde
1373 1694 1525 1764 potui
1579 1710 1927 1765 cognoscere.
1960 1695 2150 1751 Enim-

2261 483 2486 555 diligitis
2514 500 2620 540 me.
2650 484 2758 555 01f.
2781 485 2982 543 Emitte
3013 485 3274 560 Spiritum
3299 495 3470 544 tuum.
3503 488 3854 549 Communia:

2257 575 2460 634 Ultimo
2485 576 2798 635 festivitatis
2824 579 2932 636 die.

2846 693 3076 751 CAPUT
3120 695 3229 750 VII.

2258 784 2410 858 Num
2439 787 2648 858 jejunio
2675 787 2730 840 in
2756 785 2902 840 aliud
2929 785 3219 858 Sablgatum
3245 786 3432 849 dilato,
3479 787 3561 858 uel
3600 787 3662 842 in
3689 788 3860 858 ipsam

2326 855 2710 930 hebdomadam
2733 870 2990 930 sanctam
3039 855 3371 930 Pentecostes
3400 857 3690 926 incidente,
3712 855 3860 930 'gra-

2329 926 2476 982 dalia
2502 945 2573 982 an
2605 927 2834 983 Alleluia
2861 928 2964 984 sint
2988 927 3225 983 canenda
3250 928 3276 982 ?

2327 1042 2392 1098 G.
2435 1042 2494 1100 Si
2523 1044 2699 1116 ipsum
2735 1043 3004 1114 jejunium
3053 1045 3220 1102 fuerit
3268 1045 3322 1102 in
3368 1046 3519 1104 aliud
3548 1046 3858 1104 Sabbatum

2258 1135 2514 1204 dilatum,
2559 1148 2618 1194 ut
2665 1138 2826 1208 paulo
2859 1147 2986 1195 ante
3017 1138 3203 1196 dixisti
3248 1141 3548 1213 agendum,
3599 1141 3692 1197 vel
3727 1142 3857 1199 siin

2256 1226 2373 1299 ipsa
2402 1229 2742 1285 hebdomada
2769 1238 2958 1286 sancta
2991 1229 3341 1290 Pentecostes
3365 1232 3646 1302 evenerit,
3676 1244 3859 1290 utrum

2257 1318 2498 1390 gradalia
2522 1336 2589 1375 an
2612 1320 2827 1376 alleluia
2856 1330 2984 1378 sunt
3011 1322 3318 1389 canendai,
3498 1313 3506 1317 ’

2325 1409 2392 1465 Β.
2448 1411 2646 1482 Utique
2693 1414 2994 1468 secundum
3056 1413 3511 1470 consuetudinem
3571 1416 3858 1487 antiquam

2258 1501 2497 1572 gradalia
2517 1543 2532 1570 ,
2579 1504 2721 1559 sicut
2751 1519 2860 1560 non
2891 1504 3066 1560 solum
3096 1505 3151 1560 in
3179 1505 3383 1562 nostris
3422 1505 3582 1563 libris
3625 1507 3859 1565 habetur

2257 1593 2549 1661 insertum,
2573 1596 2668 1651 sed
2693 1595 2882 1663 etiam,
2906 1605 2966 1652 ut
2995 1597 3048 1652 in
3079 1598 3316 1668 quodam
3336 1599 3530 1655 ordine
3553 1601 3857 1658 secundum

2260 1683 2320 1739 S.
2353 1684 2555 1742 Gelasii
2585 1702 2738 1758 papae
2783 1688 3165 1745 auctoritatem
3213 1691 3393 1761 reperi
3437 1692 3856 1763 prmtitulatum,

559 1791 692 1834 vero
719 1780 973 1838 omnibus
1000 1782 1157 1838 annis
1186 1783 1446 1841 tredecim
1477 1787 1738 1843 eveniunt
1767 1789 2008 1859 exceptis
2035 1791 2152 1859 his,
2185 1766 2236 1830 Β
2262 1777 2354 1848 (illi
2406 1794 2524 1834 "105
2551 1794 2720 1850 usque
2751 1779 2947 1848 home,
2998 1789 3060 1836 ιιι
3105 1792 3442 1853 “imperium
3475 1784 3774 1852 habemus:
3807 1786 3856 1842 in

561 1871 668 1930 hoc
687 1883 770 1929 est
801 1891 814 1928 :
853 1877 1072 1946 quando
1100 1875 1326 1932 Martius
1358 1879 1497 1934 feria
1529 1897 1610 1945 ιιι,
1645 1881 1730 1936 vel
1775 1898 1853 1949 tv,
1887 1882 2155 1940 Nativitas

557 1975 690 2020 vero
729 1965 943 2021 Domini
994 1969 1166 2023 nostri
1206 1968 1334 2025 Jesu
1372 1969 1578 2027 Christi
1626 1972 1906 2030 Dominica
1935 1984 2028 2030 aut
2069 1990 2155 2032 sev

557 2057 736 2112 cunila
768 2057 904 2113 feria
938 2059 1262 2116 acciderint.
1295 2062 1371 2116 De
1400 2063 1505 2118 hoc
1523 2062 1754 2134 jejunio,
1786 2067 1930 2136 quod
1958 2067 2012 2121 in
2037 2065 2152 2137 ipsa

557 2147 741 2221 vigilia
769 2149 1018 2206 solebant
1048 2153 1388 2223 antiquiores
1417 2155 1726 2223 celebrare,
1757 2172 1922 2228 supra
1973 2158 2152 2214 nomio

558 2250 719 2298 natus
747 2241 882 2298 dixit
909 2242 1221 2301 Amalarius
1246 2246 1392 2318 quod
1434 2249 1774 2304 consecratio
1803 2249 1966 2305 habet
1989 2250 2153 2305 linem

558 2333 613 2389 in
645 2333 760 2406 ipsa
789 2334 1089 2393 Nativitate
1138 2337 1377 2407 Christi,
1409 2340 1551 2396 sicut
1597 2343 1956 2412 quorumdam
1989 2343 2154 2400 Italo—

555 2437 701 2492 rum,
746 2427 932 2483 nescio
979 2444 1047 2483 an
1097 2430 1360 2497 omnium,
1396 2432 1575 2488 adhuc
1605 2449 1722 2490 mos
1770 2443 1854 2490 est
1883 2451 2063 2506 agere,
2094 2445 2156 2492 ut

2259 1879 2450 1928 sancta
2482 1870 2726 1927 Romana
2767 1882 3020 1928 servatur
3059 1873 3322 1930 Ecclesia.
3374 1874 3607 1932 Videtur
3638 1893 3856 1950 quoque

2257 1961 2313 2018 id
2342 1961 2470 2016 huic
2499 1962 2801 2018 narrationi
2846 1979 3128 2021 assensum
3157 1967 3433 2037 praebere,
3485 1970 3636 2038 quod
3681 1969 3739 2025 in
3768 1984 3858 2025 au-

2257 2053 2519 2109 thenticis
2565 2055 2981 2126 Antiphonariis
3025 2057 3131 2113 duo
3186 2067 3398 2114 tantum
3439 2059 3660 2114 alleluia
3715 2061 3860 2116 inve—-

2257 2145 2485 2203 niuntur
2517 2145 2813 2217 descripta,
2846 2147 2954 2204 hoc
2989 2156 3114 2204 est:
3148 2145 3344 2204 Emitte
3389 2149 3688 2221 Spiritum;
3739 2150 3860 2221 Spi-

2256 2237 2390 2291 ritus
2433 2236 2672 2292 Domini.
2711 2236 2920 2294 Cretera
2966 2253 3096 2295 vero
3135 2255 3165 2295 a
3213 2241 3487 2298 modernis
3530 2251 3662 2299 sunt
3709 2257 3856 2299 com-

2254 2329 2454 2401 posita.

2329 2421 2676 2494 Quapropter
2699 2425 3022 2484 intuendum
3056 2436 3158 2493 est,
3192 2427 3321 2500 quia
3345 2428 3392 2484 si
3421 2428 3478 2487 in
3501 2432 3856 2488 monasteriis

555 2529 657 2584 ego
683 2515 796 2586 ipse
817 2516 1015 2573 ibidem
1040 2521 1252 2590 positus
1281 2523 1530 2592 cognovi.
1562 2522 1668 2579 Sed
1710 2540 1840 2579 usus
1864 2525 1917 2579 in
1949 2527 2153 2582 nostris
2255 2514 2471 2570 θηθιυίθ
2521 2526 2719 2574 camus
2766 2519 3036 2586 abund“:
3089 2519 3218 2590 (ιιιίά
3269 2519 3545 2591 Simplices
3601 2521 3855 2579 Vi“an

555 2611 799 2665 excrevit
839 2611 1131 2680 Ecclesiis,
1162 2621 1220 2668 ut
1251 2615 1307 2669 in
1339 2617 1599 2672 anteriori
1645 2618 1983 2674 hebdomada
2013 2620 2144 2676 anti-

2261 2608 2562 2680 presbyteri
2593 2618 2788 2680 agant,
2821 2611 2915 2681 qui
2944 2610 3035 2665 vix
3066 2610 3296 2666 duorum
3344 2621 3558 2668 tantum
3603 2613 3854 2670 notitiam

549 2701 795 2774 cipetur;
840 2705 967 2774 quia
1000 2705 1087 2760 illa
1116 2707 1222 2762 duo
1251 2707 1423 2764 ollicia
1461 2708 1653 2781 jejunii
1700 2720 1756 2766 et
1797 2709 2002 2769 Natalis
2045 2713 2152 2768 Do-
2253 2701 2493 2758 habent?
2525 2701 2596 2758 Ut
2625 2703 2774 2759 enim
2804 2704 3017 2776 vulgari
3060 2705 3347 2776 proverbio
3374 2714 3544 2762 utar:
3585 2707 3694 2764 Aut
3731 2726 3852 2764 can-

551 2796 688 2854 mini
738 2813 846 2853 non
898 2800 1230 2855 conveniunt
1278 2802 1438 2858 simul
1483 2801 1771 2861 celebrari.
1823 2804 1958 2859 Nam
2009 2805 2150 2861 sicut
2253 2796 2520 2865 ιαηειμιοά
2541 2795 3853 2869 εεὶιιηιναιιιιαεετεεοιηρειιαηιιιν.ιιιιοάηεεαιηιο

549 2892 932 2962 ρι-εενεηίρηάο
964 2893 1105 2949 istud
1152 2895 1536 2968 anticipamus’
1583 2899 1657 2953 ila
1686 2901 1986 2955 secundum
2013 2898 2151 2956 εει)-
2252 2883 2369 2940 Νοιι
2395 2894 2576 2941 tamen
2602 2887 2718 2942 hmo
2739 2887 2986 2944 scribens
3007 2888 3476 2944 sanctissimorum
3503 2892 3854 2948 sacerdotum

554 2982 743 3042 balum
778 2983 923 3040 Junii
951 2986 1180 3054 mensis,
1208 3003 1331 3043 cum
1360 2989 1412 3044 in
1442 2990 1626 3060 vigilia
1651 2990 1999 3047 Pentecostes
2024 3007 2144 3063 pro-

2261 2978 2571 3034 auctoritati
2605 2979 2930 3050 praeiudico,
2985 2994 3122 3050 quos
3166 2979 3222 3035 in
3252 2979 3459 3052 Spiritu
3500 2992 3698 3037 sancto
3728 2998 3857 3039 cou-

551 3077 785 3145 venerit,
827 3077 1276 3149 prolongandoin
1311 3082 1623 3151 proximum
1651 3082 1972 3150 differimus,
2021 3083 2144 3141 licet

2261 3083 2506 3144 gregatos
2546 3073 2660 3144 jam
2699 3072 2902 3129 dudum
2929 3073 3110 3128 audivi
3139 3073 3195 3129 in
3224 3073 3578 3145 synodalibus
3617 3076 3738 3131 suis
3765 3075 3856 3130 de-

543 3170 723 3228 nostri
749 3178 1129 3227 antecessores
1171 3180 1463 3244 utrumque
1504 3174 1559 3229 in
1600 3173 1717 3244 ipsa
1742 3175 1927 3246 vigilia
1957 3185 2144 3233 sancta

2261 3134 2419 3220 srelis
2449 3134 2708 3220 statuisse
2737 3175 2794 3220 ut
2818 3165 2991 3236 magis
3023 3165 3254 3222 debeant
3277 3165 3492 3224 alleluia
3520 3167 3845 3235 decantari;

547 3261 711 3319 simul
741 3262 1104 3330 celebrarent,
1128 3263 1270 3320 sicut
1303 3279 1370 3320 ex
1400 3264 1824 3335 praetitulatione
1866 3266 2134 3325 librorum

546 3353 773 3409 evidens
802 3353 1067 3410 habemus
1094 3355 1489 3411 testimonium.

619 3442 686 3498 G.
728 3442 898 3500 Nosse
919 3445 1167 3502 desidero
1187 3462 1293 3520 qua
1318 3446 1694 3504 convenientia
1717 3447 1834 3505 hate
1855 3449 1960 3506 duo
1979 3450 2143 3508 simul

545 3537 760 3611 possint
783 3536 1051 3593 celebrari
1080 3537 1295 3595 oﬂicia?

617 3631 685 3689 B.
725 3631 866 3700 Quid
911 3631 1049 3689 adeo
1093 3649 1230 3705 opus
1274 3644 1358 3691 est
1405 3651 1552 3692 nunc
1597 3636 1799 3708 inquiri
1827 3639 1990 3710 {quod
2031 3649 2140 3698 tam

547 3721 708 3794 longo
740 3731 985 3794 tempore
1011 3724 1126 3794 jam
1169 3727 1338 3797 ctepit
1368 3727 1609 3784 dedisci?
1652 3732 1908 3788 Attamen
1942 3747 2012 3788 ne
2041 3733 2142 3788 lm-

541 3812 776 3887 jusmodi
819 3815 1046 3871 scientia
1098 3815 1410 3884 frauderis,
1459 3819 1583 3876 talis
1640 3821 1929 3892 inscriptio
1979 3837 2142 3892 super

546 3905 654 3963 hac
681 3921 742 3961 re
781 3906 1015 3962 habetur
1059 3907 1116 3962 in
1149 3907 1304 3965 libris
1333 3910 1537 3965 nostris
1573 3927 1584 3964 :
1619 3909 1676 3966 Si
1705 3914 1968 3966 evenerint
2013 3913 2143 3967 duo-

544 4000 715 4058 decim
747 4001 994 4058 lectiones
1027 4004 1083 4058 in
1124 4003 1358 4059 Sabbato
1403 4021 1570 4060 sacra:
1610 4004 1977 4073 Pentecostes,
2016 4015 2140 4062 tunc

546 4094 606 4151 in
650 4106 840 4166 quarta
881 4095 1014 4165 feria
1061 4105 1301 4151 cantetur
1347 4107 1394 4150 et
1440 4096 1648 4168 legatur
1696 4113 1714 4150 .'
1748 4098 1988 4165 Exaudi,
2033 4099 2140 4155 Do-

547 4188 718 4254 mine,
745 4203 935 4260 preces
976 4198 1210 4245 nostras.
1240 4187 1464 4257 chuire
1511 4191 1563 4244 in
1595 4194 1766 4261 prima
1813 4191 2141 4247 hebdomada

549 4278 1000 4350 Quadragesimte.
1043 4279 1132 4335 Vel
1160 4280 1284 4335 libri
1319 4280 1608 4348 Sapientia:
1637 4299 1655 4336 :
1681 4282 1827 4337 Dixit
1858 4283 2136 4340 Salomon.

547 4366 684 4422 Item
714 4379 881 4423 orat.:
907 4371 1250 4426 Devotionem
1273 4371 1478 4443 populi.
1512 4369 1606 4426 Vel
1632 4371 1794 4426 Isaia:
1838 4375 2139 4446 prophetat:

546 4459 710 4528 Audi,
759 4458 945 4515 Jacob.
978 4461 1226 4516 Alleluia.
1285 4463 1394 4534 017‘.
1449 4463 1675 4518 Domine
1727 4463 1870 4519 Deus
1921 4465 2134 4522 salutis.

546 4550 895 4622 Evangelium
921 4553 1205 4606 secundum
1227 4552 1424 4609 Lucam
1449 4568 1467 4606 :
1494 4555 1833 4611 Accedentes
1861 4556 2134 4628 discipuli.

547 4641 642 4713 0f.
692 4642 806 4698 Viri
857 4641 1102 4698 Gallilaei.
1152 4642 1300 4698 Com.
1347 4645 1510 4700 Pater
1559 4661 1681 4701 cum
1730 4660 1927 4702 essem.
1970 4646 2136 4703 Feria

543 4744 727 4792 sexta:
749 4735 980 4801 Exaudi,
1005 4735 1251 4790 Domine.
1281 4735 1543 4804 0r.Esto,
1575 4738 1822 4805 Domine,
1847 4741 2133 4812 propitius.

546 4827 694 4884 Lect.
739 4826 1038 4890 Exsultate,
1070 4826 1193 4884 ﬁlim
1225 4828 1377 4884 Sion.
1421 4828 1668 4885 Alleluia.
1719 4832 1947 4890 Domine
1994 4833 2139 4890 refu-

549 4922 716 4992 gium.
746 4920 944 4992 Evang.
984 4919 1146 4976 Venit
1165 4921 1233 4978 ad
1263 4919 1446 4977 Jesnm
1469 4922 1573 4988 vir,
1603 4922 1688 4978 cui
1716 4938 1912 4980 nomen
1937 4923 2134 4980 Jairus.

551 5013 663 5084 ΟΙῙ.
692 5014 797 5069 viri
824 5014 1071 5071 Gallilaei.
1103 5014 1250 5070 Com.
1289 5015 1452 5071 Pater
1486 5031 1609 5072 cum
1661 5031 1858 5073 essem.
1905 5016 2133 5072 Sabbato

551 5123 730 5162 omnes
754 5109 927 5178 parati
953 5110 1196 5180 primitus
1222 5121 1430 5166 cantent
1457 5109 1700 5166 litaniam
1721 5111 1886 5183 Kyrie
1905 5111 2132 5166 eleison.

551 5194 736 5250 Gloria
781 5196 836 5250 in
889 5197 1118 5254 excelsis
1161 5197 1292 5256 Deo.
1344 5197 1538 5255 Postea
1585 5201 1755 5254 oratio
1797 5216 1816 5254 :
1866 5200 2136 5256 mentibus

555 5285 779 5340 nostris.
818 5285 912 5341 0r.
947 5288 1039 5344 illo
1073 5305 1171 5346 nos
1210 5291 1354 5350 igne.
1400 5289 1496 5344 0r.
1529 5290 1673 5346 Deus
1717 5291 1808 5350 qui
1837 5292 1903 5345 ad
1933 5291 2138 5346 anima-

2248 3255 2346 3312 sed
2398 3256 2722 3327 simpliciter
2772 3271 2895 3328 quae
2948 3257 3153 3314 sentire
3194 3258 3345 3329 potui
3393 3261 3462 3316 ad
3508 3260 3850 3332 interrogata

2247 3348 2581 3420 respondere
2618 3349 2827 3415 curavi,
2859 3349 3148 3406 consulere
3177 3350 3365 3407 volens
3393 3351 3592 3418 etiam,
3627 3353 3676 3408 si
3724 3367 3849 3424 pos-

2247 3441 2376 3509 sim,
2405 3441 2511 3496 mei
2538 3440 2800 3497 similium
2826 3441 3133 3513 imperitiae,
3155 3442 3252 3514 qui
3277 3449 3354 3500 tot
3379 3441 3594 3500 alleluia
3618 3460 3732 3502 non
3757 3459 3849 3502 no-

2248 3541 2381 3590 runt
2403 3540 2647 3589 cantare.
3070 3535 3074 3539 ’

2318 3622 2382 3680 G.
2441 3621 2576 3680 Cum
2625 3623 3012 3681 ecclesiasticae
3063 3625 3135 3682 sit
3183 3626 3592 3682 consuetudinis
3645 3627 3705 3683 in
3764 3627 3851 3686 his

2245 3720 2436 3778 diebus
2466 3728 2526 3774 ut
2557 3729 2764 3777 stantes
2790 3734 3029 3790 oremus,
3059 3723 3218 3792 cupio
3258 3723 3480 3789 rescire,
3532 3725 3580 3780 si
3632 3724 3693 3782 in
3748 3723 3847 3782 hac

2244 3811 2584 3869 hebdomada
2635 3827 2780 3883 saepe
2809 3813 3012 3870 dictum
3043 3813 3286 3871 evenerit
3323 3813 3613 3886 jejunium,
3663 3826 3844 3875 utrum

2244 3906 2540 3963 debeamus
2566 3907 2635 3962 ad
2660 3907 2882 3964 missam
2905 3923 3081 3980 genua
3107 3907 3322 3965 ﬂectere
3349 3922 3541 3966 necne.

2313 3997 2380 4054 B.
2433 4000 2525 4056 Sic
2582 3999 2638 4054 in
2669 4001 2905 4071 quodam
2959 3999 3142 4056 libello
3200 4001 3267 4056 de
3321 4002 3423 4057 hoc
3483 4001 3680 4058 ordine
3739 4001 3842 4074 legi

2244 4093 2444 4164 (Anu.
2494 4091 2893 4160 Fonrusarus,
2942 4093 3038 4150 lib.
3087 4109 3127 4149 ιι
3176 4093 3322 4166 Uﬂic.
3367 4095 3574 4161 coclea,
3624 4112 3678 4153 c.
3729 4096 3784 4168 5)
3825 4114 3840 4152 :

2243 4184 2350 4241 Per
2379 4184 2620 4255 singulas
2649 4184 2925 4240 orationes
2955 4184 3216 4241 debemus
3243 4185 3441 4242 mentis
3479 4185 3843 4243 humilitatem

2241 4293 2341 4350 per
2368 4277 2802 4349 genuﬂexionem
2832 4278 3136 4343 ostendere,
3189 4286 3416 4350 excepto
3461 4278 3605 4334 infra
3652 4278 3847 4336 Pente-

2243 4377 2452 4424 costen.
2480 4367 2538 4422 ln
2571 4367 2683 4422 sola
2713 4367 2789 4422 De
2812 4369 3021 4423 camino
3053 4369 3188 4440 ignis
3215 4383 3322 4424 non
3353 4369 3626 4426 ﬂectimus
3649 4387 3840 4443 genua,

2243 4460 2461 4530 quando
2510 4459 3010 4516 Nabuchodonosor
3043 4460 3396 4530 compellebat
3445 4461 3704 4532 populum
3751 4462 3843 4516 ad-

2243 4564 2407 4608 orare
2435 4558 2672 4606 statuam
2698 4565 2859 4620 quam
2903 4549 3130 4617 fecerat,
3169 4559 3228 4606 ut
3261 4559 3511 4620 separata
3553 4551 3626 4606 sit
3661 4563 3843 4608 nostra

2239 4642 2438 4708 oratio,
2463 4656 2582 4711 quae
2608 4650 2694 4697 est
2714 4641 2782 4696 ad
2813 4657 2980 4697 unum
3002 4641 3195 4708 Deum,
3232 4642 3300 4696 ab
3321 4658 3507 4699 errore
3537 4645 3841 4715 gentilium.

2241 4731 2487 4790 Similem
2517 4733 2585 4787 ob
2611 4746 2835 4787 causam
2881 4733 3045 4786 etiam
3079 4733 3135 4788 in
3181 4733 3483 4789 Parasceve
3525 4749 3706 4804 genua
3741 4751 3843 4791 non

2239 4822 2510 4880 ﬂectimus
2548 4837 2647 4893 pro
2691 4821 2914 4894 perﬁdis
2955 4822 3170 4886 Judaeis,
3220 4825 3312 4894 qui
3362 4825 3643 4881 illudendo
3671 4841 3843 4896 genua

2239 4917 2527 4974 ﬂectebant
2555 4929 2742 4972 coram
2775 4916 3022 4982 Domino,
3057 4931 3124 4972 ne
3153 4917 3438 4972 videamur
3489 4917 3611 4973 illos
3643 4918 3843 4975 imitari

2245 5010 2340 5082 qui
2383 5022 2517 5080 opus
2547 5006 2748 5064 bonum
2781 5009 3070 5065 studebant
3116 5008 3257 5064 male
3302 5011 3547 5080 operari,
3579 5013 3845 5082 quemad-

2243 5105 2464 5162 modum
2519 5109 2647 5156 tunc
2686 5102 2754 5158 ab
2799 5103 2987 5158 osculo
3031 5103 3366 5159 abstinemus
3413 5113 3642 5173 propter
3697 5103 3843 5159 Julia:

2243 5196 2524 5254 traditoris
2545 5195 2871 5266 exemplum,
2899 5198 2991 5269 qui
3014 5212 3112 5268 per
3135 5197 3406 5254 simulata:
3425 5197 3575 5268 pacis
3595 5197 3840 5255 osculum

2242 5291 2466 5348 tradidit
2497 5291 2783 5350 Dominum
2807 5293 2994 5350 Jesum
3029 5295 3327 5350 Christum.
