4072 5350
554 203 581 258 1
593 200 698 258 099

549 383 725 430 tiones
756 385 880 428 circa
906 380 1072 428 modos
1110 377 1415 438 regulariter
1444 376 1825 435 componendas.

1601 194 1968 254 .BERNONIS
2001 190 2295 252 ABBATIS
2332 190 2702 250 AUGIENSIS

558 330 650 368 nes
665 274 927 368 sonorum.~
981 315 1030 366 9.
1055 315 1178 368 'l'oni
1203 313 1354 379 medii
1378 326 1436 364 ac
1452 323 1757 379 communes,
1786 306 2133 379 unde_qui_d_lgl
2156 302 2418 379 ῆυφᾴφεξω
2635 298 3157 379 ειμευιεειςτμέκτοηῑ
3184 301 3544 379 Mamertini”.-
3563 370 3577 379 _
3618 306 3701 379 Π,
3720 306 3756 379 (ξ

1893 363 1970 419 ίξξ
2012 366 2322 427 ῡιπενριιιίειι
2362 373 2606 414 tonorum.
2674 364 2749 414 15.
2778 363 2960 416 Modull
2998 366 3321 427 Noauueane,
3357 375 3453 417 etc.
3523 366 3604 417 ιι.
3633 363 3841 426 Tom“

3701 196 3837 256 Ηω

3036 301 3157 353 'l'oni
3184 301 3543 369 indifferent”,
3618 306 3701 369 11,

558 426 733 494 cautus
753 426 1061 503 irregulares
1075 426 1303 490 cavEndi.
1373 436 1449 487 l3.
1473 426 1733 487 Semitonii
1754 435 1944 507 positio
1960 427 2134 480 sedulo
2157 426 2474 475 atte‘ndenda.

628 550 859 608 Domino
881 549 1327 627 Deoquedilecto
1349 548 1651 613 PILIGBINO,
1680 561 1809 601 vero
1836 541 2021 598 mundi
2049 542 2151 621 hu-
2175 538 2230 598 Α
2326 537 2726 597 PROOEMIUM
2767 537 3349 608 SUBSEQUENTIUM
3395 537 3773 597 TONORl‘JM.

550 643 643 710 jus
686 636 927 708 advenae,
959 650 1015 696 ct
1047 640 1354 711 peregrino,
1385 640 1589 702 Benuo,
1642 637 1766 691 licet
1812 649 2010 704 parvus
2036 647 2147 687 me-

558 735 703 801 ritis,
730 749 921 790 servus
951 742 1128 787 tamen
1149 732 1242 786 Dei
1266 731 1560 787 Genitricis
1586 728 1828 801 Virginis
1851 724 2148 795 municipa-

559 832 672 879 tum
704 823 758 878 in
805 837 933 879 arce
958 822 1156 877 divinae
1184 820 1592 890 speculationis.

626 913 900 971 Praeclara
939 913 1267 968 Christianae
1312 912 1437 967 fidei
1483 910 1657 965 forma
1696 910 1752 966 in
1781 917 1834 964 te
1861 905 2147 981 Splendens

556 1006 777 1078 egregie
798 1005 991 1075 probat
1022 1004 1256 1058 animam
1282 1011 1428 1057 tuam
1461 1003 1643 1057 sedem
1668 1016 1790 1055 esse
1815 998 2098 1069 sapientiae
2131 1014 2144 1049 :

557 1112 686 1153 cum
716 1096 940 1152 moralis
971 1095 1267 1165 disciplinae
1292 1095 1550 1149 honestas
1574 1094 1645 1147 ita
1671 1091 1943 1147 naturales
1980 1088 2145 1143 animi

558 1188 640 1242 tui
677 1195 860 1243 motus
881 1193 1193 1256 componat,
1216 1194 1276 1263 nt
1302 1200 1488 1239 amore
1510 1184 1703 1239 divinm
1736 1178 2148 1248 contemplatio-

558 1278 647 1333 nis
677 1277 991 1333 rationabili
1012 1290 1304 1345 progressu
1327 1275 1394 1331 ad
1425 1289 1662 1344 superna
1688 1271 2027 1342 provehat-is,
2055 1267 2144 1322 ubi

558 1371 683 1427 laeto
713 1370 896 1427 cordis
922 1370 1094 1441 jnbilo
1116 1369 1347 1424 delectet
1373 1369 1613 1422 animam
1633 1375 1781 1421 tuam
1809 1365 2148 1436 proclamare

560 1479 763 1535 sponso
787 1478 885 1519 suo
912 1480 925 1516 :
954 1462 1124 1517 Tralte
1151 1479 1232 1516 me
1252 1470 1366 1531 post
1400 1471 1471 1527 te,
1500 1477 1711 1514 curram
1740 1460 1794 1513 in
1819 1459 2031 1512 odorem
2056 1474 2149 1511 un-

537 1564 873 1627 guentorum
903 1563 1135 1620 tuorum,
1167 1553 1323 1623 quasi
1365 1552 1770 1606 interhabentes
1804 1550 1857 1604 in
1892 1548 2146 1633 manibus

559 1647 826 1711 citharas,
873 1653 929 1700 et
955 1653 1237 1699 cantantes
1284 1642 1557 1698 canticum
1588 1639 1758 1712 Moysi
1791 1638 1934 1694 servi
1969 1637 2064 1694 Dei
2093 1645 2150 1693 et

562 1740 838 1794 canticum
866 1737 1027 1808 Agni.

574 1838 579 1843 ‘
632 1828 784 1897 Quod
817 1843 916 1900 ego
941 1828 1280 1898 perpendens
1328 1826 1475 1882 haud
1516 1823 1676 1880 facile
1706 1822 1964 1895 indagare
1990 1821 2147 1877 valeo

557 1918 687 1987 quid
709 1933 890 1974 causa:
913 1917 1184 1973 exstiterit
1205 1916 1350 1986 quod
1381 1925 1458 1981 tn,
1490 1931 1648 1985 quem
1680 1913 1981 1991 nonsolum
2008 1927 2144 1981 qua-

557 2018 683 2062 tuor
703 2009 1010 2064 matheseos
1030 2006 1441 2074 disciplinarum
1469 2003 1769 2075 speculatio
1795 2002 2141 2071 quadratum,

556 2114 749 2156 verum
762 2100 925 2155 etiam
941 2098 1181 2153 caelestis
1192 2082 1492 2151 harmonia:
1506 2096 1673 2150 melos
1690 2095 1885 2149 divinis
1898 2092 2145 2147 laudibus

549 2188 759 2261 iugiter
787 2190 964 2245 reddit
994 2187 1289 2253 intentum,
1321 2203 1425 2253 me,
1458 2195 1518 2241 ut
1561 2188 1631 2240 ita
1668 2186 1868 2252 dicam,
1911 2185 2145 2240 semivo-

559 2281 757 2351 calem,
786 2279 897 2336 imo
919 2294 1055 2351 pene
1093 2279 1145 2333 in
1177 2279 1387 2334 artibus
1418 2290 1622 2331 mutum
1654 2292 1717 2331 ac
1748 2277 2038 2347 elinguem,
2078 2274 2146 2330 de

559 2385 762 2428 canora
787 2373 1006 2427 musica:
1038 2370 1404 2425 modulatione
1441 2369 1632 2440 jubeas
1654 2369 1855 2438 aliquid
1878 2367 2141 2438 proferre.

556 2464 868 2523 Praesertim
894 2478 1019 2519 cum
1047 2465 1098 2519 in
1124 2462 1365 2519 Ecclesia
1396 2463 1570 2532 plebis
1600 2478 1630 2516 a
1656 2463 1767 2517 Deo
1791 2461 2061 2516 exaltatds
2090 2468 2145 2515 et

557 2557 617 2610 in
652 2555 916 2612 cathedra
945 2555 1221 2611 seniorum
1253 2554 1525 2619 laudatus,
1562 2555 1777 2609 assidue
1812 2553 1936 2608 lteto
1965 2554 2145 2608 cordis

558 2649 745 2705 auditu
772 2648 1039 2720 percipias
1062 2648 1294 2718 qualiter
1331 2649 1549 2718 sapiens
1576 2657 1630 2703 et
1668 2657 1720 2702 te
1754 2648 1981 2717 praesule
2016 2646 2143 2702 felix

556 2740 782 2797 Colonia
813 2756 936 2796 cum
966 2741 1140 2796 beatis
1171 2740 1429 2794 Ecclesiae
1447 2755 1559 2795 suze
1591 2740 1736 2805 ﬁliis,
1777 2739 2143 2811 apostolorum

556 2832 809 2902 principe
836 2832 1147 2901 linguarum
1179 2831 1418 2885 omnium
1443 2832 1839 2899 quodammodo
1880 2831 2144 2901 plectrum

557 2922 931 2985 modilicante,
964 2922 1020 2973 in
1064 2921 1391 2974 decue/tardo
1418 2921 1666 2992 psalterio
1693 2940 1811 2976 cum
1843 2924 2049 2977 cantico
2090 2924 2145 2977 in

558 3015 763 3069 cithara
792 3013 985 3084 psallat
1014 3013 1240 3068 Dommo
1284 3014 1416 3069 Deo.
1451 3014 1557 3069 Sed
1594 3016 1709 3084 ipsa
1755 3027 1947 3069 natura
1990 3016 2145 3070 insti-
2182 3080 2223 3087 ,Α

537 3114 755 3177 ‘gante,
782 3118 889 3160 non
928 3106 1143 3176 ambigo
1182 3117 1233 3161 te
1278 3115 1382 3160 tam
1417 3108 1673 3161 ardenter
1710 3106 1762 3160 id
1795 3122 1825 3160 a
1866 3123 1952 3162 me
1988 3122 2147 3178 expe-

560 3207 677 3253 tere
696 3196 948 3263 voluisse,
980 3207 1060 3262 ut,
1083 3198 1341 3268 quoniam
1375 3207 1484 3253 tota
1514 3208 1713 3253 nostrae
1729 3199 1926 3253 animae
1954 3214 2148 3269 corpo-
2175 3225 2222 3288 Ο

559 3288 747 3358 risque
793 3303 1059 3360 compago
1113 3290 1321 3345 musica
1386 3290 1725 3360 coaptatione
1777 3292 2144 3362 conjungitur,

535 3382 776 3437 animus
804 3395 1020 3451 quoque
1068 3389 1193 3437 tuus
1245 3397 1445 3438 sonora
1474 3383 1609 3437 artis
1657 3382 1817 3452 hujus
1861 3384 2149 3440 dulcedine

542 3473 780 3531 suavius
807 3471 1123 3542 delectetur.
1176 3472 1320 3528 Nihil
1363 3485 1445 3530 est
1492 3477 1657 3540 enim,
1692 3484 1750 3529 ut
1797 3474 2004 3531 Tullius
2047 3478 2142 3540 ait,

532 3604 535 3607 -
560 3565 902 3636 appetentius
930 3565 1189 3621 similium
1223 3581 1322 3621 nec
1350 3568 1601 3637 rapacius
1626 3584 1788 3639 quam
1831 3578 2047 3623 natura.
2075 3570 2149 3624 Et

560 3660 817 3730 quoniam
843 3674 907 3715 eo
934 3660 1218 3714 charitatis
1243 3659 1459 3725 aﬂ‘ectn,
1494 3678 1600 3730 quo
1632 3678 1718 3717 me
1743 3677 1956 3733 semper
1980 3664 2149 3734 gratis

559 3750 769 3820 fovisti,
799 3753 902 3808 hoc
926 3753 1250 3809 Obedienlia:
1272 3768 1407 3822 opus
1440 3755 1517 3826 (ἓ)
1548 3755 1848 3823 injunxisti,
1880 3766 1937 3810 ut
1967 3757 2148 3825 cujus-

466 3914 487 3928 ν
559 3843 685 3899 dam
712 3845 892 3901 verbis
937 3855 1080 3912 utar,
1108 3856 1195 3900 sat
1231 3847 1345 3902 scio
1374 3849 1473 3917 (3),
1524 3848 1568 3902 si
1602 3856 1686 3901 sat
1714 3847 1851 3903 bene
1879 3863 2062 3917 pareo,
2092 3855 2147 3903 et

530 3937 825 4003 'libellum,
881 3954 1040 4009 quem
1094 3941 1370 3995 tonarium
1418 3950 1677 3995 consuete
1718 3949 1930 4003 vocant,
1975 3940 2149 3997 libens

534 4022 803 4106 porrigo,
827 4034 1000 4105 magis
1026 4033 1232 4104 eligens
1259 4033 1399 4089 ultra
1448 4035 1594 4090 vires
1633 4049 1961 4105 praesumere
1984 4048 2146 4103 quam

559 4125 834 4191 charitati,
871 4138 990 4194 quae
1015 4125 1196 4180 omnia
1220 4132 1423 4194 Sperat,
1457 4124 1661 4193 aliquid
1689 4124 1976 4195 denegare.
2008 4123 2149 4180 Con-

563 4216 827 4273 fidensde
849 4225 923 4282 te,
952 4215 1295 4286 eprzesulum
1347 4215 1515 4269 decus
1563 4224 1618 4269 et
1671 4214 1867 4286 gloria,
1911 4230 2021 4285 quo
2066 4215 2146 4286 (4)

534 4302 541 4311 ’
560 4302 1134 4376 ιιιιιείᾱοϐἰεοιιθιίοιιίε
1156 4307 1529 4362 moderatione
1544 4307 1621 4379 (5)
1637 4316 1691 4362 et
1706 4318 1888 4363 errata
1903 4308 2147 4380 corrigas

562 4404 637 4464 et,
670 4397 716 4451 si
747 4411 853 4466 qua
874 4397 1076 4452 fuerint
1097 4398 1255 4468 digne
1274 4399 1509 4469 prolata,
1532 4401 1649 4455 sine
1678 4400 1848 4456 livore
1863 4401 2140 4457 defendas.

636 4488 1024 4542 Verumtamen
1056 4504 1163 4543 non
1204 4489 1452 4543 absimile
1488 4491 1722 4555 videtur,
1754 4491 1799 4545 si
1822 4492 2143 4562 prius'qnte-

2323 634 2380 690 1.
2414 634 2605 692 Omnis
2632 637 2795 707 igitur
2823 636 3089 706 regularis
3116 636 3465 692 monochordi
3493 634 3841 703 constitutio,

2250 728 2545 783 secmidum
2568 729 2894 800 praeclaram
2925 729 3265 783 disertissimi
3297 729 3396 784 viri
3424 728 3603 783 Boetii
3637 729 3843 784 instrn-

2250 816 2508 882 ctionem,
2564 818 2616 871 in
2667 818 2978 888 quindecim
3017 820 3249 874 chordis
3285 820 3561 883 consistit,
3586 834 3846 890 perque:

2250 898 2413 963 totius
2464 910 2760 965 harmonia:
2812 910 2893 965 vis
2947 919 3062 964 rata
3111 912 3450 967 connexione
3497 910 3843 977 decurrigsi

2252 1009 2432 1056 tamen
2472 1017 2865 1073 synemmenon
2908 1018 3015 1057 non
3037 1003 3197 1058 desit.
3224 1003 3354 1070 Quae
3386 1004 3442 1059 in
3487 1014 3739 1075 quatuor
3763 1014 3841 1060 te-

2252 1093 2545 1147 trachorda
2602 1094 2921 1148 dividuntur
2973 1094 3056 1149 his
3088 1096 3398 1152 nominibus
3445 1097 3739 1152 discreta:
3770 1108 3845 1153 te-

2253 1183 2603 1238 trachordum
2649 1185 2919 1255 gravium,
2986 1187 3388 1241 tetrachordum
3451 1188 3737 1253 ﬁnalium,
3769 1197 3847 1245 te-

2253 1275 2601 1329 trachordum
2670 1276 3038 1346 superiorum,
3112 1278 3516 1333 tetrachordum
3579 1278 3845 1334 excellenv

2253 1365 2405 1420 tium.
2452 1365 2884 1422 Tetrachordum
2930 1368 3197 1438 gravium,
3226 1384 3292 1424 eo
3316 1370 3459 1440 quod
3487 1370 3563 1424 sit
3610 1369 3758 1424 infra
3785 1369 3844 1426 ﬂ-

2251 1456 2450 1511 nalinm
2483 1469 2536 1513 et
2583 1459 2775 1514 reddat
2803 1476 2995 1515 sonum
3041 1461 3281 1516 omnium
3311 1461 3744 1532 gravissimum;
3770 1472 3844 1518 te-

2255 1549 2601 1604 trachordum
2627 1550 2893 1617 finalium,
2921 1566 2986 1605 eo
3008 1552 3151 1622 quod
3179 1553 3233 1607 in
3257 1568 3322 1608 eo
3348 1552 3473 1608 finis
3501 1555 3579 1609 sit
3599 1555 3841 1609 omnium

2254 1647 2507 1693 tonorum
2538 1640 2781 1713 legitime
2805 1643 3173 1709 currentium;
3200 1644 3571 1713 superiorum,
3603 1646 3755 1714 quod
3776 1646 3841 1699 sit

2254 1732 2508 1802 superius
2556 1718 2943 1801 constitutum;
3001 1736 3407 1802 excellentium,
3463 1738 3598 1806 quia
3628 1736 3845 1792 excellit

2250 1837 2414 1878 sonos
2460 1824 2625 1878 trium
2674 1825 2921 1880 aliorum.
2963 1825 3022 1881 In
3050 1828 3228 1884 medio
3285 1828 3478 1882 horum
3505 1827 3653 1882 solet
3685 1829 3821 1884 inter

2251 1915 2360 1970 seri
2409 1915 2655 1984 quintum
2683 1918 3112 1981 tetrachordum,
3133 1917 3278 1988 quod
3306 1918 3507 1973 dicitur
3526 1933 3842 1989 synenune-

2253 2020 2384 2071 non,
2416 2005 2467 2060 id
2489 2015 2571 2060 est
2597 2007 2945 2078 conjunctum
2982 2009 3082 2080 (7).

2324 2098 2523 2153 Verum
2569 2100 2694 2168 quia
2731 2100 2907 2155 omnis
2954 2102 3245 2168 cantilena,
3273 2118 3379 2159 non
3426 2106 3844 2177 quibuscunque

2252 2188 2502 2256 vocibus,
2525 2190 2622 2246 sed
2646 2191 2811 2247 certis
2832 2200 2887 2247 et
2913 2192 3283 2250 determinatis
3300 2197 3469 2260 sonis,
3503 2214 3648 2268 quos
3676 2196 3843 2253 Grzeci

2251 2280 2547 2349 plu/tanges
2577 2283 2729 2352 quasi
2766 2298 2794 2335 a
2828 2283 3183 2340 similitudine
3214 2286 3477 2357 loquendi
3514 2298 3744 2355 vocant,
3763 2304 3847 2346 or-

2253 2369 2565 2425 dinabiliter
2594 2374 2923 2442 contexitur,
2968 2384 3027 2429 ut
3054 2377 3509 2445 quemadmodum
3534 2379 3843 2436 litterarum

2253 2458 2539 2516 elementis
2600 2463 2776 2517 omnis
2822 2478 3132 2520 sermonum
3189 2468 3361 2522 series
3418 2468 3717 2537 digeritur,
3772 2470 3844 2525 ita

2254 2567 2467 2622 quoque
2509 2553 2805 2610 harmoniae
2860 2566 3157 2612 concentus
3206 2558 3516 2615 rationabili
3582 2575 3844 2617 sonorum

2256 2645 2557 2713 quantitate
2587 2658 2899 2716 promatur;
2929 2665 3035 2703 non
3063 2649 3132 2705 ab
3155 2665 3213 2705 re
3234 2652 3528 2718 credimus,
3552 2653 3601 2707 si
3624 2663 3846 2723 propter

2257 2740 2440 2795 minus
2482 2743 2723 2797 eruditos
2750 2743 2806 2797 in
2845 2743 2949 2798 hac
2986 2753 3102 2799 arte
3130 2745 3198 2799 de
3226 2744 3543 2798 eorumdem
3585 2759 3844 2800 sonorum

2256 2832 2436 2889 modis
2477 2835 2630 2905 juxta
2678 2835 2944 2905 majorum
2979 2838 3323 2894 traditionem
3354 2838 3558 2909 aliquid
3597 2840 3686 2896 vel
3723 2840 3844 2896 bur

2260 2922 2400 2977 viter
2422 2925 2672 2981 dicimus.

2326 3013 2381 3066 2.
2416 3013 2697 3071 [labentur
2722 3018 2866 3073 enim
2912 3035 3103 3076 novem
3136 3021 3303 3086 modi,
3335 3032 3395 3077 ut
3415 3023 3723 3094 antiquitas
3738 3041 3841 3081 .sa-

2255 3102 2375 3174 gaci
2421 3103 2695 3173 indagavit
2748 3107 3033 3174 industria,
3064 3110 3258 3175 instar,
3317 3122 3376 3165 ut
3418 3128 3563 3176 reor,
3595 3114 3845 3173 humana:

2255 3197 2425 3262 vocis,
2459 3211 2577 3266 qua:
2612 3214 2802 3254 novem
2835 3210 3049 3256 constat
3072 3202 3282 3268 ciliciis,
3316 3204 3367 3259 id
3393 3216 3477 3260 est
3503 3205 3717 3275 plectro
3743 3206 3845 3262 lin-

2253 3302 2392 3358 guze,
2417 3288 2575 3359 pulsu
2622 3302 2855 3360 quatuor
2877 3293 3143 3359 dentium,
3168 3297 3584 3364 repercussione
3612 3298 3841 3353 duorum

2251 3380 2523 3436 labiornm
2556 3384 2607 3437 in
2636 3374 2853 3439 modum
2901 3388 3290 3459 cymbalorum,
3330 3392 3564 3446 cavitate
3586 3394 3840 3462 gutturis,

2250 3482 2305 3531 et
2353 3473 2624 3543 adjutorio
2684 3476 2973 3543 pulmonis,
3011 3480 3100 3547 qui
3132 3480 3184 3532 in
3226 3481 3443 3535 modum
3492 3482 3635 3536 follis
3658 3498 3840 3539 aerem

2251 3563 2447 3633 recipit
2497 3573 2555 3618 et
2613 3554 2858 3645 remittit.
2896 3567 3067 3621 Simili
3101 3569 3167 3625 de
3190 3585 3353 3625 causa
3401 3572 3575 3627 etiam
3603 3573 3840 3643 Apollini

2251 3668 2446 3708 novem
2474 3654 2652 3711 Musas
2683 3657 2970 3726 designant
3000 3660 3096 3731 (8).

2322 3746 2478 3802 Nunc
2506 3764 2636 3803 vero
2683 3750 2827 3818 ipsos
2852 3752 3063 3818 modos,
3101 3762 3258 3823 prout
3292 3771 3607 3826 possumus,
3631 3760 3841 3828 aperire

2252 3844 2544 3895 tentemus.
2568 3840 2785 3895 Primus
2826 3844 3019 3899 modus
3043 3854 3125 3900 est
3171 3846 3224 3899 in
3248 3848 3573 3905 brevissimo
3611 3851 3838 3904 duarum

2252 3949 2445 3989 vocum
2477 3938 2734 4006 spatio-et
2761 3939 2894 3993 litin
2931 3942 3237 4008 semitonio,
3260 3954 3314 3996 ut
3338 3944 3440 3998 hoc
3471 3945 3642 4015 liquet
3664 3963 3840 4001 exeat»

2251 4024 2340 4095 plo
2375 4026 2428 4079 in
2464 4029 2727 4097 gravitate
2755 4039 2810 4085 et
2843 4033 3093 4089 acmnine
3136 4035 3186 4087 in
3219 4033 3308 4107 ilLa
3356 4037 3569 4107 antiph.
3598 4054 3615 4090 ε
3647 4037 3841 4101 Hine:

2250 4127 2327 4172 est
2357 4115 2593 4184 Gabriel,
2623 4121 2692 4175 ad
2722 4121 2776 4175 id
2807 4123 2914 4177 loci
2945 4122 3201 4189 Mariam,
3228 4092 3357 4180 item
3379 4092 3661 4195 uirginem.

2324 4208 2606 4265 Secundus
2643 4210 2756 4281 jam
2787 4216 3247 4284 pereeptibilioris
3281 4227 3365 4273 est
3385 4218 3681 4287 intervalli,
3705 4232 3761 4278 et
3782 4220 3842 4276 ﬁt

2251 4297 2304 4354 in
2337 4306 2485 4364 tono,
2521 4309 2581 4355 ut
2616 4302 2670 4355 in
2702 4303 2805 4358 hac
2840 4304 3048 4374 antiph.
3087 4325 3100 4360 :
3135 4307 3331 4362 Missus
3364 4318 3462 4363 est.
3798 4370 3809 4383 Δ

2322 4390 2538 4447 Tertius
2566 4394 2742 4449 adhuc
2766 4410 2937 4466 parvo
2975 4397 3269 4464 diductior,
3302 4386 3401 4455 hoc
3430 4410 3515 4456 est
3546 4403 3602 4458 in
3638 4413 3840 4459 tonoet

2249 4483 2556 4545 semitonio.
2589 4497 2648 4539 ut
2671 4486 2724 4540 in
2752 4486 2857 4542 hac
2877 4496 2989 4542 ant.
3016 4505 3031 4544 :
3063 4489 3261 4545 Missus
3286 4501 3361 4546 est
3385 4489 3605 4548 Gabriel
3626 4496 3700 4550 ad
3726 4494 3841 4552 Ιο-

536 4568 687 4633 1118111
723 4587 994 4649 ponantur
1049 4577 1126 4648 (6)
1168 4578 1566 4649 prolegomena,
1604 4580 1815 4651 quibus
1860 4582 2039 4638 minus
2077 4583 2142 4637 ad
2175 4582 2225 4643 Β
2253 4572 2387 4625 riam
2419 4573 2713 4643 virginem,

558 4666 967 4738 intelligendum
1023 4684 1250 4738 capaces
1295 4669 1459 4723 veluti
1508 4686 1617 4739 prae
1668 4670 1876 4727 foribus
1924 4673 2142 4729 interim

552 4758 843 4814 exercitati
908 4759 976 4814 ad
1029 4759 1198 4830 ipsius
1266 4758 1484 4814 demum
1549 4762 1790 4816 scientiae
1835 4765 2140 4832 penetralia

536 4834 762 4918 lqueant
811 4847 1120 4904 intromitti.
1168 4848 1565 4904 Beatitudinem
1621 4859 1770 4906 tuam
1824 4853 2003 4908 divina
2031 4855 2143 4910 cle-

535 4936 768 5015 ;mentia
795 4937 886 4993 hic
920 4937 1008 4993 diu
1041 4938 1366 4995 incolumem
1390 4939 1681 5006 custodiat,
1716 4950 1773 4996 et
1794 4952 1914 5013 post
1935 4944 2002 4998 ad
2018 4960 2144 5000 co:-

536 5026 719 5083 ‘lestia
766 5044 932 5101 regna
957 5032 1218 5101 perducat
1247 5050 1265 5087 ι
1297 5032 1390 5087 ubi
1426 5032 1571 5089 inter
1626 5035 1974 5104 psallentium
2005 5039 2142 5097 cho-

537 5108 655 5197 iros
677 5121 1006 5177 constitutus
1031 5123 1323 5178 decantare
1347 5123 1529 5180 valeas
1551 5125 1707 5183 laatus
1735 5145 1749 5182 :
1794 5127 1946 5184 Sicut
1986 5132 2144 5186 audi-

538 5208 749 5301 ;rimus,
792 5213 866 5266 sic
888 5214 1112 5271 vidimus
1154 5216 1209 5271 in
1248 5217 1455 5273 civitate
1495 5217 1708 5276 Domini
1746 5220 1846 5276 Dei
1872 5224 2056 5292 nostri,
2087 5225 2143 5279 in

540 5304 734 5350 imonle
754 5311 936 5350 sancta
960 5305 1094 5350 eius-

2301 4662 2562 4730 .Quartus
2600 4666 2703 4721 hoc
2728 4683 2944 4738 quoque
2966 4671 3295 4739 protensior,
3324 4673 3419 4743 qui
3448 4674 3509 4730 ﬁt
3539 4675 3597 4731 in
3627 4677 3837 4735 duobus

2250 4757 2417 4820 tonis,
2450 4765 2507 4809 ut
2530 4758 2581 4811 in
2610 4758 2750 4814 hac:
2784 4758 2938 4814 Beati
2958 4764 3047 4832 qui
3070 4763 3365 4819 ambulant.

2324 4848 2556 4916 Quintus
2604 4842 2783 4906 adhuc
2840 4853 3149 4923 spatiosior,
3178 4855 3230 4909 id
3262 4864 3345 4910 est
3373 4855 3589 4913 duobus
3617 4859 3764 4916 tonis
3790 4865 3845 4915 et

2251 4940 2560 5005 semitonio,
2595 4950 2655 4995 ut
2682 4942 2737 4996 in
2760 4943 2860 4999 hac
2886 4961 2909 4998 ς
2940 4944 3024 4999 Ne
3062 4948 3266 5010 timeas,
3295 4945 3498 5003 Maria.
3530 4949 3672 5005 Item
3695 4958 3839 5006 anL:

2249 5027 2318 5083 In
2340 5028 2434 5084 illa
2465 5030 2549 5083 die
2570 5033 2757 5100 ﬂuent.

2322 5120 2522 5183 Sextus
2580 5122 2953 5180 nihilominus.
2982 5125 3230 5196 amplior,
3258 5127 3309 5180 id
3344 5138 3429 5184 est
3461 5131 3643 5187 tribus
3697 5132 3838 5189 tonis

2250 5210 2549 5276 continuis,
2585 5223 2644 5268 ut
2688 5214 2741 5267 in
2770 5215 2875 5270 hoc
2932 5217 2970 5286 ιῆ
2993 5256 3007 5270 .
3038 5234 3052 5270 :
3084 5216 3206 5271 Jam
3259 5235 3451 5290 corpus
3500 5223 3644 5292 ejus.
3678 5221 3842 5296 Cujus

2251 5311 2402 5350 παίει*
2431 5302 2703 5350 feminam-
