4072 5350
228 278 367 337 1101

1458 271 1825 329 PROLOGUS
1866 270 1931 325 ΙΝ
1972 268 2356 328 ΤΟΝΑΗῙυΜ.

3359 269 3501 331 1102

304 391 582 462 Septimus
615 389 717 445 hos
744 400 959 458 quoque
984 384 1158 455 spatio
1181 384 1517 455 supervadit,
1550 396 1809 441 constans
1836 389 1885 448 Α
1916 391 2027 439 tata
2054 392 2155 438 est.
2187 383 2245 438 Si
2274 397 2403 437 vero
2441 382 2659 437 eosdem
2709 382 2930 438 denario
2978 380 3175 453 addas,
3209 383 3496 444 duodecim

227 485 410 539 tribus
433 485 576 538 tonis
603 490 659 536 et
687 478 999 545 semitonio,
1030 485 1089 538 ut
1113 477 1230 531 hinc
1261 484 1374 530 ant.
1412 494 1424 529 ε
1450 474 1615 530 Beata
1642 476 1813 546 Agnes

226 575 287 629 in
316 573 487 628 medio
511 573 705 625 minas.
1620 632 1625 637 _
1660 586 1671 616 ε

304 662 571 719 Octavam
598 675 663 714 ac
692 658 734 714 si
761 657 939 713 rarius
968 656 1022 711 in
1050 666 1282 725 quatuor
1317 653 1480 720 tonis,
1504 668 1610 709 non
1635 663 1815 707 tamen

225 756 425 828 plenis,
452 752 709 822 reperies,
741 758 800 805 ut
832 751 886 804 in
914 750 1020 804 hoc
1060 749 1097 815 li}
1122 788 1135 801 .
1167 746 1292 819 ιτα,
1319 747 1396 800 vir
1423 744 1813 815 Simplioriane,

229 846 549 917 suspendere
577 846 631 898 in
657 851 939 915 tormenta,
968 840 1036 894 ab
1064 840 1154 893 illa
1190 853 1423 907 namque
1452 851 1671 903 neuma,
1696 850 1818 906 quae

230 937 543 1009 deponitur,
592 934 659 989 ad
698 933 775 1005 (9)
813 947 957 997 eam,
1004 945 1124 1000 qua:
1164 929 1407 985 elevatur
1455 928 1522 982 ad
1563 929 1640 993 in,
1694 933 1820 981 sunt

230 1028 605 1092 semitonium,
639 1035 752 1079 tres
808 1022 942 1088 toni,
996 1023 1125 1077 item
1162 1020 1688 1093 semitonium;quae
1715 1019 1820 1073 duo

232 1120 521 1178 semitonia
578 1116 739 1173 simul
776 1113 966 1183 juncta
1020 1129 1127 1169 non
1183 1111 1390 1166 faciunt
1422 1112 1692 1181 integrum
1744 1119 1822 1162 to-

231 1230 389 1269 num.
404 1190 534 1267 Item
562 1208 754 1283 com.]('
762 1208 848 1279 10)
866 1206 1136 1279 Principes
1153 1206 1428 1277 persecuti.
1447 1204 1630 1275 Spolia
1653 1201 1820 1257 multa

232 1302 553 1373 concupivit.

305 1416 494 1473 Nonus
543 1415 827 1486 prolixiori
867 1428 1033 1484 super
1058 1426 1250 1467 omnes
1286 1409 1462 1481 spatio
1495 1416 1680 1464 tensus
1705 1421 1820 1461 me-

232 1514 352 1560 tam
402 1504 711 1573 hujusmodi
763 1503 1088 1558 divisionum
1138 1500 1398 1565 sortitur;
1426 1513 1551 1552 nam
1585 1512 1683 1550 nec
1707 1511 1824 1550 am-

231 1597 464 1667 pliorem
518 1594 645 1659 isto,
677 1609 779 1649 nec
816 1593 1147 1648 strictiorem
1192 1590 1368 1661 primo
1395 1589 1557 1642 ullam
1591 1587 1827 1641 musica-

233 1700 360 1739 rum
390 1699 580 1738 vocum
613 1682 853 1753 reperies
887 1681 1241 1745 divisionem;
1279 1686 1493 1734 constat
1514 1677 1658 1732 enim
1691 1691 1827 1744 qua-

1920 474 2072 538 l'acis,
2109 485 2164 528 et
2195 473 2439 527 binarius
2476 470 2697 541 junctus
2745 472 2975 526 denario
3008 482 3364 531 conservatus
3390 483 3499 530 est.

1917 567 1995 621 Ex
2024 565 2221 635 quibus
2246 565 2426 620 verbis
2453 565 2585 619 satis
2614 574 2834 635 apparet
2865 564 3020 636 longe
3058 565 3201 620 aliud
3251 581 3373 621 esse
3403 581 3502 638 per

1919 658 2191 728 simplices
2216 659 2595 712 consonantias
2618 674 2738 712 cum
2770 673 3022 713 sonorum
3048 659 3346 714 intervallis
3371 676 3508 717 cau-

1922 751 2140 804 tileuam
2188 760 2509 814 contexere,
2560 750 2706 804 aliud
2760 766 2857 819 per
2905 752 3237 821 compositas
3284 752 3505 810 easdem

1920 855 2080 895 voces
2137 840 2251 895 sive
2303 842 2552 910 superius
2607 841 2720 895 sive
2769 840 2991 895 inferius
3024 858 3119 910 per
3167 843 3505 899 immutatio-

1921 948 2043 987 nem
2067 946 2359 985 resumere.
2397 931 2469 983 De
2497 931 2691 999 quibus
2719 930 2921 1000 aliquid
2953 930 3133 987 dicere
3160 931 3387 987 alterius
3423 940 3510 989 est

1924 1021 2181 1091 temporis
2198 1030 2250 1075 et
2275 1021 2398 1075 loci.
2418 1020 2512 1074 Est
2528 1029 2580 1074 ct
2596 1021 2678 1076 bis
2698 1022 2976 1091 diapason,
2994 1021 3044 1077 id
3061 1030 3165 1088 est,
3180 1024 3506 1095 quadrupla.

1993 1133 2048 1188 4.
2085 1133 2183 1188 llis
2211 1133 2287 1188 ita
2322 1132 2565 1189 breviter
2590 1133 2770 1198 dictis,
2797 1133 2883 1188 vel
2924 1150 3095 1204 pauca
3136 1136 3204 1191 de
3233 1136 3321 1192 his
3368 1151 3499 1208 pro-

1924 1222 2068 1279 ferre
2109 1232 2399 1288 tentemus,
2450 1238 2568 1293 qua:
2616 1223 2681 1278 ad
2731 1223 2956 1292 iujuncti
3001 1227 3183 1296 operis
3227 1229 3510 1298 negotium

1926 1316 2232 1370 necessaria
2261 1330 2384 1370 esse
2427 1323 2700 1385 putamus.
2740 1313 2799 1368 In
2848 1316 3039 1385 primis
3098 1319 3506 1374 tetrachordum

1926 1408 2167 1462 ﬁnaliuin
2201 1407 2521 1479 diligentius
2553 1418 2637 1462 est
2682 1407 3034 1474 intuendum;
3070 1410 3154 1463 cui
3185 1418 3337 1465 tanta
3364 1391 3513 1481 quie-

1928 1503 2052 1558 dam
2082 1502 2350 1558 naturalis
2377 1518 2635 1559 sonorum
2675 1503 2817 1558 inest
2844 1503 3047 1570 virtus,
3084 1514 3137 1559 ut
3182 1519 3249 1560 ex
3280 1515 3515 1576 quatuor

1928 1595 2258 1649 chordarum
2287 1594 2407 1662 ejus
2431 1594 2643 1664 origine
2668 1596 2848 1649 omnis
2893 1596 3176 1650 modorum
3225 1611 3321 1669 seu
3360 1606 3517 1653 tono-

1929 1699 2049 1737 rum
2079 1693 2323 1753 potestas
2351 1685 2599 1740 videatur
2623 1687 2939 1754 procedere.
2991 1685 3176 1757 Neque
3205 1688 3353 1744 enim
3404 1703 3517 1744 non

234 1786 363 1831 tuor
391 1774 532 1830 tonis
560 1784 613 1829 et
640 1774 963 1838 semitonio;
996 1780 1052 1826 et
1102 1771 1271 1826 habes
1298 1768 1607 1839 exemplum
1640 1769 1691 1821 in
1722 1767 1823 1820 hac

1937 1775 2113 1830 divine
2157 1775 2301 1829 hanc
2347 1775 2457 1829 vim
2504 1775 2602 1830 soli
2627 1777 2981 1846 quaternario
3028 1778 3259 1846 contigit
3302 1778 3517 1845 inesse;

231 1876 351 1921 ant.
377 1884 392 1920 :
434 1864 517 1920 Ad
566 1873 614 1919 te
641 1864 802 1919 levavi
847 1864 1078 1917 animam
1112 1879 1301 1928 meum,
1333 1861 1471 1915 Deus
1500 1876 1665 1914 meus.
1692 1859 1820 1912 Item

250 1959 291 2018 Ii
314 1998 329 2012 .
361 1975 377 2011 :
409 1956 559 2012 Inter
588 1966 736 2012 natos
786 1956 1067 2011 mulierum
1098 1972 1221 2009 non.
1256 1955 1384 2009 Item
1423 1953 1460 2018 fi
1485 1992 1499 2005 .
1531 1970 1545 2005 :
1580 1950 1710 2005 Ηωσ
1747 1960 1824 2004 est

231 2049 418 2120 uirgo;
448 2047 716 2103 Introivit.
745 2046 875 2103 ltem
901 2048 954 2102 in
971 2047 1222 2101 acumine
1249 2054 1360 2100 ant.
1389 2062 1402 2099 :
1433 2043 1539 2098 Isle
1565 2042 1822 2113 cognovit,

232 2142 295 2196 in
352 2141 458 2197 hoc
485 2139 605 2196 loco
637 2156 652 2192 :
681 2137 751 2192 Et
797 2139 1036 2193 inventus
1072 2148 1149 2191 est
1195 2138 1272 2190 in.
1324 2135 1474 2191 Ultra
1502 2134 1647 2188 hunc
1679 2132 1825 2187 cnim

234 2233 597 2289 novissimum
633 2230 872 2296 modum,
902 2230 950 2284 si
1004 2243 1141 2299 quas
1171 2242 1330 2283 voces
1362 2227 1505 2280 inter
1552 2239 1613 2278 se
1645 2220 1829 2278 subal-

234 2332 400 2377 tcrna
427 2321 777 2393 percussione
824 2319 1092 2374 distantes
1148 2313 1453 2386 quaesieris,
1485 2314 1537 2367 in
1568 2311 1714 2366 nullo
1742 2328 1828 2365 ra-

237 2413 491 2470 tionabili
536 2422 697 2467 cantu
728 2411 992 2481 reperies,
1025 2409 1194 2463 donec
1237 2407 1305 2462 ad
1349 2406 1607 2475 diapason
1639 2418 1831 2459 conso-

236 2505 489 2560 nantiam
522 2502 830 2574 pervenias,
880 2501 973 2556 ubi
1002 2500 1176 2571 magis
1206 2507 1290 2553 est
1325 2512 1476 2552 nova:
1500 2495 1829 2567 permutatio

237 2597 397 2652 vocis
419 2610 584 2667 quam
612 2592 915 2665 progressio
943 2592 1087 2647 modi
1114 2590 1412 2660 amplioris,
1435 2590 1561 2659 quia
1585 2603 1685 2642 nec
1714 2589 1828 2657 ipsa

240 2685 477 2742 humani
506 2684 770 2755 appulsus
794 2682 1127 2753 possibilitas
1155 2680 1417 2745 admittit,
1449 2689 1508 2733 ut
1533 2678 1832 2734 intervallis

241 2788 358 2832 tam
383 2776 542 2848 longe
568 2776 712 2831 inter
738 2788 798 2830 se
821 2772 1149 2830 distantibus
1169 2771 1366 2841 aliquis
1386 2779 1545 2839 aptus
1576 2770 1832 2824 reddatur

240 2884 439 2926 SOHUS.

312 2981 458 3037 3.1a
493 2981 881 3045 bisomnihus
930 2980 1151 3050 quintus
1204 2986 1416 3034 tantum
1463 2986 1519 3034 et
1569 2977 1833 3047 septimus

240 3075 442 3131 modus
472 3074 616 3128 inter
649 3073 869 3127 musica:
891 3082 1025 3127 artis
1048 3071 1436 3127 consonantias
1460 3071 1830 3140 reperiuntur,

1927 1879 2089 1919 omne
2114 1865 2260 1918 enim
2290 1866 2432 1934 quod
2460 1880 2721 1920 vocamus
2746 1866 3095 1936 principium,
3149 1867 3368 1923 nonnisi
3416 1866 3519 1925 ali-

1926 1957 2082 2027 cujus
2112 1956 2191 2011 rei
2218 1966 2395 2027 potest
2423 1973 2543 2013 csse
2588 1958 2946 2029 principium;
2997 1958 3253 2014 similiter
3294 1969 3348 2014 et
3391 1959 3521 2018 linis

1928 2048 2158 2118 alicujus
2189 2049 2266 2103 rei
2291 2058 2373 2104 est
2404 2050 2545 2104 linis.
2581 2050 2687 2104 Sed
2717 2050 2805 2103 ubi
2831 2049 3155 2120 priucip'um
3178 2059 3262 2104 est
3287 2058 3340 2105 et
3366 2049 3515 2119 linis,

1931 2140 2245 2194 necessario
2270 2148 2355 2195 est
2384 2148 2440 2195 et
2481 2140 2741 2207 medium,
2793 2140 2907 2212 (ll)
2958 2139 3039 2213 [ut
3084 2159 3116 2195 a
3161 2143 3418 2214 principio
3465 2156 3519 2200 et

1929 2229 2101 2281 medio
2125 2238 2174 2282 et
2200 2227 2305 2297 ﬁne
2335 2238 2557 2293 constet,
2585 2229 2687 2301 vel]
2712 2239 2769 2285 ut
2799 2246 2826 2283 a
2854 2230 3123 2301 principio
3150 2247 3248 2302 per
3277 2234 3520 2288 medium

1929 2320 2184 2375 veniatur
2210 2320 2280 2374 ad
2308 2319 2492 2375 finem.
2526 2320 2695 2392 Igitur
2721 2330 2780 2376 ut
2812 2331 2982 2377 totum
3010 2324 3214 2393 aliquid
3249 2326 3341 2391 sit,
3367 2325 3520 2395 prin-

1931 2413 2072 2483 cipio
2099 2422 2155 2468 et
2187 2413 2364 2469 medio
2390 2423 2443 2469 et
2472 2413 2579 2469 line
2610 2423 2844 2470 constat.
2876 2415 3052 2472 Unum
3083 2433 3233 2488 ergo,
3256 2431 3376 2472 -uou
3408 2428 3519 2472 tam

1933 2520 2193 2560 numerus
2215 2520 2378 2575 quam
2420 2507 2764 2578 principium,
2820 2506 2945 2563 fons
2986 2516 3041 2563 et
3075 2512 3227 2579 origo
3271 2519 3354 2565 est
3397 2524 3521 2564 om-

1934 2599 2081 2652 nium
2121 2612 2492 2661 numerorum,
2520 2598 2666 2667 quod
2717 2600 2895 2655 medio
2938 2608 2994 2655 et
3044 2601 3150 2654 line
3190 2609 3361 2658 caret.
3413 2599 3524 2656 nisi

1932 2688 2098 2749 forte,
2125 2701 2225 2756 pro
2253 2686 2336 2741 sui
2366 2686 2717 2756 perfectione,
2749 2690 2891 2743 sicut
2931 2688 3278 2759 principium,
3336 2690 3410 2745 ita
3462 2701 3522 2746 et

1936 2779 2061 2834 linis
2087 2778 2322 2834 dicatur.
2356 2778 2541 2834 Dualis
2570 2795 2698 2835 vero
2726 2795 2987 2835 numerus
3017 2781 3179 2837 finem
3201 2798 3307 2837 non
3332 2782 3521 2850 habet,

1935 2872 2004 2927 ad
2034 2888 2192 2943 quem
2223 2887 2321 2942 per
2360 2874 2594 2928 medium
2635 2874 2909 2944 perveniri
2956 2874 3168 2942 debeat,
3207 2874 3360 2945 cujus
3408 2890 3528 2931 om-

1937 2965 2070 3019 nino
2100 2978 2297 3035 expers
2330 2964 2537 3020 existit.
2573 2964 2834 3035 Superest
2862 2974 3043 3021 autem
3076 2977 3136 3021 ut
3164 2968 3277 3038 ipse
3322 2968 3531 3040 princi-

1939 3057 2089 3125 pium
2116 3057 2349 3121 dicatur,
2380 3066 2439 3109 ut
2470 3057 2572 3112 hoc
2595 3057 2826 3113 alterum
2853 3058 3175 3129 principium
3207 3061 3279 3115 sit
3320 3061 3385 3115 de
3435 3060 3527 3118 illo

241 3169 353 3225 ιιοε
380 3175 489 3236 ρει,
533 3166 893 3231 άεειεεεποη,
926 3165 1068 3234 quod
1090 3172 1175 3218 es,
1215 3121 1592 3233 gemma};
1625 3176 1691 3215 ac
1717 3160 1834 3213 dia-
1862 3121 1905 3181 C
1939 3145 2137 3215 primo,
2165 3145 2293 3200 illud
2318 3160 2448 3200 vero
2469 3147 2534 3201 de
2562 3145 2728 3200 nullo.
2756 3146 2997 3202 Primum
3023 3149 3152 3204 illud
3172 3148 3525 3221 principium,

241 3269 434 3332 perite,
471 3257 615 3329 quod
664 3266 749 3312 est
798 3255 1178 3325 sesquialtera.
1213 3254 1281 3308 Et
1312 3264 1440 3308 tunc
1471 3250 1839 3307 consonantiae

244 3349 418 3415 ﬁunt,
454 3347 674 3419 quando
710 3346 1035 3401 altrinsecus
1060 3344 1232 3399 virilis
1254 3359 1319 3399 ac
1356 3343 1579 3413 puerilis
1606 3357 1712 3396 vox
1742 3356 1838 3411 pa-

243 3440 384 3495 riter
414 3436 699 3503 sonuerit;
733 3436 813 3491 vel
847 3436 1024 3506 potius
1059 3448 1125 3489 eo
1156 3433 1411 3490 cantandi
1438 3446 1659 3503 genere,
1696 3428 1840 3499 quod

243 3537 513 3587 consuete
537 3528 739 3583 dicitur
781 3527 1121 3597 organizare.
1171 3525 1229 3580 In
1276 3523 1501 3593 reliquis
1555 3536 1685 3577 vero
1735 3535 1839 3575 non

249 3632 383 3679 sunt
408 3621 799 3684 consonantiae,
833 3618 930 3675 sed
960 3617 1244 3674 intervalla
1271 3615 1601 3686 et°qutcdam
1649 3628 1841 3669 vocum

249 3712 591 3769 discrimina.
634 3710 773 3767 Sunt
809 3721 865 3766 et
908 3711 1026 3765 aliae
1054 3692 1442 3774 consonantiae,
1475 3709 1615 3764 sicut
1659 3708 1846 3776 diapa-

250 3819 379 3870 son,
407 3801 659 3858 videlicet
681 3801 735 3857 in
763 3800 923 3871 dupla
956 3800 1348 3870 proportione;
1405 3797 1562 3868 tripla
1607 3812 1844 3867 quoque,

252 3907 379 3965 qua:
413 3893 475 3945 lit
502 3905 568 3947 ex
595 3890 853 3961 diapason
877 3899 931 3946 et
976 3891 1249 3959 diapente.
1297 3890 1569 3960 Diapason
1617 3904 1748 3944 vero
1793 3899 1848 3944 et

254 3990 624 4056 diatessaron,
638 4002 947 4058 quanquam
963 3986 1308 4059 Pythagorici
1325 3994 1523 4058 negant
1545 4000 1849 4041 consonan-

252 4083 394 4139 tiam
438 4096 582 4148 esse,
632 4081 836 4138 idcirco
882 4081 1139 4151 quoniam
1183 4095 1286 4135 nec
1317 4079 1373 4135 in
1413 4077 1719 4148 multiplici,
1750 4092 1850 4132 nec

254 4177 315 4232 iu
348 4173 831 4244 superparticulari
858 4172 1107 4229 consistit
1153 4172 1479 4242 quantitate,
1530 4171 1678 4240 quod
1724 4185 1851 4238 pro-

254 4265 439 4337 prium
463 4272 547 4320 est
566 4262 1046 4319 consonantiarum
1074 4263 1210 4317 artis
1238 4260 1481 4325 musicen
1507 4260 1606 4315 sed
1633 4260 1686 4313 in
1713 4258 1851 4312 ntul-

261 4354 437 4427 tiplici
482 4353 938 4424 superpartiente.
976 4352 1072 4407 Est
1116 4352 1263 4408 enim
1296 4351 1418 4406 talis
1450 4350 1753 4421 proportio,
1793 4357 1854 4403 ut

1943 3254 1973 3292 a
2004 3253 2111 3308 quo
2143 3240 2356 3293 numeri
2385 3254 2579 3293 omnes
2611 3240 2903 3307 oriuntur;
2964 3243 3066 3297 hoc
3112 3258 3242 3298 vero
3292 3245 3529 3302 alterum

1947 3340 2053 3395 est,
2088 3346 2184 3399 per
2222 3331 2365 3399 quod
2388 3344 2578 3384 ouiues
2610 3333 2820 3387 numeri
2849 3332 3218 3389 inveniuntur.
3250 3334 3321 3389 At
3349 3336 3397 3391 si
3439 3337 3535 3393 uni

1942 3426 2050 3478 duo
2074 3424 2269 3478 fuerint
2277 3423 2486 3491 juncta,
2510 3425 2748 3479 occurrit
2773 3427 3046 3481 ternarias
3068 3445 3080 3481 :
3106 3428 3316 3497 primus
3332 3428 3535 3498 impar,

1944 3516 2035 3584 qui
2066 3515 2232 3568 habet
2260 3516 2473 3569 initium
2502 3516 2741 3588 medium
2798 3526 2853 3570 et
2883 3520 3073 3581 linem,
3103 3517 3191 3571 ubi
3222 3532 3327 3570 una
3356 3518 3532 3573 inter-

1940 3608 2084 3679 jecta
2115 3608 2383 3663 medietas
2408 3623 2567 3677 pares
2594 3610 2697 3663 sibi
2729 3611 2991 3666 terminos
3042 3611 3235 3677 habet;
3270 3625 3336 3665 ex
3382 3621 3536 3666 utro-

1945 3715 2051 3770 que
2106 3700 2249 3754 enim
2300 3700 2470 3756 latere
2518 3700 2962 3756 circumvallatur
3007 3704 3233 3770 unitate,
3282 3712 3340 3760 et
3388 3706 3539 3775 quod

1947 3793 2320 3848 extremitates
2342 3792 2571 3862 junctie,
2606 3796 2707 3848 hoc
2744 3792 2872 3849 facit
2900 3795 3165 3849 medietas
3208 3796 3528 3866 duplicata;

1950 3898 2117 3937 unum
2149 3883 2294 3937 enim
2323 3892 2379 3937 et
2413 3899 2577 3937 unum
2609 3883 2813 3938 faciunt
2845 3884 2972 3951 duo,
3001 3900 3121 3955 quae
3142 3887 3541 3955 simuljuucta,

1950 3975 2001 4029 id
2031 3984 2114 4030 est
2158 3974 2265 4030 duo
2309 3983 2364 4029 ct
2398 3975 2530 4041 duo,
2577 3973 2783 4030 faciunt
2839 3986 3095 4045 quatuor.
3141 3976 3357 4032 Primus
3403 3993 3537 4050 ergo
3600 3984 3611 3993 '

1949 4056 2192 4121 omnium
2230 4081 2580 4122 numerorum
2628 4076 2710 4122 est
2761 4070 3052 4134 ternarius,
3103 4069 3191 4124 cui
3243 4070 3385 4124 inter
3428 4071 3542 4126 duo

1951 4172 2166 4213 summa
2209 4158 2468 4222 medium,
2496 4174 2603 4228 quo
2633 4158 2947 4223 vinciretur,
2981 4159 3197 4215 accidit.
3230 4159 3539 4227 Quaterna-

1953 4250 2067 4304 rius
2092 4264 2241 4315 vero,
2273 4250 2399 4321 quia
2431 4250 2564 4304 duas
2589 4250 2906 4305 medietates
2928 4250 3164 4306 obtinuit
3186 4259 3243 4305 et
3265 4251 3546 4321 quia‘tuuc

1954 4342 2162 4397 arctius
2191 4343 2393 4395 extima
2424 4343 2757 4407 vinciuntur,
2789 4342 3004 4411 quando
3058 4342 3321 4397 medietas
3371 4334 3544 4410 gemi—

258 4456 388 4503 octo
426 4445 497 4501 ad
534 4447 658 4510 tria,
685 4460 807 4516 quae
836 4444 1117 4514 proportio
1158 4443 1359 4498 dicitur
1406 4442 1459 4496 iu
1506 4440 1847 4495 arithmetica
1878 4477 1929 4535 Β
1956 4445 2140 4503 natur,
2175 4437 2368 4490 merito
2396 4436 2591 4490 artifex
2622 4445 2819 4492 natura
2865 4438 3025 4508 jussu
3069 4435 3350 4493 Creatoris
3401 4439 3545 4495 hunc

259 4540 428 4612 dupla
462 4539 960 4609 superbipartiens;
1009 4536 1174 4593 habet
1211 4535 1358 4591 enim
1387 4532 1703 4589 octonarius
1741 4541 1849 4586 ter-

258 4633 483 4689 narium
506 4631 591 4687 his
617 4631 862 4702 duasque
889 4627 1007 4700 ejus
1028 4637 1236 4700 partes,
1268 4628 1323 4683 id
1353 4636 1458 4691 est,
1491 4627 1625 4681 duas
1668 4627 1849 4680 unita-

260 4736 368 4781 tes.
398 4723 609 4780 Tamen
635 4722 838 4778 eximio
870 4724 1094 4778 doctore
1121 4719 1309 4774 Boetio
1333 4717 1613 4774 Ptolomaei
1635 4724 1854 4773 senten-

261 4817 399 4872 tiam
425 4831 589 4887 super
613 4815 718 4870 hoc
742 4812 1094 4886 approbante,
1126 4810 1436 4868 necessario
1472 4809 1707 4865 fatemur
1734 4824 1853 4865 eam

258 4907 684 4964 consonantiam
745 4919 868 4961 esse
915 4904 1232 4973 maximam,
1279 4901 1536 4975 quoniam
1592 4900 1854 4971 diapason

262 4999 394 5056 talis
420 5007 507 5055 est
534 4999 880 5073 symphonia,
911 5007 971 5053 ut
995 5011 1376 5066 quamcunque
1402 4994 1564 5048 aliam
1595 4991 1857 5062 suscipiat

264 5091 677 5118 Ann-nnnnl=nm
728 5097 904 5118 annual
935 5102 1034 5118 nnn
1066 5088 1311 5118 imm-alo!
1383 5098 1481 5118 non
1505 5098 1566 5118 οι·
1616 5099 1854 5118 nnncnn-a

1955 4528 2058 4608 sibi
2109 4543 2395 4582 numerum
2442 4528 2656 4593 ascivit,
2706 4542 2815 4598 quo
2864 4528 3139 4584 insolubili
3182 4528 3547 4598 colligatiouis‘

1955 4617 2172 4673 vinculo
2202 4618 2470 4672 elementa
2503 4618 2723 4673 sibimet
2771 4619 3134 4688 repugnantia
3187 4620 3546 4683 dcvinxissct,

1960 4710 2175 4780 triaque
2204 4710 2291 4764 illa
2321 4710 2542 4765 musica:
2586 4724 2810 4780 genera,
2860 4710 2912 4763 id
2944 4719 3048 4775 est,
3098 4710 3408 4770 mundanae,
3450 4709 3554 4762 hn-

1959 4818 2134 4857 maua:
2161 4812 2216 4858 et
2247 4804 2365 4875 ejus
2398 4819 2520 4873 quae
2546 4811 2631 4858 est
2659 4803 2713 4856 in
2745 4804 3147 4864 instrumentis,
3198 4812 3310 4856 rata
3361 4803 3557 4855 inodu-

1957 4895 2175 4951 lationis
2202 4895 2320 4968 lege
2349 4894 2764 4951 conformasset.
2811 4894 3023 4958 Merito,
3054 4894 3301 4961 inquam,
3326 4892 3415 4946 hic
3454 4907 3564 4948 nu-

1962 5004 2144 5044 merus
2171 4988 2395 5043 musicae
2439 4987 2739 5041 harmonia:
2783 4994 2868 5040 est
2917 4984 3237 5049 attributus,
3271 4982 3363 5051 qui
3410 4981 3566 5038 infe-

1961 5079 2105 5118 rinrn
2142 5076 2518 5118 cnnnrinrilmc
2544 5074 2821 5118 onnniliat.
2853 5072 3048 5118 animae
3072 5074 3429 5118 crirnnrismie
3451 5081 3572 5118 sla-
