4072 5350
574 400 609 458 !
624 396 721 455 105
1703 373 2042 436 BERNONIS
2081 367 2374 427 ABBATIS
2408 363 2772 426 AUGIENSIS
3725 352 3755 406 ἱ
3770 350 3874 406 ιοι

654 511 711 568 Si
735 512 910 580 Ipsum
936 498 1343 576 quaternarium
1373 492 1807 572 praecedentibus
1842 505 1902 548 se
1937 498 2160 547 natura-
2187 484 2245 550 Α
2271 494 2453 541 tonum
2480 482 2748 556 superius,
2773 478 2948 536 oritur
2996 475 3089 533 tibi
3126 473 3303 547 prima
3340 470 3550 546 species
3580 470 3874 543 diapente.

573 605 725 662 libus
754 559 1017 663 numeris,
1046 595 1099 653 id
1120 603 1205 651 est
1228 592 1343 658 uni,
1366 559 1598 653 duobus,
1622 587 1799 643 tribus
1826 581 2162 654 adiunxeris,
2264 573 2513 631 Secunda
2539 572 2748 644 species
2773 585 2842 625 ex
2861 568 3072 623 duobus
3108 564 3254 621 tonis
3290 572 3346 619 et
3373 561 3693 623 semitonio,
3739 559 3879 614 inci-

584 691 795 751 denarii
843 682 1433 746 summam'conficies,
1466 689 1528 735 ut
1571 695 1637 734 ex
1686 678 1790 732 hac
1834 674 1997 730 etiam
2048 670 2166 742 ejus
2264 670 2422 740 piens
2462 682 2493 721 a
2536 679 2685 721 mese
2732 673 2787 719 et
2831 662 3027 718 finiens
3066 660 3120 715 in
3167 661 3365 731 hypate
3408 672 3634 722 meson;
3689 655 3786 709 cui
3831 654 3881 710 si

584 782 920 856 perfectione
986 780 1038 833 in
1087 774 1426 832 decachordo
1484 769 1740 842 psalterio
1790 777 2168 822 assuescamns
2268 759 2533 831 adieceris
2562 768 2746 813 tonum
2774 755 3044 826 superius,
3085 752 3191 808 erit
3235 751 3471 808 secunda
3502 748 3730 818 species
3760 747 3882 800 dia-

584 839 840 949 psallere,
872 880 1141 942 quatenus
1172 867 1278 921 Deo
1309 839 1498 919 nostra
1517 864 1583 917 sit
1600 861 1844 932 jucunda
1879 857 2170 925 decoraque
2269 862 2450 925 peute.
2487 852 2668 907 Tertia
2693 865 2758 905 ex
2786 847 3072 905 scmitonio
3102 855 3158 901 et
3180 846 3388 900 duobus
3412 843 3578 907 tonis,
3604 839 3887 908 incipiens

587 936 851 1022 laudatio.
879 936 1028 1020 Adeo
1052 961 1217 1015 etiam
1238 955 1446 1026 antiqui
1478 954 1621 1008 hunc
1649 964 1931 1006 numerum
1964 946 2030 1002 ad
2059 944 2174 998 ani-
2272 962 2303 1002 a
2335 947 2459 1001 trite
2488 945 2907 1015 diezeugmenon
2950 948 3008 995 et
3050 939 3244 993 finiens
3273 936 3607 991 in‘lichanos
3653 946 3886 993 meson;

587 1072 693 1113 mat
720 1053 1110 1127 perfectionem
1141 1024 1416 1119 pertinere
1441 1046 1727 1116 pulabuut,
1750 1040 1795 1096 si
1829 1049 2009 1092 lumen
2042 1034 2176 1090 ﬁdes
2274 1040 2362 1096 cui
2392 1036 2729 1094 adhibendus
2758 1044 2843 1090 est
2866 1044 3026 1089 tonus
3054 1029 3300 1093 inferius,
3340 1036 3398 1082 ut
3430 1026 3530 1080 fiat
3565 1024 3736 1079 tertia
3766 1036 3895 1091 spe-

589 1120 933 1206 huic-eorum
965 1142 1249 1200 sententiae
1277 1146 1361 1194 est
1393 1133 1717 1197 adhibenda,
1766 1140 1826 1185 ut
1873 1129 2038 1184 etiam
2070 1127 2176 1197 Py-
2275 1130 2390 1186 cies
2417 1128 2689 1196 diapente.
2745 1123 2946 1191 Quarta
2995 1121 3206 1193 species
3245 1120 3496 1189 diapente
3544 1122 3780 1169 constat
3818 1126 3893 1167 ex

591 1237 862 1310 thagorici
890 1251 957 1291 cx
984 1250 1048 1289 co
1068 1229 1424 1306 iurisiurandi
1447 1226 1763 1296 religionem
1784 1221 1888 1279 sibi
1911 1220 2177 1283 facerent,
2272 1221 2452 1293 prima
2485 1217 2665 1288 specie
2691 1216 3052 1279 diatessaron,
3082 1210 3295 1281 adjecto
3331 1222 3458 1265 tono
3486 1206 3757 1270 inferius,
3786 1220 3893 1258 non

594 1298 779 1385 taliter
807 1325 1039 1383 dicendo
1206 1298 1217 1301 ν
2280 1310 2494 1380 quidem
2526 1323 2624 1378 per
2651 1304 2895 1378 eiusdem
2926 1304 3160 1359 nominis
3190 1303 3447 1357 chordam
3480 1299 3599 1369 (l3)
3643 1298 3768 1370 [sed
3807 1311 3897 1367 per

545 1474 553 1483 -
591 1439 697 1494 Per
718 1440 804 1504 qui
820 1444 998 1488 nostra:
1022 1436 1195 1485 animre
1215 1443 1474 1483 numerum
1511 1427 1648 1480 dedit
1672 1428 1781 1490 Ipse
1798 1431 2116 1489 quaternum.

2319 1400 2515 1464 iusdem
2542 1398 2729 1470 speciei
2758 1395 3032 1468 formam],
3057 1394 3151 1451 sed
3171 1395 3330 1460 alius,
3352 1394 3403 1447 id
3426 1403 3534 1456 est,
3562 1409 3594 1445 a
3626 1399 3896 1462 paranate

665 1545 821 1601 Adde
856 1542 1021 1599 etiam
1057 1539 1201 1611 quod
1247 1538 1389 1593 idem
1436 1531 1823 1605 quaternarius
1871 1544 1903 1583 a
1947 1525 2182 1591 binario,

600 1652 764 1711 quem
791 1649 954 1707 supra
983 1631 1221 1687 diximus
1251 1627 1578 1699 principium
1609 1638 1751 1687 esse,
1803 1628 2119 1691 generatur,
2153 1630 2184 1669 a

592 1743 711 1801 quo
741 1734 798 1783 ct
822 1723 1157 1788 octonarius,
1184 1721 1275 1791 qui
1313 1727 1398 1774 est
1437 1719 1644 1788 primus
1684 1714 1878 1778 cubus,
1928 1722 2185 1781 procrea-

590 1800 713 1878 rtur.
742 1817 878 1876 Nam
907 1817 993 1873 bis
1018 1815 1152 1880 bini,
1184 1813 1274 1884 qui
1306 1820 1432 1868 sunt
1457 1819 1708 1880 quatuor,
1736 1803 2080 1876 superficiem
2104 1800 2186 1856 fa-
2216 1834 2264 1895 Β

587 1913 793 1977 ciunt;
824 1909 911 1966 bis
946 1909 1052 1963 duo
1075 1906 1159 1961 bis
1186 1904 1419 1960 solidum
1471 1915 1690 1970 corpus,
1730 1897 1875 1968 quod
1913 1902 1998 1951 est
2039 1902 2185 1951 octo.

607 2005 723 2062 Sub
752 2003 914 2073 huius
944 1999 1158 2056 numeri
1206 1996 1466 2069 mysterio
1498 2006 1773 2049 consonus
1819 1986 2194 2058 Evangelista-

606 2114 732 2156 rum
762 2113 923 2153 sonus
948 2096 1005 2149 in
1035 2108 1241 2148 omnem
1267 2101 1461 2144 terram
1492 2085 1645 2142 exivit
1687 2093 1735 2139 et
1779 2083 1835 2137 in
1879 2081 2012 2152 ﬁnes
2053 2078 2194 2134 orbis

606 2200 791 2254 terrm,
815 2184 1131 2241 dulcissima
1152 2178 1551 2252 praedicationis
1570 2190 1759 2231 eorum
1780 2188 1885 2230 vox
1907 2170 2193 2242 processit.

614 2276 934 2349 Huiusmodi
970 2271 1269 2330 harmonia:
1296 2276 1623 2325 concentum
1655 2265 1764 2319 Deo
1805 2275 1926 2317 esse
1951 2258 2199 2331 gratissi-

614 2385 767 2427 mum
804 2365 1093 2424 Psalmista
1138 2373 1386 2429 noverat,
1417 2374 1542 2415 cum
1576 2357 1643 2412 ad
1694 2353 2033 2426 psallendum
2090 2352 2199 2406 Do-

613 2464 766 2519 mino
810 2467 1024 2516 mentes
1079 2455 1360 2512 hominum
1414 2458 1610 2522 quarto
1662 2446 1924 2504 invitabat
1972 2445 2196 2500 dicens:

612 2551 839 2609 Psallite
889 2549 1000 2605 Deo
1047 2557 1247 2612 nostra,
1287 2542 1495 2616 psallite
1524 2538 1790 2612 :.psallite
1836 2536 1943 2608 regi
1998 2546 2200 2600 nostra,

612 2645 825 2717 psallite
847 2644 1129 2715 sapienter.

688 2760 833 2831 Ergo
859 2756 975 2813 sive
999 2770 1066 2811 ex
1093 2753 1236 2818 istis,
1262 2766 1383 2823 qua:
1409 2762 1580 2822 pauca
1611 2743 1958 2820 protulimus,
1995 2740 2108 2798 sive
2136 2754 2205 2795 ex

619 2853 767 2919 aliis,
792 2865 913 2922 quae
944 2849 998 2903 in
1046 2845 1302 2917 praesenti
1341 2842 1522 2898 minus
1567 2844 1863 2896 occurrunt
1908 2831 2207 2897 memoriae,

618 2943 710 2999 vel
737 2940 959 2997 omnino
985 2937 1167 2992 abdita
1200 2935 1391 3000 latent,
1419 2931 1555 2987 satis
1589 2929 1761 2984 claret
1808 2941 1914 2981 non
1950 2924 2070 2978 sine
2096 2936 2211 2975 ma-

622 3051 732 3107 gno
762 3033 929 3088 divini
959 3029 1197 3086 muneris
1227 3035 1359 3083 nutu
1392 3026 1533 3080 hanc
1561 3022 1667 3076 vim
1712 3020 2064 3091 quaternario
2091 3027 2214 3069 esse

624 3103 947 3198 ingenitam,
967 3130 1027 3177 ut
1058 3121 1225 3175 totius
1247 3116 1544 3173 harmoniae
1565 3118 1865 3168 concentus
1889 3106 1958 3161 ab
1977 3121 2043 3161 eo
2066 3103 2213 3159 oria—

2283 1491 2705 1559 diczeugmcnon
2736 1486 3019 1556 incipiens,
3045 1501 3109 1540 ac
3138 1484 3180 1539 si
3202 1500 3301 1554 per
3322 1493 3506 1537 tonum
3534 1480 3894 1536 semitnniuul

2286 1590 2340 1637 ct
2370 1589 2555 1635 tonum
2595 1579 2647 1633 in
2687 1593 2871 1633 meson
2913 1575 3209 1642 descendit,
3244 1582 3641 1643 assumptoque
3668 1569 3896 1625 inferius

2290 1678 2417 1729 tono
2443 1679 2693 1741 quartam
2723 1669 2959 1739 speciem
2990 1666 3243 1736 diapente
3274 1664 3504 1735 perficit.

2364 1764 2629 1843 Diapason
2654 1775 2782 1815 vero
2803 1760 3011 1831 species
3038 1758 3192 1812 facile
3214 1767 3296 1812 est
3325 1754 3645 1826 pervidere;
3676 1751 3728 1806 si
3753 1750 3895 1807 enim

2290 1875 2322 1915 a
2352 1855 2919 1930 proslambanomenos
2941 1850 3207 1921 inceperis
3229 1865 3400 1918 usque
3424 1850 3477 1903 in
3510 1864 3698 1914 mese,
3726 1859 3897 1918 pruna

2294 1951 2504 2021 species
2529 1951 2656 2014 erit,
2683 1947 2869 2015 sicque
2901 1958 3117 2013 semper
3136 1940 3423 1998 sentitonio
3460 1939 3550 1995 vel
3577 1950 3714 1994 tono
3742 1940 3898 1992 altius

2294 2057 2394 2112 per
2440 2039 2685 2096 ordinem
2751 2036 3065 2105 repetendo,
3125 2032 3369 2104 septima:
3423 2029 3630 2102 speciei
3674 2029 3805 2083 finis
3848 2027 3897 2080 in

2297 2142 2558 2206 paranete
2612 2129 2979 2203 hyperboleon
3034 2127 3158 2183 erit.
3220 2126 3314 2181 Sin
3364 2136 3545 2181 autem
3613 2124 3898 2178 exordium

2298 2224 2466 2282 sumis
2494 2223 2563 2278 ab
2591 2222 2787 2293 hypate
2818 2220 3076 2290 hypaton,
3107 2217 3214 2271 erit
3236 2215 3361 2270 finis
3382 2215 3431 2267 iu
3454 2227 3749 2285 paramese
3768 2212 3901 2282 (ll).

2372 2315 2484 2385 (15)
2523 2313 2593 2368 Et
2624 2315 2738 2367 haec
2766 2310 2984 2381 quidem
3008 2308 3292 2376 dispositio
3320 2306 3631 2375 specierum
3675 2303 3733 2356 in
3777 2318 3903 2357 eon-

2301 2404 2566 2461 sonantiis
2594 2401 2889 2458 secundum
2919 2408 3134 2454 veteres
3168 2400 3428 2467 quosdam
3468 2405 3577 2450 est.
3635 2393 3749 2450 Sed
3793 2408 3904 2446 tuo-

2304 2497 2455 2554 derni
2476 2494 2847 2566 diligentiores
2866 2491 2919 2545 in
2941 2490 3192 2546 omnibus
3218 2492 3269 2543 in
3294 2489 3546 2558 diapente
3566 2496 3624 2542 et
3643 2487 3903 2555 diapason

2305 2592 2387 2649 eis
2437 2591 2778 2662 aliquatenus
2832 2586 3224 2653 consentiunt;
3277 2584 3619 2638 diatessaron
3673 2594 3810 2635 vero
3856 2580 3903 2632 in

2274 2686 2590 2757 ’speciebus
2632 2691 2690 2738 et
2730 2680 2874 2737 aliud
2921 2680 3202 2735 exordiqu
3241 2686 3297 2732 et
3336 2676 3584 2730 ordinem
3639 2672 3904 2728 tribuunt.

2310 2772 2447 2840 Quia
2488 2770 2634 2825 enim
2668 2768 2927 2838 diapason
2958 2782 3025 2820 ex
3054 2766 3303 2833 diapente
3330 2771 3385 2818 et
3410 2762 3758 2816 diatessaron
3783 2772 3907 2814 con-

2310 2861 2474 2926 sistit,
2502 2859 2785 2931 primaque
2809 2856 2990 2927 specie
3020 2871 3051 2910 a
3087 2856 3345 2925 diapason
3380 2854 3450 2909 ab
3471 2853 3514 2907 Α
3543 2853 3613 2907 ad
3658 2870 3715 2918 a,
3748 2852 3799 2906 id
3830 2859 3909 2906 est

2313 2969 2346 3009 a
2380 2950 2953 3023 proslambanomenos
2982 2945 3049 3000 ad
3083 2961 3229 3002 mese
3254 2943 3530 3015 pertingit,
3570 2959 3697 2998 cum
3742 2944 3905 3013 prima

2316 3042 2568 3113 diapente
2599 3041 2807 3110 species
2836 3052 2867 3092 a
2899 3051 3050 3091 mese
3085 3035 3348 3104 incipiens
3379 3034 3431 3088 in
3470 3032 3720 3087 lichanos
3750 3033 3908 3103 hypa-

2318 3143 2413 3189 ton
2443 3134 2691 3197 finiatur;
2720 3131 3075 3199 incongruum
3099 3128 3179 3183 eis
3211 3126 3388 3180 visum
3425 3133 3508 3179 est
3532 3126 3584 3179 in
3613 3126 3908 3180 tetrachor-

626 3183 722 3275 m;
754 3229 811 3275 οι
840 3218 894 3272 in
941 3213 1190 3271 eumdem
1218 3211 1368 3268 νθίυι
1418 3212 1485 3263 ad
1528 3204 1778 3278 Ρτίηείβίί
1824 3203 1905 3259 sui
1951 3199 2212 3272 originem
2243 3183 2289 3245 Ο
2755 3183 2987 3291 quoduab
3006 3218 3194 3272 eadem
3222 3215 3465 3270 lichanos
3487 3215 3726 3285 hypaton
3752 3229 3908 3283 usque

632 3319 991 3369 revertatur:
1041 3302 1495 3377 quemadmodum
1544 3299 1619 3354 illi
1670 3306 1795 3353 octo
1843 3295 1956 3351 toni
2000 3309 2217 3364 semper

587 3471 591 3475 δ
628 3403 744 3461 bini
774 3411 830 3457 et
854 3397 965 3455 bini
999 3397 1064 3453 ad
1111 3411 1276 3451 unam
1324 3410 1392 3450 ex
1434 3401 1669 3464 quatuor
1715 3388 1955 3443 finalium
2001 3386 2219 3442 chordis

627 3493 867 3565 quadam
893 3489 1135 3545 dictante
1156 3485 1366 3556 iustitia
1390 3484 1534 3539 velut
1559 3482 1625 3537 ad
1658 3488 1938 3552 parentem
1965 3477 2214 3533 redeunt.

629 3584 790 3642 Unde
818 3583 1045 3655 pulchre
1072 3580 1324 3636 eumdem
1352 3576 1693 3633 octonarium
1721 3572 1927 3643 antiqui
1951 3569 2220 3640 justitiam

631 3687 992 3743 vocaverunt,
1021 3692 1126 3732 non
1160 3675 1332 3732 solum
1378 3674 1449 3730 ob
1475 3672 1840 3743 supradictam
1894 3666 2226 3724 harmoniae

636 3769 866 3827 rationis
895 3783 1131 3831 causam,
1162 3782 1352 3821 verum
1381 3766 1544 3820 etiam
1573 3763 1701 3835 quia
1732 3760 1941 3832 primus
1980 3771 2224 3815 omnium

633 3864 710 3918 ita
746 3860 975 3916 solvitur
1003 3858 1057 3913 in
1091 3872 1346 3912 numeros
1373 3871 1526 3926 atque
1571 3855 1775 3925 pariter
1814 3866 1995 3922 pares,
2041 3850 2095 3905 id
2120 3857 2224 3916 est,

635 3956 694 4011 in
724 3962 962 4025 quatuor
985 3962 1041 4007 et
1066 3962 1301 4022 quatuor
1325 3990 1340 4015 ,
1387 3957 1448 4003 ut
1484 3947 1838 4004 nihilominus
1884 3946 1939 4000 in
1971 3957 2229 3999 numeros

634 4061 792 4116 aeque
824 4045 1031 4116 pariter
1060 4057 1240 4114 pares,
1275 4041 1330 4097 id
1360 4049 1466 4107 est,
1486 4040 1611 4097 .duo
1640 4049 1696 4096 et
1730 4039 1834 4094 duo
1868 4037 1985 4109 ipsa
2033 4034 2229 4091 divisio

638 4141 906 4197 solvatur.

714 4253 775 4309 5.
816 4251 970 4307 Nunc
992 4258 1156 4323 prout
1185 4248 1362 4321 gratia
1397 4247 1577 4303 divina
1623 4241 1990 4315 inspiraverit,
2022 4240 2235 4313 aperire

645 4359 904 4400 conemur
931 4342 1166 4414 qualiter
1197 4340 1564 4409 unusquisque
1607 4335 1947 4392 attthcnlicus
1979 4332 2064 4387 vel
2105 4348 2238 4389 suus

644 4436 872 4508 plagalis
900 4451 931 4490 a
960 4450 1058 4491 suo
1087 4435 1233 4490 finali
1274 4433 1625 4505 progrediens
1653 4430 1852 4485 iterum
1881 4428 1949 4484 ad
1985 4427 2235 4483 eumdem

643 4530 857 4594 redeat,
883 4528 1010 4584 licet
1036 4543 1199 4599 supra
1237 4529 1318 4582 vel
1363 4527 1502 4581 infra
1538 4528 1591 4580 in
1628 4523 1812 4597 varios
1842 4539 1900 4579 se
1921 4536 2084 4577 sonos
2107 4533 2237 4591 pro-

649 4621 855 4677 tendat.
896 4619 974 4675 Ac
1010 4620 1184 4688 primo
1218 4619 1505 4674 dicendurm
1528 4624 1659 4687 quot
1676 4614 2024 4686 sintspecies
2046 4612 2242 4668 diates-

638 4726 811 4768 saron
847 4724 912 4765 ac
939 4709 1209 4779 diapente,
1246 4723 1451 4762 necnon
1488 4716 1543 4762 et
1569 4707 1846 4775 diapason.
1890 4705 2063 4760 Habet
2093 4704 2242 4759 enim

647 4804 984 4858 diatessaron
1018 4801 1227 4871 species
1258 4811 1388 4864 tres,
1418 4799 1668 4869 diapente
1694 4798 1946 4868 quatuor,
1978 4797 2240 4865 diapason

642 4909 722 4949 v-tt
762 4892 898 4965 (l2).
926 4892 1022 4947 ila:
1043 4890 1260 4962 quidem
1282 4890 1490 4961 species
1509 4889 1660 4943 vario
1679 4888 1837 4944 modo
1866 4904 1896 4942 a
1917 4888 2241 4958 quibusdam

650 4982 876 5038 musicis
902 4982 1243 5038 ordinantur.
1282 4979 1390 5035 Nos
1412 4995 1541 5035 vero
1570 4979 1949 5038 magistrorum
1976 4983 2243 5038 prtecenta

2320 3315 2387 3370 ad
2402 3312 2991 3383 proslambanomenos,
3017 3309 3074 3363 in
3097 3322 3203 3379 quo
3224 3307 3562 3361 diatessaron
3582 3305 3908 3367 continetur,

2320 3403 2471 3459 velut
2499 3402 2734 3457 otiosum
2760 3407 2817 3454 et
2846 3398 3034 3453 inutile
3059 3399 3128 3451 ab
3156 3397 3239 3450 his
3267 3395 3553 3465 speciebus
3574 3393 3907 3458 excludatur,

2323 3497 2535 3564 hacque
2557 3494 2624 3549 de
2646 3506 2810 3546 causa
2833 3499 3140 3545 statuerunt
3161 3497 3218 3543 ut
3241 3490 3411 3559 prima
3435 3487 3779 3541 diatessaron
3802 3498 3911 3553 spe-

2323 3586 2438 3642 cies
2466 3586 2535 3639 ab
2564 3583 2606 3637 A
2639 3596 2809 3653 usque
2844 3582 2910 3635 ad
2952 3582 2993 3634 D
3026 3579 3397 3651 protendatur,
3444 3585 3500 3631 et
3542 3590 3612 3631 ex
3660 3575 3843 3630 eadem
3871 3572 3910 3627 Ι)

2324 3676 2500 3749 prima
2531 3676 2781 3746 diapente
2815 3674 3024 3749 species
3050 3675 3102 3726 in
3134 3681 3347 3728 acutam
3369 3685 3397 3723 a
3423 3668 3786 3739 producatur;
3813 3667 3910 3720 sic-

2326 3782 2433 3839 que
2462 3766 2639 3838 prima
2667 3765 2925 3834 diapason
2966 3764 3175 3834 species
3202 3763 3253 3815 in
3285 3762 3368 3815 his
3408 3762 3620 3814 duabus
3645 3760 3913 3828 speciebus

2329 3860 2398 3915 ab
2424 3859 2466 3912 Α
2492 3859 2545 3913 in
2576 3873 2605 3912 a
2645 3857 3009 3913 contineatur.
3042 3854 3137 3907 Est
3162 3853 3324 3922 igitur
3350 3851 3525 3921 prima
3567 3851 3779 3919 species
3811 3848 3915 3902 dia-

2330 3960 2577 4007 tessaron
2603 3950 2646 4002 A
2668 3946 2711 4000 Β
2743 3946 2783 4001 C
2816 3945 2858 3999 Ι)
2901 3962 2931 4000 a
2964 3944 3535 4017 proslambanomenos
3579 3938 3826 3994 videlicet
3853 3936 3913 3990 ad

2329 4042 2574 4098 lichanos
2595 4040 2851 4111 hypaton,
2872 4045 3128 4091 constans
3149 4050 3213 4088 ex
3243 4043 3371 4088 tono
3391 4030 3685 4087 semitonio
3705 4038 3761 4085 et
3781 4038 3911 4084 tono.

2333 4135 2582 4192 Secunda
2614 4133 2821 4202 species
2849 4130 2890 4184 Β
2926 4128 2967 4184 C
3009 4129 3050 4183 D
3087 4128 3148 4192 E,
3186 4141 3307 4197 quae
3346 4133 3431 4180 est
3468 4123 3819 4178 semitonium
3867 4129 3917 4173 et

2334 4225 2572 4282 ditonus.
2614 4221 2795 4276 Tertia
2827 4219 2868 4275 C
2902 4218 2945 4273 D
2977 4218 3019 4273 E
3046 4217 3110 4283 F,
3142 4217 3358 4272 ditonus
3395 4215 3608 4269 scilicet
3625 4222 3690 4268 et
3718 4211 3918 4268 semita.

2336 4317 2508 4371 nium.
2540 4312 2616 4368 Et
2651 4315 2730 4368 sic
2763 4327 2859 4382 per
2892 4324 3108 4365 onmem
3136 4309 3332 4364 seriem
3359 4307 3693 4362 chordarunt
3717 4318 3915 4374 compu-

2339 4408 2524 4472 tando,
2552 4405 2605 4461 id
2624 4414 2728 4472 est,
2758 4419 2856 4475 per
2881 4412 3118 4473 quatuor
3138 4400 3377 4464 litteras,
3399 4414 3497 4469 per
3521 4406 3816 4468 quaternas
3834 4399 3917 4451 bas

2343 4501 2653 4558 alternatim
2699 4511 2810 4556 tres
2856 4497 3063 4569 Species
3112 4496 3384 4556 invenies,
3434 4494 3684 4564 exceptis
3729 4493 3917 4547 duobus

2346 4593 2497 4659 locis,
2529 4591 2735 4648 scilicet
2787 4590 2932 4644 inter
2977 4597 3423 4659 parypatemeson
3457 4594 3510 4641 et
3546 4599 3845 4655 paramese,
3871 4592 3918 4637 et

2344 4686 2489 4741 inter
2517 4684 2643 4739 trite
2668 4694 3053 4753 synemmenon
3076 4687 3131 4733 et
3160 4688 3282 4734 nete
3307 4678 3760 4745 diezeugmenon.

2418 4778 2680 4847 Diapente
2702 4787 2831 4828 vero
2851 4773 3060 4842 species
3089 4772 3290 4840 prima,
3310 4770 3451 4824 sicut
3472 4778 3525 4822 et
3548 4782 3714 4838 supra
3737 4767 3917 4821 dictum

2346 4876 2452 4933 est,
2480 4866 2789 4922 continetur
2822 4864 2865 4917 D
2904 4864 2944 4917 E
2984 4862 3024 4917 F
3064 4861 3109 4919 (ἱ
3141 4875 3171 4915 a
3225 4869 3355 4916 tono
3397 4859 3692 4915 semitonio
3736 4859 3915 4919 ditono.

2350 4962 2596 5019 Secunda
2630 4959 2669 5014 Ε
2696 4958 2737 5012 F
2769 4958 2814 5014 G
2843 4972 2873 5012 a
2913 4956 2940 5025 ξι
2967 4955 3258 5012 semitonio
3279 4966 3333 5010 et
3356 4953 3529 5009 tribus
3562 4954 3728 5017 tonis,
3752 4953 3817 5006 ab
3835 4953 3918 5022 hy-
