4072 5350
203 303 347 363 “05

1395 313 1763 375 PROLOGUS
1799 315 1868 373 1N
1908 317 2288 381 TONARIUM.

3347 338 3491 400 ηοσ

199 419 404 475 seriem
451 432 645 476 vocum
686 417 949 477 in-totius
1003 421 1356 480 monochordi
1402 429 1806 484 constructione
1831 434 1882 493 Α
1911 444 2119 498 meson,
2153 443 2413 507 parypate
2441 450 2651 504 meson,
2697 436 2944 497 lichanos
2978 456 3203 510 meson;
3237 459 3357 518 qua:
3405 451 3488 507 id.

198 508 514 566 alternatim
537 511 847 581 dispositas,
872 516 1115 585 exceptis
1146 516 1319 574 tribus
1358 517 1515 586 locis,
1555 519 1805 575 videlicet

199 599 351 656 inter
380 602 577 672 hypate
622 601 858 672 hypaton
910 612 967 658 et
1010 605 1254 676 paripate
1307 622 1518 673 meson,
1567 608 1804 663 et‘inter

197 687 590 762 bypatemeson
617 702 674 747 et
698 695 820 748 trite
847 710 921 764 sy:
946 709 1255 761 ezumenon,
1280 706 1335 752 et
1356 697 1499 753 inter
1520 713 1804 763 paramese

198 787 262 833 (ι
290 782 416 837 trite
448 782 832 853 byperboleon.
872 784 1138 854 Diapason
1177 797 1379 854 autem,
1429 792 1684 860 quoniam
1716 790 1802 845 his

200 871 418 926 duabus
464 874 836 927 consonantiis
887 876 1210 945 ciiiiipletur,
1264 887 1340 931 tot
1390 879 1557 934 habet
1599 877 1801 934 formas

199 972 342 1031 quot
384 962 487 1017 sub
532 963 618 1018 bis
664 966 1030 1018 contineatur.
1093 968 1310 1036 Septem
1361 969 1525 1039 igitur
1564 970 1803 1023 continet.

200 1052 417 1123 species
444 1069 459 1118 ;
487 1069 583 1121 pro
607 1052 858 1120 diapente
883 1066 1130 1122 quatuor,
1164 1073 1260 1126 pro
1287 1056 1625 1111 diatessaron
1656 1068 1797 1123 tres;

198 1148 436 1216 quarum
461 1149 631 1218 prima
662 1149 803 1202 inter
824 1149 866 1203 A
896 1159 951 1205 et
974 1167 1024 1214 a,
1049 1152 1102 1205 id
1128 1163 1211 1207 est
1233 1155 1802 1222 proslambanomenos

200 1246 264 1291 et
291 1254 438 1291 mese
483 1240 792 1293 continetur
818 1256 833 1305 ;
880 1246 1111 1296 srcuzida
1141 1245 1208 1297 ab
1237 1247 1437 1315 hypate
1471 1248 1705 1317 hypaton
1734 1248 1802 1304 ad

200 1342 491 1399 paramese
531 1329 857 1400 porrigitur;
895 1332 1054 1384 tertia
1094 1349 1121 1384 a
1155 1346 1413 1404 parypate
1459 1337 1695 1407 hypaton
1745 1338 1799 1392 in

202 1418 336 1473 trite
365 1419 788 1489 diezeugmenon
843 1422 1202 1488 terminatur;
1249 1434 1445 1494 quarta
1481 1444 1511 1481 a
1557 1429 1802 1495 lichanos

201 1505 445 1579 hypaton
498 1513 564 1566 ad
614 1526 868 1580 paranete
920 1516 1346 1588 diezeugmenon
1406 1524 1797 1591 protenditur;

200 1600 393 1670 quinta
427 1602 497 1657 ab
530 1604 728 1675 hypate
768 1621 955 1661 meson
994 1617 1047 1663 et
1088 1610 1154 1662 ad
1210 1620 1333 1667 nete
1377 1614 1801 1685 diezeugmenon

199 1692 503 1777 limitator;
540 1706 693 1749 sexta
720 1712 749 1750 a
783 1709 1040 1769 parypate
1067 1716 1254 1757 meson
1277 1704 1343 1757 ad
1384 1706 1507 1759 trite
1529 1707 1798 1777 hyperbo-

1904 524 2053 580 circo
2095 540 2163 581 ex
2197 529 2449 585 omnibus
2497 530 2687 586 electze
2735 541 2863 587 sunt
2915 533 3104 593 ﬁnales
3152 540 3299 606 quod
3346 541 3491 599 inter

1905 625 2112 687 septem
2163 632 2357 674 vocum
2408 620 2725 678 discrimina
2771 625 3116 681 inveniantur
3153 631 3490 700 sonoriores.

1905 719 2057 763 extra
2104 724 2241 779 quas
2287 711 2333 767 si
2368 712 2450 767 vel
2499 722 2651 769 vetus
2702 714 2787 770 vel
2833 731 2973 770 nova
3018 718 3200 775 cantio
3242 720 3499 789 finiatur,

1905 800 2221 872 irregularis
2248 812 2303 857 et
2333 804 2611 872 illegitima
2638 811 2757 863 sine
2778 808 3252 880 dubiojudicatnr.
3284 814 3491 873 Cantus
3516 868 3521 872 .

1906 892 2069 963 igitur
2114 894 2357 963 magistri
2416 894 2639 966 ejusque
2688 898 2958 968 discipuli,
3012 900 3062 954 id
3103 912 3188 957 est
3215 905 3376 974 primi
3432 915 3495 963 et

1904 986 2125 1039 secundi
2156 986 2297 1043 modi
2330 986 2517 1042 linitur
2547 989 2599 1042 in
2626 989 2690 1052 Ι),
2721 991 2943 1045 secundi
2973 993 3215 1061 magistri
3261 994 3493 1067 ejusque

1904 1074 2177 1143 discipuli,
2208 1076 2259 1130 id
2284 1087 2364 1132 cst
2394 1079 2538 1133 tertii
2566 1088 2620 1133 et
2648 1081 2827 1149 quarti
2854 1081 2994 1136 modi
3021 1082 3074 1137 in
3100 1083 3161 1150 E,
3192 1086 3336 1141 tertii
3366 1103 3487 1143 ma-

1904 1167 2057 1237 gistri
2090 1168 2313 1238 ejusque
2356 1170 2605 1241 subjecti,
2651 1171 2701 1225 id
2733 1180 2817 1226 est
2847 1174 3019 1241 quinti
3065 1184 3122 1230 et
3161 1178 3301 1233 sexti
3344 1179 3491 1236 modi

1905 1258 1959 1313 in
1987 1257 2049 1322 ιτ,
2067 1261 2245 1330 quarti
2277 1261 2520 1332 magistri
2554 1260 2779 1332 ejusque
2802 1261 3076 1334 discipuli,
3094 1267 3146 1322 id
3170 1278 3253 1324 est
3267 1271 3486 1340 septimi

1904 1359 1960 1405 et
1988 1352 2163 1406 octavi
2207 1353 2353 1407 modi
2404 1353 2459 1407 in
2501 1351 2567 1408 (ἓ.
2621 1353 2729 1410 Sed
2773 1355 2901 1425 quia
2945 1357 3163 1413 nomina
3206 1367 3264 1415 et
3302 1360 3509 1420 finale:

1904 1457 2092 1497 comm
2139 1442 2395 1510 diximus,
2428 1445 2749 1502 intensionis
2789 1454 2846 1513 et
2899 1447 3236 1507 remissionis
3282 1450 3489 1510 limites

1905 1534 2240 1603 aperiamus.

1977 1626 2028 1680 7.
2056 1627 2171 1699 (16)
2198 1628 2395 1685 Protns
2423 1629 2535 1702 (l7)
2564 1629 2764 1703 [itaque
2791 1634 3092 1703 authentus,
3118 1635 3176 1691 id
3193 1644 3270 1693 est
3291 1640 3507 1709 primus
3560 1702 3566 1711 ί

1908 1719 2197 1792 magisler]
2238 1729 2452 1775 constat
2493 1738 2561 1778 ex
2613 1723 2790 1793 prima
2824 1724 3007 1794 specie
3050 1724 3307 1796 diapente
3337 1734 3392 1783 et
3422 1743 3494 1785 es

199 1772 330 1837 Icon
360 1786 688 1852 intenditur;
726 1789 954 1857 septima
993 1806 1022 1844 a
1062 1805 1321 1860 paranete
1343 1772 1705 1865 hyperboleun
1735 1798 1800 1851 ad

1906 1772 2079 1880 prima
2120 1772 2981 1885 specieidiatessaron-"superius
3037 1772 3329 1890 (18)"[uon
3351 1772 3492 1890 quod

203 1871 454 1931 lichanos
498 1892 684 1933 meson
727 1880 1043 1935 remittitur.
1094 1883 1241 1950 Quas
1275 1900 1463 1941 omnes
1499 1889 1729 1957 species,
1757 1890 1803 1944 si

203 1976 463 2023 tonorum
502 1980 558 2024 et
606 1971 1020 2028 semitoniorum
1066 1976 1232 2031 sitmn
1286 1978 1611 2048 inspexeris,
1669 1996 1699 2034 a
1745 1996 1807 2036 se

200 2056 441 2115 invicem
487 2062 750 2118 distantes
777 2065 1006 2121 videbis.
1048 2066 1201 2134 Quod
1237 2069 1281 2123 si
1314 2081 1559 2126 octavam
1591 2087 1621 2126 a
1658 2088 1806 2128 mese

198 2163 306 2223 per
331 2167 613 2222 paramese
661 2164 715 2209 et
752 2156 876 2210 trite
919 2156 1345 2229 diezeugmenon
1380 2161 1708 2216 intendenda
1735 2162 1804 2217 ad

205 2255 338 2300 nete
372 2245 734 2315 hyperbolcon
776 2247 1059 2316 adjeceris,
1094 2265 1124 2303 a
1156 2250 1330 2319 prima
1371 2268 1476 2307 non
1512 2255 1803 2311 dissentire

200 2334 441 2391 videbis.
483 2336 541 2391 Si
567 2353 693 2394 vero
722 2341 789 2392 ab
817 2341 1005 2394 eadem
1035 2357 1183 2396 mese
1211 2357 1308 2411 per
1332 2343 1453 2397 trite
1486 2359 1800 2415 synemme-

204 2444 319 2483 non
363 2437 420 2484 et
458 2442 719 2500 paranete
756 2447 1145 2504 synemmenon
1182 2435 1512 2503 ascenderis,
1556 2439 1802 2493 eamdem

200 2520 412 2592 quintae
432 2524 667 2578 notabis.
695 2524 784 2579 Sic
801 2522 964 2595 igitur
984 2527 1242 2597 diapason
1265 2540 1469 2600 septem
1487 2531 1646 2586 habet
1670 2546 1795 2601 spe-

200 2614 346 2681 cies,
373 2631 477 2669 una
500 2616 848 2689 minusquam
874 2633 1056 2683 voces,
1084 2619 1138 2673 in
1166 2621 1361 2689 quibus
1377 2632 1502 2676 octo
1521 2624 1803 2677 modorum

202 2705 423 2761 diversa
453 2705 512 2761 [it
534 2709 763 2778 positio;
789 2710 930 2778 quod
960 2726 1193 2780 sequens
1221 2714 1470 2783 expediet
1501 2715 1660 2769 ratio.
1708 2715 1805 2772 Se-

200 2802 358 2868 ptem
387 2811 516 2853 vero
543 2807 750 2853 tantum
774 2801 963 2855 modos
989 2801 1285 2856 secundum
1311 2802 1570 2872 diapason
1597 2806 1805 2876 species

202 2886 444 2958 primum
495 2887 680 2954 fuisse,
736 2890 827 2944 sed
868 2890 1218 2945 Ptolomamm
1256 2903 1509 2948 octavqu
1544 2897 1806 2966 superad-

204 2978 435 3043 didisse,
469 2978 713 3035 Boetium
750 2981 801 3035 in
843 2983 1049 3037 nmsica
1080 2984 1283 3040 scimus
1315 2984 1600 3041 tradidisse
1670 3003 1806 3057 quo-

207 3084 333 3127 rum
366 3072 586 3126 nomina
617 3072 1114 3144 diversitatemque,
1136 3077 1389 3146 quoniam
1414 3076 1661 3134 brevitati
1682 3089 1800 3136 stu-

205 3161 421 3226 demus,
457 3163 752 3216 secundum
789 3164 1215 3221 ecclesiasticum
1248 3183 1403 3223 usum
1424 3171 1797 3239 expediamus.

277 3249 333 3304 6.
383 3248 522 3305 Octo
571 3251 750 3320 itaque
799 3252 1109 3308 cantionum
1153 3257 1347 3322 modis,
1395 3272 1531 3327 quos
1580 3260 1801 3317 abusive

205 3348 367 3395 tonos
396 3355 674 3408 vocamus,
719 3343 852 3399 ordo
900 3344 1304 3403 ecclesiasticus
1334 3349 1522 3405 utitur.
1561 3351 1804 3425 Quatuor

204 3430 536 3487 excelsiores
570 3435 920 3490 monochordi
954 3450 1114 3492 voces
1148 3439 1329 3493 sortiti
1371 3440 1451 3495 sic
1494 3453 1797 3501 vocantur:

205 3525 555 3581 authenticus
582 3535 793 3595 protus,
826 3527 878 3581 id
909 3537 991 3583 est
1024 3530 1232 3599 primus
1256 3534 1541 3604 magister;
1575 3538 1800 3595 authen-

204 3610 348 3673 ticus
370 3616 643 3682 deuterus,
666 3617 719 3671 id
743 3627 824 3673 est
845 3620 1114 3675 secundus
1142 3622 1432 3693 magister;
1457 3625 1801 3685 authenticos

119 3740 123 3741 ν
207 3709 393 3776 tritus,
418 3708 472 3764 id
497 3718 582 3765 est
602 3710 793 3767 tertius
817 3712 1103 3784 magister;
1137 3715 1483 3772 authenticus
1507 3721 1798 3789 tetrardus,

207 3799 262 3856 id
290 3808 375 3855 est
399 3811 627 3871 quartus
662 3802 936 3874 magister.
978 3804 1270 3860 Auihentos
1301 3806 1448 3861 enim
1475 3807 1649 3865 (ἓνωεί
1683 3827 1805 3867 rna-

206 3892 410 3964 gistros
434 3893 641 3961 dicunt,
685 3896 838 3965 quasi
865 3904 1198 3963 auctoratos,
1248 3897 1302 3953 id
1345 3908 1430 3955 est
1476 3904 1799 3961 auctoritate

206 3982 484 4051 praditos,
515 4000 742 4055 quorum
768 3987 1026 4054 praecellit
1050 3991 1370 4045 auctoritas.
1413 3988 1567 4046 Unde
1595 4010 1625 4047 a
1652 4010 1800 4049 com-

206 4073 491 4144 paratione
515 4073 722 4129 altioris
746 4076 947 4146 gradus
970 4079 1069 4133 hos
1094 4081 1283 4135 modos
1323 4081 1399 4135 ita
1445 4084 1627 4138 vocari
1654 4085 1795 4140 obti-

207 4166 327 4220 nuit
354 4182 503 4221 usus.
539 4167 643 4223 Alii
668 4184 795 4224 vero
824 4180 1058 4239 quatuor
1085 4171 1341 4228 inferiora
1365 4174 1479 4231 loca
1508 4180 1808 4247 possident--~

206 4264 288 4311 tes
315 4255 396 4311 sic
424 4267 686 4312 vocantur
710 4278 722 4312 :
749 4259 920 4330 plagis
948 4261 1109 4330 proti,
1141 4262 1194 4316 id
1224 4273 1307 4318 est
1333 4263 1570 4323 lateralis
1607 4271 1792 4339 primi,

204 4351 530 4407 Subauditur
558 4353 875 4420 authentici,
901 4356 1055 4425 quasi
1079 4355 1179 4410 sub
1200 4356 1367 4412 latere.
1387 4358 1506 4429 ejus
1527 4364 1797 4419 contines.

1905 1900 1978 1954 ibi
2002 1903 2172 1970 prima
2207 1903 2324 1973 ejus
2358 1907 2551 1973 species
2580 1906 2914 1974 exordiatur,
2947 1907 3041 1963 sed
3067 1908 3210 1980 quod
3238 1908 3413 1979 forma
3442 1917 3495 1967 et

1903 1994 2195 2050 similitudo
2221 1995 2364 2051 illius
2391 1998 2577 2067 prima:
2607 2000 2813 2069 speciei,
2844 2016 2963 2071 qua:
3004 2000 3227 2070 inferius
3257 2011 3359 2070 est,
3405 2001 3493 2057 Isis

1903 2087 1999 2139 sub
2035 2104 2215 2141 eorum
2244 2088 2562 2145 chordarum
2604 2092 2943 2162 dispositione
2969 2095 3320 2162 contineatur,
3365 2104 3490 2150 tono

1902 2178 2099 2234 scilicet
2142 2188 2191 2234 et
2242 2182 2515 2236 semitonio
2544 2192 2593 2237 et
2636 2183 2814 2257 tono];
2861 2183 3156 2256 subjugalis
3207 2200 3338 2243 vero
3368 2187 3488 2258 ejus

1903 2277 2116 2323 constat
2142 2286 2207 2325 ex
2238 2271 2427 2325 eadem
2450 2272 2632 2342 specie
2659 2272 2933 2344 diapente,
2958 2283 3014 2330 et
3038 2290 3107 2331 ex
3141 2277 3331 2332 eadem
3357 2292 3489 2347 spe-

1903 2360 1985 2415 cie
2011 2361 2346 2417 diatessaron
2381 2363 2626 2431 inferius,
2659 2366 2803 2435 quod
2837 2375 3017 2422 autem
3050 2368 3193 2434 dico,
3224 2368 3333 2425 tale
3359 2379 3442 2426 est
3469 2388 3484 2425 :

1902 2449 2119 2507 Primus
2146 2460 2305 2508 tonus
2328 2468 2359 2508 a
2382 2469 2481 2510 suo
2508 2454 2679 2520 ﬁnali,
2709 2455 2761 2510 id
2786 2464 2891 2521 est,
2914 2472 2946 2511 a
2976 2456 3223 2514 lichanos
3243 2459 3485 2531 hypaton

1903 2544 2071 2600 habet
2105 2546 2383 2603 licentiam
2412 2549 2737 2605 ascendendi
2776 2550 2829 2605 in
2860 2551 3133 2622 diapente,
3163 2552 3269 2609 hoc
3294 2562 3399 2620 est,
3432 2555 3488 2610 in

1904 2650 2085 2701 mese;
2119 2645 2175 2691 et
2208 2652 2239 2691 a
2285 2653 2434 2694 mese
2482 2639 2537 2695 in
2570 2649 2830 2711 paranete
2861 2642 3305 2716 diezeugmenon,
3340 2648 3487 2718 quod

1903 2735 1987 2782 est
2036 2728 2208 2797 prima
2263 2730 2474 2800 species
2509 2730 2870 2799 diatessaron,
2903 2732 3015 2806 (19)
3068 2750 3129 2790 eo
3177 2734 3358 2804 modo,
3383 2753 3486 2807 quo

1900 2819 2212 2887 prtrdt'clum
2237 2829 2347 2886 est;
2372 2822 2641 2878 secundus
2662 2837 2793 2878 vero
2824 2832 3004 2890 tonus,
3033 2826 3126 2896 qui
3150 2826 3352 2882 dicitur
3370 2826 3489 2896 ejus

1904 2907 2226 2979 snbjugalis,
2275 2912 2329 2966 in
2361 2914 2605 2968 eamdem
2644 2911 2905 2984 diapente
2946 2916 3220 2983 ascendit;
3252 2917 3345 2973 sed
3389 2933 3487 2988 per

1903 3004 2150 3058 eamdem
2179 3004 2413 3072 speciem
2438 3005 2774 3060 diatessaron
2799 3004 2912 3077 (20)
2945 3004 3170 3062 inferius
3190 3023 3222 3062 a
3241 3005 3487 3063 lichanos

1908 3094 2142 3165 hypaton
2169 3095 2220 3149 in
2248 3094 2830 3165 proslambanomenon
2876 3110 2973 3167 per
3001 3107 3186 3152 tonum
3213 3104 3271 3153 et
3317 3098 3505 3154 semi-.

1909 3187 2114 3243 tonium
2144 3188 2385 3258 itemque
2412 3197 2596 3243 tonum
2624 3188 2926 3246 descendit.
2958 3189 3026 3245 Et
3050 3197 3240 3260 protus
3267 3189 3487 3261 quidem

1903 3277 2194 3350 aliquando
2223 3296 2391 3336 unum
2445 3289 2632 3336 tonum
2681 3296 2844 3351 super
2888 3282 3228 3338 diatessaron
3256 3280 3488 3337 licenter

1903 3371 2131 3426 assumit
2164 3370 2317 3443 (2i):
2349 3371 2598 3428 similiter
2622 3381 2677 3428 et
2722 3374 2903 3429 creteri
2947 3372 3241 3428 authentici
3283 3380 3487 3444 praeter

1902 3464 2208 3528 deuterum,
2234 3462 2326 3533 qui
2356 3464 2703 3519 semitonium
2732 3472 2941 3519 tantum
2964 3463 3223 3522 admittit.
3246 3461 3488 3533 Itemque

1901 3562 2093 3624 protus
2122 3554 2263 3609 infra
2308 3555 2525 3610 llnalem
2556 3570 2714 3609 suum
2747 3555 3024 3611 descendit
3049 3554 3163 3626 (22)
3205 3554 3260 3608 in
3289 3568 3487 3612 sonum

1901 3645 2003 3700 sibi
2035 3646 2293 3709 vicinum,
2339 3644 2627 3715 aliquando
2674 3645 2730 3699 in
2761 3646 3001 3711 tertium,
3050 3650 3323 3713 nunquam
3350 3658 3484 3699 vero

1901 3734 1956 3788 in
2004 3733 2258 3805 legitimis
2290 3734 2543 3789 cantibus
2577 3734 2630 3788 in
2665 3742 2937 3805 quartum.
2984 3732 3259 3790 Similiter
3287 3742 3345 3790 et
3389 3733 3507 3795 alii.

1905 3832 2016 3878 tres
2038 3824 2339 3879 authentici
2361 3822 2517 3892 juxta
2546 3825 2793 3880 ordinem
2817 3824 3062 3880 ﬁnalium
3089 3840 3336 3880 suorum.

1973 3917 2240 3972 Deuterus
2285 3925 2499 3972 constat
2528 3933 2594 3973 ex
2628 3917 2862 3973 secunda
2908 3918 3093 3986 specie
3134 3917 3387 3987 diapente
3428 3925 3487 3974 et

1899 4010 2134 4064 secunda
2190 4008 2371 4078 specie
2417 4008 2754 4062 diatessaron
2801 4008 3080 4077 superius,
3125 4006 3215 4062 illo
3272 4006 3481 4063 scilicet

1901 4101 2061 4156 modo
2093 4115 2201 4170 quo
2243 4115 2405 4171 supra
2452 4108 2740 4156 tractatum
2770 4107 2874 4155 est.
2916 4098 3223 4169 Subjugalis
3258 4098 3379 4170 ejus
3410 4114 3482 4154 ex

1900 4191 2092 4246 eadem
2129 4191 2310 4259 specie
2348 4190 2626 4260 diapente,
2655 4177 2710 4245 et
2735 4205 2802 4245 ex
2827 4190 3017 4246 eadem
3060 4190 3239 4261 specie
3279 4190 3484 4246 diateso

1901 4296 2064 4336 saron
2111 4281 2369 4347 inferius;
2400 4296 2465 4336 ex
2503 4281 2769 4351 superiori
2813 4289 2994 4337 autem
3027 4294 3280 4338 sermone
3324 4289 3480 4352 potes

1900 4381 1956 4427 et
1981 4372 2121 4427 istud
2166 4371 2645 4442 comprehendere.
2686 4370 2868 4427 Tritus
2899 4371 3208 4439 authentus,
3261 4371 3354 4441 qui
3400 4380 3486 4427 est

204 4449 317 4507 tur,
369 4452 425 4497 et
470 4444 698 4499 inferior
744 4445 837 4510 sit,
883 4446 1046 4502 simili
1097 4449 1306 4506 ratione
1346 4450 1519 4523 plagis
1565 4455 1794 4523 deuteri,
1826 4489 1877 4549 Ι)
1905 4472 2063 4520 tonus
2091 4464 2331 4534 quintus,
2362 4472 2576 4519 constat
2622 4478 2690 4518 ex
2737 4462 2897 4518 tertia
2928 4462 3109 4532 specie
3136 4462 3385 4533 diapente
3428 4467 3483 4518 et

202 4533 380 4605 plagis
406 4536 538 4600 triti,
571 4536 739 4607 plagis
768 4538 1013 4593 tetrardi.
1055 4538 1162 4594 Sed
1209 4557 1307 4597 nos
1356 4544 1570 4615 regulas
1609 4562 1796 4605 eorum

204 4625 401 4681 dantes
452 4625 657 4683 Latinis
710 4637 927 4682 utamur
975 4631 1322 4697 nominibus,
1375 4644 1430 4688 et
1475 4636 1800 4696 excelsiores

203 4717 520 4787 magistros,
559 4718 844 4776 inferiores
880 4737 1009 4776 vero
1046 4722 1334 4793 discipulos
1362 4727 1727 4787 nominemus.

281 4808 388 4864 Sed
418 4820 712 4881 antequam
740 4828 927 4868 eorum
960 4815 1294 4873 intensiones
1325 4818 1406 4874 vel
1445 4822 1794 4878 remissiones

205 4900 555 4973 incipiamus,
610 4902 801 4962 ﬁnales
846 4909 1087 4963 omnium
1156 4927 1351 4967 nervos
1416 4916 1789 4975 ostendamus.

1904 4557 2063 4613 tertia
2112 4555 2295 4625 specie
2348 4556 2687 4610 diatessaron
2737 4554 3007 4625 superius.
3048 4552 3346 4610 Tetrardus
3380 4569 3479 4610 au-

1904 4649 2123 4705 thentus
2150 4646 2262 4721 [qui
2315 4656 2389 4701 est
2420 4656 2575 4700 tonus
2605 4645 2877 4718 septimus]
2909 4653 3125 4701 constat
3168 4660 3236 4701 ex
3286 4653 3480 4714 quarta

1899 4739 2081 4808 specie
2109 4738 2359 4808 diapente
2386 4744 2441 4793 et
2468 4752 2533 4793 ex
2572 4735 2745 4792 forma
2779 4736 2965 4807 primae
2994 4734 3191 4806 speciei
3214 4734 3480 4789 diatessa‘

1900 4846 1997 4886 ron
2029 4831 2279 4901 superius
2310 4828 2471 4884 modo
2499 4827 2665 4883 dicto.
2700 4825 3005 4897 Suljugalis
3039 4826 3157 4896 ejus
3182 4838 3251 4878 ex
3286 4822 3479 4878 eadem

1896 4922 2077 4992 Specie
2107 4922 2379 4991 diapente,
2415 4928 2471 4975 et
2506 4932 2574 4973 ex
2608 4917 2784 4989 prima
2815 4915 2996 4985 specie
3026 4914 3366 4968 diatessaron
3393 4911 3480 4966 in-

206 4993 459 5059 Quatuor
484 5003 615 5051 sunt
642 5013 823 5065 voces,
856 5014 976 5070 quae
1004 5012 1266 5057 vocantur
1292 5003 1501 5072 ﬁnales,
1544 5023 1612 5062 eo
1646 5012 1792 5081 quod
1892 5014 2063 5071 [crius
2100 5013 2213 5086 (9.5)
2239 5010 2547 5085 [secundum
2573 5009 2849 5080 quosdam,
2875 5020 3051 5058 revera
3099 5013 3272 5057 tamen
3305 4999 3481 5100 {arma

214 5086 275 5143 in
312 5087 664 5159 unaqualibet
689 5089 878 5144 barum
906 5090 1180 5160 regulares
1210 5093 1466 5150 ﬁniantur
1485 5100 1787 5170 cautiones,
1892 5118 1966 5162 est
1995 5108 2179 5179 primae
2208 5103 2353 5157 illius
2382 5097 2614 5171 speciei].
2648 5096 2835 5152 Omnis
2878 5094 3064 5196 itaque
3095 5101 3253 5147 tonus
3293 5087 3489 5157 subju‘

446 5180 695 5196 -hnnn
