4072 5350
600 309 740 367 1107

1697 314 2044 372 BERNONIS
2076 313 2368 372 ABBATIS
2408 314 2775 373 AUGlENSIS

3735 310 3870 365 “08

600 420 946 476 authenticus
971 418 1122 490 ejus;
1155 420 1408 477 diﬂ'eﬂtnt
1454 431 1634 479 autem
1668 426 1720 480 in
1751 428 1855 484 hoc
1898 430 2042 499 quod
2083 447 2176 486 au-
2205 433 2253 490 A
2283 447 2646 504 zeugmenon,
2693 448 2817 487 raro
2854 439 3031 485 autem
3060 428 3125 484 ad
3148 428 3202 496 d,
3247 428 3353 484 hoc
3378 436 3459 483 est
3498 427 3568 483 ad
3610 438 3870 496 paranete

596 512 819 568 thentus
839 513 1173 568 diatessaron
1204 513 1365 570 habet
1392 530 1553 586 supra
1581 517 1855 589 diapente,
1880 520 2178 593 subjugalis

596 614 730 655 vero
760 597 919 654 infra.

667 693 722 749 8.
766 692 884 763 (24)
914 692 1128 749 Primus
1156 695 1324 766 igitur
1351 700 1544 757 modus
1571 702 1653 757 vel
1689 712 1849 761 tonus
1883 706 2184 764 intenditur

597 782 666 837 ad
701 792 920 839 acutam
947 784 1000 849 d,
1046 784 1098 839 id
1143 795 1228 840 est
1270 798 1528 857 paranete
1557 793 2003 865 diezeugmenon,
2055 814 2183 856 raro

593 882 776 929 autem
804 875 873 929 ad
900 890 951 940 e,
982 891 1101 945 qua:
1130 884 1215 931 est
1239 887 1363 934 nete
1393 880 1837 953 diezeugmenon,
1867 895 1923 941 et
1950 890 2181 943 descen-

594 964 678 1019 dit
703 965 770 1020 ad
796 963 858 1031 C,
889 965 940 1020 id
971 973 1052 1021 est
1074 978 1331 1038 parypate
1362 970 1620 1042 hypaton,
1653 976 1929 1033 rarissime
1957 993 2086 1034 vero
2117 980 2185 1036 ad

592 1059 637 1113 Β
683 1075 804 1130 quae
860 1068 944 1116 est
990 1060 1187 1132 hypate
1239 1064 1503 1134 hypaton,
1538 1068 1744 1126 habens
1796 1072 1937 1128 inter
1982 1071 2026 1127 D
2053 1084 2109 1129 et
2149 1075 2182 1129 d

601 1158 853 1219 quartam
900 1151 1159 1221 diapason
1217 1153 1479 1224 formam,
1535 1175 1698 1230 supra
1764 1178 1894 1218 vero
1944 1174 1998 1219 ct
2043 1166 2182 1222 infra

600 1238 889 1305 chordam,
918 1251 971 1296 et
1001 1252 1058 1295 ut
1084 1242 1284 1299 dictum
1315 1256 1415 1310 est,
1447 1250 1726 1307 rarissime
1763 1253 1898 1309 duas
1929 1256 2175 1314 inferius.

602 1330 889 1388 Secundus
937 1334 1130 1389 modus
1173 1338 1416 1392 ascendit
1465 1341 1531 1394 ad
1563 1356 1615 1409 a,
1649 1342 1700 1396 id
1732 1353 1817 1399 est
1855 1361 2025 1412 mese,
2057 1364 2182 1404 raro

593 1431 774 1478 autem
812 1424 879 1479 ad
922 1426 976 1489 ι),
1006 1427 1090 1480 vel
1136 1434 1193 1505 η,
1248 1428 1298 1481 id
1341 1438 1425 1484 est
1472 1432 1537 1486 ad
1592 1433 1720 1489 trite
1770 1450 2178 1508 synemmenon,

591 1513 676 1568 vel
702 1530 1022 1584 paramese;
1067 1520 1368 1575 remittitur
1398 1522 1462 1575 ad
1485 1522 1554 1588 A,
1587 1540 1707 1595 qua:
1731 1537 1814 1582 est
1845 1528 2179 1597 proslamba-

597 1607 885 1673 nomenos,
918 1608 1301 1693 interdumque
1338 1613 1519 1668 adhuc
1545 1629 1678 1669 sono
1719 1616 1962 1685 inferius,
2014 1636 2177 1691 quam

601 1698 872 1764 moderni,
925 1708 985 1755 ut
1032 1716 1192 1772 supra
1239 1702 1443 1757 dictum
1474 1714 1577 1770 est,
1633 1708 1978 1777 addiderunt,
2020 1721 2075 1765 et
2141 1724 2177 1769 I‘

600 1785 790 1843 Grazca
815 1789 989 1849 littera
1021 1802 1363 1849 notaverunt.
1398 1794 1645 1852 Possidet
1666 1809 1847 1855 autem
1875 1801 1964 1857 hic
1989 1803 2178 1858 modus

601 1879 748 1936 inter
774 1882 820 1937 A
862 1890 917 1938 et
960 1899 989 1938 a
1025 1886 1251 1957 primam
1283 1887 1543 1958 diapason
1575 1891 1829 1960 speciem,
1864 1910 2024 1964 supra
2051 1912 2179 1953 vero

599 1973 780 2027 rarius
808 1981 864 2028 ct
892 1974 1028 2029 infra
1056 1992 1268 2032 vocem.
1315 1979 1382 2032 Et
1430 1980 1480 2034 hi
1520 1990 1646 2035 sunt
1675 1983 1934 2053 magister
1973 1986 2180 2054 primus

602 2063 832 2134 ejusque
855 2066 1171 2138 discipulus.
1200 2070 1440 2142 Magistri
1471 2083 1673 2139 autem,
1702 2076 1753 2130 id
1783 2087 1858 2131 est
1885 2079 2043 2148 primi
2071 2080 2179 2134 toni

598 2164 793 2211 cantus
824 2158 1079 2228 incipitur
1108 2175 1200 2215 sex
1234 2165 1433 2229 nervis,
1467 2166 1675 2221 scilicet
1699 2167 1985 2235 CDEFG,
2016 2187 2065 2233 a,
2087 2172 2180 2225 ba«

599 2248 736 2304 hens
765 2250 880 2305 cola
910 2260 964 2306 et
991 2264 1282 2322 commata,
1317 2256 1368 2311 id
1400 2268 1484 2313 est
1510 2259 1751 2315 membra
1784 2270 1834 2315 et
1866 2261 2181 2329 incisiones,

599 2358 739 2412 quas
789 2345 1163 2403 distinctiones
1209 2359 1402 2405 cantus
1454 2353 1804 2423 appellamus,
1859 2355 1911 2409 in
1954 2356 2180 2412 eisdem.

600 2433 807 2489 Cantus
856 2449 985 2491 vero
1037 2437 1307 2508 discipuli,
1365 2441 1418 2495 id
1456 2451 1539 2496 εει
1591 2444 1811 2499 secundi
1861 2446 1971 2499 toni
2020 2446 2184 2501 habet

598 2524 863 2594 principia
896 2524 1086 2594 legalia
1114 2536 1345 2596 quatuor
1370 2530 1602 2597 ABCD,
1636 2550 1664 2587 a
1703 2533 1885 2589 multis
1914 2550 2043 2590 vero
2076 2535 2185 2589 usi—

596 2623 710 2670 tata
758 2632 852 2673 sex
879 2617 1215 2682 ABC'DEF,
1252 2621 1531 2692 inquibus
1570 2626 1734 2679 etiam
1779 2624 1895 2680 cola
1926 2635 1982 2680 et
2031 2641 2183 2680 com-

597 2716 764 2764 mata.
811 2710 964 2778 Quod
993 2711 1036 2766 si
1063 2712 1221 2783 primi
1255 2724 1474 2770 cantum
1501 2715 1561 2781 (Ζ,
1591 2718 1674 2772 vel
1706 2718 1771 2783 Ι),
1802 2718 1885 2775 vel
1916 2718 1976 2781 E,
2006 2720 2086 2775 vel
2120 2720 2182 2787 F,

597 2800 888 2869 inceperis,
914 2816 1021 2858 non
1045 2804 1224 2860 minus
1243 2822 1404 2876 quatn
1428 2823 1474 2861 c.
1501 2817 1711 2863 acutam
1730 2811 1864 2881 (95),
1886 2810 1936 2864 id
1959 2818 2043 2865 est
2061 2812 2186 2866 trite

598 2886 1049 2959 diezeugmenon,
1085 2902 1144 2947 ut
1171 2894 1467 2963 cujusmodi
1490 2897 1580 2961 sit,
1612 2900 1952 2954 ascendendo
1981 2902 2186 2956 discer-

600 2990 719 3033 nas.
752 2977 808 3033 Si
843 2994 970 3035 vero
1019 2985 1240 3039 secundi
1274 2995 1490 3040 cantum
1524 2987 1575 3041 in
1621 2988 1823 3043 eisdem
1871 2990 2182 3061 incoeperis,

599 3086 707 3125 non
740 3072 917 3128 minus
944 3089 1106 3145 quam
1132 3077 1197 3131 ad
1225 3077 1267 3131 B
1292 3077 1551 3147 deponas,
1592 3089 1653 3134 ut
1679 3081 1832 3152 cujus
1876 3080 1946 3136 sit
1991 3083 2180 3136 remit-

599 3161 764 3217 tendo
792 3168 1067 3221 ostendas.
1120 3167 1227 3222 Sed
1261 3169 1311 3221 in
1341 3183 1406 3222 eo
1448 3169 1650 3239 judicio
1688 3181 1923 3243 quatuor
1975 3179 2181 3230 tantum

600 3254 873 3326 principia
900 3258 1189 3328 unicuique
1217 3258 1490 3314 dabuntur
1514 3261 1792 3332 discipulo.

616 3380 619 3385 -
676 3345 893 3403 Tertius
920 3349 1114 3405 modus
1161 3348 1458 3405 intenditur
1482 3352 1548 3405 ad
1592 3366 1642 3418 e,
1676 3353 1727 3408 id
1773 3361 1857 3408 est
1902 3364 2026 3410 nete
2071 3355 2185 3411 die-

604 3453 958 3511 zeugmenon,
1007 3457 1134 3497 raro
1181 3452 1361 3497 autem
1410 3443 1704 3498 remittitur
1739 3445 1805 3500 ad
1851 3446 1893 3501 Ι)
1937 3461 2057 3516 quae
2102 3456 2186 3504 est

600 3530 847 3585 lichanos
882 3532 1137 3603 hypaton.
1188 3532 1359 3587 llabet
1407 3532 1718 3604 principalis
1747 3544 1939 3591 cantus
1989 3536 2183 3592 distin-

600 3624 809 3679 ctiones
842 3626 1023 3680 nervis
1043 3641 1135 3681 sex
1164 3627 1398 3692 DEFG,
1432 3644 1460 3683 a
1492 3620 1530 3704 ὴ
1566 3628 1849 3699 possidens
1878 3629 2020 3684 inter
2048 3629 2091 3684 Ε
2131 3637 2187 3685 ει

599 3731 651 3780 e,
684 3717 736 3771 id
761 3728 845 3773 est
876 3718 1018 3773 inter
1052 3721 1248 3790 hypate
1280 3736 1464 3775 meson
1495 3729 1551 3776 et
1584 3731 1706 3777 nete
1733 3722 2183 3794 diezeugmenon,

601 3809 844 3877 quintam
878 3810 1134 3879 diapason
1167 3812 1425 3881 speciem,
1467 3828 1625 3882 supra
1656 3828 1787 3868 vero
1817 3823 1871 3868 et
1910 3813 2049 3868 infra
2091 3830 2189 3869 vo-

602 3917 743 3956 cem.
767 3900 1003 3968 Quartus
1031 3904 1221 3957 modus
1241 3904 1484 3959 ascendit
1504 3904 1568 3958 ad
1597 3897 1656 3981 ὴ,
1685 3903 1737 3959 id
1764 3914 1847 3959 est
1877 3920 2185 3975 paramese,

602 4008 728 4049 raro
764 3993 831 4048 ad
879 4009 910 4049 c
942 4009 1061 4063 qum
1096 4004 1179 4050 est
1230 3995 1356 4050 trite
1405 3996 1866 4067 diezeugmenon;
1910 3998 2189 4054 descendit

601 4100 732 4141 vero
759 4086 824 4139 ad
853 4086 911 4151 Β,
943 4086 1226 4143 continens
1262 4087 1407 4142 inter
1442 4088 1503 4153 Β,
1532 4100 1588 4145 ει
1615 4082 1651 4166 Η
1675 4089 1966 4144 secundam
1992 4089 2043 4144 in
2068 4090 2185 4145 dia-

603 4188 769 4246 pason
787 4176 1037 4245 formam,
1054 4194 1214 4248 supra
1236 4194 1365 4233 vero
1387 4179 1664 4235 chordam.
1698 4178 1864 4249 Cujus
1892 4188 2084 4236 cantus
2104 4196 2190 4236 se-

604 4268 838 4322 cundum
868 4270 1127 4338 quosdam
1158 4285 1253 4325 sex
1284 4269 1762 4341 nervis,‘legaliter
1785 4285 1916 4324 vero
1957 4280 2191 4341 quatuor

605 4358 863 4428 incipitur
892 4359 986 4415 BC
1006 4360 1124 4421 DE,
1151 4368 1206 4415 et
1240 4376 1335 4416 sex
1362 4360 1713 4432 distinguitur
1739 4359 2079 4416 BCDEFG.
2122 4362 2190 4416 Et

607 4447 662 4502 lii
691 4459 816 4502 sunt
847 4451 1113 4505 secundus
1141 4453 1400 4521 magister
1431 4453 1654 4521 ejusque
1679 4452 1995 4522 discipulus.
2028 4451 2183 4518 Quod

608 4538 653 4592 si
686 4539 930 4607 magistri
956 4550 1170 4595 cantum
1204 4542 1247 4595 Ι)
1277 4543 1363 4595 vel
1406 4541 1448 4596 Ε
1498 4544 1802 4613 incmperis,
1850 4559 1955 4598 non
1988 4544 2185 4609 minor,

607 4644 772 4699 quam
799 4630 870 4683 ad
895 4629 947 4693 d,
982 4630 1031 4683 id
1060 4640 1143 4685 est
1171 4642 1426 4700 paranete
1457 4632 1905 4704 diezeugmenon,
1953 4638 2024 4691 sit
2069 4652 2189 4692 mo-

606 4726 709 4779 dus
736 4722 1058 4778 intensionis
1091 4741 1103 4777 :
1137 4722 1248 4795 (26)
1278 4725 1321 4779 si
1353 4724 1620 4793 discipuli,
1650 4742 1757 4781 non
1800 4728 1998 4793 minor,
2023 4744 2187 4798 quam

604 4816 672 4871 ad
713 4814 755 4870 (Ἰ
796 4813 1168 4886 depositionis,
1201 4823 1262 4869 ut
1287 4814 1587 4885 cujusmodi
1620 4816 1693 4871 sit
1742 4817 2071 4875 intendenda
2101 4820 2188 4875 vel

606 4906 932 4963 remittendo
953 4908 1255 4964 discernes.

620 4990 633 5013 ⁵
676 4999 910 5067 Quintus
953 5003 1145 5057 modus
1177 5000 1477 5057 intenditur
1502 5000 1643 5067 ade,
1678 5017 1796 5073 quae
1830 5012 1912 5059 est
1941 5005 2063 5059 trite
2086 5004 2189 5076 by-

603 5091 926 5160 perboleon,
954 5108 1079 5148 raro
1102 5102 1282 5149 autem
1310 5094 1376 5149 ad
1406 5111 1460 5165 g,
1491 5091 1874 5150 et'remittitur
1894 5096 1959 5150 ad
1981 5095 2045 5161 C,
2089 5097 2191 5151 hoc

607 5192 694 5239 est
743 5185 942 5255 hypate
994 5200 1202 5253 meson,
1263 5187 1550 5243 continens
1598 5188 1741 5243 inter
1768 5187 1808 5243 F
1838 5196 1894 5244 et
1926 5190 1949 5242 ἵ
1978 5197 2190 5243 sextam

610 5273 871 5343 diapason
927 5274 1191 5347 speciem,
1223 5294 1387 5350 supra
1410 5294 1542 5334 vero
1588 5291 1643 5334 et
1673 5278 1813 5334 infra
1841 5294 2048 5335 vocem.
2078 5278 2191 5334 Cu-

2286 525 2710 595 diezeugmenon
2738 537 2751 576 :
2785 531 2839 576 et
2864 521 3144 577 descendit
3173 521 3239 574 ad
3261 520 3324 586 C,
3352 535 3471 589 quae
3494 529 3581 575 est
3609 529 3869 591 parypate

2285 617 2545 687 hypaton,
2574 614 2880 684 possidens
2931 615 3071 668 inter
3109 612 3150 667 C
3181 621 3296 667 etc
3338 612 3553 666 tertiam
3606 612 3867 679 diapason

2282 708 2535 771 formam,
2571 722 2732 776 supra
2761 721 2891 762 vero
2923 705 3208 775 aliquando
3236 704 3516 760 chordam.
3549 702 3723 769 Cujus
3746 719 3869 755 can-

2287 808 2371 855 tus
2410 800 2670 870 principia
2701 798 2890 868 legalia
2921 807 3045 853 sunt
3066 807 3319 868 quatuor,
3350 794 3390 851 C
3420 796 3462 849 D
3499 796 3540 849 E
3572 794 3636 858 F,
3672 811 3868 847 secun-

2282 888 2409 946 dum
2434 891 2695 961 quosdam
2718 905 2835 955 sex,
2860 890 2999 944 sicut
3019 897 3075 943 et
3095 886 3475 942 distinctiones
3500 886 3545 939 Ο
3563 885 3608 939 D
3634 883 3676 937 Ε
3703 882 3865 947 FGa,

2283 992 2340 1038 et
2369 991 2496 1037 sunt
2534 985 2731 1055 tertius
2765 982 3025 1050 magister
3051 981 3275 1050 ejusque
3305 977 3624 1048 discipulus.
3667 976 3726 1031 Si
3763 993 3869 1029 ma-

2284 1070 2437 1144 gistri
2474 1082 2693 1126 cantum
2729 1072 2771 1127 E
2803 1072 2884 1127 vel
2929 1071 2968 1125 F
3009 1069 3365 1129 incltoaveris,
3418 1069 3484 1122 ad
3516 1083 3571 1131 e,
3620 1083 3749 1136 quae
3793 1078 3870 1120 est

2285 1172 2408 1217 nete
2438 1163 2880 1232 diezeugmenon,
2912 1161 2983 1216 sit
3017 1160 3274 1215 minimus
3302 1159 3491 1214 modus
3518 1157 3868 1219 intensionis,

2287 1258 2534 1329 discipuli
2564 1274 2694 1312 vero
2724 1259 2790 1312 ad
2823 1256 2862 1310 Β
2889 1256 3255 1322 remissionis,
3287 1262 3343 1310 u't
3372 1254 3458 1309 cui
3491 1253 3750 1323 deputari
3786 1254 3872 1307 de-

2285 1349 2415 1405 beat
2447 1350 2536 1404 tali
2564 1348 2866 1405 differentia
2894 1348 3137 1417 pateﬁat.

2357 1482 2632 1552 Septimus
2679 1481 2873 1537 modus
2904 1480 3207 1537 intenditur
3236 1481 3302 1535 ad
3338 1494 3391 1549 g,
3418 1479 3471 1533 id
3502 1486 3589 1534 est
3613 1485 3873 1547 paranete

2282 1573 2671 1645 byperboleon,
2699 1582 2749 1626 et
2774 1572 3069 1627 remittitur
3095 1572 3162 1626 ad
3210 1571 3273 1635 E,
3310 1571 3363 1626 id
3402 1580 3487 1626 est
3511 1571 3582 1625 ad
3610 1578 3865 1640 parypate

2285 1680 2503 1731 meson,
2534 1665 2822 1721 continens
2872 1664 3013 1720 inter
3038 1662 3083 1719 G
3105 1672 3161 1718 et
3204 1679 3237 1733 g
3272 1664 3559 1734 septimam
3613 1663 3868 1731 diapason

2210 1787 2256 1847 Β
2287 1758 2545 1827 speciem,
2574 1770 2733 1826 supra
2766 1770 2897 1810 vero
2925 1764 2980 1810 et
3028 1754 3168 1809 infra
3218 1770 3428 1810 vocem.
3473 1752 3655 1821 Hujus
3682 1763 3869 1807 cantus

2282 1847 2550 1920 principia
2599 1856 2655 1903 et
2724 1847 3098 1903 distinctiones
3138 1856 3267 1903 sunt
3311 1862 3428 1911 sex,
3477 1846 3519 1901 F
3569 1844 3617 1901 G
3656 1843 3866 1929 πικρά.

2283 1938 2522 1995 Octavus
2558 1940 2747 1995 modus
2795 1939 3039 1994 ascendit
3075 1939 3142 1993 ad
3179 1938 3235 2003 d,
3269 1939 3322 1993 id
3350 1946 3434 1993 est
3461 1948 3735 2006 paranete
3763 1939 3867 1991 die-

2284 2045 2621 2099 zeugmenon
2646 2070 2661 2095 ,
2690 2044 2816 2085 raro
2844 2038 3024 2085 autem
3056 2030 3122 2084 ad
3150 2044 3201 2094 e,
3235 2027 3517 2083 descendit
3552 2042 3696 2082 vero
3725 2028 3791 2081 ad
3811 2027 3867 2089 D,

2284 2121 2337 2177 id
2374 2132 2458 2179 est
2500 2121 2743 2179 lichanos
2792 2122 3056 2193 hypaton,
3103 2121 3385 2191 possidens
3439 2120 3586 2174 inter
3636 2119 3683 2173 ι)
3736 2126 3792 2172 ει
3820 2119 3868 2181 d,

2285 2211 2580 2269 secundum
2628 2212 2863 2283 primum
2912 2213 3264 2281 magistrum,
3316 2220 3566 2281 quartam
3615 2211 3871 2278 diapason

2286 2302 2538 2368 formam,
2561 2318 2721 2374 supra
2743 2319 2868 2358 veru
2888 2303 3168 2358 chordam.
3194 2301 3348 2358 Hunc
3369 2301 3515 2357 enim
3537 2300 3871 2355 Ptolomaeus

2288 2398 2570 2461 adnexuil,
2617 2406 2671 2452 et
2718 2396 2843 2467 quia
2903 2396 3159 2467 diapason
3210 2403 3401 2452 octava
3458 2397 3648 2467 specie
3702 2404 3869 2458 caret,

2286 2498 2537 2558 quartam
2575 2499 2633 2543 ut
2662 2488 2869 2558 primus
2899 2488 3161 2553 obtinuit;
3191 2487 3308 2559 qui,
3336 2488 3591 2561 quamvis
3624 2488 3869 2543 eamdem

2287 2581 2487 2637 habeat
2544 2582 2804 2651 speciem,
2856 2581 3127 2638 diversam
3184 2580 3348 2637 habet
3395 2578 3613 2635 ﬁnalem
3661 2588 3723 2634 et
3766 2593 3872 2634 non

2286 2674 2530 2729 eamdem
2563 2674 2629 2727 ad
2655 2673 2697 2730 C
2734 2674 3131 2729 remissionem.
3175 2673 3346 2743 Hujus
3371 2681 3565 2729 cantus
3619 2671 3775 2726 initia
3812 2682 3870 2725 ut

2285 2766 2514 2822 aliorum
2544 2766 2926 2837 discipulorum
2955 2766 3148 2836 legalia
3177 2774 3304 2821 sunt
3323 2774 3578 2834 quatuor,
3601 2763 3647 2817 D
3669 2764 3711 2818 E
3733 2764 3774 2818 ιτ
3792 2763 3866 2827 G;

2286 2870 2541 2929 usurpata
2573 2875 2698 2925 sex,
2729 2859 2870 2915 sicut
2896 2859 3270 2915 distinctiones
3295 2857 3399 2912 DE
3427 2855 3467 2911 F
3492 2855 3538 2910 G
3569 2871 3599 2909 a
3724 2856 3791 2911 Et
3816 2856 3869 2911 hi

2287 2956 2411 3005 sunt
2441 2957 2666 3020 quartus
2713 2950 2973 3020 magister
3016 2949 3242 3018 ejusque
3285 2947 3603 3017 discipulus.
3651 2947 3712 3001 Si
3757 2958 3871 3000 ma-

2286 3042 2440 3116 gistri
2471 3050 2690 3097 cantum
2723 3041 2761 3096 F
2795 3040 2879 3095 vel
2928 3040 2974 3095 G
3025 3039 3336 3108 ineat-peris.
3377 3037 3444 3092 ad
3474 3037 3508 3097 l‘,
3540 3036 3594 3091 id
3623 3045 3711 3091 est
3752 3036 3872 3090 trite

2211 3150 2254 3213 ς
2286 3134 2652 3207 hyperboleon
2698 3134 2770 3187 sit
2826 3131 3082 3186 minimus
3131 3130 3321 3185 modus
3381 3127 3748 3205 intensionis;
3787 3126 3873 3180 di-

2286 3225 2476 3296 scipuli
2519 3237 2648 3279 vero
2683 3238 2846 3279 causa
2888 3222 3215 3292 supradicta:
3255 3219 3576 3276 differentia:
3609 3218 3677 3273 ad
3711 3217 3752 3272 Ε
3789 3231 3867 3272 re-

2287 3333 2589 3375 mlSSIODIS.

2359 3455 2487 3511 Bato
2530 3462 2614 3510 est
2658 3451 2843 3523 regula
2892 3447 3212 3506 intensionis
3258 3454 3317 3501 et
3362 3444 3703 3501 remissionis
3752 3450 3872 3498 octo

2287 3546 2599 3608 modorum,
2636 3553 2693 3598 et
2722 3544 2837 3598 haec
2881 3549 2965 3596 est
3008 3541 3279 3608 sequenda
3324 3537 3409 3591 lex
3448 3551 3660 3595 eorum.
3713 3549 3872 3602 quam

2285 3653 2386 3708 per
2414 3636 2748 3706 singulorum
2798 3644 3047 3688 tonorum
3096 3629 3296 3700 proprii
3347 3636 3544 3683 cantus
3589 3626 3875 3680 dissonan-

2287 3732 2417 3785 tiam
2451 3727 2662 3784 subtilis
2694 3735 2749 3780 et
2776 3734 2933 3780 cauta
2964 3722 3343 3777 modernorum
3368 3717 3618 3773 exaravit
3644 3715 3872 3785 diligen-

2289 3822 2382 3876 tia.
2412 3818 2726 3887 Antiquitus
2758 3816 2903 3870 enim
2934 3812 3254 3875 authentiei,
3286 3825 3408 3865 cum
3440 3807 3618 3879 plagis
3645 3807 3747 3861 etsi
3771 3821 3870 3858 non

2287 3910 2571 3982 aequaliter
2597 3908 3046 3971 intendebantur,
3079 3903 3447 3959 indifferenter
3473 3909 3655 3955 tamen
3687 3914 3874 3954 omnes

2287 4002 2344 4058 in
2374 4009 2623 4072 quartam
2653 3999 2739 4054 vel
2767 3999 2818 4053 in
2856 3998 3102 4069 quintam
3141 3995 3400 4051 ehordam
3434 3993 3871 4051 remittebantur,

2290 4095 2434 4166 quod
2463 4092 2640 4147 adhuc
2689 4090 2981 4145 multorum
3024 4097 3279 4144 cantuum
3322 4085 3699 4140 indiderentes
3737 4084 3876 4137 inter

2290 4185 2583 4240 authentos
2617 4193 2673 4238 et
2719 4180 3029 4253 subjugaies
3068 4181 3360 4234 descensus
3397 4185 3689 4232 testantur.
3725 4173 3873 4230 Unde

2290 4278 2345 4332 in
2378 4276 2625 4348 pluribus
2648 4274 2919 4329 interdum
2944 4288 3042 4343 pro
3071 4286 3319 4335 ascensu,
3359 4268 3599 4322 maxime
3626 4282 3759 4321 vero
3782 4280 3876 4334 pro

2291 4367 2552 4422 descensu
2585 4364 2644 4419 ﬁt
2675 4379 2817 4433 saepe
2840 4363 3087 4417 dubietas
3117 4370 3297 4415 utrum
3334 4358 3600 4413 authento
3634 4373 3704 4410 an
3739 4355 3873 4426 plagi

2291 4473 2479 4513 eorum
2510 4457 2784 4513 tribuatur
2810 4456 3135 4527 proprietas.
3182 4453 3319 4508 Hine
3342 4450 3590 4521 juniores
3625 4448 3876 4506 subtilius

2292 4557 2347 4603 et
2371 4548 2584 4603 acutius
2611 4545 2970 4617 adjudicando
3000 4554 3054 4600 et
3083 4543 3287 4600 certius
3319 4541 3659 4613 legaliusque
3688 4539 3877 4593 discri-

2294 4639 2590 4703 minantcs,
2622 4652 2723 4692 nec
2745 4652 2812 4691 ex
2845 4637 2959 4691 toto
2990 4634 3226 4711 antiquis
3259 4631 3613 4688 consentiunt
3635 4671 3651 4696 ,
3687 4645 3788 4684 nec
3814 4644 3876 4682 ex

2293 4740 2407 4786 toto
2444 4729 2796 4785 dissentiunt.
2825 4728 2986 4781 Aiunt
3016 4726 3159 4780 enim
3202 4733 3456 4794 oportere
3495 4722 3641 4775 inter
3691 4718 3879 4774 modos

2291 4831 2474 4879 certas
2502 4836 2624 4876 esse
2650 4818 3014 4882 diﬂ‘erentias,
3061 4825 3119 4869 ut
3154 4814 3524 4883 cujuscunque
3563 4812 3710 4867 modi
3749 4813 3878 4875 sint,

2292 4927 2621 4989 cognoscere
2648 4912 2917 4985 possimus
2940 4908 3260 4965 cantilenas.
3295 4906 3401 4961 Sed
3431 4907 3477 4960 si
3510 4906 3724 4975 primus
3756 4920 3880 4957 mo-

2296 5008 2397 5064 dus
2423 5006 2492 5060 ab
2519 5012 2673 5060 acuta
2709 5004 2821 5060 ead
2844 5003 2910 5070 A,
2943 5003 2993 5056 id
3023 5009 3130 5062 est,
3154 4993 3326 5053 a'nete
3356 4996 3790 5065 diezeugmenon
3814 4993 3881 5047 ad

2293 5098 2877 5171 proslambanomenon
2942 5094 3281 5155 remittatur;
3346 5091 3617 5145 secundus
3671 5101 3805 5139 vero
3850 5099 3881 5137 a

2295 5203 2599 5260 paramese,
2632 5204 2752 5259 quae
2793 5198 2876 5243 est
2910 5184 2965 5262 ὴ,
3002 5186 3068 5240 ad
3106 5183 3352 5239 eamdem
3390 5181 3435 5235 A
3467 5180 3805 5249 deponatur
3836 5174 3883 5229 si

2295 5281 2439 5336 inter
2466 5282 2511 5336 A
2543 5290 2596 5336 et
2625 5297 2677 5346 a,
2711 5281 2762 5336 id
2796 5288 2899 5344 est,
2933 5281 3074 5333 inter
3105 5290 3255 5332 mese
3290 5282 3344 5329 et
3377 5271 3884 5342 proslambanome-
