4072 5350
205 292 382 351 “09

1415 301 1789 360 PROLOGUS
1828 302 1894 357 ιε(
1936 301 2315 362 ΤΟΝΑΚΙΟΜ.

3376 314 3517 370 lllO

206 407 679 465 incertitudinem
708 414 1125 483 propulsandam
1148 416 1516 486 praescriptam
1542 416 1822 487 juniorum
1849 423 1902 480 Δ
1926 418 2221 473 authentici
2248 418 2353 474 erit
2382 436 2397 474 :
2429 419 2570 489 quod
2600 418 2955 491 frequentius,
2984 438 3145 492 quam
3171 433 3245 481 ιιιι
3264 431 3514 499 exemplo

202 498 537 568 probamus
562 502 800 570 regulam
834 504 970 576 (Ἦ).

290 590 359 644 9.
421 592 534 661 (28)
589 593 701 663 (29)
752 594 1305 654 Animadvertendum
1369 616 1515 657 nunc
1564 612 1649 657 est
1698 617 1822 658 cum

203 681 420 736 omnis
460 684 806 740 authenticus
852 702 882 739 a
912 702 1010 742 suo
1042 690 1188 745 ﬁnali
1222 691 1489 762 incipiens
1514 693 1741 748 licenter
1769 694 1823 748 in

102 807 112 813 -
206 787 444 826 nonum
475 787 668 828 sonum
714 778 999 845 ascendat;
1048 796 1154 835 non
1187 784 1328 852 quod
1359 798 1577 852 semper
1608 784 1661 839 id
1693 800 1821 840 eve-

206 862 369 927 niat,
417 864 510 918 sed
538 864 678 933 quod
732 867 845 921 haec
890 867 1008 936 ejus
1038 873 1330 928 scandendi
1357 874 1429 929 sit
1468 885 1741 945 potestas,
1768 884 1825 931 et

208 951 455 1007 nonnisi
487 953 539 1007 in
589 954 690 1008 sibi
738 956 974 1012 vicinum
999 969 1053 1014 et
1078 961 1368 1033 aliquando
1398 965 1449 1019 in
1478 966 1717 1032 tertium,
1764 975 1831 1021 ut

205 1056 398 1111 supra
430 1043 591 1096 etiam
621 1045 823 1114 aliquid
848 1050 1145 1118 tetigimus,
1170 1052 1486 1109 descendat.
1514 1055 1824 1127 Subjugalis

204 1145 359 1188 vero
393 1133 514 1202 ejus
557 1135 615 1189 in
643 1138 896 1206 quintum
936 1139 1111 1196 locum
1152 1146 1439 1212 ascendat,
1476 1147 1526 1200 in
1567 1158 1819 1217 quartum

208 1233 418 1277 autem
449 1240 551 1280 nec
579 1241 683 1281 non
705 1240 760 1282 et
788 1231 1112 1301 quandoque
1143 1234 1195 1291 in
1216 1236 1464 1303 quintum
1493 1236 1817 1305 descendat;

204 1321 269 1367 et.
295 1327 371 1367 ex
406 1314 513 1369 hoc
545 1316 719 1372 facilis
757 1320 831 1373 sit
854 1322 1090 1390 cognitio
1120 1326 1423 1381 authentici
1458 1328 1541 1382 vel
1575 1330 1656 1384 sui
1694 1332 1823 1386 sub-

198 1405 427 1475 jugalis
458 1408 593 1476 (50).
622 1410 759 1476 Quid
789 1412 856 1466 de
886 1414 970 1468 his
992 1416 1062 1469 sit
1090 1418 1462 1487 sentiendum,
1496 1421 1587 1490 qui
1621 1436 1721 1477 nec
1750 1424 1819 1479 ad

207 1496 492 1565 diapente
538 1500 852 1571 pertingunt
879 1505 1027 1576 (3i),
1059 1505 1175 1578 [nec
1221 1508 1442 1577 inferius
1491 1512 1819 1569 diatessaron

203 1585 576 1660 adrnittunt],
612 1589 701 1645 vel
727 1608 890 1663 supra
928 1596 1178 1666 diapente
1214 1598 1553 1656 diatessaron
1595 1604 1819 1660 minime

202 1674 456 1741 habent,
490 1680 583 1733 sed
610 1696 712 1737 nec
738 1681 966 1740 inferius
995 1688 1063 1742 ad
1101 1688 1439 1746 diatessaron
1468 1695 1813 1766 pet-tingunt;

1927 506 2190 577 indigeat,
2233 509 2455 565 evenire
2503 509 2685 566 solet:
2719 512 2966 582 quamvis
3015 514 3118 568 hoc
3166 530 3273 571 non
3312 534 3513 588 nsque-

1925 612 2139 666 quaque
2167 600 2444 667 prot'edat,
2479 611 2537 655 ut
2561 601 2615 656 in
2644 602 2729 656 illa
2753 604 3050 673 antiphona
3074 606 3282 662 adverti
3312 619 3514 678 potest,

1926 697 2037 744 aut.
2070 688 2181 744 Iste
2208 695 2465 761 cognovit,
2496 710 2618 763 qua:
2644 712 2808 766 supra
2837 698 3089 767 diapente
3125 701 3415 758 semitonio
3449 719 3514 759 ac

1927 791 2054 835 tono
2104 784 2394 851 ascendit;
2453 786 2595 841 infra
2649 788 2867 844 ﬁnalem
2917 804 3047 844 vero
3110 792 3320 848 duobus
3368 795 3516 850 tonis

1925 877 2222 933 descendit.
2257 879 2428 946 Quam
2462 889 2640 937 tamen
2687 892 2882 952 quarto
2914 892 3040 939 tono
3080 884 3198 941 ideo
3236 896 3514 955 aptamus,

1924 971 2048 1040 quia
2103 972 2262 1026 tertio
2307 973 2576 1042 euphonia
2635 986 2969 1044 repugnante
3010 978 3315 1046 nequimus.
3376 978 3511 1037 ltem

1923 1061 2053 1115 Ant.
2082 1061 2226 1115 Dixit
2250 1060 2431 1115 Caesar
2450 1063 2519 1115 ad
2542 1062 2910 1135 Hippolytum,
2940 1082 3063 1122 cum
3096 1077 3224 1123 tono
3251 1076 3309 1123 et
3347 1069 3516 1125 semi-

1926 1151 2075 1206 tonio
2119 1167 2283 1221 supra
2326 1153 2577 1222 diapente
2626 1154 2787 1209 altius
2830 1140 3129 1225 ascendat,
3176 1176 3281 1215 non
3330 1170 3519 1216 tamen

1923 1240 2066 1295 hanc
2099 1241 2396 1296 secundum
2425 1242 2662 1312 regulam
2696 1245 2926 1314 septimo
2952 1288 2967 1311 ,
2997 1249 3091 1302 sed
3137 1258 3331 1304 octavo
3364 1249 3510 1320 regi-

1924 1347 2045 1386 mns
2084 1344 2240 1396 tono,
2289 1349 2397 1386 non
2447 1334 2501 1387 id
2549 1335 2683 1388 artis
2731 1335 3048 1405 magisterio
3096 1338 3376 1403 dictante,
3412 1339 3511 1396 sed

1923 1425 2070 1478 vocis
2118 1440 2251 1480 sono
2274 1435 2519 1494 cogente.
2548 1425 2643 1480 Sin
2673 1435 2854 1481 autem
2902 1427 3127 1485 inferius
3169 1431 3513 1490 diatessaron

1923 1516 2175 1570 habuerit
2203 1558 2217 1581 ,
2251 1516 2549 1588 subjugalis
2575 1519 2680 1572 erit
2703 1558 2717 1581 ,
2761 1527 2821 1572 ut
2845 1519 2897 1573 in
2925 1519 3028 1574 hac
3061 1528 3176 1575 ant.
3222 1521 3290 1576 In
3318 1524 3512 1593 spiritu

1920 1606 2232 1660 humilitatis
2259 1648 2276 1672 ,
2310 1607 2399 1661 ubi
2432 1608 2484 1661 in
2516 1623 2582 1662 eo
2621 1607 2739 1663 loco
2767 1627 2781 1661 :
2810 1609 2884 1663 sic
2910 1610 3004 1678 ﬁat
3028 1651 3043 1676 ,
3079 1610 3331 1679 diapente
3374 1620 3511 1669 tono

1921 1698 2327 1768 supergreditur
2349 1739 2364 1763 ,
2409 1699 2501 1753 sed
2533 1699 2660 1769 quia
2691 1700 3033 1755 diatessaron
3080 1702 3243 1757 habet
3284 1700 3513 1759 inferius

203 1769 298 1824 Vel
327 1771 380 1824 si
419 1770 767 1830 diatessaron
796 1778 1014 1846 quidem
1049 1780 1277 1838 inferius
1304 1784 1538 1851 habent,
1569 1795 1625 1842 et
1651 1804 1813 1859 supra
1847 1773 1895 1836 Β
1922 1786 2023 1842 hoc
2047 1787 2166 1843 loco
2198 1802 2213 1841 :
2245 1789 2419 1853 hodie,
2447 1787 2763 1861 subjugalis,
2793 1799 2851 1845 ut
2879 1807 3039 1864 supra
3080 1792 3316 1850 diximus
3342 1834 3357 1858 ,
3378 1794 3507 1850 erit.

202 1860 486 1932 diapente
519 1863 748 1934 aliquid,
795 1881 903 1923 non
937 1878 1117 1925 tamen
1159 1887 1333 1942 usque
1377 1875 1445 1929 ad
1475 1876 1815 1936 diatessaron

206 1954 576 2020 ascendunt;
615 1956 735 2011 talis
768 1958 912 2013 enim
937 1961 1075 2016 ordo
1096 1977 1260 2032 super
1287 1963 1373 2019 bis
1402 1966 1559 2021 nobis
1588 1977 1673 2023 est
1701 1984 1818 2025 ser-

206 2044 463 2099 vandus.
497 2043 558 2100 Si
591 2048 715 2116 quis
743 2058 939 2105 cantus
963 2066 994 2105 a
1020 2050 1169 2107 ﬁnali
1198 2068 1296 2109 suo
1324 2056 1391 2111 ad
1420 2056 1676 2127 diapente
1707 2076 1814 2116 non

203 2136 520 2208 pertingit,
551 2153 653 2194 nec
698 2139 1042 2198 diatessaron
1091 2143 1321 2200 inferius
1371 2147 1535 2203 habet
1583 2166 1682 2219 pro
1730 2151 1815 2207 sui

207 2225 499 2282 brevitate
528 2228 613 2283 vel
655 2230 1087 2302 imperfectione,
1135 2235 1373 2293 solemus
1394 2254 1517 2294 eum
1549 2243 1815 2314 subjugali

208 2317 540 2388 designare,
569 2322 801 2393 exempli
832 2340 1023 2391 causa,
1052 2327 1194 2382 inter
1219 2339 1437 2399 protum
1460 2341 1516 2388 et
1545 2332 1661 2402 ejus
1681 2338 1813 2393 sub-

200 2406 499 2479 jugal‘em:
554 2413 763 2483 antipb.
819 2415 1103 2473 Benedicat
1145 2437 1239 2475 nos
1282 2422 1422 2477 Deus
1476 2424 1657 2493 Deus;
1696 2438 1810 2484 ant.

206 2500 383 2557 Beata
425 2513 637 2571 mater;
679 2516 792 2563 ant.
844 2509 972 2565 Caeli
1013 2513 1295 2581 caelorum;
1351 2527 1466 2574 ant.
1514 2518 1581 2575 In
1607 2538 1814 2578 omnem

205 2599 447 2658 terram;
495 2604 607 2650 aut.
641 2597 795 2653 Iuste
822 2610 868 2653 et
902 2601 1018 2670 pie;
1044 2614 1157 2659 ant.
1194 2604 1347 2661 Iuste
1369 2608 1628 2676 judicate.
1669 2612 1815 2668 Inter

207 2686 509 2743 deuterum
539 2697 595 2744 et
621 2690 738 2759 ejus
787 2692 1005 2765 plagin:
1050 2697 1178 2752 Ant.
1225 2699 1508 2756 Benedicat
1533 2714 1675 2758 terra
1704 2706 1815 2760 Do-

208 2778 376 2843 mino,
404 2779 544 2835 licet
571 2791 832 2852 quantum
855 2785 923 2838 ad
944 2784 1208 2854 judicium
1236 2792 1449 2846 aurium
1491 2796 1813 2850 convenien-

210 2867 319 2923 tius
347 2879 521 2926 sonet
541 2874 606 2927 ad
632 2882 737 2928 tert
759 2891 849 2930 unt
889 2892 1049 2946 quam
1085 2881 1153 2934 ad
1187 2891 1440 2950 quartum
1460 2924 1475 2949 ,
1502 2900 1609 2939 non
1635 2887 1811 2943 solum

210 2970 461 3026 praesens
488 2961 674 3031 regula
701 2976 982 3034 repugnat,
1005 2983 1191 3023 verum
1222 2970 1461 3038 etiamsi,
1484 2971 1639 3041 juxta
1672 2977 1812 3033 hanc

212 3052 620 3120 sonoritatem,
656 3054 830 3124 ipsam
877 3059 1010 3114 velis
1045 3058 1325 3128 inchoare,
1373 3064 1521 3121 nullo
1552 3068 1710 3124 modo
1742 3071 1808 3125 ad

213 3140 438 3198 ﬁnalem
463 3152 620 3199 recto
652 3149 870 3203 tramite
897 3154 1100 3219 poteris
1132 3156 1375 3211 canendo
1401 3161 1707 3226 pervenire.
1738 3162 1810 3217 At

212 3230 258 3283 si
292 3232 444 3287 hanc
474 3234 544 3287 ad
594 3234 957 3294 diﬂ‘erentiam
985 3243 1162 3311 quarti
1196 3245 1306 3299 toni
1337 3247 1410 3301 ita
1458 3247 1618 3304 ﬁnias
1643 3268 1811 3305 σιτευ-

211 3318 385 3377 larum
422 3341 603 3388 amen,
637 3341 701 3381 ac
725 3329 1015 3408 semitonio
1041 3332 1226 3401 altius,
1254 3336 1308 3389 id
1334 3344 1448 3403 est,
1490 3353 1518 3390 a
1547 3352 1810 3411 parypate

212 3429 403 3473 meson
443 3416 709 3487 incipias,
740 3421 946 3493 absque
973 3424 1194 3482 laesione
1223 3431 1427 3498 poteris
1475 3434 1543 3487 ad
1593 3433 1806 3492 ﬁnalem

212 3509 529 3575 pervenire.
572 3509 629 3564 Si
657 3527 788 3568 vero
824 3514 890 3567 ad
919 3514 1168 3586 diapente
1196 3521 1413 3588 quidem
1444 3524 1722 3592 pervenit,
1754 3534 1810 3579 et

214 3612 317 3653 nec
363 3615 535 3671 supra
582 3615 684 3657 nec
729 3602 869 3659 infra
921 3606 1255 3663 diatessaron
1307 3611 1501 3678 habet;
1535 3614 1659 3682 quia
1699 3617 1812 3670 dia-

213 3699 375 3758 pente
402 3693 697 3747 amborum
726 3709 1017 3753 commune
1048 3708 1162 3765 est,
1200 3709 1391 3757 cantus
1415 3719 1628 3773 quoque
1653 3721 1804 3761 com-

214 3782 395 3836 munis
431 3784 538 3849 sit;
575 3784 647 3839 ita
677 3793 856 3841 tamen
880 3797 938 3841 ut
963 3804 1149 3844 eorum
1173 3790 1326 3847 alteri
1357 3793 1625 3849 tribuatur
1652 3794 1807 3864 cujus

213 3880 269 3931 et
296 3872 643 3944 frequentior
673 3893 801 3933 usus
835 3879 1087 3935 habetur.
1138 3882 1279 3938 Ecce
1329 3884 1427 3939 has
1479 3886 1806 3956 antiphonas

213 3963 296 4016 vel
325 3964 414 4020 his
462 3966 692 4034 similes,
724 3969 775 4023 id
820 3979 922 4036 est,
955 3982 1068 4027 ant.
1102 3973 1275 4028 Biduo
1312 3977 1511 4041 vivens;
1539 3988 1652 4033 ant.
1687 3979 1806 4035 Lua:

213 4063 327 4108 orta
356 4066 459 4123 est,
498 4058 566 4113 ad
592 4068 808 4128 protum
853 4064 1120 4119 canimus.
1155 4065 1262 4122 llas
1292 4082 1448 4133 vero,
1479 4085 1599 4138 qua:
1638 4072 1803 4128 simili

215 4143 375 4197 modo
415 4145 714 4216 incipiunt,
757 4150 810 4207 in
860 4156 1109 4209 eumdem
1155 4154 1339 4213 locum,
1377 4160 1682 4233 as‘pendunt
1738 4178 1804 4218 ac

214 4232 552 4291 descendunt
610 4239 665 4294 in
713 4244 1001 4310 eumdem,
1055 4246 1109 4302 id
1151 4257 1238 4303 est
1288 4258 1401 4305 aut.
1444 4232 1499 4305 70
1547 4252 1799 4321 Domine,

214 4322 449 4392 salvum;
485 4339 601 4384 ant.
644 4329 866 4389 Oblatas
900 4347 974 4391 est
1017 4338 1083 4393 ad
1123 4340 1458 4411 subjugalem
1494 4342 1612 4415 ejus
1647 4347 1802 4401 cani-

216 4428 353 4470 mus.

1838 3131 1883 3194 C

1922 1878 2017 1931 Vel
2050 1887 2199 1933 certe
2241 1878 2285 1932 si
2324 1878 2646 1949 utrumque”,
2698 1889 2755 1936 et
2782 1896 2942 1952 supra
2984 1882 3235 1951 diapente
3277 1891 3333 1938 et
3368 1882 3512 1939 intra

1920 1968 2254 2023 diatessaron
2317 1968 2589 2024 invenitur
2641 1971 2846 2026 habere
2878 2012 2893 2038 ,
2960 1972 3274 2028 authentico
3334 1973 3510 2040 magis

1918 2058 2077 2114 debet
2124 2059 2318 2128 aptari.
2359 2059 2679 2131 Quanquam
2722 2062 2836 2118 hare
2869 2062 3054 2133 regula
3082 2064 3282 2132 partim
3314 2073 3503 2119 canto-

1918 2166 2037 2204 rum
2082 2151 2321 2217 inscitia,
2350 2153 2546 2220 partim
2598 2152 2757 2223 longo
2803 2169 2900 2208 usu
2954 2155 3253 2209 inveterato
3294 2161 3509 2209 constet

1917 2245 2141 2300 omnino
2173 2246 2224 2299 in
2261 2246 2446 2300 multis
2486 2246 2671 2300 vitiata
2699 2286 2714 2312 ,
2759 2255 2869 2300 tum
2915 2246 2968 2300 in
3012 2243 3509 2314 quotidianisanti-

1917 2337 2135 2407 phonis,
2165 2352 2285 2406 qua:
2319 2337 2667 2392 inveniuntur
2690 2337 3002 2407 compositae
3022 2351 3085 2391 ex
3115 2335 3363 2406 psalmis,
3392 2344 3520 2390 tum.

1918 2427 2080 2480 etiam
2133 2427 2185 2479 in
2234 2425 2356 2479 aliis
2403 2425 2649 2495 plurimis
2699 2426 3064 2494 cantionibus,
3119 2424 3173 2479 in
3224 2424 3507 2479 nocturnis

1917 2515 2167 2571 videlicet
2192 2531 2255 2570 ac
2283 2515 2510 2570 diurnis.
2558 2514 2711 2583 Quod
2753 2517 2975 2587 quidem
3016 2515 3082 2569 ad
3128 2514 3367 2585 regulam
3405 2513 3524 2569 alio,

1918 2617 2183 2679 quatenus
2224 2618 2407 2680 posset
2449 2609 2682 2679 corrigi,
2730 2610 2775 2665 si
2830 2609 3017 2665 inclita
3056 2606 3393 2663 consuetudo
3435 2606 3504 2660 ab

1917 2716 2012 2755 ore
2050 2701 2386 2755 cantantium
2431 2701 2702 2771 potuisset
2744 2700 2851 2757 ullo
2888 2700 3049 2756 modo
3097 2698 3281 2763 evelli,
3330 2705 3390 2753 ut
3436 2714 3503 2751 ex

1917 2794 2105 2864 paucis
2131 2794 2317 2848 subter
2342 2793 2532 2862 positis
2562 2792 2791 2862 liquebit
2830 2791 3121 2861 exemplis.
3152 2790 3277 2849 Ant.
3308 2786 3500 2842 Petrus

1917 2893 2093 2938 autem
2122 2884 2429 2938 servabatur
2454 2923 2469 2948 ,
2502 2899 2623 2953 qua:
2665 2897 2788 2937 cum
2825 2882 2896 2935 sit
2934 2880 3095 2952 primi
3131 2878 3242 2933 toni
3274 2918 3288 2943 ,
3317 2883 3371 2931 et
3405 2890 3507 2945 per.

1917 2989 2074 3029 suum
2108 2973 2482 3032 diastema-vel
2512 2981 2773 3045 systema,
2796 2973 2899 3027 hoc
2921 2980 3024 3036 est,
3046 2968 3162 3024 cola
3185 2977 3238 3023 et
3264 2983 3498 3032 comma,

1918 3081 2131 3135 semper
2160 3050 2227 3118 ad
2261 3065 2471 3120 ﬁnalem
2496 3064 2656 3135 primi
2689 3064 2802 3118 toni
2835 3069 3103 3125 recurrat,
3130 3062 3203 3115 ita
3229 3058 3495 3123 canendo,

1915 3165 2026 3210 ant.
2054 3154 2446 3211 Petrusautent
2468 3155 2770 3210 servabatur
2789 3155 2842 3207 in
2865 3168 3091 3216 carcere,
3111 3150 3222 3221 ('52)
3255 3150 3400 3213 item,
3427 3148 3500 3203 Et

1915 3254 2084 3305 oratio
2132 3251 2289 3320 ﬁebat
2334 3267 2429 3320 pro
2470 3267 2528 3303 eo
2564 3249 2675 3303 sine
2719 3247 3104 3302 intermissione
3144 3244 3209 3298 ab
3235 3239 3499 3325 Ecclesia.

1915 3343 2017 3399 Ubi
2052 3344 2104 3397 in
2142 3360 2193 3407 a,
2225 3343 2430 3414 syllaba
2460 3342 2597 3411 apud
2624 3341 2885 3409 quosdam
2917 3338 3107 3408 incipit
3145 3354 3176 3392 a
3221 3344 3373 3392 recto
3402 3335 3504 3392 de-

1912 3434 2081 3499 viare,
2122 3443 2177 3488 et
2205 3434 2255 3487 in
2292 3433 2508 3499 tertium
2548 3431 2630 3485 vel
2662 3439 2914 3501 quartum
2958 3439 3142 3484 tonum
3184 3427 3493 3491 declinare,

1911 3529 2055 3599 quod
2091 3537 2266 3582 tamen
2299 3504 2512 3581 talibus,
2544 3525 2787 3589 neumis,
2829 3524 2872 3578 si
2909 3523 3030 3592 quis
3061 3528 3214 3575 curat
3237 3561 3251 3585 ,
3297 3517 3501 3590 poterit

1910 3618 2221 3682 emendare,
2254 3625 2313 3671 ut
2343 3616 2423 3671 sic
2451 3624 2611 3670 canat
2637 3655 2652 3680 ,
2683 3614 2748 3668 ab
2775 3612 3010 3666 Ecclesia
3041 3610 3112 3663 ad
3143 3609 3329 3662 Deum.
3360 3607 3497 3663 Item

1909 3718 2020 3764 ant.
2063 3706 2131 3761 Et
2171 3708 2531 3777 respicientes,
2574 3714 2686 3762 aut.
2736 3702 2931 3760 Pastor
2976 3702 3140 3755 bonus
3169 3740 3185 3766 ,
3229 3714 3353 3753 cum
3386 3697 3507 3755 sint

1908 3798 2081 3869 magis
2112 3797 2255 3851 tertii
2290 3797 2423 3860 toni,
2453 3796 2593 3865 apud
2641 3794 2928 3865 plerosque
2960 3791 3139 3845 minus
3168 3787 3492 3860 regulariter

1907 3892 2211 3945 sortiuntur
2238 3889 2398 3943 ﬁnem
2423 3887 2622 3942 octavi.
2655 3885 2809 3953 Quod
2858 3883 3036 3939 taliter
3063 3889 3238 3951 potest
3265 3877 3489 3949 corrigi,

1907 3984 1951 4039 si
1985 3985 2037 4039 in
2071 3986 2176 4037 llne
2204 3984 2396 4036 harum
2430 3981 2876 4050 antiphonarum,
2927 3976 3018 4030 ubi
3049 3974 3356 4031 canendum
3404 3981 3494 4026 est

1905 4074 2156 4139 Alleluia,
2187 4090 2216 4127 a
2248 4074 2420 4144 prima
2464 4070 2668 4143 syllaba
2690 4112 2705 4136 ,
2745 4069 2799 4124 id
2834 4077 2919 4122 est
2954 4065 3054 4132 al.,
3101 4080 3221 4134 qua:
3260 4063 3407 4119 venit
3438 4061 3493 4121 in

1905 4182 2073 4232 mese,
2107 4182 2204 4236 per
2230 4166 2567 4219 diatessaron
2596 4163 2653 4217 in
2703 4160 2882 4215 medio
2910 4200 2924 4224 ,
2949 4157 3174 4213 vocibus
3198 4165 3504 4211 connumea

1905 4260 2079 4324 ratis,
2138 4258 2189 4312 in
2251 4256 2466 4311 ﬁnalem
2524 4253 2817 4309 descendat
2876 4253 2949 4306 ita
3003 4249 3193 4322 (53):
3236 4245 3501 4315 Alleluia,

1901 4349 2137 4417 ideoque
2168 4348 2338 4418 magis
2367 4347 2472 4401 has
2509 4343 2652 4399 tertii
2698 4341 2809 4397 toni
2857 4339 3185 4394 auctoritate
3228 4335 3488 4407 regimus,

1904 4440 2030 4509 quia
2051 4436 2205 4505 juxta
2240 4437 2387 4490 illum
2415 4451 2579 4506 supra
2601 4434 2858 4504 diapente
2886 4431 3225 4485 diatessaron
3253 4426 3499 4490 habent;

286 4505 446 4563 Tales
473 4526 605 4569 vero
652 4515 829 4572 solent
868 4520 1086 4589 quidam
1131 4526 1338 4581 medios
1370 4534 1527 4583 tonos
1576 4544 1793 4585 vocare.
1828 4508 1877 4567 D
1898 4505 2052 4601 juxta
2111 4540 2360 4585 octavum
2411 4545 2539 4584 vero
2597 4524 2826 4594 inferius
2872 4523 3209 4579 diatessaron
3257 4524 3499 4585 carent,

215 4591 281 4649 Et
304 4599 429 4668 quia
454 4602 863 4677 inter‘singulos
893 4619 1124 4679 quatuor
1161 4615 1505 4673 authenticos
1524 4628 1579 4674 et
1612 4619 1799 4689 subju-

220 4687 360 4755 gales
387 4693 694 4761 hujusmodi
729 4703 955 4771 reperiri
999 4715 1264 4772 possunt,
1300 4708 1398 4763 hos
1423 4721 1658 4779 quatuor
1687 4687 1795 4770 illis

219 4787 335 4835 octo
357 4784 641 4855 adjiciunt,
656 4799 711 4845 et
733 4793 1014 4849 duodecim
1033 4806 1190 4853 tonos
1212 4799 1557 4856 dinumerare
1577 4814 1795 4859 conten-

222 4869 365 4960 dunt.
398 4876 459 4933 Si
490 4896 619 4937 vero
647 4884 787 4939 ultra
809 4887 1062 4956 diapente
1089 4888 1290 4960 aliquid
1318 4892 1566 4960 superius
1593 4909 1793 4949 ascen-

223 4958 317 5029 dit,
364 4982 462 5024 nec
518 4970 745 5029 inferius
797 4977 1135 5034 diatessaron
1180 4958 1392 5048 habet,
1455 4992 1649 5040 cantus
1703 4986 1792 5042 ille

1904 4640 2027 4680 cum
2054 4640 2215 4694 supra
2243 4622 2495 4692 diapente
2520 4619 2684 4674 altius
2715 4627 2840 4672 tono
2865 4614 3145 4670 abundent
3500 4668 3503 4671 ,

1920 4762 1926 4769 .
1978 4716 2064 4769 l0.
2096 4713 2369 4768 Interdum
2401 4712 2565 4767 etiam
2597 4709 2734 4764 miro
2757 4708 2991 4779 quodam
3021 4705 3207 4762 evenit
3249 4701 3408 4757 modo
3432 4708 3493 4754 ut

1903 4823 2071 4862 unum
2095 4807 2345 4873 idemque
2375 4802 2574 4857 melum
2601 4816 2753 4871 aeque
2783 4808 3256 4869 congruenterque
3278 4789 3501 4845 cantari

1898 4898 2071 4969 possit
2100 4896 2280 4951 hocet
2316 4894 2405 4948 illo
2440 4901 2596 4958 tono,
2641 4891 2803 4946 veluti
2855 4890 2937 4942 hac
2981 4886 3298 4969 antiphona:
3328 4920 3342 4944 ,
3375 4888 3507 4969 ειη..

1903 4966 2134 5044 Cloriosi
2163 4984 2463 5057 principes;
2490 4990 2603 5057 ant.
2644 4979 2818 5035 Malos
2844 4974 2981 5030 male
3008 4992 3026 5038 ;
3064 4983 3176 5029 ant.
3210 4968 3367 5024 Novit
3394 4966 3507 5019 ὼς
