4072 5350
553 302 684 358 illi

1616 295 1960 354 BERNONIS
1992 293 2286 352 ABBATIS
2319 291 2694 351 AUGlENSlS

3693 288 3831 345 ιιη

550 418 773 481 minus;
814 422 929 469 aut.
974 411 1144 469 Nemo
1186 420 1236 466 te
1264 410 1465 477 eorum;
1516 418 1630 465 ant.
1674 408 1780 474 Qui
1825 408 1934 462 odit
1956 423 1977 474 ;
2017 420 2138 477 qua:
2164 406 2478 474 Alllorum,
2503 420 2668 478 quam
2696 404 2764 460 ad
2805 403 2967 460 ﬁnem
3002 402 3277 474 pertinere
3298 400 3487 458 soleat.
3535 398 3630 461 Fit
3672 402 3837 459 etiam

553 517 664 561 tam
695 512 857 561 sexto
878 516 1040 571 quam
1069 511 1264 557 octavo
1290 510 1558 573 reguntur
1582 508 1639 556 et
1664 498 1950 554 liniuntur.
1992 498 2141 567 Quas

550 595 795 655 nonnulli
823 595 994 666 magis
1030 594 1294 650 violenter
1333 609 1494 665 quam
1524 607 1654 648 vere
1696 593 1765 647 ad
1798 591 2018 646 tertium
2061 598 2140 647 to.

549 707 681 748 num
712 698 981 746 conantur
1010 688 1307 743 inﬂectere.
1328 687 1459 742 Item
1484 686 1587 743 hoc
1621 687 1655 755 ιῆ
1686 682 1841 740 Genti
1864 683 2142 754 peccatrici

552 796 664 839 tam
698 782 810 837 triti
840 796 1000 850 quam
1034 780 1257 835 tetrardi
1287 795 1421 835 sono
1447 780 1691 848 regitur;
1720 778 1861 831 unde
1892 774 2140 844 ejusdem

551 872 886 944 responsorii
916 886 1108 925 versus
1136 873 1273 940 apuJ
1307 872 1448 925 alios
1473 872 1538 922 ad
1574 869 1720 933 triti,
1750 869 1801 923 id
1848 878 1935 922 est
1968 866 2140 936 quinti

554 964 667 1021 toni
697 963 917 1020 modum
956 962 1027 1016 ita
1063 964 1301 1025 curritur,
1327 962 1357 1029 ir
1388 959 1514 1015 Esto
1536 959 1812 1029 placabilis
1843 958 1976 1027 (54),
2001 956 2141 1025 apud

558 1057 696 1114 alios
722 1070 852 1110 vero
877 1053 945 1108 ad
997 1054 1296 1109 tetrardnm
1322 1054 1401 1107 sic
1429 1092 1445 1116 ,
1488 1053 1518 1121 ᾗ
1570 1051 1721 1106 Esto.
1767 1051 2088 1119 Antiphone:
2117 1088 2135 1115 ,

554 1163 677 1220 quae
699 1145 1046 1202 uniformiter
1064 1145 1132 1198 ah
1157 1143 1203 1200 Ο
1230 1138 1515 1214 incipiunt,
1537 1152 1597 1198 ut
1634 1151 1748 1198 ant.
1783 1141 1827 1196 0
1854 1143 2141 1211 sapientia,

557 1245 672 1293 ant.
706 1237 752 1291 υ
786 1252 878 1290 rea:
904 1236 1158 1306 gentium,
1180 1247 1235 1289 et
1263 1235 1346 1291 his
1378 1234 1606 1297 similes,
1638 1234 1786 1288 velut
1815 1234 1870 1287 in
1896 1233 2135 1302 quodam

556 1327 705 1383 bivio
734 1328 879 1382 inter
916 1336 1137 1397 prelum
1162 1336 1218 1382 et
1258 1325 1375 1395 ejus
1426 1325 1763 1396 subjugalem
1814 1326 2143 1390 consistunt,

512 1412 518 1417 ”
561 1432 628 1472 eo
675 1417 822 1487 quod
865 1427 997 1473 tono
1041 1417 1296 1487 diapente
1346 1418 1398 1471 in
1437 1417 1691 1472 omnibus
1745 1414 2145 1485 supervadunt,

558 1513 898 1569 diatessaron
944 1510 1170 1566 inferius
1200 1510 1252 1565 in
1302 1509 1627 1581 quibusdam
1670 1509 1914 1574 habent,
1949 1498 2003 1563 in
2029 1508 2149 1577 qui-

559 1603 791 1659 husdam
815 1616 947 1658 vero
980 1601 1221 1656 minime.
1269 1600 1374 1656 Sed
1401 1599 1739 1670 frequentior
1765 1615 1898 1655 usus
1928 1599 1981 1653 in
2015 1599 2147 1653 sub-

558 1696 733 1768 jugali
771 1696 1079 1767 praevaluit,
1108 1695 1236 1765 quia
1269 1695 1320 1750 in
1345 1695 1609 1763 ejusmodi
1643 1694 1914 1750 cantilena
1945 1693 2148 1763 aliquo-

2244 503 2385 557 miro
2410 499 2643 572 quodam
2669 496 2829 552 modo
2858 505 2918 551 ut
2948 494 3136 550 ﬁnales
3168 509 3275 548 non
3310 493 3483 548 solum
3516 494 3573 547 in
3610 493 3836 562 quintis,
3870 555 3877 559 ,

2242 602 2304 651 ut
2323 594 2577 655 diximus,
2614 587 2923 661 regionibus
2949 603 3075 643 suos
3099 586 3335 641 habeant
3363 584 3624 651 sociales,
3652 599 3837 641 verum

2241 688 2404 742 etiam
2458 686 2510 739 in
2565 683 2774 754 quartis
2820 678 3191 750 superioribus
3234 676 3369 731 locis
3412 675 3513 731 sibi
3557 676 3845 730 inveniant

2243 793 2542 847 compares,
2596 784 2652 829 ut
2701 772 3153 842 quemadmodum
3206 769 3446 823 membra
3496 761 3841 830 cantionum,

2242 888 2362 943 qua:
2398 879 2520 925 sunt
2547 868 2663 923 cola
2691 875 2744 921 ct
2768 873 3056 928 commata,
3088 863 3140 917 in
3169 860 3417 914 ﬁnalibus
3458 868 3513 913 et
3544 859 3601 911 in
3637 857 3848 927 quintis

2244 964 2397 1028 locis,
2454 964 2524 1016 ita
2573 976 2673 1031 per
2700 958 2848 1013 arsin
2890 966 2944 1011 et
2985 955 3157 1010 thesin
3205 951 3505 1007 consistant
3552 950 3758 1018 saepius
3794 949 3847 1002 in

2244 1055 2474 1125 quartis.
2528 1049 2774 1121 Amplius
2825 1057 3027 1110 autem,
3070 1046 3214 1115 quod
3244 1043 3421 1099 omnis
3463 1052 3683 1111 tropus,
3735 1041 3848 1094 sive

2246 1148 2334 1202 ille
2358 1143 2705 1201 authenticus
2746 1141 2841 1207 sit,
2870 1140 2986 1195 sive
3024 1138 3220 1208 plagis,
3268 1136 3312 1192 si
3361 1144 3559 1205 quarto
3611 1150 3642 1187 a
3699 1132 3847 1186 ﬁnali

2245 1240 2364 1296 loco
2393 1237 2700 1307 diligentius
2741 1235 3033 1298 intueatur,
3083 1231 3217 1286 mira
3276 1244 3340 1286 ac
3362 1228 3545 1284 di\ina
3589 1226 3849 1297 quaedam

2247 1328 2537 1387 concordia
2578 1325 2926 1390 inveniatur,
2969 1324 3043 1377 ita
3084 1330 3147 1376 ut
3179 1320 3224 1375 si
3246 1322 3367 1389 quis
3400 1327 3599 1373 cantus
3629 1333 3661 1371 a
3701 1312 3847 1372 ﬁnali

2248 1422 2303 1476 in
2338 1429 2592 1492 quartum
2635 1417 2813 1472 locum
2855 1421 3263 1483 transportatur,
3311 1410 3551 1480 legitime
3597 1408 3852 1462 videatur

2248 1512 2351 1569 sub
2402 1511 2592 1566 eodem
2650 1506 2810 1561 modo
2846 1503 2930 1559 vel
2975 1512 3101 1557 tono
3149 1516 3391 1565 currere,
3446 1508 3504 1554 et
3548 1498 3604 1554 in
3652 1497 3849 1551 eodem

2249 1600 2397 1657 velut
2436 1600 2489 1652 in
2522 1596 2668 1651 ﬁnali
2719 1593 3037 1663 regulariter
3074 1591 3355 1645 desinere:
3391 1587 3530 1643 adeo
3585 1595 3643 1640 nt
3675 1586 3853 1656 plera-

2252 1707 2357 1765 que
2396 1690 2531 1746 mela
2561 1691 2629 1745 ab
2657 1689 2787 1758 ipsis
2818 1685 3064 1741 ﬁnalibus
3084 1699 3177 1737 seu
3206 1684 3424 1737 dextera
3453 1681 3702 1748 laevaque
3727 1686 3848 1747 apta

565 1791 673 1845 lies
716 1804 826 1845 non
873 1787 1046 1843 solum
1080 1787 1452 1852 diatessaron,
1482 1788 1575 1842 sed
1606 1795 1662 1842 et
1703 1786 1956 1856 diapente
2004 1787 2156 1841 inve-
2185 1768 2227 1825 Β
2256 1784 2467 1854 incepta
2511 1781 2691 1836 minus
2735 1777 3061 1833 conveniant
3111 1783 3335 1845 propter
3365 1771 3679 1833 semitonia,
3732 1782 3851 1837 quae

563 1884 714 1936 nitur
741 1880 988 1947 inferius,
1021 1889 1079 1935 ut
1103 1880 1155 1933 in
1187 1880 1277 1933 illa
1306 1880 1603 1948 antiphona
1632 1875 1678 1932 Ο
1720 1876 1836 1931 Rea:
1857 1876 2064 1947 gloriae,
2093 1876 2147 1930 in

566 1974 662 2057 illo
700 1973 842 2039 loco,
873 1973 1139 2043 spiritum,
1169 1972 1262 2027 sed
1299 1972 1413 2027 Iure
1456 1969 1598 2041 apud
1639 1968 1923 2039 quosdam.
1974 1967 2157 2034 Quan-

569 2084 736 2138 quam
766 2066 843 2123 illi
885 2082 991 2121 non
1018 2074 1205 2121 errent
1229 2065 1317 2134 qui
1349 2080 1444 2120 eas
1486 2065 1774 2128 duntaxat,
1806 2077 1926 2131 «tua:
1963 2062 2159 2116 diates-

567 2174 735 2215 saron
764 2157 993 2213 inferius
1036 2172 1143 2211 non
1191 2155 1422 2221 habent,
1456 2160 1521 2208 ad
1565 2163 1778 2231 prelum
1821 2151 2120 2207 inﬂectunt.

645 2253 737 2307 ll.
783 2250 1016 2321 Propter
1062 2248 1371 2315 huiusmodi
1416 2248 1655 2316 aliosque
1686 2244 1871 2300 devios
1908 2258 2157 2297 errorum

571 2341 853 2398 anfractus
877 2343 1041 2398 debet
1060 2340 1266 2411 peritus
1286 2349 1481 2393 cantor
1505 2346 1664 2393 caute
1689 2336 1954 2405 inspicere
1975 2344 2158 2388 utrum

568 2442 764 2489 cantus
794 2429 1026 2502 regulari
1060 2446 1090 2484 a
1118 2445 1219 2485 suo
1248 2428 1392 2483 ﬁnali
1417 2428 1642 2498 incipiat
1664 2427 1855 2483 ordine
1880 2465 1896 2490 ,
1924 2440 1990 2480 an
2024 2422 2153 2495 legi-

566 2525 704 2581 time
737 2531 948 2589 currat,
972 2538 1041 2578 ne
1067 2523 1197 2592 quid
1230 2519 1466 2577 naturali
1495 2519 1689 2574 vitiata
1717 2517 1975 2588 qualitate
2003 2517 2164 2571 abso-

566 2633 702 2675 num
732 2616 825 2674 ﬁat
847 2632 863 2685 ;
887 2616 933 2672 si
961 2623 1080 2671 rata
1106 2626 1358 2670 tonorum
1387 2611 1910 2679 semitoniorumque
1943 2608 2160 2663 dimen-

567 2711 725 2767 sione
752 2707 1123 2766 consonantiae
1142 2703 1651 2771 beneconveniant,
1680 2717 1748 2757 ne
1775 2710 1929 2756 extra
1955 2708 2159 2755 metam

568 2801 804 2858 inferius
829 2808 924 2856 aut
970 2797 1222 2870 superius
1262 2795 1493 2853 canendi
1542 2794 1824 2850 exordium
1857 2799 2077 2856 sumat;
2115 2788 2160 2846 si

578 2894 648 2949 ad
699 2892 919 2948 ﬁnalem
970 2906 1128 2946 suum
1177 2898 1329 2945 recto
1398 2887 1532 2958 legis
1601 2888 1816 2941 tramite
1881 2891 2169 2949 recurrat;

519 3030 522 3033 .
580 2984 678 3056 qui
739 2982 937 3039 ﬁnales
997 2981 1144 3037 illius
1183 2989 1240 3035 et
1284 2980 1430 3035 illius
1474 2978 1732 3033 existant.
1773 2975 1989 3051 Finales
2039 2988 2169 3044 ergo

578 3082 711 3131 sunt
755 3072 999 3129 lichanos
1064 3072 1345 3144 hypaton,
1410 3071 1608 3141 hypate
1658 3084 1863 3127 meson.
1906 3073 2166 3138 parypate

578 3180 816 3230 meson,
880 3164 1126 3219 lichanos
1189 3175 1398 3218 meson.
1463 3160 1655 3217 Omnis
1711 3174 1842 3231 ergo
1905 3158 2045 3229 proti
2086 3166 2163 3223 ,et

576 3251 880 3325 subjugalis
932 3250 1093 3321 ejus,
1159 3251 1213 3306 id
1254 3260 1378 3317 est,
1428 3249 1590 3321 primi
1641 3265 1706 3304 ac
1771 3248 1993 3303 secundi
2050 3246 2161 3302 toni

578 3344 814 3401 rnelodia
839 3343 1088 3399 lichanos
1109 3342 1436 3398 auctoritate
1470 3341 1678 3412 regitur
1703 3355 1767 3395 ac
1796 3339 2005 3394 ﬁnitur.
2023 3338 2165 3393 Deu-

590 3433 698 3490 teri
720 3446 879 3498 vero,
909 3429 1132 3502 ejusque
1154 3430 1475 3503 subjugalis,
1497 3431 1551 3485 id
1580 3441 1693 3499 est,
1716 3430 1860 3484 tertii
1892 3444 1956 3483 ac
1984 3427 2162 3498 quarti

577 3523 781 3595 hypate
820 3535 1003 3577 meson
1054 3522 1262 3593 regitur
1305 3535 1372 3575 ac
1411 3521 1621 3576 ﬁnitur.
1668 3520 1852 3575 Tritus
1894 3535 2018 3574 cum
2065 3533 2164 3574 suo

575 3613 865 3686 subjugali,
894 3613 948 3669 id
969 3622 1075 3679 εει,
1103 3612 1326 3684 quintus
1347 3628 1470 3668 cum
1509 3622 1664 3669 sexto
1692 3622 1956 3685 parypate
1977 3626 2162 3667 meson

577 3704 790 3777 regitur
851 3712 910 3760 et
954 3702 1160 3758 ﬁnitur.
1213 3701 1514 3760 Tetrardus
1567 3718 1690 3759 cum
1744 3719 1845 3759 suo
1896 3700 2163 3773 subjugali

577 3794 829 3854 lichanos
853 3810 1039 3851 meson
1086 3810 1222 3851 sono
1271 3796 1479 3867 regitur
1513 3803 1571 3850 et
1602 3794 1808 3850 ﬁnitur.
1852 3794 1921 3849 Et
1948 3796 2061 3849 haec
2083 3802 2168 3849 est

580 3900 773 3944 eorum
788 3884 972 3957 regula
996 3885 1061 3939 ad
1089 3884 1368 3955 quodlibet
1409 3884 1609 3940 melum
1658 3884 2020 3939 inchoandum
2047 3924 2062 3947 ,
2107 3890 2168 3937 ut

579 3992 685 4035 nec
719 3991 880 4049 supra
914 3977 1162 4047 quintum
1190 3975 1532 4047 superiorem
1560 4016 1575 4035 .
1607 3991 1706 4030 nec
1732 3975 1870 4029 infra
1916 3975 2166 4045 quintum

578 4067 901 4125 inferiorem
940 4067 1132 4123 locum
1151 4066 1444 4138 aliquando
1472 4066 1754 4136 incipiant,
1779 4066 1874 4121 sed
1906 4066 2047 4120 inter
2073 4079 2169 4120 eas

582 4167 707 4216 octo
754 4172 920 4215 voces
963 4155 1047 4212 vel
1096 4156 1389 4228 aliquando
1430 4170 1627 4212 novem
1672 4154 1828 4211 initia
1878 4170 1976 4210 sua
2019 4153 2169 4211 cohi-

581 4252 772 4309 beant.

658 4339 965 4397 Notandum
995 4356 1127 4398 vero
1160 4353 1244 4397 est
1270 4341 1413 4413 quod
1438 4340 1627 4411 quinto
1679 4355 1893 4410 semper
1927 4339 2045 4397 loco
2079 4353 2172 4395 su-

2258 1879 2453 1933 desuut
2509 1890 2608 1944 per
2675 1873 2833 1936 loca;
2896 1885 2925 1922 a
2989 1866 3358 1937 superioribus
3414 1879 3546 1917 vero
3598 1863 3850 1915 inchoata

2259 1969 2463 2036 absque
2500 1966 2662 2020 ullius
2691 1962 2810 2018 soni
2843 1960 3198 2015 diminutione
3243 1957 3535 2010 decurrant
3581 1952 3851 2013 modeste,

2259 2061 2559 2127 ﬁuiantque
2582 2057 2637 2111 in
2662 2053 2950 2111 socialibus
2980 2051 3223 2105 honeste.
3253 2047 3325 2104 Ut
3344 2046 3489 2101 enim
3518 2046 3625 2099 hoc
3648 2042 3854 2098 clarius

2259 2150 2554 2213 elucescat,
2584 2162 2651 2202 ex
2672 2153 2868 2216 quarto
2892 2152 3018 2197 tono
3040 2155 3301 2213 ponamus
3323 2138 3440 2193 hare
3461 2135 3563 2189 sub
3579 2133 3852 2204 exemplo.

2261 2249 2374 2296 ant.
2392 2237 2592 2293 Factus
2620 2254 2759 2300 sum,
2786 2243 2899 2289 ant.
2917 2231 2961 2288 O
2986 2249 3127 2287 mors
3147 2246 3257 2295 ero,
3279 2238 3394 2284 aut.
3421 2227 3555 2283 Sion
3581 2225 3852 2291 remoram,

2260 2339 2376 2386 ant.
2406 2329 2557 2392 Sion,
2589 2326 2697 2382 noli
2725 2327 2927 2390 timere,
2958 2331 3071 2377 ant.
3112 2318 3254 2374 Vade
3277 2319 3416 2390 jam.
3458 2315 3517 2372 Si
3567 2316 3672 2370 has
3717 2315 3861 2369 anti-

2260 2424 2470 2495 pbonas
2497 2422 2657 2476 tertio
2697 2435 2727 2471 a
2753 2415 2899 2471 ﬁnali
2939 2417 3075 2476 loco,
3106 2410 3159 2467 id
3189 2419 3296 2475 est,
3323 2426 3351 2463 a
3376 2408 3627 2465 lichanos
3667 2419 3855 2459 meson

2262 2514 2502 2586 incipere
2527 2510 2792 2574 Volueris,
2832 2508 2885 2562 in
2930 2503 3258 2561 modulando
3296 2500 3506 2564 deﬁcis,
3540 2500 3674 2553 dum
3695 2496 3857 2552 semi-

2266 2609 2498 2673 touium,
2529 2604 2621 2662 ubi
2655 2619 2775 2660 esse
2804 2600 3008 2665 debuit,
3036 2597 3259 2654 minime
3287 2592 3509 2665 reperis.
3542 2591 3641 2646 Sin
3674 2597 3854 2643 autem

2266 2710 2520 2772 quartum
2544 2699 2745 2762 locum,
2769 2695 2821 2750 id
2841 2702 2925 2749 est
2950 2705 3117 2757 mese,
3142 2689 3415 2751 attendas,
3443 2700 3508 2740 ac
3530 2680 3861 2753 interposito

2266 2794 2498 2866 primum
2557 2787 2845 2846 semitonio
2893 2785 2947 2840 in
3005 2795 3414 2856 synemmenon,
3459 2777 3657 2832 deinde
3705 2784 3859 2837 tono,

2267 2888 2453 2957 sicque
2497 2882 2659 2937 tertio
2706 2880 2846 2943 loco,
2879 2878 2985 2932 hoc
3015 2883 3117 2939 est,
3154 2879 3415 2943 paranete
3462 2879 3861 2939 synemmenon

2268 2953 2489 3033 easdem
2535 2970 2899 3035 inchoaveris,
2931 2977 3098 3021 totam
3144 2962 3471 3019 cantilenam
3521 2959 3732 3027 absque
3775 2953 3865 3010 sui

2268 3069 2490 3125 laesione
2542 3064 2750 3120 videbis
2802 3063 3124 3124 decurrere,
3184 3056 3356 3110 donec
3414 3052 3484 3105 ad
3542 3049 3724 3104 ﬁnalis
3774 3047 3859 3102 sui

2268 3173 2611 3231 comparem,
2655 3155 2711 3211 id
2767 3162 2871 3219 est,
2926 3164 3073 3207 mese
3128 3162 3248 3203 eam
3303 3143 3584 3212 contingat
3636 3140 3697 3195 in
3752 3140 3859 3192 ﬁne

2262 3251 2568 3324 pervenire.

2335 3343 2600 3399 Similiter
2623 3340 2865 3410 ejusdem
2899 3336 3041 3392 modi
3067 3332 3414 3404 antiphonas,
3458 3326 3715 3382 videlicet
3745 3333 3865 3379 ant.

2263 3437 2346 3490 Ad
2368 3447 2441 3500 te,
2469 3434 2708 3497 Domine,
2766 3430 2953 3496 levavi,
2998 3436 3111 3483 aut.
3148 3424 3233 3479 Ea:
3261 3422 3494 3493 zEgypto
3517 3418 3718 3482 vocavi,
3753 3416 3799 3471 si
3827 3430 3859 3469 a

2266 3527 2413 3582 ﬁnali
2443 3525 2610 3580 ordiri
2641 3522 2942 3588 contendis,
2990 3519 3169 3574 minus
3201 3525 3325 3585 apte
3367 3515 3418 3567 in
3452 3511 3633 3565 medio
3660 3523 3858 3563 conve-

2265 3617 2385 3673 nire
2422 3614 2746 3686 pervidebis.
2780 3612 2836 3667 Si
2867 3620 3047 3665 autem
3093 3618 3285 3678 quarto
3312 3604 3452 3667 loco,
3499 3602 3550 3655 id
3581 3608 3689 3663 est,
3713 3612 3859 3653 mese

2267 3706 2550 3776 incipiunt,
2583 3703 2785 3773 absque
2816 3714 3134 3755 neumarum
3170 3693 3450 3765 dispendio
3486 3689 3865 3750 modulantur,

2266 3801 2438 3855 donec
2476 3797 2671 3853 ibidem
2702 3795 2860 3849 [luem
2889 3794 3208 3849 sortiantur.
3247 3789 3398 3857 Quod
3431 3785 3653 3855 quidam
3685 3781 3862 3836 minus

2270 3891 2565 3954 intuentes,
2597 3889 2768 3958 magis
2800 3887 2895 3940 has
2936 3894 2991 3939 et
3036 3880 3343 3953 hujusmodi
3372 3885 3568 3947 putant
3602 3874 3862 3945 septimo,

2270 3996 2431 4049 quam
2490 3988 2687 4049 quarto
2739 3976 2848 4047 regi
2912 3982 3069 4038 tono,
3127 3983 3435 4042 quanquam
3485 3980 3596 4020 non
3663 3970 3866 4034 negent

2270 4073 2488 4128 easdem
2539 4072 2699 4125 linem
2749 4066 2933 4123 sortiri
2982 4067 3034 4119 in
3074 4073 3289 4134 quarto.
3339 4060 3485 4114 Idem
3535 4068 3869 4111 neumarum

2271 4165 2515 4221 defectus
2543 4163 2596 4217 in
2628 4161 2717 4229 illa
2742 4158 3123 4216 communione
3161 4154 3356 4209 Beatus
3384 4166 3580 4214 servus,
3628 4162 3755 4218 qua:
3779 4152 3867 4200 est.

2274 4254 2417 4311 tertii
2451 4253 2583 4317 toni,
2617 4250 2919 4323 proveniet,
2957 4248 3056 4302 nisi
3095 4247 3164 4301 ab
3213 4246 3410 4315 hypate
3459 4254 3649 4295 meson
3683 4248 3873 4291 trans-

2271 4346 2443 4416 posita
2476 4346 2530 4399 in
2559 4358 2707 4398 mese
2743 4341 2923 4396 fuerit.
2960 4339 3075 4394 Non
3105 4337 3384 4391 minimum
3413 4333 3576 4387 etiam
3602 4346 3635 4385 a
3673 4328 3867 4400 pleris-

587 4429 897 4531 perieribus
924 4446 1049 4486 cum
1088 4431 1437 4487 inferioribus
1476 4430 1727 4486 ﬁnalibus
1769 4431 2015 4501 quaedam
2048 4428 2170 4483 talis
2204 4471 2249 4531 υ
2273 4453 2379 4507 que
2408 4447 2622 4491 erratur
2650 4434 2704 4489 in
2751 4432 2837 4487 his
2867 4429 3199 4500 antiphonis,
3231 4436 3344 4480 ant.
3377 4425 3510 4478 Ante
3538 4439 3622 4476 me
3653 4436 3761 4476 non
3789 4429 3867 4474 at

585 4523 875 4577 concordia
900 4533 1003 4589 est,
1020 4533 1080 4578 ut
1103 4524 1281 4594 aliqua
1310 4525 1447 4580 mela
1473 4524 1524 4579 in
1551 4526 1631 4579 eis
1656 4527 1811 4594 quasi
1843 4524 2169 4595 regulariter

580 4612 933 4669 inveniantur
961 4613 1135 4677 linire,
1164 4614 1311 4687 velut
1344 4614 1448 4669 hoc
1476 4617 1911 4686 responsorium,
1940 4614 2169 4670 Factum

582 4711 662 4759 est
699 4702 827 4757 dum
853 4702 1077 4758 tolleret.
1114 4705 1267 4771 Quod
1291 4706 1506 4774 quidem
1531 4708 1854 4777 regulariter
1880 4707 2168 4777 incipiens,

587 4792 684 4850 sed
714 4804 870 4851 extra
899 4793 1142 4865 regulam
1169 4794 1307 4852 ultra
1336 4812 1536 4853 nonmn
1569 4800 1621 4855 in
1670 4800 1939 4855 decimum
1970 4813 2166 4854 sonum

585 4885 910 4953 ascendens,
939 4902 1281 4957 nequaquam
1310 4890 1566 4945 terminat
1589 4891 1641 4944 in
1665 4889 1907 4946 lichanos
1929 4889 2166 4961 hypaton

584 4974 755 5020 ﬁnali-
800 4978 893 5020 emi
922 4978 975 5020 in
1009 4993 1155 5020 maca
1184 4977 1300 5016 ιδῖιια
1326 4979 1510 5020 mmini:
1571 4979 1768 5020 Rndorn
1809 4982 1968 5020 man
2015 4978 2168 5020 plan-

2274 4528 2559 4598 formatus,
2608 4532 2720 4579 ant.
2768 4522 2855 4577 Ea:
2893 4538 2993 4592 quo
3045 4520 3230 4589 facta;
3289 4515 3378 4586 qui
3429 4521 3622 4582 putant
3668 4525 3770 4564 eas
3812 4509 3864 4563 iu

2273 4618 2541 4690 principio
2576 4615 2805 4685 septimo
2834 4625 2959 4668 tono
2982 4614 3179 4667 debere
3209 4609 3341 4678 regi,
3366 4617 3586 4678 propter
3609 4602 3871 4658 similitu-

2275 4712 2454 4767 dinem
2486 4710 2791 4773 cantilena',
2836 4721 2996 4776 quam
3044 4704 3295 4759 videntur
3330 4716 3455 4756 cum
3493 4696 3867 4766 Superioribus

2266 4801 2331 4856 in
2357 4801 2511 4856 initio
2541 4800 2762 4863 habere,
2787 4813 2911 4852 cum
2934 4796 3271 4866 apertissime
3300 4801 3535 4854 constet,
3565 4788 3789 4844 easdem
3813 4794 3868 4841 et

2279 4892 2347 4947 ab
2407 4892 2522 4963 ipso
2575 4891 2733 4961 primi
2790 4890 2901 4943 toni
2962 4887 3111 4942 ﬁnali
3171 4892 3535 4955 congruenter
3598 4882 3863 4951 incipere,

2276 4981 2517 5020 liminium
2561 4995 2659 5020 mar-
2693 4979 3013 5020 tlinetpmntz
3042 4986 3095 5020 τις
3132 4984 3425 5020 svstmnala
3457 4973 3511 5020 ill
3539 4970 3755 5020 mmrtis
3787 4968 3870 5020 vel
