4072 5350
209 318 353 376 HIS

1345 318 1720 378 PROLOGUS
1757 321 1828 378 IN
1856 323 2252 383 ,TONABIUM.

3347 321 3492 410 δΗΝ

207 429 566 488 ordinabilem
610 432 1045 502 progressionem
1084 431 1289 490 senties
1328 433 1398 489 ad
1441 433 1664 492 socialis
1719 428 1804 492 sui
1831 441 1881 500 Α
1908 437 2052 506 quod
2079 438 2266 496 definit
2292 437 2529 509 explicat
2553 415 2682 506 quid
2713 435 2806 490 sit.
2849 432 2956 490 Sed
3000 433 3087 489 hic
3122 432 3492 490 deﬁnitionem

169 565 178 574 .
207 522 482 593 pertinere
514 521 698 576 linem.

280 611 516 680 ldipsum
541 609 595 664 in
617 609 822 679 quintis
851 608 986 666 locis
1003 611 1223 667 evenire
1245 611 1402 678 solet,
1429 614 1576 670 verbi
1599 615 1794 686 gratia,

205 702 312 758 nisi
339 703 483 754 enim
515 701 598 755 ltze
623 701 952 771 antipltonze,
980 703 1126 758 Alias
1153 723 1268 760 oves
1309 708 1502 772 habeo;
1553 708 1795 775 Domine,

204 792 296 863 qui
325 795 524 860 operati
551 803 689 858 sunt,
741 809 860 862 qua:
905 797 1046 849 sexti
1089 807 1215 850 sunt
1271 801 1404 862 toni,
1455 800 1509 853 in
1549 801 1796 870 quintum

210 893 635 953 transponantur
666 885 866 952 locum,
921 887 1023 942 hoc
1077 899 1161 943 est
1209 906 1238 942 a
1270 892 1565 962 parhypate
1612 909 1796 948 meson

204 974 258 1028 in
289 975 416 1030 trite
437 975 878 1046 diezeugmenon,
904 993 1245 1050 nequaquam
1269 982 1319 1036 in
1344 983 1574 1054 regulari
1607 1000 1798 1042 mono-

203 1063 414 1119 cbordo
437 1080 656 1121 servare
685 1076 939 1136 poterunt
972 1070 1217 1125 ordinem
1264 1086 1443 1128 suum.

281 1151 408 1206 llzec
435 1169 605 1222 pauca
637 1171 734 1225 pro
759 1157 1021 1227 exemplis
1043 1159 1155 1214 sint
1180 1163 1377 1232 posita.
1427 1163 1694 1220 Czeterum
1739 1173 1803 1220 ut

207 1243 261 1298 in
301 1245 607 1315 bnjusmodi
644 1249 1037 1308 defectionibus
1068 1253 1206 1309 solet
1243 1259 1555 1314 necessario
1583 1274 1801 1330 synem-

209 1350 404 1390 menon
468 1336 523 1391 in
586 1340 958 1409 superioribus
1015 1343 1304 1412 aliquando
1353 1346 1661 1420 suffragari,
1723 1349 1800 1405 ita

208 1441 600 1498 nonnunquam
648 1432 863 1487 videtur
914 1433 1212 1506 refragari,
1279 1439 1333 1493 in
1392 1439 1476 1494 his
1535 1443 1801 1496 duntaxat

209 1519 496 1585 cantibus,
562 1522 654 1590 qui
718 1523 773 1578 in
836 1523 1185 1582 inferioribus
1247 1545 1343 1598 per
1403 1545 1795 1602 synemmcnon

209 1614 530 1682 decurrunt;
584 1616 738 1686 cujus
792 1619 966 1674 vicem
1019 1621 1074 1676 in
1132 1624 1504 1692 superioribus
1549 1627 1800 1698 supplere

209 1716 506 1776 nequeunt,
543 1709 636 1763 sed
667 1719 722 1764 et
755 1710 858 1764 hoc
893 1711 1204 1780 aliquando,
1258 1731 1363 1768 non
1399 1732 1634 1787 semper.
1688 1717 1802 1774 Hoc

1898 529 2030 586 nihil
2077 529 2221 585 aliud
2269 544 2433 600 quam
2480 525 2840 582 dill'erentiam
2871 524 3154 594 intelligat,
3198 540 3306 594 qua
3339 525 3493 579 initia

1897 632 2091 678 cantus
2149 620 2233 675 vel
2293 619 2629 675 swculorum.
2699 619 2866 673 Amen
2911 631 2942 671 a
3001 631 3135 671 sono
3182 615 3495 685 principalis

1899 713 2012 768 toni
2062 713 2177 766 sive
2225 711 2278 766 in
2333 710 2672 772 extensione,
2726 709 2841 762 sive
2875 707 2929 761 in
2979 707 3320 771 remissione,
3377 707 3496 761 sive

1897 804 2060 858 etiam
2091 801 2280 855 eodem
2309 799 2429 854 loco
2456 798 2784 869 incipiendo,
2834 796 2987 852 suavi
3032 811 3096 850 ac
3123 785 3494 851 concordabili

1898 891 2127 960 quadam
2160 888 2412 943 dil‘l'ernnt
2440 889 2779 942 diversitate.
2813 888 3130 954 Quanquam
3163 900 3262 939 nos
3293 887 3495 941 rectius

1899 981 2237 1038 dill'erentias
2254 995 2418 1050 quam
2433 979 2778 1034 deﬁnitiones
2799 977 3116 1032 dicidebere
3139 976 3493 1042 arbitremur,

1900 1076 2136 1132 maxime
2163 1091 2288 1130 cum
2319 1089 2423 1128 non
2449 1071 2652 1142 aliquid
2678 1071 2749 1127 ibi
2775 1071 2904 1141 quid
2925 1071 2997 1126 sit
3017 1070 3342 1124 deliniamns
3371 1084 3496 1139 per-

1899 1165 2131 1231 Orando,
2163 1166 2256 1221 sed
2281 1164 2428 1218 varie
2449 1162 2785 1218 swculorum.
2811 1167 2977 1225 Amen
3016 1163 3287 1226 canendo,
3312 1161 3496 1216 aliter-

1901 1275 2008 1330 que
2028 1257 2223 1313 melum
2237 1256 2498 1311 ordiendo
2517 1269 2709 1309 sonum
2736 1254 3109 1308 discernamus
3138 1270 3166 1306 a
3196 1269 3330 1308 sono
3357 1253 3493 1323 (56).

1973 1370 2061 1425 l3.
2101 1368 2456 1424 inveniuntur
2482 1377 2537 1422 et
2568 1366 2769 1421 moduli
2819 1365 2886 1420 ad
2929 1366 3038 1420 vim
3077 1364 3342 1435 cujusque
3381 1367 3494 1420 toni

1903 1460 2331 1532 investigandam
2375 1459 2678 1529 antiquitus
2719 1458 3022 1522 constituti,
3073 1469 3132 1512 ut
3162 1470 3287 1527 puta
3335 1457 3498 1512 Noan

1905 1553 2142 1608 Noeane.
2194 1549 2360 1606 Naris
2403 1551 2623 1606 Noeane
2650 1549 2787 1620 (57).
2821 1549 2879 1603 ln
2907 1549 3107 1620 quibus
3138 1549 3310 1617 magis
3342 1547 3499 1602 intel—

1903 1644 2120 1716 ligimus
2147 1643 2385 1714 syllabas
2417 1641 2771 1696 modulationi
2801 1651 2960 1710 aptas
2991 1654 3156 1710 quam
3181 1638 3498 1708 significati-

1906 1750 2002 1789 vas
2049 1750 2232 1788 rerum
2283 1743 2460 1798 notas,
2510 1747 2646 1803 quas
2694 1747 2800 1786 una
2850 1747 2972 1785 cum
3001 1729 3120 1785 aliis
3155 1728 3437 1783 versiculis
3466 1745 3497 1781 a

209 1814 335 1854 vero
381 1803 438 1854 in
490 1801 687 1857 talibus
739 1810 824 1856 est
867 1803 1289 1868 observandum,
1342 1817 1400 1862 ut
1446 1809 1491 1864 si
1548 1819 1798 1865 cantusa

1906 1823 2181 1877 modernis
2225 1831 2333 1876 tam
2387 1823 2455 1875 ad
2501 1801 2830 1891 abtiphonas
2860 1835 3022 1890 quam
3053 1819 3118 1872 ad
3152 1819 3409 1872 introitus
3442 1825 3499 1870 et

208 1889 350 1946 ﬁnali
417 1892 681 1963 incipiat,
737 1906 934 1965 quarto
981 1897 1100 1952 loco
1153 1899 1504 1956 nihilominus
1564 1903 1800 1972 incipere

207 1981 405 2051 valeat,
448 1985 530 2039 sin
569 1995 748 2040 autem
795 1988 1022 2043 inferius
1049 1989 1132 2044 vel
1166 1991 1436 2060 superius,
1482 2003 1648 2062 quoto
1682 1993 1802 2049 loco

208 2072 280 2128 ibi
305 2089 336 2127 a
359 2073 512 2128 ﬁnali
545 2084 696 2140 tono,
733 2077 822 2132 hic
851 2079 1096 2132 ordiatur
1122 2095 1151 2132 a
1184 2090 1379 2148 quarto
1415 2081 1621 2136 sociali.

271 2163 502 2234 Oportet
553 2167 719 2222 etiam
781 2177 838 2223 et
884 2169 1012 2223 illud
1055 2170 1406 2225 considerare
1458 2181 1516 2226 ut
1565 2190 1690 2228 cum
1747 2175 1801 2228 in

206 2257 464 2312 omnibus
527 2257 896 2329 subjugalibus
960 2260 1103 2315 tonis
1176 2277 1435 2318 ascensus
1507 2281 1678 2334 usque
1748 2266 1800 2320 in

203 2349 459 2421 diapente
505 2360 560 2406 et
616 2353 758 2406 ultra
811 2361 1088 2421 suppetat,
1125 2363 1314 2424 protns
1367 2371 1584 2425 quoque
1635 2372 1803 2425 usque

206 2439 260 2497 ia
301 2457 506 2496 nonum
553 2456 746 2496 sonum
779 2443 831 2496 in
877 2442 1071 2497 talibus
1114 2445 1410 2498 ascendere
1451 2444 1628 2498 valeat
1665 2444 1798 2513 ('55),

209 2542 264 2589 st
284 2542 393 2589 tres
425 2535 518 2589 alii
552 2535 874 2600 authentici,
901 2535 1154 2590 videlicet
1181 2536 1403 2604 quintus
1437 2546 1491 2591 et
1520 2536 1801 2604 septimus,

211 2635 263 2690 in
310 2635 492 2691 locum
542 2637 866 2705 regulariter
912 2637 1013 2692 sibi
1070 2638 1376 2692 ordinatum
1423 2637 1804 2694 deﬁcientibus

209 2725 387 2780 nervis
415 2726 598 2780 minus
621 2727 960 2797 proveniant,
986 2728 1129 2797 quod
1151 2729 1344 2781 doctus
1365 2739 1576 2790 cantor,
1592 2729 1804 2798 quaties

210 2817 259 2873 id
286 2819 426 2873 ratio
455 2821 727 2888 exposcit,
759 2820 990 2874 inferius
1014 2821 1216 2882 redeat,
1253 2797 1319 2874 ut.
1339 2837 1433 2890 per
1459 2797 1650 2876 octava
1685 2823 1803 2877 loca

214 2921 368 2962 voces
396 2918 657 2970 resumat,
706 2924 844 2978 quas
884 2909 938 2962 in
967 2911 1337 2979 superioribus
1369 2926 1472 2964 non
1503 2911 1800 2968 invenerat.

213 2998 312 3054 Sed
343 3001 564 3068 quando
595 3015 784 3054 vocum
833 3000 1121 3055 intervallo
1165 3001 1360 3070 singuli
1389 3003 1688 3059 autlientici
1716 3006 1802 3060 vel

213 3088 457 3145 laterales
481 3105 668 3144 eorum
696 3106 856 3160 supra
891 3091 976 3144 vel
1008 3090 1144 3145 infra
1173 3107 1203 3145 a
1234 3093 1486 3149 ﬁnalibus
1515 3093 1718 3149 distent
1748 3097 1802 3150 in

1901 1919 2313 1972 communiones
2354 1926 2618 1985 repertas,
2660 1915 2714 1969 in
2745 1915 2927 1984 capite
2964 1912 3300 1984 singulorum
3349 1919 3499 1964 tono.

1905 2026 2022 2064 rum
2069 2010 2442 2080 apposuimus,
2496 2018 2766 2078 quatenus
2805 2023 2902 2078 per
2936 2007 3053 2061 inec
3103 2005 3222 2060 rudi
3273 2001 3496 2059 cantori

1902 2101 2115 2156 facilior
2141 2109 2348 2170 pateret
2379 2100 2466 2153 via
2500 2099 2853 2168 intelligendi.

1975 2193 2060 2246 14.
2102 2193 2372 2247 Caeterum
2412 2191 2455 2244 si
2497 2191 2622 2260 quis
2665 2199 2860 2244 cantus
2904 2194 3095 2244 contra
3143 2187 3317 2258 legem
3365 2185 3500 2239 lina-

1902 2279 2032 2336 lium
2060 2291 2212 2336 ortus
2248 2281 2553 2350 incmperit,
2608 2279 2689 2334 vel
2731 2279 2888 2333 aliter
2917 2288 3108 2332 contra
3158 2277 3394 2346 regulam
3442 2275 3496 2329 in

1903 2388 2157 2442 processu
2206 2371 2523 2434 variaverit,
2574 2384 2673 2424 nec
2705 2369 2890 2423 debito
2926 2367 3018 2421 fini
3051 2366 3379 2428 occurrerit,
3417 2365 3495 2418 ita

1903 2464 2051 2517 utab
2078 2478 2184 2517 uno
2217 2473 2346 2516 tono
2370 2462 2619 2515 ordiatur
2663 2467 2722 2515 et
2764 2459 2816 2512 in
2863 2458 2970 2513 alio
3019 2458 3363 2520 terminctur,
3409 2456 3500 2510 hic

1905 2556 2030 2610 talis
2071 2555 2244 2626 magis
2293 2555 2494 2609 nothus
2541 2567 2703 2622 quam
2750 2551 3024 2622 legitimus
3050 2560 3134 2604 est
3150 2547 3495 2614 judicandus.

1905 2647 2246 2716 Quapropter
2287 2661 2392 2699 non
2443 2644 2615 2699 solum
2660 2643 2774 2696 haec
2817 2653 2981 2711 atque
3027 2639 3131 2695 alia
3181 2637 3492 2707 bujnsmodi

1904 2740 2035 2792 vitia
2065 2739 2117 2792 in
2148 2736 2493 2792 cantionibus
2533 2744 2657 2788 sunt
2697 2732 3082 2803 praecavenda,
3114 2745 3297 2785 verum
3329 2729 3496 2784 etiam

1904 2829 2150 2902 pervigili
2187 2825 2586 2881 observandum
2620 2833 2704 2878 est
2731 2839 2862 2878 cura
2889 2821 2967 2876 uti
2996 2821 3246 2876 attendas
3280 2819 3335 2875 in
3365 2832 3500 2873 neu-

1906 2927 2030 2989 mis,
2067 2924 2154 2978 ubi
2187 2938 2323 2976 rara:
2348 2922 2459 2989 (58)
2492 2935 2749 2974 sonorum
2797 2916 3020 2974 morulas
3063 2915 3362 2978 breviores,
3402 2910 3496 2966 ubi

1905 3034 2036 3074 vero
2065 3018 2175 3073 sint
2213 3013 2499 3071 metienda:
2538 3011 2945 3083 productiores,
2993 3023 3059 3062 ne
3087 3006 3280 3076 raptim
3307 3013 3365 3060 et
3390 3002 3496 3058 mi-

1909 3110 2052 3164 nime
2075 3107 2164 3162 ditt
2195 3105 2441 3176 proferas
2480 3104 2620 3174 quod
2665 3102 2869 3156 diutius
2897 3110 2953 3156 et
2986 3099 3306 3170 productius
3347 3110 3492 3167 prte-

213 3177 530 3233 diﬁ‘erentiis
567 3179 704 3243 suis,
729 3179 810 3232 vel
853 3195 1015 3249 quam
1063 3181 1131 3234 ad
1176 3180 1420 3236 ultimam
1468 3185 1800 3239 swculorum.
1831 3167 1876 3229 C
1908 3202 2091 3257 cinere
2139 3199 2330 3255 sum,"
2375 3195 2756 3267 ,ιιυείειειηίειίε
2801 3194 3116 3249 aucwrims,
3167 3190 3352 3260 Neque
3399 3202 3498 3242 au.

215 3269 368 3324 Amen
413 3269 677 3341 syllabam
726 3271 1099 3326 habitudinem
1137 3289 1232 3327 seu
1264 3274 1564 3344 spatiorum
1594 3279 1804 3332 dimen-

214 3359 414 3414 sioncm
470 3362 722 3425 habeant,
769 3362 959 3417 melius
989 3367 1358 3430 ostendemus,
1409 3381 1532 3420 cum
1586 3370 1637 3421 in
1690 3368 1805 3436 ipso

217 3459 457 3505 tonorum
491 3451 670 3508 libello
703 3455 820 3508 suis
843 3455 894 3509 in
923 3456 1058 3510 locis
1085 3458 1135 3510 id
1171 3459 1443 3528 explicare
1471 3460 1804 3528 curabimus,

216 3545 331 3611 quia
373 3544 577 3598 arctius
618 3547 890 3601 memoria:
947 3552 1358 3603 (‘Oll'illielitlailil‘
1392 3550 1653 3621 quidquid
1694 3569 1807 3623 pra:

215 3635 377 3688 oculis
408 3637 656 3691 habetur.
711 3637 821 3694 Hoc
868 3649 1047 3695 tamen
1094 3643 1309 3697 interim
1347 3645 1586 3698 breviter
1614 3657 1806 3700 notan-

217 3725 335 3779 dum
387 3730 530 3796 quod
601 3731 780 3785 omnis
830 3733 1145 3803 principalis
1195 3750 1380 3800 sonus,
1429 3737 1546 3791 sive
1594 3737 1684 3792 ille
1735 3738 1806 3792 sit

217 3821 505 3877 authentici
537 3822 825 3892 cujuslibet
855 3826 968 3882 sive
997 3827 1169 3898 plagis
1197 3827 1335 3897 ejus,
1366 3845 1580 3900 seraper
1601 3846 1633 3885 a
1657 3829 1805 3886 finali

217 3923 328 3973 suo,
369 3913 418 3966 in
447 3929 606 3982 quem
635 3915 956 3986 regulariter
979 3919 1196 3984 desinit,
1228 3921 1474 3990 incipiat.

284 3999 370 4054 l2.
415 4001 737 4058 Dill‘erentize
762 4019 910 4070 vero,
931 4020 1052 4075 quae
1077 4017 1303 4064 ornatus
1323 4025 1486 4064 causa
1506 4012 1804 4080 peritorum

217 4100 494 4148 cantorum
537 4094 734 4164 placito
779 4105 907 4152 sunt
955 4098 1209 4165 inventae,
1263 4115 1294 4155 a
1351 4103 1507 4158 nobis
1559 4103 1634 4160 ita
1680 4114 1807 4161 sunt

218 4181 493 4246 ordinatae,
527 4193 583 4236 nt
610 4183 868 4254 cujusque
899 4188 1010 4241 toni
1040 4187 1368 4256 dill'erentia,
1393 4194 1437 4247 si
1467 4209 1572 4264 qua
1599 4194 1652 4248 in
1688 4194 1805 4265 ipso

219 4266 358 4326 ﬁnali
413 4275 656 4346 incipiat,
715 4277 950 4347 primum
1004 4280 1184 4336 locum
1243 4285 1508 4352 obtineat,
1563 4289 1803 4344 secunda

219 4373 342 4419 vero
407 4365 710 4435 proximum
773 4368 1001 4427 inferius
1058 4371 1261 4442 locum,
1330 4375 1519 4446 sicque
1577 4377 1804 4434 inferius

225 4465 496 4524 quousque
548 4459 823 4515 invenitur
875 4463 1243 4533 progreditur.
1299 4463 1504 4521 Deinde
1555 4469 1805 4537 superius

222 4546 477 4613 proximo,
508 4563 615 4617 quo
639 4552 902 4619 occurrit,
944 4553 1063 4610 loco
1093 4556 1287 4610 iterum
1337 4555 1558 4626 incipiat
1583 4574 1805 4616 currere

222 4635 400 4690 ordine
425 4652 523 4693 suo
553 4656 724 4710 usque
755 4645 880 4698 dum
918 4645 986 4699 ad
1017 4647 1263 4716 quintum
1296 4645 1472 4702 locum
1503 4650 1798 4719 perveniat,

227 4722 307 4778 ubi
361 4729 727 4804 tinusquisque
785 4735 964 4790 ﬁnalis
1009 4738 1268 4792 socialem
1327 4755 1484 4794 suum
1540 4741 1799 4809 inveniat,

227 4829 475 4883 quatenus
517 4827 629 4894 ipse
661 4828 836 4884 finalis
880 4831 1030 4898 quasi
1059 4831 1276 4901 quidam
1301 4831 1430 4896 dux,
1461 4846 1526 4887 ac
1549 4834 1802 4907 princeps

227 4912 620 4988 moderatorqne
665 4921 716 4974 in
763 4922 942 4976 medio
969 4923 1238 4988 residens,
1289 4939 1354 4978 ex
1387 4936 1619 4995 utraque
1644 4938 1800 4996 parte

228 5003 304 5055 sui
331 5006 641 5068 differentiis
669 5013 864 5069 condat
897 5014 1066 5083 legem
1115 5017 1425 5072 inchoandi.
1472 5016 1622 5086 ipsas
1671 5034 1800 5075 vero

227 5089 541 5155 dilfcrentias
603 5103 817 5174 quidam
884 5104 1231 5162 deﬁnitiones
1298 5117 1510 5163 vocant.
1577 5109 1633 5164 ln
1691 5110 1818 5181 quo'

229 5184 590 5212 nun-v:.la...l.----
834 5196 846 5212 I
1082 5197 1093 5209 ι
1280 5197 1293 5212 ι
1485 5199 1495 5212 ι
1544 5199 1570 5212 Α

1834 4520 1881 4578 D

1903 3292 2085 3348 diendi
2111 3300 2238 3345 sunt
2257 3290 2348 3360 qui
2370 3291 2558 3344 dicunt
2577 3288 2696 3344 sine
2728 3287 2934 3341 ratione
2958 3284 3177 3338 omnino
3199 3282 3503 3338 consistere

1903 3384 2048 3453 quod
2103 3383 2158 3436 in
2218 3389 2380 3437 cantu
2429 3389 2572 3452 apta:
2623 3376 3033 3434 numerositatis
3090 3389 3300 3429 moram
3341 3387 3497 3428 nunc

1904 3476 2254 3540 velociorem,
2309 3487 2451 3528 nunc
2496 3487 2624 3526 vero
2677 3469 2909 3525 facimus
2955 3468 3385 3536 productiorem,
3447 3464 3498 3519 si

1905 3564 2290 3637 grammaticus
2327 3562 2556 3632 quilibet
2594 3569 2646 3616 te
2685 3557 3056 3630 reprehendit,
3094 3571 3216 3610 cum
3249 3554 3300 3608 in
3331 3566 3505 3632 versu_

1905 3672 1971 3711 co
2000 3655 2102 3711 loci
2152 3653 2415 3725 syllabam
2463 3650 2731 3718 corripias
2777 3648 2869 3704 ubi
2927 3645 3226 3716 producere
3272 3642 3495 3705 debeas,

1905 3745 2050 3802 nulla
2080 3746 2187 3800 alia
2215 3759 2377 3800 causa
2409 3743 2733 3798 naturaliter
2757 3741 3026 3796 existente
3052 3753 3152 3792 cur
3176 3735 3348 3806 magis
3371 3748 3496 3790 eam

1904 3841 2207 3910 producere
2235 3837 2452 3900 debeas,
2488 3835 2591 3890 nisi
2636 3835 2761 3904 quia
2802 3833 3147 3901 antiquorum
3200 3829 3272 3884 ita
3314 3828 3500 3884 sanxit

1905 3930 2247 3992 auctoritas;
2299 3942 2396 3983 cur
2426 3942 2532 3982 non
2573 3927 2744 3998 magis
2783 3924 3004 3980 musicae
3042 3921 3200 3986 ratio,
3233 3922 3300 3975 ad
3329 3935 3494 3989 quam

1906 4023 2022 4093 ipsa
2068 4019 2409 4076 rationabilis
2454 4034 2648 4074 vocum
2699 4016 2971 4072 dimensio
3024 4023 3080 4068 et
3131 4013 3498 4068 nnnierositas

1906 4115 2162 4186 pertinet,
2192 4118 2515 4167 succenseat
2542 4109 2966 4180 quodammodo,
3011 4106 3057 4162 si
3092 4121 3197 4160 non
3227 4119 3325 4172 pro
3355 4117 3494 4174 qua-

1907 4206 2059 4260 litate
2107 4204 2350 4258 locorum
2393 4202 2654 4257 observes
2697 4200 2936 4256 debitam
2976 4199 3336 4267 quantitatem
3379 4209 3499 4250 mo-

1905 4295 2132 4352 rarum?
2163 4295 2220 4350 Si
2250 4293 2543 4364 aliquando
2585 4290 2861 4348 oll'cndere
2891 4300 2944 4347 te
2970 4290 3150 4361 potuit
3189 4287 3331 4343 male
3371 4301 3499 4356 pro-

1906 4386 2095 4452 latum,
2141 4385 2286 4456 quod
2335 4393 2422 4439 est
2469 4390 2624 4438 extra
2666 4391 2740 4446 te,
2782 4390 2986 4452 quanto
3017 4380 3210 4451 magis,
3243 4376 3385 4448 quod
3413 4385 3502 4432 est

1908 4475 2048 4532 infra
2091 4475 2206 4548 (59)
2253 4474 2337 4530 te?
2387 4487 2492 4527 non
2542 4471 2688 4526 enim
2738 4469 3115 4542 grammatica,
3155 4468 3250 4524 sed
3287 4465 3498 4522 musica

1913 4567 2187 4622 hominem
2244 4563 2544 4619 consistere
2597 4561 2938 4630 percepimus
2977 4575 2993 4615 :
3035 4559 3221 4630 quod,
3280 4566 3342 4610 ut
3387 4554 3498 4610 viri

1910 4653 2264 4710 eruditissimi
2311 4652 2495 4707 verbis
2550 4658 2694 4717 utar,
2742 4650 2992 4722 quisquis
3038 4650 3096 4705 in
3149 4661 3274 4704 sese
3318 4645 3502 4716 ipsum

1907 4745 2206 4808 descendit,
2232 4743 2504 4814 intelligit.
3205 4785 3211 4791 .
3287 4769 3292 4774 ς

1977 4835 2185 4890 idcirco
2211 4843 2270 4890 ut
2294 4834 2346 4888 in
2376 4845 2550 4891 metro
2580 4843 2730 4892 certa
2764 4832 2960 4904 pedum
2992 4826 3333 4885 dimensione
3367 4836 3505 4877 con-

1907 4928 2110 4983 texitur
2159 4943 2373 4993 versus,
2424 4929 2499 4983 ita
2551 4940 2676 5001 apta
2729 4935 2784 4982 et
2833 4919 3203 4979 concordabili
3253 4915 3524 4974 brevium

1905 5017 2188 5090 longorum
2237 5034 2492 5073 sonorum
2529 5017 2871 5090 copulatione
2905 5013 3258 5082 componitur
3286 5013 3540 5074 cantusg

1906 5118 1960 5165 et
1985 5109 2127 5163 velut
2159 5109 2213 5164 in
2247 5109 2568 5164 hexametro
2601 5121 2784 5166 versu,
2810 5104 2854 5157 si
2881 5101 3132 5169 legitime
3158 5094 3357 5156 currit,
3389 5093 3557 5160 ipso.

2835 5205 2990 5212 ---κ-...ι
3032 5208 3050 5212 ι
3069 5209 3088 5212 μ
3113 5191 3221 5212 Ιῗ-οι
3246 5184 3297 5212 :n
3321 5186 3495 5212 annos.
