4072 5350
577 129 717 189 “15

1655 133 1996 191 BERNONIS
2034 132 2324 190 ABBATIS
2360 133 2728 192 AUGIENSII

3718 98 3848 193 tne

574 251 736 298 centu
767 241 819 295 in
843 241 1268 311 antepenultima
1294 244 1612 313 pronuntiat
1635 246 1731 313 ita,
1764 248 1973 314 docete;
1998 248 2081 304 vel
2103 248 2154 303 iu
2186 256 2232 311 Α
2262 247 2339 302 Ex
2368 248 2469 304 hoc
2497 263 2730 320 namque
2758 248 3027 322 colligitur
3049 265 3219 321 quam
3244 252 3540 309 veridicam
3572 268 3745 324 super
3769 255 3848 310 his

577 333 735 387 tertia
763 331 1142 400 cenjugatiene
1166 333 1217 387 in
1246 334 1539 404 penul:ima
1568 336 1937 404 circumﬂexo,
1974 339 2154 411 legite,

572 423 799 478 omnino
826 423 939 493 ipsa
968 424 1183 479 auditus
1212 427 1452 481 novitate
1483 428 1748 483 tabescit:
1780 430 1859 485 sic
1892 431 1945 486 iu
1979 434 2158 487 canti—

572 513 694 570 lena
721 531 786 569 ει
815 524 1060 570 veterum
1092 518 1419 574 auctoritate
1448 529 1574 590 apta
1608 530 1663 576 et
1696 525 1937 578 modesta
1968 526 2158 581 medu-

571 606 838 661 lationum
868 609 1211 677 coaptatiene
1242 610 1551 679 conjuncta,
1593 621 1705 668 tota
1743 616 1939 670 animae
1967 632 2158 689 corpo-

568 697 760 768 risque
819 714 1078 769 compago
1134 700 1473 769 delectatur;
1538 704 1680 759 sicut
1731 709 2042 763 ecentrario
2086 709 2156 764 ab

568 791 823 846 audiendi
859 793 1129 865 voluptate
1155 810 1215 851 se
1239 799 1545 865 suspendit,
1576 798 1619 854 si
1647 799 1776 869 quid
1798 799 1850 855 in
1878 816 1940 856 ea
1965 802 2157 872 depra-

564 894 752 940 vatum
780 887 963 941 sentit.

636 976 894 1048 Quisquis
916 979 1077 1051 igitur
1108 981 1210 1037 sibi
1245 983 1461 1038 videtur
1492 985 1611 1041 sine
1647 986 1783 1040 artis
1815 986 1978 1057 hujus
2014 988 2155 1045 noti-

565 1068 641 1122 tia
670 1068 809 1125 bene
845 1086 1058 1136 canere,
1110 1088 1234 1129 cum
1286 1075 1651 1147 interrogatus
1690 1080 1757 1134 de
1805 1095 2032 1135 numero
2069 1079 2155 1135 vel

563 1160 634 1216 de
676 1160 974 1219 intervallis
1017 1178 1304 1222 acutorum
1354 1170 1713 1240 graviumque
1763 1187 2024 1228 sonorum
2060 1191 2155 1230 ne-

562 1251 704 1308 sciat
732 1256 1084 1323 respondere,
1111 1258 1335 1328 vultque
1360 1260 1700 1317 solummodo
1726 1265 1940 1320 aurium
1968 1265 2154 1321 sensui

560 1346 812 1412 credere,
860 1363 966 1403 non
1011 1358 1192 1405 autem
1242 1354 1439 1409 rationi
1482 1356 1779 1424 magistrae,
1830 1374 1955 1413 cum
2006 1370 2155 1415 utro-

563 1450 795 1507 rumque
825 1439 1089 1510 judicium
1130 1443 1202 1497 sit
1242 1446 1660 1514 exquirendum.
1705 1450 1940 1521 amplius
1972 1460 2150 1507 tamen

561 1528 810 1591 rationis,
862 1545 981 1600 qua:
1030 1532 1201 1601 ipsam
1240 1535 1522 1591 veritatem
1571 1538 2054 1611 integritatemque
2085 1542 2152 1597 ad

2262 338 2484 408 quidam
2510 341 2727 411 sapiens
2748 342 2990 412 proferat
3020 344 3370 398 sententiam.
3401 344 3621 408 Protus,
3653 345 3847 417 inquit,

2260 440 2317 487 et
2351 433 2625 489 tetrardus
2663 426 2925 490 contrarii
2961 443 3110 501 sunt,
3149 451 3216 491 eo
3243 437 3387 507 quod
3417 438 3681 508 diapente
3707 439 3850 508 preti

2259 523 2410 593 prius
2442 523 2638 580 habeat
2664 528 2801 581 duos
2831 534 3005 591 tones,
3027 533 3082 580 et
3111 535 3296 596 postea
3318 528 3699 593 semitonium,
3724 530 3851 584 etin

2260 615 2369 672 {ine
2417 625 2640 683 tonum;
2686 618 2937 688 diapente
2965 633 3099 674 vero
3132 618 3355 674 tetrardi
3384 619 3538 689 prius
3570 628 3762 675 tonum
3799 629 3854 675 et

2258 710 2628 775 semitenium,
2667 720 2849 781 postea
2891 710 3028 766 duos
3066 719 3241 767 tonos.
3278 709 3634 768 Concordant
3669 720 3849 767 autem

2255 798 2435 869 prima
2472 800 2655 869 specie
2685 800 3043 868 diatessaron,
3071 810 3303 873 excepto
3331 803 3475 872 quod
3503 802 3739 858 tetrardi
3769 810 3851 856 est

2257 892 2526 962 superior.
2572 892 2839 948 Deuterus
2865 903 2922 949 et
2950 896 3107 949 tritus
3143 895 3363 950 omnino
3402 904 3529 950 sunt
3560 896 3848 960 contrarii,

2255 995 2378 1035 cum
2421 982 2672 1051 diapente
2716 983 2924 1039 deuteri
2989 983 3140 1053 prius
3183 992 3296 1039 tres
3339 992 3496 1039 tonos
3545 983 3757 1040 habeat
3796 994 3849 1039 et

2255 1080 2441 1142 postea
2468 1073 2846 1141 semitonium;
2879 1074 3133 1144 diapente
3170 1088 3301 1129 vero
3342 1073 3454 1128 triti
3486 1074 3645 1144 prius
3689 1075 3850 1129 semi-

2256 1161 2491 1227 tonium,
2539 1172 2661 1231 post
2714 1172 2826 1219 tres
2871 1172 3046 1227 tenes,
3077 1172 3133 1218 et
3163 1164 3503 1219 diatessaron
3533 1163 3753 1219 deuteri
3777 1166 3847 1218 sit

2254 1252 2482 1308 duorum
2531 1263 2780 1308 tonorum
2825 1262 2883 1310 et
2927 1254 3233 1319 semitonii,
3279 1255 3622 1310 diatessaron
3661 1264 3844 1310 autem

2257 1342 2373 1396 triti
2420 1343 2695 1399 semitenii
2732 1352 2789 1399 et
2824 1344 3052 1398 duorum
3095 1354 3369 1399 tenerum.
3415 1343 3473 1398 Si
3505 1344 3845 1399 converteris

2254 1432 2508 1502 diapente
2556 1435 2720 1503 preti,
2772 1432 3005 1489 efﬁcitur
3050 1435 3306 1505 diapente
3350 1435 3613 1499 tetrardi;
3656 1449 3843 1489 rursus

2254 1522 2509 1593 diapente
2555 1525 2783 1580 tetrardi
2824 1540 3086 1581 conversa
3120 1536 3338 1582 resonat
3370 1527 3629 1596 diapente
3660 1528 3837 1597 preti;

559 1616 821 1687 liquidum
860 1621 912 1676 in
936 1637 1117 1678 rerum
1144 1633 1355 1687 natura,
1393 1626 1444 1680 in
1474 1636 1735 1696 quantum
1762 1631 2019 1700 possibile
2047 1643 2149 1699 est,
2183 1627 2227 1687 Β
2258 1614 2594 1671 diatessaron
2640 1631 2735 1672 Ver
2737 1631 2769 1671 0
2801 1616 3038 1688 3930mm
3068 1632 3173 1673 "0"
3203 1617 3565 1673 οοηνθηίῑιιτο
3612 1618 3671 1672 Si
3714 1632 3841 1673 οων

558 1725 625 1766 ex
647 1728 870 1767 munere
910 1716 1298 1785 omnipotentis
1335 1718 1576 1774 Artiﬁcis
1613 1722 2047 1791 comprehendit,
2081 1724 2149 1790 is,

558 1800 805 1871 inquam,
843 1804 966 1860 talis
1002 1808 1175 1878 magis
1204 1808 1474 1872 lusciniae,
1505 1826 1626 1880 qua:
1663 1828 1833 1868 verno
1863 1815 1989 1870 anni
2016 1824 2152 1871 tem-

559 1905 693 1961 pore
736 1907 802 1948 ac
838 1893 883 1948 si
925 1911 1214 1953 numerose
1236 1908 1290 1953 et
1318 1902 1564 1957 suaviter
1594 1914 1778 1967 canat,
1812 1915 1899 1961 est
1927 1923 2150 1977 compa-

550 1986 758 2037 randus
779 2001 941 2054 quam
973 1990 1179 2057 peritus
1207 2001 1400 2048 cantor
1433 1995 1735 2052 habendus.
1771 1998 2037 2065 Quocirca
2076 2002 2151 2056 sit

557 2080 762 2128 nostrte
812 2078 1033 2133 musicae
1070 2082 1342 2137 cantilena
1366 2076 1504 2140 'rata
1547 2102 1805 2142 sonorum
1846 2092 2149 2159 quantitate

552 2161 833 2228 distim-ta,
864 2183 1181 2225 neumarum
1213 2173 1478 2244 gravitate
1504 2178 1797 2247 pouderata
1828 2180 2148 2251 prudenter-

556 2269 663 2322 que
693 2256 1006 2325 conjuncta,
1053 2263 1319 2327 modesta,
1366 2266 1596 2338 simplex
1653 2279 1707 2323 et
1748 2271 2011 2337 mascula,
2046 2288 2148 2329 nec

550 2345 902 2416 eﬂeminata,
951 2363 1225 2423 quatenus
1278 2358 1397 2428 ejus
1439 2360 1723 2417 dulcedine
1767 2364 1955 2420 attacti
2008 2364 2147 2420 inci-

556 2447 739 2497 temur
783 2444 850 2497 ad
897 2446 1234 2515 psallendum
1287 2450 1516 2506 Domine
1564 2452 1704 2518 lani,
1762 2471 1979 2526 semper
2033 2472 2148 2512 me-

557 2549 738 2591 mores
784 2535 1086 2596 Psalmistae
1141 2542 1292 2598 vocis
1349 2544 1690 2603 admonentis
1732 2565 1746 2603 :
1789 2547 2013 2603 Psallile
2058 2566 2149 2604 sa-

551 2624 771 2696 pienter.

548 2748 555 2755 -
627 2719 716 2773 15-.
758 2720 1048 2776 Enimvero
1078 2726 1352 2795 sapienter
1397 2729 1701 2800 psallimus,
1746 2747 1790 2788 st
1826 2748 1933 2789 non
1968 2734 2141 2791 solum

544 2814 785 2898 qumque
818 2813 1099 2869 intervalla
1127 2820 1351 2875 musicis
1375 2822 1523 2877 sonis
1557 2835 1921 2894 congruenter
1961 2836 2142 2898 aptata

554 2897 930 2966 observamus,
980 2918 1166 2961 verum
1215 2908 1404 2975 etiam,
1452 2927 1559 2979 quo
1609 2914 1928 2972 harmonice
1964 2897 2142 2986 spatio

540 2990 661 3062 'ipsi
693 2993 994 3049 authentici
1027 3010 1150 3052 cum
1180 2998 1553 3071 subiugalibus
1582 3004 1696 3060 suis
1732 3005 1872 3060 inter
1902 3023 1960 3062 se
1991 3006 2145 3063 dilic-

558 3088 704 3145 rant,
757 3082 801 3136 si
842 3082 1133 3154 diligenter
1177 3087 1531 3157 intendimus,
1564 3107 1632 3147 ne
1658 3108 1762 3163 qua
1809 3094 2144 3152 confusihilis

542 3170 699 3228 finter
726 3174 934 3244 seipsos
959 3180 1310 3234 commutatio
1340 3180 1456 3247 ﬁat,
1498 3198 1618 3252 quae
1654 3184 1825 3256 magis
1861 3187 2140 3241 ahsoniam

556 3262 767 3319 reddat.
798 3264 863 3320 Et
892 3269 1149 3337 quoniam
1197 3270 1358 3326 tritus
1406 3288 1471 3327 ac
1516 3273 1772 3329 deuterus
1809 3276 2163 3333 disceruibili.

528 3350 698 3425 .inter
745 3371 828 3422 se,
876 3357 978 3413 hoc
1026 3366 1114 3414 est
1157 3362 1429 3418 semitonii
1469 3364 1800 3421 dirimuntur
1834 3368 2140 3436 intervallo,

539 3447 736 3502 ceteri
802 3463 933 3504 vero
987 3450 1191 3507 distant
1251 3461 1379 3509 tono
1432 3455 1661 3526 ideoque
1721 3458 1898 3514 minus
1953 3470 2141 3529 aperte

555 3538 796 3606 dignesei
846 3542 1029 3598 Valent
1066 3560 1255 3611 eorum
1294 3549 1658 3619 proprietates
1690 3550 1741 3605 in
1770 3567 1925 3617 sene,
1955 3553 2140 3623 singu-

553 3626 732 3683 lorum
763 3640 997 3699 quatuor
1025 3633 1279 3704 diapente
1307 3652 1429 3692 cum
1456 3638 1742 3694 verberum
1771 3641 2139 3708 modulatione

549 3719 864 3776 curavimus
886 3723 1290 3790 subternetare,
1314 3738 1580 3795 quatenus
1602 3744 1666 3782 ex
1695 3730 1905 3785 illorum
1930 3734 2139 3788 ordinis

549 3807 959 3865 circumstantia
1004 3812 1216 3870 facilius
1261 3814 1631 3889 cujuscunque
1684 3820 1854 3892 possit
1889 3837 2139 3892 compre-

549 3896 715 3953 hendi
741 3901 956 3956 netitia.

532 4024 537 4029 η
620 3986 790 4057 Igitur
817 4005 942 4045 cum
970 3992 1214 4048 omnium
1261 3995 1510 4064 diapente
1552 4013 1617 4053 ex
1671 4000 1844 4055 trilms
1899 4001 2044 4057 tonis
2080 4010 2137 4057 et

548 4077 838 4134 semitonie
867 4092 1097 4149 constet,
1136 4085 1187 4139 in
1221 4101 1288 4141 eo
1319 4089 1574 4154 maxime,
1609 4090 1764 4161 cujus
1791 4092 1983 4149 herum
2020 4093 2135 4147 dia-

530 4176 711 4237 .pente
741 4169 832 4237 sit,
877 4175 1211 4245 agnoscitur,
1240 4177 1286 4233 si
1315 4188 1479 4248 quoto
1516 4183 1866 4238 semitonium
1895 4164 2130 4252 positum

553 4256 628 4313 sit
652 4257 792 4324 loco,
831 4278 937 4317 non
970 4267 1302 4338 negligenter
1346 4271 1649 4341 inspicitur.
1693 4274 1953 4345 Diapeute
1990 4277 2130 4345 preti

550 4358 678 4420 post
713 4351 845 4407 duos
873 4362 1028 4411 tones
1049 4361 1394 4417 semitonium
1426 4364 1691 4431 admittit;
1720 4367 1975 4436 diapente
2002 4367 2132 4423 deu-

532 4442 653 4498 teri
678 4452 801 4512 post
842 4453 951 4499 tres
990 4455 1169 4514 tonos,
1210 4451 1463 4522 diapente
1489 4454 1597 4513 tciti
1623 4457 1799 4525 primo
1826 4456 1944 4512 loco
1970 4457 2133 4511 semi-

549 4532 763 4591 tonium
790 4534 985 4604 habet;
1015 4537 1267 4608 diapente
1302 4546 1527 4600 tetrardi
1560 4554 1681 4615 post
1720 4563 1887 4603 unum
1920 4558 2125 4604 tonum.

2252 1708 2505 1771 verteris,
2557 1708 2809 1779 diapente
2857 1709 3062 1765 deuteri
3112 1709 3348 1765 eﬂicitur
3391 1711 3652 1779 diapente
3694 1711 3835 1777 triti;

2253 1813 2443 1853 rursus
2499 1798 2619 1853 triti.
2668 1799 2924 1867 diapente
2980 1815 3246 1856 conversa
3306 1808 3529 1856 resonat
3590 1800 3841 1872 diapente

2254 1889 2483 1946 deuteri.
2525 1890 2786 1948 Similiter
2822 1900 3001 1964 potest
3038 1892 3285 1948 converti
3343 1892 3691 1950 diatessaron
3748 1908 3841 1950 ee-

2251 1995 2395 2034 rum.
2852 2040 2863 2047 _

2324 2068 2477 2126 Nunc
2519 2071 2705 2142 igitur,
2737 2082 2795 2127 ut
2823 2087 2984 2142 supra
3014 2072 3383 2145 promisimus,
3427 2086 3701 2143 ponamus
3724 2071 3839 2127 sin-

2249 2162 2498 2233 gulorum
2533 2163 2824 2233 diapente,
2873 2164 3295 2234 uniuscujusque
3342 2180 3379 2220 a
3416 2165 3647 2235 proprio
3696 2163 3839 2217 ﬁnali

2249 2253 2593 2324 incipientes,
2623 2263 2678 2310 et
2711 2270 2809 2325 per
2854 2256 3051 2326 quinas
3096 2254 3364 2327 syllabas,
3422 2254 3839 2310 cennumeratis

2248 2364 2369 2419 quae
2398 2350 2451 2403 in
2497 2351 2673 2405 medie
2713 2358 2841 2405 sunt
2880 2351 3125 2415 vocibus,
3167 2351 3556 2415 ascendamus,
3600 2350 3840 2418 itemque

2246 2455 2345 2509 per
2372 2440 2508 2496 alias
2538 2442 2731 2512 quinas
2757 2441 2809 2495 in
2834 2457 3004 2512 usque
3027 2441 3216 2497 ﬁnales
3235 2442 3397 2496 simili
3428 2441 3589 2496 modo
3612 2442 3839 2496 descen-

2246 2532 2460 2594 damus.
2509 2532 2583 2587 ita
2619 2532 2758 2602 preti
2806 2532 3058 2602 diapente
3110 2531 3839 2601 modulande:Principim-i

2244 2641 2338 2698 ego
2382 2642 2499 2680 sum
2535 2634 2584 2680 et
2624 2625 2785 2691 linis;
2824 2624 3034 2681 deuteri
3067 2640 3195 2680 vero
3238 2624 3357 2679 sic:
3394 2623 3515 2678 Duo
3562 2622 3838 2678 clior-italis

2243 2708 2646 2787 praceptorum
2671 2734 2689 2780 ;
2715 2727 2827 2773 triti
2858 2731 2988 2771 vero
3017 2732 3069 2770 tn
3094 2713 3241 2770 hunc
3267 2714 3485 2769 modum
3519 2730 3533 2767 :
3568 2712 3698 2767 Tria
3717 2721 3835 2767 sunt

2244 2822 2462 2861 munera
2490 2808 2753 2876 pretiosa;
2778 2806 3004 2862 tetrardi
3038 2821 3166 2860 vero
3200 2805 3279 2860 sic
3306 2804 3693 2861 conciuendo:
3732 2801 3836 2858 No-

2245 2911 2360 2949 men
2387 2895 2599 2950 Domini
2623 2906 3107 2967 tetragrammaton.
3150 2895 3245 2949 His
3288 2895 3362 2949 ita
3388 2910 3448 2950 se
3486 2894 3834 2958 habentibus,

2172 2978 2215 3039 C
2248 3002 2317 3041 ne
2343 2987 2466 3056 quis
2506 3001 2591 3042 me
2622 2988 2740 3043 sine
2769 2987 2991 3059 pudoris
3027 2999 3275 3057 respectu
3311 2985 3494 3056 jaculo
3544 2986 3835 3056 reprehen-

2246 3077 2417 3133 sionis
2443 3078 2746 3134 feriendum
2776 3088 2961 3149 putet',
2995 3094 3063 3133 eo
3102 3079 3245 3149 quod
3276 3078 3543 3149 quasdam
3584 3078 3834 3134 diﬂ'ereu—

2247 3170 2370 3234 tias,
2403 3170 2601 3239 quibus
2626 3170 2791 3241 aliqui
2820 3170 3067 3225 moderni
3100 3178 3346 3233 utuntur,
3377 3170 3505 3225 huic
3538 3171 3694 3239 eperi
3732 3170 3831 3223 mi-

2244 3258 2391 3314 nime
2417 3260 2714 3315 addiderim
2735 3300 2750 3324 ,
2782 3260 2994 3315 noverit
3023 3260 3151 3315 mihi
3192 3260 3242 3314 id
3273 3260 3443 3315 studii
3469 3259 3646 3314 fuisse
3666 3259 3831 3328 magis

2243 3365 2432 3405 eorum
2458 3350 2547 3420 qui
2591 3360 2720 3406 ante
2748 3365 2849 3404 nos
2877 3360 3038 3406 aetate
3064 3360 3117 3406 et
3143 3337 3369 3406 scientia
3406 3352 3612 3408 rectius
3644 3367 3831 3422 sapue-

2245 3450 2392 3505 runt,
2421 3442 2713 3497 observare
2742 3441 2980 3497 voluisse
3009 3444 3430 3500 constitutiones
3455 3459 3619 3514 quam
3645 3459 3828 3498 vocum

2242 3531 2395 3601 sequi
2434 3532 2717 3586 novitates.
2751 3531 2817 3585 Et
2855 3547 2921 3587 ne
2947 3534 3167 3588 omnino
3218 3533 3452 3589 intaCtas
3480 3534 3701 3589 easdem
3746 3548 3827 3587 re-

2244 3621 2502 3691 linquam,
2533 3622 2584 3676 in
2614 3622 2788 3692 primo
2815 3631 2942 3677 tono
2966 3623 3086 3679 aliis
3108 3640 3269 3694 quam
3293 3639 3394 3681 nos
3425 3633 3655 3679 tttuntur
3686 3623 3828 3680 dilic-

2245 3714 2458 3779 rentiis,
2488 3716 2553 3767 ad
2595 3714 2734 3768 hanc
2764 3715 3116 3784 antiphenam
3146 3735 3159 3770 :
3190 3715 3364 3769 Biduo
3393 3716 3589 3781 vivens,
3624 3716 3702 3769 ita
3730 3732 3827 3768 sa-

2238 3810 2499 3865 culorum.
2529 3811 2713 3874 Amen,
2747 3812 2985 3881 itemque
3014 3809 3350 3867 somniorum.
3382 3809 3588 3874 Amen;
3636 3807 3683 3863 Ο
3713 3808 3833 3862 bea-

2238 3912 2349 3956 tum
2370 3903 2663 3973 pontiﬁcem
2683 3944 2697 3970 ,
2722 3912 2849 3959 tono
2876 3903 3123 3959 videlicet
3145 3900 3371 3957 inferius
3396 3901 3672 3965 ﬁnientes,
3699 3900 3834 3955 mul-

2241 4000 2403 4062 taque
2433 3993 2483 4047 id
2508 4007 2698 4062 genus,
2732 3996 2786 4048 in
2815 4003 3011 4064 quarto
3040 4008 3169 4049 vero
3199 3993 3251 4048 iu
3285 3993 3389 4047 hac
3414 3990 3718 4060 antiphona
3740 4006 3832 4044 nos

2239 4086 2493 4150 scientes;
2523 4086 2574 4140 in
2601 4088 2831 4156 septimo
2873 4088 2928 4142 in
2964 4088 3064 4142 ista
3097 4085 3487 4157 Loquebantur,
3513 4085 3832 4155 peregrinos

2239 4179 2501 4248 quosdam
2532 4179 2878 4240 modulantur
2905 4196 3101 4246 senes;
3133 4188 3189 4234 et
3216 4179 3262 4233 si
3297 4194 3403 4249 qua
3442 4177 3680 4232 inveniri
3708 4191 3832 4246 pes-

2240 4282 2367 4327 sunt
2414 4273 2630 4328 similia.
2664 4271 2817 4328 Nunc
2845 4288 3008 4337 vero,
3056 4272 3101 4328 si
3146 4272 3284 4327 adeo
3318 4270 3632 4341 hujusmodi
3680 4284 3831 4324 nova:

2240 4362 2556 4416 seueritatis
2583 4361 2814 4433 ﬂagrant
2840 4362 3136 4424 desiderio,
3176 4368 3341 4430 agant
3368 4368 3427 4414 ut
3459 4358 3597 4414 libet
3621 4358 3825 4413 animo.

2238 4451 2352 4521 Ege
2387 4449 2643 4519 verojam
2668 4450 2914 4507 desinam
2946 4449 3114 4507 multa
3153 4448 3326 4520 loqui,
3351 4456 3412 4503 ut
3443 4448 3570 4503 linis
3601 4446 3680 4503 sit
3709 4460 3831 4517 pre-

2236 4546 2366 4618 legi.

552 4738 3825 4768 Μ

1434 4902 2151 5021 TONARIUS
2224 4903 2948 5053 BERNONIS

766 5198 808 5222 ,λ
858 5207 864 5213 .
989 5124 1093 5219 Ea:
1134 5125 1274 5188 cod.
1312 5126 1608 5190 Palatino
1654 5126 1941 5191 biblioth.
1985 5127 2206 5195 Vatia,
2247 5124 2478 5186 collato
2523 5143 2661 5187 cum
2704 5122 2915 5186 codice
2955 5122 3381 5185 Admonlemt'.
