4072 5350
1652 193 1823 256 ΤΟΝΔ

1935 198 2018 253 SS.
3363 197 3500 254 Hl8

1836 321 1885 378 Α
1918 320 2188 375 thenticus
2228 319 2366 390 ejus,
2405 327 2460 376 et
2493 335 2561 375 ex
2591 320 2780 374 eadem
2812 319 2992 388 specie
3037 318 3374 372 diatessaron
3418 320 3503 372 in-

1915 411 2103 466 ferius.
2140 412 2194 466 In
2224 412 2412 467 eodem
2444 426 2573 466 vero
2600 409 2770 473 ﬁnali,
2801 408 2890 464 ubi
2923 409 3135 480 incipit,
3161 408 3498 462 surculorum.

1915 505 2102 568 Amen,
2132 504 2271 557 ﬁnit.

232 210 368 266 ΗΠ

754 320 1284 379 NONANNOEANE.

299 415 540 470 Primum
567 415 780 484 qmerite
803 431 1018 485 regnum
1049 413 1166 468 Dei.

301 506 652 562 Smculorum.
681 505 863 558 Amen.

2603 593 2818 650 Noeais.

296 598 570 654 Lichanos
602 599 862 667 hypaton.

296 689 366 743 A.
403 686 631 755 Angelus
657 687 868 740 Domini
889 687 1170 753 nuntiavit,
1201 695 1308 742 etc.
1343 687 1478 758 (60).

298 777 608 831 Diﬁ'erentia
643 777 812 845 prima
847 776 984 846 (ιιι),
1035 793 1153 847 quae
1181 793 1211 832 a
1244 778 1385 831 linali
1418 776 1633 847 quidem
1672 776 1811 831 inci.

228 870 334 940 pit,
384 870 478 924 sed
518 885 641 923 mox
673 869 725 923 in
755 870 1004 938 quintum
1034 885 1224 924 sonum
1266 870 1526 929 ascendit,
1565 880 1625 922 ut
1672 871 1813 922 sicut

231 961 521 1030 autipbona
559 962 628 1016 ab
671 961 858 1015 ultima
899 962 1233 1015 swculorum.
1285 963 1449 1014 Amen
1504 961 1705 1031 syllaba
1759 962 1810 1014 in

228 1055 512 1124 gravitate,
541 1054 612 1108 ita
637 1055 873 1109 secunda
902 1071 1096 1108 neuma
1117 1054 1282 1108 distet
1304 1054 1555 1122 diapente
1585 1070 1614 1106 a
1637 1055 1812 1123 prima

231 1146 285 1200 in
316 1145 588 1200 acumine.

298 1233 648 1288 chulorum.
663 1234 849 1300 Amen,
873 1236 1119 1290 lichanos
1140 1237 1406 1307 hypaton;
1432 1245 1544 1290 ant.
1568 1235 1812 1301 Domine,

229 1324 492 1379 Dominus
529 1337 724 1387 noster,
775 1335 882 1380 etc.
930 1326 1024 1380 Hae
1066 1329 1374 1396 autiphonte
1411 1336 1536 1381 tono
1586 1328 1814 1380 inferius

232 1431 348 1471 cum
371 1417 725 1487 subseqneuti
748 1418 1050 1472 ditierentia
1074 1419 1254 1473 taliter
1277 1417 1450 1472 Vadit.
1477 1419 1659 1480 Amen,
1686 1419 1818 1473 inci-

231 1510 417 1580 piunt,
474 1513 569 1566 sed
619 1527 743 1566 cum
789 1513 1056 1581 superiori
1106 1522 1228 1582 post
1270 1514 1581 1583 contiguum
1629 1524 1816 1566 toumn

229 1601 411 1658 statim
447 1601 501 1654 in
525 1601 778 1670 diapente
803 1613 1137 1672 consurgunt
1165 1603 1390 1672 ideoque
1421 1604 1473 1657 in
1504 1603 1680 1656 l‘llCdiO
1706 1619 1816 1655 am-

1991 685 2289 740 Secumlum
2315 697 2489 739 autent
2517 686 2685 739 simile
2715 696 2788 739 est
2817 685 2959 738 huic.

1991 775 2339 829 chulorum.
2371 759 2566 837 Amen;
2600 786 2714 829 aut.
2749 774 2979 828 Michael
3017 775 3331 845 arcimngele
3351 816 3364 839 ,
3392 783 3500 830 etc.

1920 866 2014 920 ila:
2037 877 2162 919 tono
2183 883 2213 918 a
2239 866 2386 919 ﬁnali
2414 866 2619 920 distant
2646 866 2699 919 in
2728 867 3014 936 gravitate,
3039 875 3296 936 reguntur
3323 877 3503 919 tamen

1921 959 2109 1014 eodem
2141 973 2292 1012 seno.

1990 1048 2117 1100 Ant.
2160 1047 2451 1115 Assumpsit
2473 1046 2649 1100 Jesus.

1995 1138 2119 1191 llaec
2151 1152 2252 1190 una
2298 1136 2604 1190 dill'erentia
2653 1136 2943 1192 semitonio
2982 1151 3045 1191 ac
3087 1146 3214 1192 tono
3262 1136 3428 1192 distat
3473 1149 3504 1190 a

1923 1230 2070 1284 ﬁnali
2115 1230 2165 1283 in
2212 1230 2481 1294 acumine,
2533 1244 2654 1299 qua:
2702 1229 2760 1282 ﬁt
2798 1230 2969 1300 magis
3015 1230 3299 1286 intervallo
3344 1245 3504 1300 quam

1923 1339 2077 1377 SOIIO.

1997 1416 2347 1472 chulorum.
2383 1419 2592 1479 Amen;
2635 1425 2748 1470 ant.
2797 1416 2840 1468 Α
2883 1414 3075 1470 sa’culo
3106 1433 3208 1470 non
3244 1425 3350 1481 est,
3395 1424 3508 1472 etc.

1926 1509 2287 1562 Authcnticus
2334 1509 2590 1562 deuterus
2645 1516 2858 1562 constat
2915 1523 2980 1561 ex
3035 1509 3269 1562 secunda
3328 1507 3513 1577 specie

1928 1601 2262 1654 diatessaron
2317 1600 2427 1669 (45)
2455 1617 2468 1652 :
2510 1598 2627 1654 ﬁnit
2655 1598 2988 1653 saeculorum.
3037 1600 3200 1654 Amen
3232 1599 3512 1660 altiusse-

229 1693 416 1748 barum
457 1695 544 1749 hic
571 1711 665 1750 eas
687 1695 1102 1761 collocavimus,
1135 1708 1191 1750 ut
1219 1698 1443 1752 cuilibet
1472 1715 1661 1752 earum
1705 1699 1822 1752 illas

1935 1690 2150 1745 mitouio
2179 1704 2244 1743 ac
2267 1699 2411 1744 tono.

232 1787 519 1853 attribuas,
547 1804 652 1842 non
679 1789 978 1858 delinquas.
1012 1790 1140 1843 Aut.
1165 1789 1364 1854 Amice,
1391 1807 1492 1843 non
1522 1792 1684 1859 facio,
1713 1799 1819 1844 etc.

299 1879 617 1934 Diﬂ‘erentia
647 1881 884 1935 secunda
917 1883 984 1935 ab
1015 1881 1201 1936 ultima
1231 1881 1436 1952 syllaba
1485 1882 1818 1936 sa’culorum.

235 1967 396 2023 Amen
423 1985 525 2039 per
555 1970 920 2036 diatessaron,
962 1971 1184 2026 vocibus
1229 1987 1349 2041 qum
1393 1982 1520 2026 sunt
1559 1972 1612 2025 in
1645 1973 1824 2027 medio

234 2062 632 2124 annumeratis.
661 2062 877 2118 ﬁnalem
913 2079 1085 2134 usque
1130 2065 1413 2119 descendit
1463 2065 1652 2134 sicque
1698 2075 1825 2120 tono

236 2151 460 2208 inferius
493 2155 700 2225 incipit.
1099 2145 1102 2148 ’

303 2243 653 2298 δωσαιονυηι.
680 2247 862 2310 Amen,
902 2255 1011 2300 ant.
1041 2247 1228 2311 Amen,
1257 2248 1374 2300 dico
1398 2248 1558 2312 vobis,
1588 2257 1696 2301 etc.
1730 2245 1824 2301 Ihe

237 2337 568 2405 antiphonm,
601 2337 729 2392 licet
758 2354 788 2392 a
831 2339 978 2392 ﬁnali
1013 2340 1298 2408 incipiant,
1337 2348 1514 2394 tamen
1560 2341 1686 2408 quia
1727 2355 1825 2409 per

236 2427 566 2495 quilismata,
613 2445 734 2498 qua:
760 2445 858 2483 nos
886 2431 1142 2500 gradatas
1171 2447 1396 2486 neumas
1423 2432 1673 2495 dicimus,
1705 2447 1824 2484 ma-

236 2517 314 2576 gis
359 2517 600 2588 gutturis
630 2536 792 2589 quam
839 2521 1166 2576 chordarum
1219 2523 1300 2577 vel
1350 2523 1578 2593 alicujus
1627 2523 1826 2577 instru-

239 2608 402 2662 menti
447 2608 626 2665 oﬁicio
675 2611 1046 2675 modulantur,
1079 2613 1256 2682 potius
1299 2611 1458 2680 hujus
1501 2613 1825 2668 diﬁcrentize

239 2713 369 2754 sono
411 2715 576 2770 quam
624 2701 912 2771 principali
950 2702 1122 2771 ipsius
1170 2700 1470 2757 authentici
1506 2712 1826 2772 promantur

225 2791 414 2848 modo.

307 2885 660 2940 chulorum.
685 2885 885 2951 Amen;
913 2895 1024 2941 ant.
1059 2887 1319 2942 Columna
1348 2905 1436 2955 es;
1484 2896 1600 2943 ant.
1650 2888 1822 2960 Euge,

240 2992 374 3032 serve
405 2978 558 3031 bone.

306 3068 398 3124 Hae
422 3069 730 3137 antiphonae
754 3078 882 3124 tono
922 3085 986 3124 ac
1019 3070 1308 3125 semitonio
1337 3072 1588 3142 superius
1615 3089 1642 3126 a
1676 3073 1821 3126 ﬁnali

241 3173 334 3214 suo
362 3159 466 3214 sub
510 3159 752 3229 ejusdem
801 3159 1120 3215 ddici-entire
1166 3176 1300 3216 sono
1335 3162 1620 3232 incipiunt.
1654 3161 1828 3220 Habet

242 3250 397 3303 etiam
430 3250 547 3304 haec
573 3253 763 3304 eadem
793 3249 1096 3304 diﬁ‘erentia
1148 3251 1204 3304 in
1250 3251 1336 3305 his
1362 3263 1416 3306 et
1448 3252 1500 3305 in
1531 3253 1652 3306 aliis
1681 3254 1827 3307 simi-

241 3341 337 3399 bus
389 3343 725 3398 vicinitatem
767 3345 1056 3414 quamdam
1084 3361 1207 3400 cum
1253 3359 1320 3400 eo
1363 3346 1454 3414 qui
1512 3353 1597 3400 est
1651 3345 1828 3417 plagis

240 3437 398 3505 preti.

308 3524 614 3597 Parhypate
642 3542 848 3582 meson.
880 3527 1009 3582 Ant.
1038 3527 1294 3592 Ananias,
1323 3528 1488 3592 Azar,
1517 3536 1626 3583 etc.
1665 3527 1828 3583 Diﬂ'e-

243 3617 424 3671 rentia:
455 3619 628 3672 tertia:
658 3618 817 3688 hujus
844 3620 1178 3672 swculorum.
1210 3619 1372 3672 Amen
1402 3634 1432 3671 a
1455 3618 1598 3672 ﬁnali
1627 3619 1830 3673 diates-

243 3721 396 3761 saron
433 3707 722 3762 intervallo
764 3708 960 3773 distat;
995 3709 1108 3776 ipsa
1138 3717 1318 3762 autem
1365 3710 1434 3763 ab
1459 3709 1650 3763 eadem
1679 3708 1829 3763 ﬁnali

245 3808 367 3880 tono
397 3812 452 3856 et
483 3803 773 3857 semitonio
804 3802 1094 3858 inchoatur
1117 3802 1388 3872 superius,
1425 3809 1550 3858 tono
1573 3801 1642 3856 ab
1661 3801 1827 3856 Amen

246 3891 483 3952 inferius.

313 3985 666 4044 chulorum.
715 3988 912 4054 Amen;
952 3997 1064 4042 ant.
1113 3987 1321 4059 Apertis
1377 3989 1670 4054 thesauris,
1719 3996 1827 4044 etc.

248 4073 551 4136 Diﬁ‘erentia
581 4087 800 4148 quarta,
831 4095 950 4149 qua:
972 4095 1094 4135 cum
1137 4080 1325 4134 eodem
1356 4079 1478 4135 loco
1509 4095 1617 4149 quo
1659 4089 1715 4134 et
1741 4095 1831 4134 su-

247 4172 421 4238 perior
449 4173 750 4237 ordinatur,
787 4173 984 4229 melius
1011 4183 1190 4230 tamen
1213 4190 1346 4231 sono
1373 4176 1520 4230 vocis
1542 4190 1641 4246 per
1664 4174 1829 4229 Amen

251 4257 302 4312 in
333 4261 436 4317 ﬁne
466 4265 826 4334 dignoscitur.

1849 3022 1896 3085 C

2600 1782 2838 1839 Noeane.

2001 1873 2178 1928 Tertia
2210 1874 2321 1928 dies
2350 1883 2424 1927 est
2454 1874 2592 1944 quod
2617 1875 2728 1929 ha'c
2760 1875 2903 1944 facta
2937 1885 3080 1929 sunt.

1999 1962 2346 2018 Sa'culorum.
2372 1964 2572 2030 Amen;
2598 1974 2710 2018 ant.
2735 1965 3004 2034 Accipiens
3022 1964 3276 2018 Dominus
3299 1974 3510 2036 septem.

1927 2053 2242 2107 Dilferentia
2274 2054 2447 2121 prima
2476 2054 2770 2108 semitonio
2789 2064 2844 2108 et
2871 2064 2996 2108 tono
3023 2054 3274 2123 superius
3301 2053 3514 2126 incipit,

1927 2145 2016 2199 ubi
2045 2154 2100 2199 et
2133 2145 2377 2198 ultimam
2415 2145 2679 2216 syllabam
2712 2145 2848 2200 ﬁnit.

1999 2239 2355 2294 Sit-culorum.
2385 2241 2582 2303 Amen;
2607 2247 2722 2293 aut.
2757 2238 2874 2294 Fac
2903 2240 3135 2311 benigne.

1997 2330 2312 2384 Diﬁ'erentia
2363 2331 2601 2385 secunda
2653 2332 2943 2385 semitonio
2971 2347 3036 2385 ac
3065 2341 3192 2386 tono
3237 2330 3401 2386 altius
3433 2329 3521 2386 in-

1927 2423 2058 2492 cipit
2080 2421 2242 2475 Amen
2273 2437 2450 2487 suum,
2483 2437 2514 2476 a
2544 2438 2604 2477 se
2632 2423 2762 2488 toni,
2789 2439 2819 2477 a
2844 2422 2992 2478 ﬁnali
3020 2438 3147 2478 vero
3172 2421 3516 2478 diatessaron

1926 2513 2047 2568 ﬁnit
2076 2513 2380 2568 intervallo.

1999 2605 2350 2660 chulorum.
2383 2605 2568 2659 Amen.
2587 2603 2856 2660 Lichanos
2881 2619 3105 2672 meson;
3130 2614 3244 2659 ant.
3271 2601 3516 2666 Domine,

1926 2699 2160 2769 probasti
2187 2715 2289 2752 me.

1997 2788 2311 2844 Dill‘erentia
2355 2790 2510 2845 tertia
2551 2789 2604 2843 in
2655 2790 2846 2844 eadem
2879 2789 3098 2859 quidem
3151 2786 3380 2853 chorda,
3413 2802 3518 2856 qua

1927 2891 1984 2937 et
2023 2883 2351 2952 superiores,
2398 2883 2598 2939 melum
2646 2883 2888 2951 inchoat,
2939 2883 3032 2938 sed
3080 2883 3324 2938 ultimam
3367 2899 3522 2937 amen

1928 2973 2192 3044 syllabam
2221 2991 2250 3029 a
2277 2974 2424 3029 ﬁnali
2455 2985 2608 3030 sexto
2632 2975 2750 3030 loco
2775 2975 3124 3030 determinat.

2005 3065 2355 3122 chulorum.
2385 3068 2582 3134 Amen;
2607 3077 2720 3123 ant.
2743 3068 3017 3140 Accipiens
3039 3066 3272 3134 Simeon,
3296 3076 3403 3124 etc.

1999 3158 2200 3213 [larum
2253 3160 2673 3228 antiphonarum
2716 3159 2984 3222 cantilena
3031 3170 3188 3215 sexto
3239 3160 3360 3214 loco
3389 3174 3419 3212 a
3451 3156 3518 3214 ﬂ-

1928 3249 2037 3304 nali
2071 3260 2265 3305 contra
2289 3259 2462 3306 artem
2497 3252 2784 3322 incipiunt,
2825 3253 2918 3307 ubi
2947 3261 3004 3306 et
3032 3269 3183 3307 amen
3223 3232 3363 3306 linit.
3394 3249 3523 3306 Ant.

1944 3339 2069 3394 Vivo
2097 3358 2225 3411 ego;
2253 3351 2368 3396 ant.
2398 3341 2576 3396 Unum
2606 3347 2736 3412 opus
2762 3344 2884 3412 feci.

1999 3434 2314 3490 Diﬁ‘erentia
2342 3444 2535 3504 quarta
2567 3437 2818 3490 eumdem
2860 3450 3024 3504 quem
3056 3443 3109 3487 et
3152 3434 3403 3502 superior
3435 3447 3528 3487 or-

1929 3526 2107 3581 diendi
2140 3527 2348 3581 obtinet
2378 3527 2576 3590 locum,
2611 3527 2706 3581 sed
2739 3541 2844 3581 non
2863 3525 3096 3579 similem
3125 3525 3177 3578 in
3202 3523 3521 3594 penultimo.
3603 3543 3612 3550 -

1930 3618 2094 3672 Amen
2124 3618 2298 3671 reddit
2323 3632 2536 3672 sonum.
2566 3616 2718 3672 Unde
2746 3633 2849 3670 non
2879 3617 3014 3670 adeo
3038 3613 3382 3683 delinq‘uit,si
3402 3612 3525 3682 quis

1930 3708 2013 3763 vel
2061 3708 2372 3776 superiores
2415 3707 2745 3776 antiphonas
2777 3703 2936 3773 lmjus
2963 3703 3081 3759 soni
3116 3712 3302 3758 tenore
3336 3700 3521 3771 profe-

1932 3809 2044 3867 rat,
2078 3801 2160 3855 vel
2191 3801 2326 3855 istas
2353 3799 2664 3868 superiores
2694 3795 3026 3852 diﬁ‘erentias
3060 3809 3194 3850 sono
3237 3793 3292 3848 in
3335 3791 3525 3849 conci-

1932 3893 2111 3948 nendo
2140 3892 2473 3961 pronuntiet.

2004 3981 2357 4037 Sceculorum.
2406 3979 2571 4034 Amen
2603 4021 2618 4045 ,
2650 3979 2733 4036 vel
2787 3980 2862 4034 ita
2911 3975 3260 4034 chulorum.
3319 3975 3523 4036 Amen;

1933 4081 2047 4127 ant.
2076 4071 2295 4142 Auferte
2318 4072 2440 4136 ista,
2471 4080 2580 4125 etc.

2005 4163 2185 4236 Plagis
2215 4163 2424 4219 deuteri
2465 4171 2681 4218 constat
2712 4178 2778 4218 ex
2809 4161 3046 4217 secunda
3094 4158 3276 4230 specie
3304 4158 3527 4228 diapen-

1935 4267 2007 4322 te,
2037 4258 2180 4314 sicut
2207 4257 2556 4312 authenticus
2579 4256 2718 4327 ejus,
2747 4265 2801 4311 et
2827 4271 2894 4310 ex
2927 4253 3162 4312 secunda
3187 4249 3370 4322 specie
3405 4249 3528 4308 dia-

317 4349 660 4408 Sa'culorum.
705 4354 915 4420 Amen;
963 4362 1078 4408 ant.
1109 4352 1338 4408 Alleluia
1367 4371 1461 4423 ego
1509 4372 1626 4408 sum
1668 4354 1784 4409 vitis
1810 4395 1824 4420 ,
1851 4371 1906 4432 Β
1937 4359 2182 4408 tessaron
2213 4348 2459 4404 inferius.

252 4450 353 4496 etc.
399 4444 710 4501 Diﬂ‘erentia
740 4449 924 4518 quinta
953 4447 1200 4501 ultimam
1232 4445 1314 4500 sui
1357 4445 1520 4499 Amen
1563 4445 1822 4516 syllabam

256 4532 436 4598 quinto
463 4536 581 4592 loco
623 4553 652 4592 a
692 4538 834 4593 ﬁnali
866 4539 1116 4615 superius
1145 4537 1386 4609 deponit,
1418 4537 1664 4593 ordiendi
1695 4550 1826 4590 vero

255 4628 442 4684 melum
479 4633 530 4686 in
560 4633 738 4688 medio
763 4633 1013 4703 diapente
1035 4631 1149 4701 (42)
1191 4631 1406 4685 initium
1443 4630 1628 4684 sumit.
1707 4683 1710 4686 .

321 4720 663 4780 Smculorum.
690 4726 886 4792 Amen;
917 4734 1032 4780 ant.
1059 4723 1479 4779 Circumdantes.
1513 4721 1825 4777 Dill'erentia

258 4821 401 4866 sexta
431 4813 590 4868 Amen
620 4825 814 4885 quarto
837 4833 866 4871 a
900 4817 1042 4870 ﬁnali
1073 4815 1192 4870 loco
1219 4815 1272 4869 in
1306 4813 1556 4868 acumine
1581 4813 1824 4883 deponit,

262 4905 474 4958 canendi
504 4921 634 4961 vero
661 4910 946 4963 exordium
985 4916 1113 4964 tono
1144 4907 1370 4962 inferius
1394 4906 1625 4961 assumit
1651 4907 1703 4961 in
1735 4923 1828 4978 pa-

260 4992 477 5063 rhypate
503 5013 720 5066 meson;
749 5001 972 5071 quidam
1008 5015 1138 5055 vero
1162 5001 1327 5055 altius
1359 4999 1462 5053 hoc
1485 4999 1554 5053 ad
1583 4999 1831 5055 lichanos

263 5094 434 5137 meson
462 5086 730 5142 iuchoant.
1315 5091 1317 5094 ﬁ

329 5172 663 5234 chulorum.
697 5183 900 5246 Amen;
931 5189 1044 5233 aut.
1090 5181 1211 5246 Ave,
1257 5178 1458 5242 Maria,
1493 5188 1598 5236 etc.
1648 5180 1830 5252 Plagis

260 5265 388 5326 proti
420 5278 626 5326 constat
671 5289 735 5328 ex
769 5275 962 5332 eadem
1010 5272 1190 5341 specie
1219 5271 1474 5340 diapente
1503 5287 1610 5341 qua
1650 5284 1705 5328 et
1730 5290 1832 5329 au-

2629 4437 2845 4493 Noeais.

2007 4531 2212 4598 Quarta
2236 4530 2413 4602 vigilia
2433 4529 2568 4585 venit
2593 4530 2661 4583 ad
2683 4545 2790 4583 eos.
2817 4525 3168 4583 Sceculorum.
3187 4521 3391 4584 Amen;
3411 4528 3529 4575 ant.

1933 4623 2280 4688 Anuuntiate,
2311 4633 2422 4678 etc.

2006 4715 2319 4772 Diﬁ'erentia
2349 4701 2889 4786 primasa’culorum.
2929 4713 3114 4773 Amen,
3137 4703 3426 4762 semitonio
3455 4704 3532 4757 δι-

1935 4811 2046 4866 tius
2077 4826 2106 4866 a
2137 4809 2283 4865 linali
2309 4808 2658 4874 determinat,
2684 4814 2740 4860 at
2764 4820 2892 4860 vero
2915 4803 3116 4856 melum
3148 4808 3280 4852 tono
3307 4793 3544 4853 inferius

1935 4903 2176 4959 inchoat.

2009 4996 2366 5055 Sa'culorum.
2392 4991 2590 5054 Amen;
2623 4997 2733 5042 ant.
2765 4984 3122 5040 Ambulabunt
3161 4996 3393 5036 mecum.
3436 4979 3552 5037 Dif—

1939 5091 2170 5148 ferentia
2205 5087 2442 5142 secunda
2471 5084 2680 5137 duobus
2709 5077 2848 5132 infra
2890 5077 3112 5133 ﬁnalem
3144 5071 3289 5130 tonis
3322 5071 3556 5140 incipit;

1939 5199 2092 5237 amen
2138 5179 2349 5251 syllaba
2381 5178 2523 5230 inter
2552 5182 2809 5238 utrasque
2832 5169 3075 5224 chordas
3107 5163 3287 5222 media
3317 5162 3559 5229 quievit.

2014 5272 2374 5330 chulorum.
2402 5267 2600 5329 Amen;
2625 5272 2735 5318 ant.
2752 5260 3104 5314 Accesserant
3123 5257 3192 5312 ad
3209 5251 3425 5318 Iesum,
3449 5264 3562 5313 etc.
