  <div class='ocr_page' id='page_1' title='image "/cluster/home/n/w/nwhite01/storage/ocr_20150623/142/hvd.32044015471808/565.png"; bbox 0 0 4072 5350; ppageno 0'>
   <div class='ocr_carea' id='block_1_1' title="bbox 532 279 670 337">
    <p class='ocr_par' dir='ltr' id='par_1_1' title="bbox 532 279 670 337">
     <span class='ocr_line' id='line_1_1' title="bbox 532 279 670 337; baseline 0.022 -3"><span class='ocrx_word' id='word_1_1' title='bbox 532 279 670 337; x_wconf 70' lang='grc'><strong>1119</strong></span> 
     </span>
    </p>
   </div>
   <div class='ocr_carea' id='block_1_2' title="bbox 1614 284 2693 346">
    <p class='ocr_par' dir='ltr' id='par_1_2' title="bbox 1614 284 2693 346">
     <span class='ocr_line' id='line_1_2' title="bbox 1614 284 2693 346; baseline 0.003 -4"><span class='ocrx_word' id='word_1_2' title='bbox 1614 285 1960 343; x_wconf 77' lang='lat' dir='ltr'><strong>BERNONIS</strong></span> <span class='ocrx_word' id='word_1_3' title='bbox 1996 284 2287 342; x_wconf 81' lang='lat' dir='ltr'><strong>ABBATIS</strong></span> <span class='ocrx_word' id='word_1_4' title='bbox 2324 284 2693 346; x_wconf 74' lang='lat' dir='ltr'><strong>AUGlENSlS</strong></span> 
     </span>
    </p>
   </div>
   <div class='ocr_carea' id='block_1_3' title="bbox 3682 297 3817 354">
    <p class='ocr_par' dir='ltr' id='par_1_3' title="bbox 3682 297 3817 354">
     <span class='ocr_line' id='line_1_3' title="bbox 3682 297 3817 354; baseline 0.037 -4"><span class='ocrx_word' id='word_1_5' title='bbox 3682 297 3817 354; x_wconf 75' lang='grc' dir='ltr'><strong>ιηο</strong></span> 
     </span>
    </p>
   </div>
   <div class='ocr_carea' id='block_1_4' title="bbox 603 392 3769 481">
    <p class='ocr_par' dir='ltr' id='par_1_4' title="bbox 603 392 3769 481">
     <span class='ocr_line' id='line_1_4' title="bbox 603 392 3769 481; baseline 0.006 -32"><span class='ocrx_word' id='word_1_6' title='bbox 603 392 914 452; x_wconf 80' lang='lat' dir='ltr'><strong>Diﬁ’erentia</strong></span> <span class='ocrx_word' id='word_1_7' title='bbox 965 398 1125 455; x_wconf 86' lang='lat' dir='ltr'><strong>tertia</strong></span> <span class='ocrx_word' id='word_1_8' title='bbox 1171 398 1417 455; x_wconf 92' lang='lat' dir='ltr'><strong>ultimam</strong></span> <span class='ocrx_word' id='word_1_9' title='bbox 1453 398 1719 473; x_wconf 72' lang='lat' dir='ltr'><strong>syllabam</strong></span> <span class='ocrx_word' id='word_1_10' title='bbox 1756 417 1909 456; x_wconf 77' lang='lat' dir='ltr'><strong>auten</strong></span> <span class='ocrx_word' id='word_1_11' title='bbox 1952 398 2119 455; x_wconf 84' lang='lat' dir='ltr'><strong>semi-</strong></span> <span class='ocrx_word' id='word_1_12' title='bbox 2144 402 2197 465; x_wconf 75' lang='grc' dir='ltr'><strong>Α</strong></span> <span class='ocrx_word' id='word_1_13' title='bbox 2224 399 2498 472; x_wconf 89' lang='lat' dir='ltr'><strong>diapente,</strong></span> <span class='ocrx_word' id='word_1_14' title='bbox 2526 412 2581 460; x_wconf 91' lang='lat' dir='ltr'><strong>et</strong></span> <span class='ocrx_word' id='word_1_15' title='bbox 2604 418 2671 460; x_wconf 84' lang='lat' dir='ltr'><strong>ex</strong></span> <span class='ocrx_word' id='word_1_16' title='bbox 2705 403 2883 476; x_wconf 88' lang='lat' dir='ltr'><strong>prima</strong></span> <span class='ocrx_word' id='word_1_17' title='bbox 2919 407 3104 478; x_wconf 78' lang='lat' dir='ltr'><strong>specie</strong></span> <span class='ocrx_word' id='word_1_18' title='bbox 3129 407 3467 464; x_wconf 88' lang='lat' dir='ltr'><strong>diatessaron</strong></span> <span class='ocrx_word' id='word_1_19' title='bbox 3498 411 3769 481; x_wconf 75' lang='lat' dir='ltr'><strong>superius.</strong></span> 
     </span>
    </p>
   </div>
   <div class='ocr_carea' id='block_1_5' title="bbox 531 481 2128 562">
    <p class='ocr_par' dir='ltr' id='par_1_5' title="bbox 531 481 2128 562">
     <span class='ocr_line' id='line_1_5' title="bbox 531 481 2128 562; baseline 0.006 -25"><span class='ocrx_word' id='word_1_20' title='bbox 531 481 768 539; x_wconf 53' lang='lat' dir='ltr'><strong>tonio&#39;et</strong></span> <span class='ocrx_word' id='word_1_21' title='bbox 796 494 927 542; x_wconf 87' lang='lat' dir='ltr'><strong>tono</strong></span> <span class='ocrx_word' id='word_1_22' title='bbox 953 486 1095 542; x_wconf 90' lang='lat' dir='ltr'><strong>ultra</strong></span> <span class='ocrx_word' id='word_1_23' title='bbox 1140 487 1360 545; x_wconf 85' lang='lat' dir='ltr'><strong>ﬁnalem</strong></span> <span class='ocrx_word' id='word_1_24' title='bbox 1394 490 1639 562; x_wconf 86' lang='lat' dir='ltr'><strong>deponit,</strong></span> <span class='ocrx_word' id='word_1_25' title='bbox 1673 491 1901 547; x_wconf 79' lang='lat' dir='ltr'><strong>canendi</strong></span> <span class='ocrx_word' id='word_1_26' title='bbox 1943 501 2128 546; x_wconf 88' lang='lat' dir='ltr'><strong>autem</strong></span> 
     </span>
    </p>
   </div>
   <div class='ocr_carea' id='block_1_6' title="bbox 526 576 2131 655">
    <p class='ocr_par' dir='ltr' id='par_1_6' title="bbox 526 576 2131 655">
     <span class='ocr_line' id='line_1_6' title="bbox 526 576 2131 655; baseline 0.007 -27"><span class='ocrx_word' id='word_1_27' title='bbox 526 576 813 630; x_wconf 78' lang='lat' dir='ltr'><strong>exordium</strong></span> <span class='ocrx_word' id='word_1_28' title='bbox 855 577 992 633; x_wconf 82' lang='lat' dir='ltr'><strong>infra</strong></span> <span class='ocrx_word' id='word_1_29' title='bbox 1024 595 1135 636; x_wconf 91' lang='lat' dir='ltr'><strong>uno</strong></span> <span class='ocrx_word' id='word_1_30' title='bbox 1160 589 1287 636; x_wconf 91' lang='lat' dir='ltr'><strong>tono</strong></span> <span class='ocrx_word' id='word_1_31' title='bbox 1325 585 1575 645; x_wconf 89' lang='lat' dir='ltr'><strong>assumit.</strong></span> <span class='ocrx_word' id='word_1_32' title='bbox 1599 586 1790 655; x_wconf 85' lang='lat' dir='ltr'><strong>sicque</strong></span> <span class='ocrx_word' id='word_1_33' title='bbox 1837 584 2052 640; x_wconf 86' lang='lat' dir='ltr'><strong>initium</strong></span> <span class='ocrx_word' id='word_1_34' title='bbox 2073 591 2131 640; x_wconf 87' lang='lat' dir='ltr'><strong>et</strong></span> 
     </span>
    </p>
   </div>
   <div class='ocr_carea' id='block_1_7' title="bbox 527 667 1984 749">
    <p class='ocr_par' dir='ltr' id='par_1_7' title="bbox 527 667 1984 749">
     <span class='ocr_line' id='line_1_7' title="bbox 527 667 1984 749; baseline 0.007 -27"><span class='ocrx_word' id='word_1_35' title='bbox 527 667 714 733; x_wconf 89' lang='lat' dir='ltr'><strong>ﬁnem,</strong></span> <span class='ocrx_word' id='word_1_36' title='bbox 743 670 796 724; x_wconf 88' lang='lat' dir='ltr'><strong>id</strong></span> <span class='ocrx_word' id='word_1_37' title='bbox 825 679 910 726; x_wconf 90' lang='lat' dir='ltr'><strong>est</strong></span> <span class='ocrx_word' id='word_1_38' title='bbox 937 689 1113 738; x_wconf 86' lang='lat' dir='ltr'><strong>amen,</strong></span> <span class='ocrx_word' id='word_1_39' title='bbox 1142 673 1481 730; x_wconf 89' lang='lat' dir='ltr'><strong>diatessaron</strong></span> <span class='ocrx_word' id='word_1_40' title='bbox 1515 689 1663 733; x_wconf 89' lang='lat' dir='ltr'><strong>recte</strong></span> <span class='ocrx_word' id='word_1_41' title='bbox 1685 676 1984 749; x_wconf 74' lang='lat' dir='ltr'><strong>coniungit.</strong></span> 
     </span>
    </p>
   </div>
   <div class='ocr_carea' id='block_1_8' title="bbox 599 759 1702 825">
    <p class='ocr_par' dir='ltr' id='par_1_8' title="bbox 599 759 1702 825">
     <span class='ocr_line' id='line_1_8' title="bbox 599 759 1702 825; baseline 0.005 -6"><span class='ocrx_word' id='word_1_42' title='bbox 599 759 952 819; x_wconf 69' lang='lat' dir='ltr'><strong>chuloram.</strong></span> <span class='ocrx_word' id='word_1_43' title='bbox 984 763 1171 819; x_wconf 86' lang='lat' dir='ltr'><strong>Amen.</strong></span> <span class='ocrx_word' id='word_1_44' title='bbox 1202 774 1317 821; x_wconf 84' lang='lat' dir='ltr'><strong>ant.</strong></span> <span class='ocrx_word' id='word_1_45' title='bbox 1344 769 1479 822; x_wconf 87' lang='lat' dir='ltr'><strong>Ante</strong></span> <span class='ocrx_word' id='word_1_46' title='bbox 1505 777 1702 825; x_wconf 86' lang='lat' dir='ltr'><strong>torum.</strong></span> 
     </span>
    </p>
   </div>
   <div class='ocr_carea' id='block_1_9' title="bbox 599 850 2132 931">
    <p class='ocr_par' dir='ltr' id='par_1_9' title="bbox 599 850 2132 931">
     <span class='ocr_line' id='line_1_9' title="bbox 599 850 2132 931; baseline 0.004 -23"><span class='ocrx_word' id='word_1_47' title='bbox 599 850 916 908; x_wconf 84' lang='lat' dir='ltr'><strong>Diﬁ&#39;erentia</strong></span> <span class='ocrx_word' id='word_1_48' title='bbox 956 864 1151 925; x_wconf 85' lang='lat' dir='ltr'><strong>quarta</strong></span> <span class='ocrx_word' id='word_1_49' title='bbox 1181 873 1336 911; x_wconf 86' lang='lat' dir='ltr'><strong>amen</strong></span> <span class='ocrx_word' id='word_1_50' title='bbox 1365 857 1419 911; x_wconf 90' lang='lat' dir='ltr'><strong>in</strong></span> <span class='ocrx_word' id='word_1_51' title='bbox 1452 855 1598 913; x_wconf 88' lang='lat' dir='ltr'><strong>ﬁnali</strong></span> <span class='ocrx_word' id='word_1_52' title='bbox 1626 859 1866 931; x_wconf 79' lang='lat' dir='ltr'><strong>deponit,</strong></span> <span class='ocrx_word' id='word_1_53' title='bbox 1908 858 2132 914; x_wconf 77' lang='lat' dir='ltr'><strong>semitO‘</strong></span> 
     </span>
    </p>
   </div>
   <div class='ocr_carea' id='block_1_10' title="bbox 528 947 2130 1022">
    <p class='ocr_par' dir='ltr' id='par_1_10' title="bbox 528 947 2130 1022">
     <span class='ocr_line' id='line_1_10' title="bbox 528 947 2130 1022; baseline 0.004 -21"><span class='ocrx_word' id='word_1_54' title='bbox 528 948 623 1001; x_wconf 90' lang='lat' dir='ltr'><strong>nio</strong></span> <span class='ocrx_word' id='word_1_55' title='bbox 656 947 909 1016; x_wconf 82' lang='lat' dir='ltr'><strong>superius</strong></span> <span class='ocrx_word' id='word_1_56' title='bbox 938 948 1165 1018; x_wconf 84' lang='lat' dir='ltr'><strong>incipit;</strong></span> <span class='ocrx_word' id='word_1_57' title='bbox 1201 952 1295 1005; x_wconf 90' lang='lat' dir='ltr'><strong>sed</strong></span> <span class='ocrx_word' id='word_1_58' title='bbox 1343 951 1397 1005; x_wconf 87' lang='lat' dir='ltr'><strong>in</strong></span> <span class='ocrx_word' id='word_1_59' title='bbox 1430 952 1755 1022; x_wconf 87' lang='lat' dir='ltr'><strong>quibusdam</strong></span> <span class='ocrx_word' id='word_1_60' title='bbox 1793 951 2033 1017; x_wconf 89' lang='lat' dir='ltr'><strong>ﬁnalem,</strong></span> <span class='ocrx_word' id='word_1_61' title='bbox 2073 951 2130 1008; x_wconf 89' lang='lat' dir='ltr'><strong>in</strong></span> 
     </span>
    </p>
   </div>
   <div class='ocr_carea' id='block_1_11' title="bbox 527 1040 2038 1111">
    <p class='ocr_par' dir='ltr' id='par_1_11' title="bbox 527 1040 2038 1111">
     <span class='ocr_line' id='line_1_11' title="bbox 527 1040 2038 1111; baseline 0.003 -16"><span class='ocrx_word' id='word_1_62' title='bbox 527 1040 856 1111; x_wconf 80' lang='lat' dir='ltr'><strong>quibus-lam</strong></span> <span class='ocrx_word' id='word_1_63' title='bbox 886 1050 1064 1096; x_wconf 89' lang='lat' dir='ltr'><strong>autem</strong></span> <span class='ocrx_word' id='word_1_64' title='bbox 1103 1041 1326 1098; x_wconf 89' lang='lat' dir='ltr'><strong>tertium</strong></span> <span class='ocrx_word' id='word_1_65' title='bbox 1356 1057 1385 1096; x_wconf 90' lang='lat' dir='ltr'><strong>a</strong></span> <span class='ocrx_word' id='word_1_66' title='bbox 1429 1043 1572 1097; x_wconf 89' lang='lat' dir='ltr'><strong>linali</strong></span> <span class='ocrx_word' id='word_1_67' title='bbox 1601 1043 1809 1099; x_wconf 87' lang='lat' dir='ltr'><strong>obtinet</strong></span> <span class='ocrx_word' id='word_1_68' title='bbox 1839 1044 2038 1099; x_wconf 89' lang='lat' dir='ltr'><strong>locum.</strong></span> 
     </span>
    </p>
   </div>
   <div class='ocr_carea' id='block_1_12' title="bbox 599 1129 1732 1190">
    <p class='ocr_par' dir='ltr' id='par_1_12' title="bbox 599 1129 1732 1190">
     <span class='ocr_line' id='line_1_12' title="bbox 599 1129 1732 1190; baseline 0 -1"><span class='ocrx_word' id='word_1_69' title='bbox 599 1130 951 1190; x_wconf 76' lang='lat' dir='ltr'><strong>Sa’culorum.</strong></span> <span class='ocrx_word' id='word_1_70' title='bbox 981 1129 1169 1188; x_wconf 81' lang='lat' dir='ltr'><strong>Amen.</strong></span> <span class='ocrx_word' id='word_1_71' title='bbox 1205 1142 1318 1189; x_wconf 84' lang='lat' dir='ltr'><strong>ant.</strong></span> <span class='ocrx_word' id='word_1_72' title='bbox 1347 1135 1608 1189; x_wconf 72' lang='lat' dir='ltr'><strong>Anxiatus</strong></span> <span class='ocrx_word' id='word_1_73' title='bbox 1634 1144 1732 1190; x_wconf 86' lang='lat' dir='ltr'><strong>est.</strong></span> 
     </span>
    </p>
   </div>
   <div class='ocr_carea' id='block_1_13' title="bbox 601 1222 2130 1297">
    <p class='ocr_par' dir='ltr' id='par_1_13' title="bbox 601 1222 2130 1297">
     <span class='ocr_line' id='line_1_13' title="bbox 601 1222 2130 1297; baseline 0.003 -20"><span class='ocrx_word' id='word_1_74' title='bbox 601 1222 716 1278; x_wconf 90' lang='lat' dir='ltr'><strong>llac</strong></span> <span class='ocrx_word' id='word_1_75' title='bbox 743 1222 888 1277; x_wconf 85' lang='lat' dir='ltr'><strong>ﬁnali</strong></span> <span class='ocrx_word' id='word_1_76' title='bbox 922 1223 1187 1294; x_wconf 87' lang='lat' dir='ltr'><strong>incipiunt</strong></span> <span class='ocrx_word' id='word_1_77' title='bbox 1205 1225 1308 1279; x_wconf 85' lang='lat' dir='ltr'><strong>sub</strong></span> <span class='ocrx_word' id='word_1_78' title='bbox 1334 1226 1522 1281; x_wconf 84' lang='lat' dir='ltr'><strong>eadem</strong></span> <span class='ocrx_word' id='word_1_79' title='bbox 1546 1225 1873 1288; x_wconf 76' lang='lat' dir='ltr'><strong>diﬁ‘erentia,</strong></span> <span class='ocrx_word' id='word_1_80' title='bbox 1900 1235 2130 1297; x_wconf 82' lang='lat' dir='ltr'><strong>excepto</strong></span> 
     </span>
    </p>
   </div>
   <div class='ocr_carea' id='block_1_14' title="bbox 529 1313 2125 1385">
    <p class='ocr_par' dir='ltr' id='par_1_14' title="bbox 529 1313 2125 1385">
     <span class='ocr_line' id='line_1_14' title="bbox 529 1313 2125 1385; baseline 0.002 -17"><span class='ocrx_word' id='word_1_81' title='bbox 529 1315 675 1385; x_wconf 88' lang='lat' dir='ltr'><strong>quod</strong></span> <span class='ocrx_word' id='word_1_82' title='bbox 707 1313 760 1368; x_wconf 90' lang='lat' dir='ltr'><strong>in</strong></span> <span class='ocrx_word' id='word_1_83' title='bbox 791 1315 876 1368; x_wconf 83' lang='lat' dir='ltr'><strong>liis</strong></span> <span class='ocrx_word' id='word_1_84' title='bbox 904 1314 1238 1385; x_wconf 79' lang='lat' dir='ltr'><strong>antiplionis,</strong></span> <span class='ocrx_word' id='word_1_85' title='bbox 1270 1325 1383 1371; x_wconf 90' lang='lat' dir='ltr'><strong>aut.</strong></span> <span class='ocrx_word' id='word_1_86' title='bbox 1409 1316 1490 1370; x_wconf 86' lang='lat' dir='ltr'><strong>Ad</strong></span> <span class='ocrx_word' id='word_1_87' title='bbox 1525 1326 1595 1382; x_wconf 85' lang='lat' dir='ltr'><strong>te.</strong></span> <span class='ocrx_word' id='word_1_88' title='bbox 1647 1316 2125 1384; x_wconf 83' lang='lat' dir='ltr'><strong>Domine,.levaui,</strong></span> 
     </span>
    </p>
   </div>
   <div class='ocr_carea' id='block_1_15' title="bbox 531 1403 2127 1475">
    <p class='ocr_par' dir='ltr' id='par_1_15' title="bbox 531 1403 2127 1475">
     <span class='ocr_line' id='line_1_15' title="bbox 531 1403 2127 1475; baseline 0.003 -17"><span class='ocrx_word' id='word_1_89' title='bbox 531 1412 647 1459; x_wconf 88' lang='lat' dir='ltr'><strong>aut.</strong></span> <span class='ocrx_word' id='word_1_90' title='bbox 698 1420 764 1458; x_wconf 74' lang='lat' dir='ltr'><strong>ex</strong></span> <span class='ocrx_word' id='word_1_91' title='bbox 817 1403 1052 1475; x_wconf 68' lang='lat' dir='ltr'><strong>AEgypto</strong></span> <span class='ocrx_word' id='word_1_92' title='bbox 1096 1407 1297 1471; x_wconf 84' lang='lat' dir='ltr'><strong>vocavi,</strong></span> <span class='ocrx_word' id='word_1_93' title='bbox 1350 1407 1531 1462; x_wconf 91' lang='lat' dir='ltr'><strong>minus</strong></span> <span class='ocrx_word' id='word_1_94' title='bbox 1586 1417 1734 1463; x_wconf 87' lang='lat' dir='ltr'><strong>recte</strong></span> <span class='ocrx_word' id='word_1_95' title='bbox 1779 1407 2127 1462; x_wconf 87' lang='lat' dir='ltr'><strong>semitonium</strong></span> 
     </span>
    </p>
   </div>
   <div class='ocr_carea' id='block_1_16' title="bbox 533 1494 2127 1567">
    <p class='ocr_par' dir='ltr' id='par_1_16' title="bbox 533 1494 2127 1567">
     <span class='ocr_line' id='line_1_16' title="bbox 533 1494 2127 1567; baseline 0.001 -18"><span class='ocrx_word' id='word_1_96' title='bbox 533 1494 738 1562; x_wconf 83' lang='lat' dir='ltr'><strong>evenit,</strong></span> <span class='ocrx_word' id='word_1_97' title='bbox 767 1494 812 1550; x_wconf 88' lang='lat' dir='ltr'><strong>si</strong></span> <span class='ocrx_word' id='word_1_98' title='bbox 840 1510 872 1548; x_wconf 89' lang='lat' dir='ltr'><strong>a</strong></span> <span class='ocrx_word' id='word_1_99' title='bbox 919 1494 1068 1551; x_wconf 89' lang='lat' dir='ltr'><strong>ﬁnali</strong></span> <span class='ocrx_word' id='word_1_100' title='bbox 1098 1494 1375 1552; x_wconf 86' lang='lat' dir='ltr'><strong>cantilena</strong></span> <span class='ocrx_word' id='word_1_101' title='bbox 1405 1511 1629 1551; x_wconf 89' lang='lat' dir='ltr'><strong>currere</strong></span> <span class='ocrx_word' id='word_1_102' title='bbox 1659 1497 1910 1567; x_wconf 74' lang='lat' dir='ltr'><strong>cmperit.</strong></span> <span class='ocrx_word' id='word_1_103' title='bbox 1940 1495 2127 1563; x_wconf 75' lang='lat' dir='ltr'><strong>Quali~</strong></span> 
     </span>
    </p>
   </div>
   <div class='ocr_carea' id='block_1_17' title="bbox 532 1588 2127 1658">
    <p class='ocr_par' dir='ltr' id='par_1_17' title="bbox 532 1588 2127 1658">
     <span class='ocr_line' id='line_1_17' title="bbox 532 1588 2127 1658; baseline 0.002 -17"><span class='ocrx_word' id='word_1_104' title='bbox 532 1594 617 1641; x_wconf 89' lang='lat' dir='ltr'><strong>ter</strong></span> <span class='ocrx_word' id='word_1_105' title='bbox 639 1601 770 1642; x_wconf 85' lang='lat' dir='ltr'><strong>vero</strong></span> <span class='ocrx_word' id='word_1_106' title='bbox 800 1588 1009 1657; x_wconf 83' lang='lat' dir='ltr'><strong>absque</strong></span> <span class='ocrx_word' id='word_1_107' title='bbox 1061 1602 1381 1643; x_wconf 85' lang='lat' dir='ltr'><strong>neumarum</strong></span> <span class='ocrx_word' id='word_1_108' title='bbox 1438 1588 1722 1658; x_wconf 87' lang='lat' dir='ltr'><strong>dispendio</strong></span> <span class='ocrx_word' id='word_1_109' title='bbox 1764 1588 1980 1644; x_wconf 84' lang='lat' dir='ltr'><strong>valeant</strong></span> <span class='ocrx_word' id='word_1_110' title='bbox 2008 1603 2127 1644; x_wconf 90' lang='lat' dir='ltr'><strong>mo-</strong></span> 
     </span>
    </p>
   </div>
   <div class='ocr_carea' id='block_1_18' title="bbox 528 1675 2127 1751">
    <p class='ocr_par' dir='ltr' id='par_1_18' title="bbox 528 1675 2127 1751">
     <span class='ocr_line' id='line_1_18' title="bbox 528 1675 2127 1751; baseline 0.001 -18"><span class='ocrx_word' id='word_1_111' title='bbox 528 1675 734 1743; x_wconf 85' lang='lat' dir='ltr'><strong>dulari,</strong></span> <span class='ocrx_word' id='word_1_112' title='bbox 766 1678 985 1748; x_wconf 86' lang='lat' dir='ltr'><strong>plenius</strong></span> <span class='ocrx_word' id='word_1_113' title='bbox 1030 1681 1085 1734; x_wconf 89' lang='lat' dir='ltr'><strong>in</strong></span> <span class='ocrx_word' id='word_1_114' title='bbox 1116 1681 1383 1751; x_wconf 67' lang='lat' dir='ltr'><strong>prooemio</strong></span> <span class='ocrx_word' id='word_1_115' title='bbox 1418 1690 1610 1737; x_wconf 86' lang='lat' dir='ltr'><strong>notare</strong></span> <span class='ocrx_word' id='word_1_116' title='bbox 1648 1682 1856 1738; x_wconf 80' lang='lat' dir='ltr'><strong>curavi.</strong></span> <span class='ocrx_word' id='word_1_117' title='bbox 1886 1685 2014 1736; x_wconf 79' lang='lat' dir='ltr'><strong>Ant.</strong></span> <span class='ocrx_word' id='word_1_118' title='bbox 2043 1680 2127 1735; x_wconf 88' lang='lat' dir='ltr'><strong>Ad</strong></span> 
     </span>
    </p>
   </div>
   <div class='ocr_carea' id='block_1_19' title="bbox 2855 536 3178 613">
    <p class='ocr_par' dir='ltr' id='par_1_19' title="bbox 2855 536 3178 613">
     <span class='ocr_line' id='line_1_19' title="bbox 2855 536 3178 613; baseline 0.009 -17"><span class='ocrx_word' id='word_1_119' title='bbox 2855 536 3178 613; x_wconf 46' lang='lat' dir='ltr'><strong>,Noeoeane.</strong></span> 
     </span>
    </p>
   </div>
   <div class='ocr_carea' id='block_1_20' title="bbox 2298 672 3823 745">
    <p class='ocr_par' dir='ltr' id='par_1_20' title="bbox 2298 672 3823 745">
     <span class='ocr_line' id='line_1_20' title="bbox 2298 672 3823 745; baseline 0.005 -16"><span class='ocrx_word' id='word_1_120' title='bbox 2298 672 2506 745; x_wconf 80' lang='lat' dir='ltr'><strong>Septem</strong></span> <span class='ocrx_word' id='word_1_121' title='bbox 2553 684 2677 731; x_wconf 88' lang='lat' dir='ltr'><strong>sunt</strong></span> <span class='ocrx_word' id='word_1_122' title='bbox 2728 677 2947 745; x_wconf 78' lang='lat' dir='ltr'><strong>spiritus</strong></span> <span class='ocrx_word' id='word_1_123' title='bbox 2996 691 3119 733; x_wconf 88' lang='lat' dir='ltr'><strong>ante</strong></span> <span class='ocrx_word' id='word_1_124' title='bbox 3145 678 3392 734; x_wconf 77' lang='lat' dir='ltr'><strong>thronum</strong></span> <span class='ocrx_word' id='word_1_125' title='bbox 3428 678 3556 745; x_wconf 88' lang='lat' dir='ltr'><strong>Dei;</strong></span> <span class='ocrx_word' id='word_1_126' title='bbox 3599 681 3823 736; x_wconf 69' lang='lat' dir='ltr'><strong>circulo-</strong></span> 
     </span>
    </p>
   </div>
   <div class='ocr_carea' id='block_1_21' title="bbox 2229 764 3848 841">
    <p class='ocr_par' dir='ltr' id='par_1_21' title="bbox 2229 764 3848 841">
     <span class='ocr_line' id='line_1_21' title="bbox 2229 764 3848 841; baseline 0.006 -24"><span class='ocrx_word' id='word_1_127' title='bbox 2229 780 2367 818; x_wconf 86' lang='lat' dir='ltr'><strong>rum.</strong></span> <span class='ocrx_word' id='word_1_128' title='bbox 2394 764 2599 831; x_wconf 85' lang='lat' dir='ltr'><strong>Amen;</strong></span> <span class='ocrx_word' id='word_1_129' title='bbox 2626 775 2737 821; x_wconf 90' lang='lat' dir='ltr'><strong>ant.</strong></span> <span class='ocrx_word' id='word_1_130' title='bbox 2771 765 3057 821; x_wconf 85' lang='lat' dir='ltr'><strong>Benedicta</strong></span> <span class='ocrx_word' id='word_1_131' title='bbox 3091 776 3170 834; x_wconf 89' lang='lat' dir='ltr'><strong>tu,</strong></span> <span class='ocrx_word' id='word_1_132' title='bbox 3202 775 3309 824; x_wconf 88' lang='lat' dir='ltr'><strong>etc.</strong></span> <span class='ocrx_word' id='word_1_133' title='bbox 3359 768 3484 824; x_wconf 58' lang='lat' dir='ltr'><strong>Haec</strong></span> <span class='ocrx_word' id='word_1_134' title='bbox 3521 770 3848 841; x_wconf 78' lang='lat' dir='ltr'><strong>antipbona~</strong></span> 
     </span>
    </p>
   </div>
   <div class='ocr_carea' id='block_1_22' title="bbox 2228 857 3589 931">
    <p class='ocr_par' dir='ltr' id='par_1_22' title="bbox 2228 857 3589 931">
     <span class='ocr_line' id='line_1_22' title="bbox 2228 857 3589 931; baseline 0.004 -20"><span class='ocrx_word' id='word_1_135' title='bbox 2228 872 2338 911; x_wconf 87' lang='lat' dir='ltr'><strong>uno</strong></span> <span class='ocrx_word' id='word_1_136' title='bbox 2364 866 2491 911; x_wconf 84' lang='lat' dir='ltr'><strong>tono</strong></span> <span class='ocrx_word' id='word_1_137' title='bbox 2521 857 2771 927; x_wconf 85' lang='lat' dir='ltr'><strong>superius</strong></span> <span class='ocrx_word' id='word_1_138' title='bbox 2812 858 3002 929; x_wconf 86' lang='lat' dir='ltr'><strong>incipit</strong></span> <span class='ocrx_word' id='word_1_139' title='bbox 3028 876 3043 925; x_wconf 91' lang='lat'><strong>;</strong></span> <span class='ocrx_word' id='word_1_140' title='bbox 3065 869 3179 914; x_wconf 89' lang='lat' dir='ltr'><strong>ant.</strong></span> <span class='ocrx_word' id='word_1_141' title='bbox 3219 858 3340 930; x_wconf 82' lang='lat' dir='ltr'><strong>Ipse</strong></span> <span class='ocrx_word' id='word_1_142' title='bbox 3359 861 3589 931; x_wconf 72' lang='lat' dir='ltr'><strong>prtl’ibit.</strong></span> 
     </span>
    </p>
   </div>
   <div class='ocr_carea' id='block_1_23' title="bbox 2299 946 3826 1023">
    <p class='ocr_par' dir='ltr' id='par_1_23' title="bbox 2299 946 3826 1023">
     <span class='ocr_line' id='line_1_23' title="bbox 2299 946 3826 1023; baseline 0.005 -22"><span class='ocrx_word' id='word_1_143' title='bbox 2299 946 2613 1004; x_wconf 78' lang='lat' dir='ltr'><strong>Diﬁ‘ereutia</strong></span> <span class='ocrx_word' id='word_1_144' title='bbox 2667 950 2840 1019; x_wconf 88' lang='lat' dir='ltr'><strong>prima</strong></span> <span class='ocrx_word' id='word_1_145' title='bbox 2895 966 2926 1005; x_wconf 87' lang='lat' dir='ltr'><strong>a</strong></span> <span class='ocrx_word' id='word_1_146' title='bbox 2969 950 3116 1005; x_wconf 90' lang='lat' dir='ltr'><strong>ﬁnali</strong></span> <span class='ocrx_word' id='word_1_147' title='bbox 3158 951 3374 1022; x_wconf 88' lang='lat' dir='ltr'><strong>quidem</strong></span> <span class='ocrx_word' id='word_1_148' title='bbox 3414 948 3474 1006; x_wconf 78' lang='lat' dir='ltr'><strong>iit</strong></span> <span class='ocrx_word' id='word_1_149' title='bbox 3503 952 3826 1023; x_wconf 78' lang='lat' dir='ltr'><strong>principalis</strong></span> 
     </span>
    </p>
   </div>
   <div class='ocr_carea' id='block_1_24' title="bbox 2232 1029 3826 1114">
    <p class='ocr_par' dir='ltr' id='par_1_24' title="bbox 2232 1029 3826 1114">
     <span class='ocr_line' id='line_1_24' title="bbox 2232 1029 3826 1114; baseline 0 -18"><span class='ocrx_word' id='word_1_150' title='bbox 2232 1051 2390 1097; x_wconf 90' lang='lat' dir='ltr'><strong>tonus</strong></span> <span class='ocrx_word' id='word_1_151' title='bbox 2421 1041 2630 1112; x_wconf 85' lang='lat' dir='ltr'><strong>incipit,</strong></span> <span class='ocrx_word' id='word_1_152' title='bbox 2661 1052 2715 1096; x_wconf 91' lang='lat' dir='ltr'><strong>et</strong></span> <span class='ocrx_word' id='word_1_153' title='bbox 2745 1060 2900 1098; x_wconf 87' lang='lat' dir='ltr'><strong>amen</strong></span> <span class='ocrx_word' id='word_1_154' title='bbox 2931 1043 3124 1111; x_wconf 91' lang='lat' dir='ltr'><strong>quinto</strong></span> <span class='ocrx_word' id='word_1_155' title='bbox 3160 1042 3280 1098; x_wconf 90' lang='lat' dir='ltr'><strong>loco</strong></span> <span class='ocrx_word' id='word_1_156' title='bbox 3307 1029 3561 1114; x_wconf 79' lang='lat' dir='ltr'><strong>superius</strong></span> <span class='ocrx_word' id='word_1_157' title='bbox 3584 1058 3688 1114; x_wconf 90' lang='lat' dir='ltr'><strong>per</strong></span> <span class='ocrx_word' id='word_1_158' title='bbox 3711 1042 3826 1096; x_wconf 79' lang='lat' dir='ltr'><strong>dia-</strong></span> 
     </span>
    </p>
   </div>
   <div class='ocr_carea' id='block_1_25' title="bbox 2227 1131 3828 1202">
    <p class='ocr_par' dir='ltr' id='par_1_25' title="bbox 2227 1131 3828 1202">
     <span class='ocr_line' id='line_1_25' title="bbox 2227 1131 3828 1202; baseline 0 -14"><span class='ocrx_word' id='word_1_159' title='bbox 2227 1141 2390 1202; x_wconf 88' lang='lat' dir='ltr'><strong>pente</strong></span> <span class='ocrx_word' id='word_1_160' title='bbox 2422 1131 2559 1198; x_wconf 89' lang='lat' dir='ltr'><strong>ﬁnit,</strong></span> <span class='ocrx_word' id='word_1_161' title='bbox 2590 1133 2685 1188; x_wconf 87' lang='lat' dir='ltr'><strong>sed</strong></span> <span class='ocrx_word' id='word_1_162' title='bbox 2735 1144 2857 1201; x_wconf 87' lang='lat' dir='ltr'><strong>post</strong></span> <span class='ocrx_word' id='word_1_163' title='bbox 2899 1133 3112 1187; x_wconf 87' lang='lat' dir='ltr'><strong>initium</strong></span> <span class='ocrx_word' id='word_1_164' title='bbox 3143 1132 3431 1189; x_wconf 75' lang='lat' dir='ltr'><strong>cantilena:</strong></span> <span class='ocrx_word' id='word_1_165' title='bbox 3458 1132 3732 1188; x_wconf 77' lang='lat' dir='ltr'><strong>varianda</strong></span> <span class='ocrx_word' id='word_1_166' title='bbox 3766 1146 3828 1188; x_wconf 74' lang='lat' dir='ltr'><strong>se</strong></span> 
     </span>
    </p>
   </div>
   <div class='ocr_carea' id='block_1_26' title="bbox 2228 1221 3205 1294">
    <p class='ocr_par' dir='ltr' id='par_1_26' title="bbox 2228 1221 3205 1294">
     <span class='ocr_line' id='line_1_26' title="bbox 2228 1221 3205 1294; baseline 0.001 -17"><span class='ocrx_word' id='word_1_167' title='bbox 2228 1221 2567 1293; x_wconf 79' lang='lat' dir='ltr'><strong>dignoscitur</strong></span> <span class='ocrx_word' id='word_1_168' title='bbox 2587 1238 2617 1278; x_wconf 88' lang='lat' dir='ltr'><strong>a</strong></span> <span class='ocrx_word' id='word_1_169' title='bbox 2647 1223 2934 1294; x_wconf 88' lang='lat' dir='ltr'><strong>principali</strong></span> <span class='ocrx_word' id='word_1_170' title='bbox 2963 1222 3205 1279; x_wconf 79' lang='lat' dir='ltr'><strong>diﬁ‘errc.</strong></span> 
     </span>
    </p>
   </div>
   <div class='ocr_carea' id='block_1_27' title="bbox 2299 1312 3582 1384">
    <p class='ocr_par' dir='ltr' id='par_1_27' title="bbox 2299 1312 3582 1384">
     <span class='ocr_line' id='line_1_27' title="bbox 2299 1312 3582 1384; baseline -0.002 -15"><span class='ocrx_word' id='word_1_171' title='bbox 2299 1312 2647 1369; x_wconf 68' lang='lat' dir='ltr'><strong>Seculorum.</strong></span> <span class='ocrx_word' id='word_1_172' title='bbox 2672 1315 2873 1381; x_wconf 86' lang='lat' dir='ltr'><strong>Amen;</strong></span> <span class='ocrx_word' id='word_1_173' title='bbox 2895 1324 3010 1369; x_wconf 89' lang='lat' dir='ltr'><strong>ant.</strong></span> <span class='ocrx_word' id='word_1_174' title='bbox 3043 1321 3324 1384; x_wconf 84' lang='lat' dir='ltr'><strong>Assumpta</strong></span> <span class='ocrx_word' id='word_1_175' title='bbox 3348 1324 3447 1378; x_wconf 89' lang='lat' dir='ltr'><strong>est,</strong></span> <span class='ocrx_word' id='word_1_176' title='bbox 3469 1325 3582 1370; x_wconf 85' lang='lat' dir='ltr'><strong>etc.</strong></span> 
     </span>
    </p>
   </div>
   <div class='ocr_carea' id='block_1_28' title="bbox 2298 1405 3829 1479">
    <p class='ocr_par' dir='ltr' id='par_1_28' title="bbox 2298 1405 3829 1479">
     <span class='ocr_line' id='line_1_28' title="bbox 2298 1405 3829 1479; baseline -0.001 -17"><span class='ocrx_word' id='word_1_177' title='bbox 2298 1405 2611 1462; x_wconf 84' lang='lat' dir='ltr'><strong>Diﬁ‘crcntia</strong></span> <span class='ocrx_word' id='word_1_178' title='bbox 2638 1408 2874 1462; x_wconf 83' lang='lat' dir='ltr'><strong>sectmda</strong></span> <span class='ocrx_word' id='word_1_179' title='bbox 2901 1424 2932 1462; x_wconf 91' lang='lat' dir='ltr'><strong>a</strong></span> <span class='ocrx_word' id='word_1_180' title='bbox 2959 1406 3105 1463; x_wconf 89' lang='lat' dir='ltr'><strong>ﬁnali</strong></span> <span class='ocrx_word' id='word_1_181' title='bbox 3134 1408 3349 1479; x_wconf 87' lang='lat' dir='ltr'><strong>incipit,</strong></span> <span class='ocrx_word' id='word_1_182' title='bbox 3378 1423 3535 1462; x_wconf 87' lang='lat' dir='ltr'><strong>amen</strong></span> <span class='ocrx_word' id='word_1_183' title='bbox 3576 1415 3711 1464; x_wconf 84' lang='lat' dir='ltr'><strong>tono</strong></span> <span class='ocrx_word' id='word_1_184' title='bbox 3735 1420 3829 1463; x_wconf 84' lang='lat' dir='ltr'><strong>su-</strong></span> 
     </span>
    </p>
   </div>
   <div class='ocr_carea' id='block_1_29' title="bbox 2221 1499 2687 1570">
    <p class='ocr_par' dir='ltr' id='par_1_29' title="bbox 2221 1499 2687 1570">
     <span class='ocr_line' id='line_1_29' title="bbox 2221 1499 2687 1570; baseline 0.002 -18"><span class='ocrx_word' id='word_1_185' title='bbox 2221 1500 2415 1570; x_wconf 86' lang='lat' dir='ltr'><strong>perius</strong></span> <span class='ocrx_word' id='word_1_186' title='bbox 2445 1499 2687 1568; x_wconf 83' lang='lat' dir='ltr'><strong>deponit.</strong></span> 
     </span>
    </p>
   </div>
   <div class='ocr_carea' id='block_1_30' title="bbox 2302 1589 3747 1664">
    <p class='ocr_par' dir='ltr' id='par_1_30' title="bbox 2302 1589 3747 1664">
     <span class='ocr_line' id='line_1_30' title="bbox 2302 1589 3747 1664; baseline 0.001 -18"><span class='ocrx_word' id='word_1_187' title='bbox 2302 1589 2655 1646; x_wconf 74' lang='lat' dir='ltr'><strong>Smulorum.</strong></span> <span class='ocrx_word' id='word_1_188' title='bbox 2681 1591 2890 1658; x_wconf 85' lang='lat' dir='ltr'><strong>Amen;</strong></span> <span class='ocrx_word' id='word_1_189' title='bbox 2918 1600 3032 1649; x_wconf 90' lang='lat' dir='ltr'><strong>ant.</strong></span> <span class='ocrx_word' id='word_1_190' title='bbox 3061 1592 3295 1664; x_wconf 88' lang='lat' dir='ltr'><strong>Accipite</strong></span> <span class='ocrx_word' id='word_1_191' title='bbox 3324 1591 3609 1663; x_wconf 75' lang='lat' dir='ltr'><strong>Spiritum,</strong></span> <span class='ocrx_word' id='word_1_192' title='bbox 3632 1599 3747 1648; x_wconf 81' lang='lat' dir='ltr'><strong>etc.</strong></span> 
     </span>
    </p>
   </div>
   <div class='ocr_carea' id='block_1_31' title="bbox 2301 1681 3826 1755">
    <p class='ocr_par' dir='ltr' id='par_1_31' title="bbox 2301 1681 3826 1755">
     <span class='ocr_line' id='line_1_31' title="bbox 2301 1681 3826 1755; baseline 0.002 -19"><span class='ocrx_word' id='word_1_193' title='bbox 2301 1681 2616 1737; x_wconf 83' lang='lat' dir='ltr'><strong>Diﬁereutia</strong></span> <span class='ocrx_word' id='word_1_194' title='bbox 2668 1683 2828 1737; x_wconf 88' lang='lat' dir='ltr'><strong>tertia</strong></span> <span class='ocrx_word' id='word_1_195' title='bbox 2882 1683 3012 1739; x_wconf 87' lang='lat' dir='ltr'><strong>item</strong></span> <span class='ocrx_word' id='word_1_196' title='bbox 3045 1699 3075 1738; x_wconf 89' lang='lat' dir='ltr'><strong>a</strong></span> <span class='ocrx_word' id='word_1_197' title='bbox 3106 1684 3252 1739; x_wconf 88' lang='lat' dir='ltr'><strong>ﬁnali</strong></span> <span class='ocrx_word' id='word_1_198' title='bbox 3286 1683 3500 1754; x_wconf 87' lang='lat' dir='ltr'><strong>incipit,</strong></span> <span class='ocrx_word' id='word_1_199' title='bbox 3528 1683 3826 1755; x_wconf 75' lang='lat' dir='ltr'><strong>statimque</strong></span> 
     </span>
    </p>
   </div>
   <div class='ocr_carea' id='block_1_32' title="bbox 529 1751 3694 1846">
    <p class='ocr_par' dir='ltr' id='par_1_32' title="bbox 529 1751 3694 1846">
     <span class='ocr_line' id='line_1_32' title="bbox 529 1751 3694 1846; baseline 0.003 -24"><span class='ocrx_word' id='word_1_200' title='bbox 529 1776 601 1833; x_wconf 81' lang='lat' dir='ltr'><strong>te,</strong></span> <span class='ocrx_word' id='word_1_201' title='bbox 630 1767 877 1835; x_wconf 83' lang='lat' dir='ltr'><strong>Domine,</strong></span> <span class='ocrx_word' id='word_1_202' title='bbox 909 1770 1092 1837; x_wconf 81' lang='lat' dir='ltr'><strong>levavi,</strong></span> <span class='ocrx_word' id='word_1_203' title='bbox 1141 1783 1248 1830; x_wconf 85' lang='lat' dir='ltr'><strong>etc.</strong></span> <span class='ocrx_word' id='word_1_204' title='bbox 1296 1775 1385 1830; x_wconf 88' lang='lat' dir='ltr'><strong>lsti</strong></span> <span class='ocrx_word' id='word_1_205' title='bbox 1424 1791 1557 1831; x_wconf 90' lang='lat' dir='ltr'><strong>vero</strong></span> <span class='ocrx_word' id='word_1_206' title='bbox 1585 1776 1875 1833; x_wconf 89' lang='lat' dir='ltr'><strong>semitonio</strong></span> <span class='ocrx_word' id='word_1_207' title='bbox 1915 1785 1973 1831; x_wconf 94' lang='lat' dir='ltr'><strong>et</strong></span> <span class='ocrx_word' id='word_1_208' title='bbox 2002 1785 2126 1832; x_wconf 90' lang='lat' dir='ltr'><strong>tono</strong></span> <span class='ocrx_word' id='word_1_209' title='bbox 2157 1751 2203 1812; x_wconf 76' lang='grc' dir='ltr'><strong>Β</strong></span> <span class='ocrx_word' id='word_1_210' title='bbox 2234 1773 2289 1828; x_wconf 91' lang='lat' dir='ltr'><strong>in</strong></span> <span class='ocrx_word' id='word_1_211' title='bbox 2319 1773 2534 1828; x_wconf 90' lang='lat' dir='ltr'><strong>tertium</strong></span> <span class='ocrx_word' id='word_1_212' title='bbox 2563 1772 2737 1828; x_wconf 87' lang='lat' dir='ltr'><strong>locum</strong></span> <span class='ocrx_word' id='word_1_213' title='bbox 2770 1775 3035 1841; x_wconf 85' lang='lat' dir='ltr'><strong>ascendit,</strong></span> <span class='ocrx_word' id='word_1_214' title='bbox 3058 1776 3147 1829; x_wconf 85' lang='lat' dir='ltr'><strong>ubi</strong></span> <span class='ocrx_word' id='word_1_215' title='bbox 3176 1785 3231 1831; x_wconf 91' lang='lat' dir='ltr'><strong>et</strong></span> <span class='ocrx_word' id='word_1_216' title='bbox 3262 1751 3415 1830; x_wconf 77' lang='lat' dir='ltr'><strong>amen</strong></span> <span class='ocrx_word' id='word_1_217' title='bbox 3445 1776 3694 1846; x_wconf 81' lang='lat' dir='ltr'><strong>deponit.</strong></span> 
     </span>
    </p>
   </div>
   <div class='ocr_carea' id='block_1_33' title="bbox 529 1864 2128 1940">
    <p class='ocr_par' dir='ltr' id='par_1_33' title="bbox 529 1864 2128 1940">
     <span class='ocr_line' id='line_1_33' title="bbox 529 1864 2128 1940; baseline 0.005 -24"><span class='ocrx_word' id='word_1_218' title='bbox 529 1864 781 1933; x_wconf 82' lang='lat' dir='ltr'><strong>superius</strong></span> <span class='ocrx_word' id='word_1_219' title='bbox 803 1865 902 1919; x_wconf 88' lang='lat' dir='ltr'><strong>sub</strong></span> <span class='ocrx_word' id='word_1_220' title='bbox 928 1866 1117 1922; x_wconf 91' lang='lat' dir='ltr'><strong>eodem</strong></span> <span class='ocrx_word' id='word_1_221' title='bbox 1148 1882 1283 1923; x_wconf 89' lang='lat' dir='ltr'><strong>sono</strong></span> <span class='ocrx_word' id='word_1_222' title='bbox 1310 1868 1599 1940; x_wconf 89' lang='lat' dir='ltr'><strong>incipiunt.</strong></span> <span class='ocrx_word' id='word_1_223' title='bbox 1628 1868 1762 1924; x_wconf 88' lang='lat' dir='ltr'><strong>Ant.</strong></span> <span class='ocrx_word' id='word_1_224' title='bbox 1809 1869 2128 1924; x_wconf 75' lang='lat' dir='ltr'><strong>Benedictus</strong></span> 
     </span>
    </p>
   </div>
   <div class='ocr_carea' id='block_1_34' title="bbox 531 1950 1525 2018">
    <p class='ocr_par' dir='ltr' id='par_1_34' title="bbox 531 1950 1525 2018">
     <span class='ocr_line' id='line_1_34' title="bbox 531 1950 1525 2018; baseline 0.013 -11"><span class='ocrx_word' id='word_1_225' title='bbox 531 1950 816 2018; x_wconf 85' lang='lat' dir='ltr'><strong>Dominus,</strong></span> <span class='ocrx_word' id='word_1_226' title='bbox 840 1963 949 2011; x_wconf 83' lang='lat' dir='ltr'><strong>etc.</strong></span> <span class='ocrx_word' id='word_1_227' title='bbox 1519 1960 1525 1967; x_wconf 75' lang='grc'>’</span> 
     </span>
    </p>
   </div>
   <div class='ocr_carea' id='block_1_35' title="bbox 608 2046 2130 2120">
    <p class='ocr_par' dir='ltr' id='par_1_35' title="bbox 608 2046 2130 2120">
     <span class='ocr_line' id='line_1_35' title="bbox 608 2046 2130 2120; baseline 0.004 -19"><span class='ocrx_word' id='word_1_228' title='bbox 608 2046 920 2104; x_wconf 81' lang='lat' dir='ltr'><strong>Diﬁ‘erentia</strong></span> <span class='ocrx_word' id='word_1_229' title='bbox 969 2050 1158 2120; x_wconf 88' lang='lat' dir='ltr'><strong>quinta</strong></span> <span class='ocrx_word' id='word_1_230' title='bbox 1206 2051 1259 2107; x_wconf 92' lang='lat' dir='ltr'><strong>in</strong></span> <span class='ocrx_word' id='word_1_231' title='bbox 1312 2053 1526 2110; x_wconf 88' lang='lat' dir='ltr'><strong>tertiaa</strong></span> <span class='ocrx_word' id='word_1_232' title='bbox 1566 2052 1716 2108; x_wconf 88' lang='lat' dir='ltr'><strong>ﬁnali</strong></span> <span class='ocrx_word' id='word_1_233' title='bbox 1782 2051 2009 2118; x_wconf 86' lang='lat' dir='ltr'><strong>chorda,</strong></span> <span class='ocrx_word' id='word_1_234' title='bbox 2036 2051 2130 2108; x_wconf 87' lang='lat' dir='ltr'><strong>ubi</strong></span> 
     </span>
    </p>
   </div>
   <div class='ocr_carea' id='block_1_36' title="bbox 532 2140 1910 2212">
    <p class='ocr_par' dir='ltr' id='par_1_36' title="bbox 532 2140 1910 2212">
     <span class='ocr_line' id='line_1_36' title="bbox 532 2140 1910 2212; baseline 0.002 -17"><span class='ocrx_word' id='word_1_235' title='bbox 532 2155 686 2195; x_wconf 82' lang='lat' dir='ltr'><strong>auten</strong></span> <span class='ocrx_word' id='word_1_236' title='bbox 710 2140 952 2212; x_wconf 87' lang='lat' dir='ltr'><strong>deponit,</strong></span> <span class='ocrx_word' id='word_1_237' title='bbox 976 2142 1188 2196; x_wconf 90' lang='lat' dir='ltr'><strong>initium</strong></span> <span class='ocrx_word' id='word_1_238' title='bbox 1216 2144 1381 2198; x_wconf 88' lang='lat' dir='ltr'><strong>sumit</strong></span> <span class='ocrx_word' id='word_1_239' title='bbox 1406 2142 1676 2200; x_wconf 88' lang='lat' dir='ltr'><strong>Lichanos</strong></span> <span class='ocrx_word' id='word_1_240' title='bbox 1702 2159 1910 2200; x_wconf 88' lang='lat' dir='ltr'><strong>meson.</strong></span> 
     </span>
    </p>
   </div>
   <div class='ocr_carea' id='block_1_37' title="bbox 604 2230 1765 2309">
    <p class='ocr_par' dir='ltr' id='par_1_37' title="bbox 604 2230 1765 2309">
     <span class='ocr_line' id='line_1_37' title="bbox 604 2230 1765 2309; baseline 0.006 -22"><span class='ocrx_word' id='word_1_241' title='bbox 604 2230 960 2288; x_wconf 65' lang='lat' dir='ltr'><strong>Sa’culorum.</strong></span> <span class='ocrx_word' id='word_1_242' title='bbox 983 2235 1183 2299; x_wconf 86' lang='lat' dir='ltr'><strong>Amen;</strong></span> <span class='ocrx_word' id='word_1_243' title='bbox 1208 2246 1321 2291; x_wconf 88' lang='lat' dir='ltr'><strong>aut.</strong></span> <span class='ocrx_word' id='word_1_244' title='bbox 1354 2238 1396 2293; x_wconf 92' lang='lat' dir='ltr'><strong>A</strong></span> <span class='ocrx_word' id='word_1_245' title='bbox 1427 2240 1537 2294; x_wconf 86' lang='lat' dir='ltr'><strong>uiro</strong></span> <span class='ocrx_word' id='word_1_246' title='bbox 1566 2238 1765 2309; x_wconf 87' lang='lat' dir='ltr'><strong>iniquo.</strong></span> 
     </span>
    </p>
   </div>
   <div class='ocr_carea' id='block_1_38' title="bbox 605 2319 2131 2400">
    <p class='ocr_par' dir='ltr' id='par_1_38' title="bbox 605 2319 2131 2400">
     <span class='ocr_line' id='line_1_38' title="bbox 605 2319 2131 2400; baseline 0.008 -27"><span class='ocrx_word' id='word_1_247' title='bbox 605 2319 923 2378; x_wconf 83' lang='lat' dir='ltr'><strong>Diﬁereutia</strong></span> <span class='ocrx_word' id='word_1_248' title='bbox 954 2335 1105 2379; x_wconf 83' lang='lat' dir='ltr'><strong>sexta</strong></span> <span class='ocrx_word' id='word_1_249' title='bbox 1141 2327 1428 2383; x_wconf 87' lang='lat' dir='ltr'><strong>semitonio</strong></span> <span class='ocrx_word' id='word_1_250' title='bbox 1456 2338 1510 2383; x_wconf 91' lang='lat' dir='ltr'><strong>et</strong></span> <span class='ocrx_word' id='word_1_251' title='bbox 1538 2337 1667 2383; x_wconf 87' lang='lat' dir='ltr'><strong>tono</strong></span> <span class='ocrx_word' id='word_1_252' title='bbox 1712 2330 1962 2400; x_wconf 89' lang='lat' dir='ltr'><strong>superius</strong></span> <span class='ocrx_word' id='word_1_253' title='bbox 1992 2328 2131 2386; x_wconf 85' lang='lat' dir='ltr'><strong>inci-</strong></span> 
     </span>
    </p>
   </div>
   <div class='ocr_carea' id='block_1_39' title="bbox 532 2412 1831 2486">
    <p class='ocr_par' dir='ltr' id='par_1_39' title="bbox 532 2412 1831 2486">
     <span class='ocr_line' id='line_1_39' title="bbox 532 2412 1831 2486; baseline 0.005 -17"><span class='ocrx_word' id='word_1_254' title='bbox 532 2412 633 2486; x_wconf 91' lang='lat' dir='ltr'><strong>pit,</strong></span> <span class='ocrx_word' id='word_1_255' title='bbox 668 2431 821 2469; x_wconf 86' lang='lat' dir='ltr'><strong>amen</strong></span> <span class='ocrx_word' id='word_1_256' title='bbox 848 2414 899 2469; x_wconf 90' lang='lat' dir='ltr'><strong>in</strong></span> <span class='ocrx_word' id='word_1_257' title='bbox 925 2416 1264 2471; x_wconf 89' lang='lat' dir='ltr'><strong>diatessaron</strong></span> <span class='ocrx_word' id='word_1_258' title='bbox 1294 2435 1323 2472; x_wconf 91' lang='lat' dir='ltr'><strong>a</strong></span> <span class='ocrx_word' id='word_1_259' title='bbox 1355 2418 1501 2473; x_wconf 91' lang='lat' dir='ltr'><strong>ﬁnali</strong></span> <span class='ocrx_word' id='word_1_260' title='bbox 1532 2420 1831 2476; x_wconf 84' lang='lat' dir='ltr'><strong>concludit.</strong></span> 
     </span>
    </p>
   </div>
   <div class='ocr_carea' id='block_1_40' title="bbox 604 2502 1889 2572">
    <p class='ocr_par' dir='ltr' id='par_1_40' title="bbox 604 2502 1889 2572">
     <span class='ocr_line' id='line_1_40' title="bbox 604 2502 1889 2572; baseline 0.005 -12"><span class='ocrx_word' id='word_1_261' title='bbox 604 2502 960 2560; x_wconf 71' lang='lat' dir='ltr'><strong>chulorum.</strong></span> <span class='ocrx_word' id='word_1_262' title='bbox 981 2506 1147 2561; x_wconf 83' lang='lat' dir='ltr'><strong>Amen</strong></span> <span class='ocrx_word' id='word_1_263' title='bbox 1171 2524 1190 2572; x_wconf 88' lang='lat'><strong>;</strong></span> <span class='ocrx_word' id='word_1_264' title='bbox 1221 2519 1334 2562; x_wconf 86' lang='lat' dir='ltr'><strong>aut.</strong></span> <span class='ocrx_word' id='word_1_265' title='bbox 1364 2506 1563 2564; x_wconf 83' lang='lat' dir='ltr'><strong>Factus</strong></span> <span class='ocrx_word' id='word_1_266' title='bbox 1590 2527 1704 2565; x_wconf 87' lang='lat' dir='ltr'><strong>sum</strong></span> <span class='ocrx_word' id='word_1_267' title='bbox 1730 2512 1889 2567; x_wconf 88' lang='lat' dir='ltr'><strong>sicut.</strong></span> 
     </span>
    </p>
   </div>
   <div class='ocr_carea' id='block_1_41' title="bbox 605 2592 2130 2665">
    <p class='ocr_par' dir='ltr' id='par_1_41' title="bbox 605 2592 2130 2665">
     <span class='ocr_line' id='line_1_41' title="bbox 605 2592 2130 2665; baseline 0.003 -16"><span class='ocrx_word' id='word_1_268' title='bbox 605 2592 736 2651; x_wconf 60' lang='lat' dir='ltr'><strong>Hinc</strong></span> <span class='ocrx_word' id='word_1_269' title='bbox 770 2596 1068 2665; x_wconf 84' lang='lat' dir='ltr'><strong>antipbnna</strong></span> <span class='ocrx_word' id='word_1_270' title='bbox 1095 2600 1161 2651; x_wconf 88' lang='lat' dir='ltr'><strong>ad</strong></span> <span class='ocrx_word' id='word_1_271' title='bbox 1189 2598 1401 2653; x_wconf 81' lang='lat' dir='ltr'><strong>ﬁnalem</strong></span> <span class='ocrx_word' id='word_1_272' title='bbox 1425 2596 1762 2654; x_wconf 81' lang='lat' dir='ltr'><strong>diatessaron</strong></span> <span class='ocrx_word' id='word_1_273' title='bbox 1786 2601 1854 2656; x_wconf 86' lang='lat' dir='ltr'><strong>ad</strong></span> <span class='ocrx_word' id='word_1_274' title='bbox 1882 2600 2130 2665; x_wconf 82' lang='lat' dir='ltr'><strong>ultimam</strong></span> 
     </span>
    </p>
   </div>
   <div class='ocr_carea' id='block_1_42' title="bbox 534 2687 2128 2765">
    <p class='ocr_par' dir='ltr' id='par_1_42' title="bbox 534 2687 2128 2765">
     <span class='ocr_line' id='line_1_42' title="bbox 534 2687 2128 2765; baseline 0.007 -24"><span class='ocrx_word' id='word_1_275' title='bbox 534 2687 802 2759; x_wconf 85' lang='lat' dir='ltr'><strong>syllabam</strong></span> <span class='ocrx_word' id='word_1_276' title='bbox 830 2706 984 2744; x_wconf 87' lang='lat' dir='ltr'><strong>amen</strong></span> <span class='ocrx_word' id='word_1_277' title='bbox 1025 2702 1260 2758; x_wconf 74' lang='lat' dir='ltr'><strong>resonat,</strong></span> <span class='ocrx_word' id='word_1_278' title='bbox 1289 2695 1540 2764; x_wconf 81' lang='lat' dir='ltr'><strong>superius</strong></span> <span class='ocrx_word' id='word_1_279' title='bbox 1569 2696 1852 2765; x_wconf 85' lang='lat' dir='ltr'><strong>diapente;</strong></span> <span class='ocrx_word' id='word_1_280' title='bbox 1891 2705 2128 2751; x_wconf 86' lang='lat' dir='ltr'><strong>attamen</strong></span> 
     </span>
    </p>
   </div>
   <div class='ocr_carea' id='block_1_43' title="bbox 532 2777 2130 2856">
    <p class='ocr_par' dir='ltr' id='par_1_43' title="bbox 532 2777 2130 2856">
     <span class='ocr_line' id='line_1_43' title="bbox 532 2777 2130 2856; baseline 0.006 -21"><span class='ocrx_word' id='word_1_281' title='bbox 532 2777 678 2835; x_wconf 86' lang='lat' dir='ltr'><strong>dulci</strong></span> <span class='ocrx_word' id='word_1_282' title='bbox 706 2783 938 2851; x_wconf 84' lang='lat' dir='ltr'><strong>quodam</strong></span> <span class='ocrx_word' id='word_1_283' title='bbox 969 2786 1153 2839; x_wconf 82' lang='lat' dir='ltr'><strong>canori</strong></span> <span class='ocrx_word' id='word_1_284' title='bbox 1185 2788 1423 2856; x_wconf 78' lang='lat' dir='ltr'><strong>gutturis</strong></span> <span class='ocrx_word' id='word_1_285' title='bbox 1456 2787 1653 2842; x_wconf 78' lang='lat' dir='ltr'><strong>ieﬁexu</strong></span> <span class='ocrx_word' id='word_1_286' title='bbox 1684 2786 1813 2843; x_wconf 82' lang='lat' dir='ltr'><strong>facit</strong></span> <span class='ocrx_word' id='word_1_287' title='bbox 1836 2788 2130 2844; x_wconf 88' lang='lat' dir='ltr'><strong>discrimen</strong></span> 
     </span>
    </p>
   </div>
   <div class='ocr_carea' id='block_1_44' title="bbox 535 2868 1401 2934">
    <p class='ocr_par' dir='ltr' id='par_1_44' title="bbox 535 2868 1401 2934">
     <span class='ocr_line' id='line_1_44' title="bbox 535 2868 1401 2934; baseline 0.01 -9"><span class='ocrx_word' id='word_1_288' title='bbox 535 2873 607 2927; x_wconf 85' lang='lat' dir='ltr'><strong>ab</strong></span> <span class='ocrx_word' id='word_1_289' title='bbox 633 2868 858 2929; x_wconf 70' lang='lat' dir='ltr'><strong>alterius</strong></span> <span class='ocrx_word' id='word_1_290' title='bbox 879 2873 1195 2931; x_wconf 68' lang='lat' dir='ltr'><strong>differentiae</strong></span> <span class='ocrx_word' id='word_1_291' title='bbox 1220 2878 1401 2934; x_wconf 88' lang='lat' dir='ltr'><strong>sonitu</strong></span> 
     </span>
    </p>
   </div>
   <div class='ocr_carea' id='block_1_45' title="bbox 610 2960 2128 3039">
    <p class='ocr_par' dir='ltr' id='par_1_45' title="bbox 610 2960 2128 3039">
     <span class='ocr_line' id='line_1_45' title="bbox 610 2960 2128 3039; baseline 0.007 -23"><span class='ocrx_word' id='word_1_292' title='bbox 610 2960 960 3016; x_wconf 74' lang='lat' dir='ltr'><strong>chulorum.</strong></span> <span class='ocrx_word' id='word_1_293' title='bbox 1003 2966 1201 3032; x_wconf 87' lang='lat' dir='ltr'><strong>Anten,</strong></span> <span class='ocrx_word' id='word_1_294' title='bbox 1229 2977 1341 3021; x_wconf 86' lang='lat' dir='ltr'><strong>aut.</strong></span> <span class='ocrx_word' id='word_1_295' title='bbox 1377 2966 1499 3023; x_wconf 85' lang='lat' dir='ltr'><strong>Nisi</strong></span> <span class='ocrx_word' id='word_1_296' title='bbox 1532 2969 1829 3039; x_wconf 78' lang='lat' dir='ltr'><strong>diligenter,</strong></span> <span class='ocrx_word' id='word_1_297' title='bbox 1858 2987 1985 3035; x_wconf 87' lang='lat' dir='ltr'><strong>non,</strong></span> <span class='ocrx_word' id='word_1_298' title='bbox 2018 2980 2128 3027; x_wconf 81' lang='lat' dir='ltr'><strong>etc.</strong></span> 
     </span>
    </p>
   </div>
   <div class='ocr_carea' id='block_1_46' title="bbox 608 3053 2132 3132">
    <p class='ocr_par' dir='ltr' id='par_1_46' title="bbox 608 3053 2132 3132">
     <span class='ocr_line' id='line_1_46' title="bbox 608 3053 2132 3132; baseline 0.007 -25"><span class='ocrx_word' id='word_1_299' title='bbox 608 3053 970 3109; x_wconf 82' lang='lat' dir='ltr'><strong>Authenticus</strong></span> <span class='ocrx_word' id='word_1_300' title='bbox 1002 3058 1160 3112; x_wconf 89' lang='lat' dir='ltr'><strong>tritus</strong></span> <span class='ocrx_word' id='word_1_301' title='bbox 1214 3070 1425 3114; x_wconf 88' lang='lat' dir='ltr'><strong>constat</strong></span> <span class='ocrx_word' id='word_1_302' title='bbox 1471 3076 1537 3115; x_wconf 84' lang='lat' dir='ltr'><strong>ex</strong></span> <span class='ocrx_word' id='word_1_303' title='bbox 1571 3063 1727 3116; x_wconf 88' lang='lat' dir='ltr'><strong>tertia</strong></span> <span class='ocrx_word' id='word_1_304' title='bbox 1776 3064 1960 3132; x_wconf 90' lang='lat' dir='ltr'><strong>specie</strong></span> <span class='ocrx_word' id='word_1_305' title='bbox 2003 3063 2132 3117; x_wconf 90' lang='lat' dir='ltr'><strong>dia-</strong></span> 
     </span>
    </p>
   </div>
   <div class='ocr_carea' id='block_1_47' title="bbox 540 3132 1983 3225">
    <p class='ocr_par' dir='ltr' id='par_1_47' title="bbox 540 3132 1983 3225">
     <span class='ocr_line' id='line_1_47' title="bbox 540 3132 1983 3225; baseline 0.01 -29"><span class='ocrx_word' id='word_1_306' title='bbox 540 3152 723 3215; x_wconf 89' lang='lat' dir='ltr'><strong>pente,</strong></span> <span class='ocrx_word' id='word_1_307' title='bbox 753 3155 807 3200; x_wconf 92' lang='lat' dir='ltr'><strong>et</strong></span> <span class='ocrx_word' id='word_1_308' title='bbox 832 3132 899 3201; x_wconf 80' lang='lat' dir='ltr'><strong>ex</strong></span> <span class='ocrx_word' id='word_1_309' title='bbox 927 3148 1117 3203; x_wconf 87' lang='lat' dir='ltr'><strong>eadem</strong></span> <span class='ocrx_word' id='word_1_310' title='bbox 1140 3151 1318 3219; x_wconf 86' lang='lat' dir='ltr'><strong>specie</strong></span> <span class='ocrx_word' id='word_1_311' title='bbox 1348 3152 1682 3208; x_wconf 69' lang='lat' dir='ltr'><strong>diatessaron:</strong></span> <span class='ocrx_word' id='word_1_312' title='bbox 1713 3155 1983 3225; x_wconf 88' lang='lat' dir='ltr'><strong>superius.</strong></span> 
     </span>
    </p>
   </div>
   <div class='ocr_carea' id='block_1_48' title="bbox 1155 3240 1510 3305">
    <p class='ocr_par' dir='ltr' id='par_1_48' title="bbox 1155 3240 1510 3305">
     <span class='ocr_line' id='line_1_48' title="bbox 1155 3240 1510 3305; baseline 0.008 -9"><span class='ocrx_word' id='word_1_313' title='bbox 1155 3240 1510 3305; x_wconf 45' lang='lat' dir='ltr'><strong>,Noeaocane.</strong></span> 
     </span>
    </p>
   </div>
   <div class='ocr_carea' id='block_1_49' title="bbox 613 3323 2014 3406">
    <p class='ocr_par' dir='ltr' id='par_1_49' title="bbox 613 3323 2014 3406">
     <span class='ocr_line' id='line_1_49' title="bbox 613 3323 2014 3406; baseline 0.01 -26"><span class='ocrx_word' id='word_1_314' title='bbox 613 3323 858 3398; x_wconf 84' lang='lat' dir='ltr'><strong>Quinque</strong></span> <span class='ocrx_word' id='word_1_315' title='bbox 882 3330 1164 3400; x_wconf 85' lang='lat' dir='ltr'><strong>prudentes</strong></span> <span class='ocrx_word' id='word_1_316' title='bbox 1186 3333 1513 3389; x_wconf 83' lang='lat' dir='ltr'><strong>intraverunt</strong></span> <span class='ocrx_word' id='word_1_317' title='bbox 1544 3336 1615 3389; x_wconf 83' lang='lat' dir='ltr'><strong>ad</strong></span> <span class='ocrx_word' id='word_1_318' title='bbox 1641 3338 1875 3406; x_wconf 83' lang='lat' dir='ltr'><strong>nuptias,</strong></span> <span class='ocrx_word' id='word_1_319' title='bbox 1906 3348 2014 3395; x_wconf 90' lang='lat' dir='ltr'><strong>etc.</strong></span> 
     </span>
    </p>
   </div>
   <div class='ocr_carea' id='block_1_50' title="bbox 612 3416 1759 3491">
    <p class='ocr_par' dir='ltr' id='par_1_50' title="bbox 612 3416 1759 3491">
     <span class='ocr_line' id='line_1_50' title="bbox 612 3416 1759 3491; baseline 0.007 -14"><span class='ocrx_word' id='word_1_320' title='bbox 612 3416 963 3477; x_wconf 77' lang='lat' dir='ltr'><strong>Sa’culorum.</strong></span> <span class='ocrx_word' id='word_1_321' title='bbox 988 3425 1190 3491; x_wconf 77' lang='lat' dir='ltr'><strong>Amen;</strong></span> <span class='ocrx_word' id='word_1_322' title='bbox 1213 3438 1326 3483; x_wconf 88' lang='lat' dir='ltr'><strong>ant.</strong></span> <span class='ocrx_word' id='word_1_323' title='bbox 1361 3430 1544 3483; x_wconf 81' lang='lat' dir='ltr'><strong>Adhuc</strong></span> <span class='ocrx_word' id='word_1_324' title='bbox 1569 3430 1759 3485; x_wconf 85' lang='lat' dir='ltr'><strong>multa.</strong></span> 
     </span>
    </p>
   </div>
   <div class='ocr_carea' id='block_1_51' title="bbox 616 3513 2135 3589">
    <p class='ocr_par' dir='ltr' id='par_1_51' title="bbox 616 3513 2135 3589">
     <span class='ocr_line' id='line_1_51' title="bbox 616 3513 2135 3589; baseline 0.009 -23"><span class='ocrx_word' id='word_1_325' title='bbox 616 3513 846 3579; x_wconf 84' lang='lat' dir='ltr'><strong>Quidam</strong></span> <span class='ocrx_word' id='word_1_326' title='bbox 879 3516 1020 3573; x_wconf 86' lang='lat' dir='ltr'><strong>hanc</strong></span> <span class='ocrx_word' id='word_1_327' title='bbox 1050 3532 1080 3571; x_wconf 89' lang='lat' dir='ltr'><strong>a</strong></span> <span class='ocrx_word' id='word_1_328' title='bbox 1125 3534 1276 3575; x_wconf 90' lang='lat' dir='ltr'><strong>mese</strong></span> <span class='ocrx_word' id='word_1_329' title='bbox 1309 3520 1575 3589; x_wconf 89' lang='lat' dir='ltr'><strong>incipiunt</strong></span> <span class='ocrx_word' id='word_1_330' title='bbox 1622 3532 1738 3576; x_wconf 88' lang='lat' dir='ltr'><strong>aut.</strong></span> <span class='ocrx_word' id='word_1_331' title='bbox 1781 3522 2011 3580; x_wconf 85' lang='lat' dir='ltr'><strong>Laudem</strong></span> <span class='ocrx_word' id='word_1_332' title='bbox 2053 3527 2135 3580; x_wconf 89' lang='lat' dir='ltr'><strong>di-</strong></span> 
     </span>
    </p>
   </div>
   <div class='ocr_carea' id='block_1_52' title="bbox 541 3605 2137 3685">
    <p class='ocr_par' dir='ltr' id='par_1_52' title="bbox 541 3605 2137 3685">
     <span class='ocr_line' id='line_1_52' title="bbox 541 3605 2137 3685; baseline 0.008 -23"><span class='ocrx_word' id='word_1_333' title='bbox 541 3605 667 3675; x_wconf 77' lang='lat' dir='ltr'><strong>cite,</strong></span> <span class='ocrx_word' id='word_1_334' title='bbox 698 3617 805 3662; x_wconf 89' lang='lat' dir='ltr'><strong>etc.</strong></span> <span class='ocrx_word' id='word_1_335' title='bbox 859 3608 1171 3666; x_wconf 83' lang='lat' dir='ltr'><strong>Dill&#39;erentia</strong></span> <span class='ocrx_word' id='word_1_336' title='bbox 1217 3613 1392 3683; x_wconf 90' lang='lat' dir='ltr'><strong>prima</strong></span> <span class='ocrx_word' id='word_1_337' title='bbox 1449 3630 1610 3685; x_wconf 88' lang='lat' dir='ltr'><strong>supra</strong></span> <span class='ocrx_word' id='word_1_338' title='bbox 1658 3615 1876 3672; x_wconf 88' lang='lat' dir='ltr'><strong>ﬁnalem</strong></span> <span class='ocrx_word' id='word_1_339' title='bbox 1925 3618 2137 3674; x_wconf 85' lang='lat' dir='ltr'><strong>duobus</strong></span> 
     </span>
    </p>
   </div>
   <div class='ocr_carea' id='block_1_53' title="bbox 542 3699 1490 3770">
    <p class='ocr_par' dir='ltr' id='par_1_53' title="bbox 542 3699 1490 3770">
     <span class='ocr_line' id='line_1_53' title="bbox 542 3699 1490 3770; baseline 0.006 -16"><span class='ocrx_word' id='word_1_340' title='bbox 542 3699 690 3754; x_wconf 87' lang='lat' dir='ltr'><strong>tonis</strong></span> <span class='ocrx_word' id='word_1_341' title='bbox 721 3700 928 3770; x_wconf 88' lang='lat' dir='ltr'><strong>incipit,</strong></span> <span class='ocrx_word' id='word_1_342' title='bbox 962 3702 1050 3758; x_wconf 88' lang='lat' dir='ltr'><strong>ubi</strong></span> <span class='ocrx_word' id='word_1_343' title='bbox 1077 3713 1133 3758; x_wconf 89' lang='lat' dir='ltr'><strong>et</strong></span> <span class='ocrx_word' id='word_1_344' title='bbox 1161 3721 1319 3760; x_wconf 89' lang='lat' dir='ltr'><strong>amen</strong></span> <span class='ocrx_word' id='word_1_345' title='bbox 1351 3706 1490 3760; x_wconf 88' lang='lat' dir='ltr'><strong>ﬁnit.</strong></span> 
     </span>
    </p>
   </div>
   <div class='ocr_carea' id='block_1_54' title="bbox 618 3790 2099 3869">
    <p class='ocr_par' dir='ltr' id='par_1_54' title="bbox 618 3790 2099 3869">
     <span class='ocr_line' id='line_1_54' title="bbox 618 3790 2099 3869; baseline 0.008 -22"><span class='ocrx_word' id='word_1_346' title='bbox 618 3790 972 3849; x_wconf 78' lang='lat' dir='ltr'><strong>Steculorum.</strong></span> <span class='ocrx_word' id='word_1_347' title='bbox 1000 3797 1198 3861; x_wconf 86' lang='lat' dir='ltr'><strong>Amen;</strong></span> <span class='ocrx_word' id='word_1_348' title='bbox 1228 3806 1340 3851; x_wconf 87' lang='lat' dir='ltr'><strong>aut.</strong></span> <span class='ocrx_word' id='word_1_349' title='bbox 1373 3797 1674 3853; x_wconf 76' lang='lat' dir='ltr'><strong>Exsullavit</strong></span> <span class='ocrx_word' id='word_1_350' title='bbox 1708 3799 1961 3869; x_wconf 81' lang='lat' dir='ltr'><strong>Spiritus,</strong></span> <span class='ocrx_word' id='word_1_351' title='bbox 1989 3812 2099 3859; x_wconf 81' lang='lat' dir='ltr'><strong>etc.</strong></span> 
     </span>
    </p>
   </div>
   <div class='ocr_carea' id='block_1_55' title="bbox 617 3881 2137 3961">
    <p class='ocr_par' dir='ltr' id='par_1_55' title="bbox 617 3881 2137 3961">
     <span class='ocr_line' id='line_1_55' title="bbox 617 3881 2137 3961; baseline 0.008 -25"><span class='ocrx_word' id='word_1_352' title='bbox 617 3881 932 3939; x_wconf 82' lang='lat' dir='ltr'><strong>Dill&#39;erenlia</strong></span> <span class='ocrx_word' id='word_1_353' title='bbox 965 3887 1228 3955; x_wconf 70' lang='lat' dir='ltr'><strong>secunda,</strong></span> <span class='ocrx_word' id='word_1_354' title='bbox 1272 3888 1361 3943; x_wconf 87' lang='lat' dir='ltr'><strong>ubi</strong></span> <span class='ocrx_word' id='word_1_355' title='bbox 1402 3900 1456 3944; x_wconf 91' lang='lat' dir='ltr'><strong>et</strong></span> <span class='ocrx_word' id='word_1_356' title='bbox 1502 3892 1752 3960; x_wconf 89' lang='lat' dir='ltr'><strong>superior</strong></span> <span class='ocrx_word' id='word_1_357' title='bbox 1798 3909 1950 3947; x_wconf 87' lang='lat' dir='ltr'><strong>amen</strong></span> <span class='ocrx_word' id='word_1_358' title='bbox 1997 3893 2137 3961; x_wconf 89' lang='lat' dir='ltr'><strong>ﬁuit,</strong></span> 
     </span>
    </p>
   </div>
   <div class='ocr_carea' id='block_1_56' title="bbox 545 3972 2063 4055">
    <p class='ocr_par' dir='ltr' id='par_1_56' title="bbox 545 3972 2063 4055">
     <span class='ocr_line' id='line_1_56' title="bbox 545 3972 2063 4055; baseline 0.006 -26"><span class='ocrx_word' id='word_1_359' title='bbox 545 3972 746 4029; x_wconf 89' lang='lat' dir='ltr'><strong>melum</strong></span> <span class='ocrx_word' id='word_1_360' title='bbox 772 3991 904 4031; x_wconf 90' lang='lat' dir='ltr'><strong>vero</strong></span> <span class='ocrx_word' id='word_1_361' title='bbox 936 3993 1033 4046; x_wconf 90' lang='lat' dir='ltr'><strong>per</strong></span> <span class='ocrx_word' id='word_1_362' title='bbox 1061 3979 1312 4048; x_wconf 87' lang='lat' dir='ltr'><strong>diapente</strong></span> <span class='ocrx_word' id='word_1_363' title='bbox 1343 3995 1373 4034; x_wconf 90' lang='lat' dir='ltr'><strong>a</strong></span> <span class='ocrx_word' id='word_1_364' title='bbox 1408 3981 1551 4035; x_wconf 88' lang='lat' dir='ltr'><strong>ﬁnali</strong></span> <span class='ocrx_word' id='word_1_365' title='bbox 1582 3983 1833 4051; x_wconf 82' lang='lat' dir='ltr'><strong>superius</strong></span> <span class='ocrx_word' id='word_1_366' title='bbox 1856 3983 2063 4055; x_wconf 89' lang='lat' dir='ltr'><strong>incipit.</strong></span> 
     </span>
    </p>
   </div>
   <div class='ocr_carea' id='block_1_57' title="bbox 619 4063 2047 4146">
    <p class='ocr_par' dir='ltr' id='par_1_57' title="bbox 619 4063 2047 4146">
     <span class='ocr_line' id='line_1_57' title="bbox 619 4063 2047 4146; baseline 0.008 -26"><span class='ocrx_word' id='word_1_367' title='bbox 619 4063 973 4121; x_wconf 72' lang='lat' dir='ltr'><strong>chulorum.</strong></span> <span class='ocrx_word' id='word_1_368' title='bbox 1005 4068 1170 4123; x_wconf 85' lang='lat' dir='ltr'><strong>Amen</strong></span> <span class='ocrx_word' id='word_1_369' title='bbox 1189 4086 1206 4135; x_wconf 89' lang='lat'><strong>;</strong></span> <span class='ocrx_word' id='word_1_370' title='bbox 1228 4081 1347 4126; x_wconf 89' lang='lat' dir='ltr'><strong>aut.</strong></span> <span class='ocrx_word' id='word_1_371' title='bbox 1373 4071 1625 4138; x_wconf 79' lang='lat' dir='ltr'><strong>Alleluia,</strong></span> <span class='ocrx_word' id='word_1_372' title='bbox 1656 4090 1807 4144; x_wconf 87' lang='lat' dir='ltr'><strong>quem</strong></span> <span class='ocrx_word' id='word_1_373' title='bbox 1831 4077 2047 4146; x_wconf 74' lang='lat' dir='ltr'><strong>qmrris.</strong></span> 
     </span>
    </p>
   </div>
   <div class='ocr_carea' id='block_1_58' title="bbox 617 4156 2137 4241">
    <p class='ocr_par' dir='ltr' id='par_1_58' title="bbox 617 4156 2137 4241">
     <span class='ocr_line' id='line_1_58' title="bbox 617 4156 2137 4241; baseline 0.009 -31"><span class='ocrx_word' id='word_1_374' title='bbox 617 4156 799 4227; x_wconf 81' lang='lat' dir='ltr'><strong>Plagis</strong></span> <span class='ocrx_word' id='word_1_375' title='bbox 853 4161 965 4215; x_wconf 87' lang='lat' dir='ltr'><strong>triti</strong></span> <span class='ocrx_word' id='word_1_376' title='bbox 1017 4171 1233 4241; x_wconf 78' lang='lat' dir='ltr'><strong>constat</strong></span> <span class='ocrx_word' id='word_1_377' title='bbox 1281 4181 1349 4221; x_wconf 80' lang='lat' dir='ltr'><strong>ex</strong></span> <span class='ocrx_word' id='word_1_378' title='bbox 1404 4167 1592 4221; x_wconf 89' lang='lat' dir='ltr'><strong>eadem</strong></span> <span class='ocrx_word' id='word_1_379' title='bbox 1639 4168 1820 4237; x_wconf 87' lang='lat' dir='ltr'><strong>specie</strong></span> <span class='ocrx_word' id='word_1_380' title='bbox 1862 4168 2137 4238; x_wconf 87' lang='lat' dir='ltr'><strong>diapente,</strong></span> 
     </span>
    </p>
   </div>
   <div class='ocr_carea' id='block_1_59' title="bbox 546 4252 2141 4332">
    <p class='ocr_par' dir='ltr' id='par_1_59' title="bbox 546 4252 2141 4332">
     <span class='ocr_line' id='line_1_59' title="bbox 546 4252 2141 4332; baseline 0.011 -31"><span class='ocrx_word' id='word_1_381' title='bbox 546 4262 652 4318; x_wconf 88' lang='lat' dir='ltr'><strong>qua</strong></span> <span class='ocrx_word' id='word_1_382' title='bbox 682 4261 737 4304; x_wconf 91' lang='lat' dir='ltr'><strong>et</strong></span> <span class='ocrx_word' id='word_1_383' title='bbox 764 4252 1114 4311; x_wconf 86' lang='lat' dir='ltr'><strong>authenticus</strong></span> <span class='ocrx_word' id='word_1_384' title='bbox 1150 4256 1286 4328; x_wconf 82' lang='lat' dir='ltr'><strong>ejus,</strong></span> <span class='ocrx_word' id='word_1_385' title='bbox 1323 4272 1392 4313; x_wconf 75' lang='lat' dir='ltr'><strong>ex</strong></span> <span class='ocrx_word' id='word_1_386' title='bbox 1436 4259 1627 4316; x_wconf 91' lang='lat' dir='ltr'><strong>eadem</strong></span> <span class='ocrx_word' id='word_1_387' title='bbox 1658 4262 1840 4332; x_wconf 88' lang='lat' dir='ltr'><strong>specie</strong></span> <span class='ocrx_word' id='word_1_388' title='bbox 1878 4261 2141 4318; x_wconf 82' lang='lat' dir='ltr'><strong>diatessa-</strong></span> 
     </span>
    </p>
   </div>
   <div class='ocr_carea' id='block_1_60' title="bbox 548 4340 1447 4400">
    <p class='ocr_par' dir='ltr' id='par_1_60' title="bbox 548 4340 1447 4400">
     <span class='ocr_line' id='line_1_60' title="bbox 548 4340 1447 4400; baseline 0.018 -8"><span class='ocrx_word' id='word_1_389' title='bbox 548 4351 649 4393; x_wconf 92' lang='lat' dir='ltr'><strong>ron</strong></span> <span class='ocrx_word' id='word_1_390' title='bbox 676 4340 927 4400; x_wconf 82' lang='lat' dir='ltr'><strong>inferius.</strong></span> <span class='ocrx_word' id='word_1_391' title='bbox 1444 4345 1447 4349; x_wconf 64' lang='grc'><em>’</em></span> 
     </span>
    </p>
   </div>
   <div class='ocr_carea' id='block_1_61' title="bbox 1223 4438 1437 4498">
    <p class='ocr_par' dir='ltr' id='par_1_61' title="bbox 1223 4438 1437 4498">
     <span class='ocr_line' id='line_1_61' title="bbox 1223 4438 1437 4498; baseline 0.019 -4"><span class='ocrx_word' id='word_1_392' title='bbox 1223 4438 1437 4498; x_wconf 89' lang='lat' dir='ltr'><strong>Noeais.</strong></span> 
     </span>
    </p>
   </div>
   <div class='ocr_carea' id='block_1_62' title="bbox 619 4519 2137 4603">
    <p class='ocr_par' dir='ltr' id='par_1_62' title="bbox 619 4519 2137 4603">
     <span class='ocr_line' id='line_1_62' title="bbox 619 4519 2137 4603; baseline 0.008 -23"><span class='ocrx_word' id='word_1_393' title='bbox 619 4519 781 4580; x_wconf 73' lang='lat' dir='ltr'><strong>Sexta</strong></span> <span class='ocrx_word' id='word_1_394' title='bbox 801 4524 933 4581; x_wconf 80' lang='lat' dir='ltr'><strong>hora</strong></span> <span class='ocrx_word' id='word_1_395' title='bbox 953 4527 1086 4583; x_wconf 84' lang='lat' dir='ltr'><strong>sedit</strong></span> <span class='ocrx_word' id='word_1_396' title='bbox 1111 4546 1268 4600; x_wconf 80' lang='lat' dir='ltr'><strong>super</strong></span> <span class='ocrx_word' id='word_1_397' title='bbox 1286 4543 1523 4602; x_wconf 87' lang='lat' dir='ltr'><strong>puteum.</strong></span> <span class='ocrx_word' id='word_1_398' title='bbox 1547 4532 1902 4590; x_wconf 78' lang='lat' dir='ltr'><strong>Steculorum.</strong></span> <span class='ocrx_word' id='word_1_399' title='bbox 1934 4536 2137 4603; x_wconf 84' lang='lat' dir='ltr'><strong>Amen;</strong></span> 
     </span>
    </p>
   </div>
   <div class='ocr_carea' id='block_1_63' title="bbox 547 4616 1036 4672">
    <p class='ocr_par' dir='ltr' id='par_1_63' title="bbox 547 4616 1036 4672">
     <span class='ocr_line' id='line_1_63' title="bbox 547 4616 1036 4672; baseline 0.004 -2"><span class='ocrx_word' id='word_1_400' title='bbox 547 4621 663 4670; x_wconf 86' lang='lat' dir='ltr'><strong>ant.</strong></span> <span class='ocrx_word' id='word_1_401' title='bbox 693 4616 1036 4672; x_wconf 83' lang='lat' dir='ltr'><strong>Ascendentc.</strong></span> 
     </span>
    </p>
   </div>
   <div class='ocr_carea' id='block_1_64' title="bbox 623 4692 2136 4790">
    <p class='ocr_par' dir='ltr' id='par_1_64' title="bbox 623 4692 2136 4790">
     <span class='ocr_line' id='line_1_64' title="bbox 623 4692 2136 4790; baseline 0.008 -28"><span class='ocrx_word' id='word_1_402' title='bbox 623 4706 751 4763; x_wconf 72' lang='lat' dir='ltr'><strong>Haec</strong></span> <span class='ocrx_word' id='word_1_403' title='bbox 776 4709 892 4764; x_wconf 87' lang='lat' dir='ltr'><strong>sola</strong></span> <span class='ocrx_word' id='word_1_404' title='bbox 934 4722 1061 4767; x_wconf 90' lang='lat' dir='ltr'><strong>tono</strong></span> <span class='ocrx_word' id='word_1_405' title='bbox 1108 4711 1272 4769; x_wconf 89' lang='lat' dir='ltr'><strong>altius</strong></span> <span class='ocrx_word' id='word_1_406' title='bbox 1301 4716 1444 4786; x_wconf 88' lang='lat' dir='ltr'><strong>apud</strong></span> <span class='ocrx_word' id='word_1_407' title='bbox 1483 4717 1749 4787; x_wconf 89' lang='lat' dir='ltr'><strong>quosdam</strong></span> <span class='ocrx_word' id='word_1_408' title='bbox 1802 4717 1991 4790; x_wconf 90' lang='lat' dir='ltr'><strong>incipit</strong></span> <span class='ocrx_word' id='word_1_409' title='bbox 2020 4692 2136 4774; x_wconf 86' lang='lat' dir='ltr'><strong>ant.</strong></span> 
     </span>
    </p>
   </div>
   <div class='ocr_carea' id='block_1_65' title="bbox 553 4797 1025 4857">
    <p class='ocr_par' dir='ltr' id='par_1_65' title="bbox 553 4797 1025 4857">
     <span class='ocr_line' id='line_1_65' title="bbox 553 4797 1025 4857; baseline 0.004 -4"><span class='ocrx_word' id='word_1_410' title='bbox 553 4797 806 4854; x_wconf 73' lang='lat' dir='ltr'><strong>Nescierat</strong></span> <span class='ocrx_word' id='word_1_411' title='bbox 837 4810 1025 4857; x_wconf 85' lang='lat' dir='ltr'><strong>mater.</strong></span> 
     </span>
    </p>
   </div>
   <div class='ocr_carea' id='block_1_66' title="bbox 622 4890 2136 4970">
    <p class='ocr_par' dir='ltr' id='par_1_66' title="bbox 622 4890 2136 4970">
     <span class='ocr_line' id='line_1_66' title="bbox 622 4890 2136 4970; baseline 0.009 -26"><span class='ocrx_word' id='word_1_412' title='bbox 622 4890 718 4947; x_wconf 70' lang='lat' dir='ltr'><strong>lim</strong></span> <span class='ocrx_word' id='word_1_413' title='bbox 758 4894 951 4949; x_wconf 89' lang='lat' dir='ltr'><strong>iterum</strong></span> <span class='ocrx_word' id='word_1_414' title='bbox 978 4893 1070 4950; x_wconf 85' lang='lat' dir='ltr'><strong>ubi</strong></span> <span class='ocrx_word' id='word_1_415' title='bbox 1103 4896 1415 4968; x_wconf 86' lang='lat' dir='ltr'><strong>superiores</strong></span> <span class='ocrx_word' id='word_1_416' title='bbox 1453 4898 1745 4970; x_wconf 85' lang='lat' dir='ltr'><strong>incipiunt;</strong></span> <span class='ocrx_word' id='word_1_417' title='bbox 1779 4908 1893 4957; x_wconf 87' lang='lat' dir='ltr'><strong>ant.</strong></span> <span class='ocrx_word' id='word_1_418' title='bbox 1935 4901 2136 4957; x_wconf 86' lang='lat' dir='ltr'><strong>Notum</strong></span> 
     </span>
    </p>
   </div>
   <div class='ocr_carea' id='block_1_67' title="bbox 549 4980 823 5050">
    <p class='ocr_par' dir='ltr' id='par_1_67' title="bbox 549 4980 823 5050">
     <span class='ocr_line' id='line_1_67' title="bbox 549 4980 823 5050; baseline 0.011 -17"><span class='ocrx_word' id='word_1_419' title='bbox 549 4980 693 5050; x_wconf 81' lang='lat' dir='ltr'><strong>fecit,</strong></span> <span class='ocrx_word' id='word_1_420' title='bbox 718 4990 823 5037; x_wconf 91' lang='lat' dir='ltr'><strong>etc.</strong></span> 
     </span>
    </p>
   </div>
   <div class='ocr_carea' id='block_1_68' title="bbox 623 5072 2138 5141">
    <p class='ocr_par' dir='ltr' id='par_1_68' title="bbox 623 5072 2138 5141">
     <span class='ocr_line' id='line_1_68' title="bbox 623 5072 2138 5141; baseline 0.009 -14"><span class='ocrx_word' id='word_1_421' title='bbox 623 5072 746 5129; x_wconf 78' lang='lat' dir='ltr'><strong>Haec</strong></span> <span class='ocrx_word' id='word_1_422' title='bbox 770 5076 1058 5133; x_wconf 78' lang='lat' dir='ltr'><strong>semitonio</strong></span> <span class='ocrx_word' id='word_1_423' title='bbox 1097 5094 1163 5135; x_wconf 88' lang='lat' dir='ltr'><strong>ac</strong></span> <span class='ocrx_word' id='word_1_424' title='bbox 1202 5090 1332 5138; x_wconf 86' lang='lat' dir='ltr'><strong>tono</strong></span> <span class='ocrx_word' id='word_1_425' title='bbox 1378 5080 1606 5140; x_wconf 83' lang='lat' dir='ltr'><strong>inferius</strong></span> <span class='ocrx_word' id='word_1_426' title='bbox 1646 5082 1747 5140; x_wconf 88' lang='lat' dir='ltr'><strong>sub</strong></span> <span class='ocrx_word' id='word_1_427' title='bbox 1782 5084 1973 5141; x_wconf 86' lang='lat' dir='ltr'><strong>eodem</strong></span> <span class='ocrx_word' id='word_1_428' title='bbox 2002 5098 2138 5140; x_wconf 90' lang='lat' dir='ltr'><strong>sono</strong></span> 
     </span>
    </p>
   </div>
   <div class='ocr_carea' id='block_1_69' title="bbox 551 5161 1523 5239">
    <p class='ocr_par' dir='ltr' id='par_1_69' title="bbox 551 5161 1523 5239">
     <span class='ocr_line' id='line_1_69' title="bbox 551 5161 1523 5239; baseline 0.011 -21"><span class='ocrx_word' id='word_1_429' title='bbox 551 5161 743 5232; x_wconf 84' lang='lat' dir='ltr'><strong>incipit</strong></span> <span class='ocrx_word' id='word_1_430' title='bbox 772 5176 884 5220; x_wconf 87' lang='lat' dir='ltr'><strong>ant.</strong></span> <span class='ocrx_word' id='word_1_431' title='bbox 916 5166 975 5222; x_wconf 87' lang='lat' dir='ltr'><strong>Si</strong></span> <span class='ocrx_word' id='word_1_432' title='bbox 994 5186 1089 5239; x_wconf 81' lang='lat' dir='ltr'><strong>ego</strong></span> <span class='ocrx_word' id='word_1_433' title='bbox 1120 5188 1272 5227; x_wconf 82' lang='lat' dir='ltr'><strong>verus</strong></span> <span class='ocrx_word' id='word_1_434' title='bbox 1301 5173 1523 5229; x_wconf 79' lang='lat' dir='ltr'><strong>Christi.</strong></span> 
     </span>
    </p>
   </div>
   <div class='ocr_carea' id='block_1_70' title="bbox 622 5252 2140 5334">
    <p class='ocr_par' dir='ltr' id='par_1_70' title="bbox 622 5252 2140 5334">
     <span class='ocr_line' id='line_1_70' title="bbox 622 5252 2140 5334; baseline 0.007 -26"><span class='ocrx_word' id='word_1_435' title='bbox 622 5252 748 5310; x_wconf 70' lang='lat' dir='ltr'><strong>Haec</strong></span> <span class='ocrx_word' id='word_1_436' title='bbox 774 5255 1080 5314; x_wconf 66' lang='lat' dir='ltr'><strong>diﬁ‘ervntia</strong></span> <span class='ocrx_word' id='word_1_437' title='bbox 1121 5268 1263 5316; x_wconf 78' lang='lat' dir='ltr'><strong>sexti</strong></span> <span class='ocrx_word' id='word_1_438' title='bbox 1316 5265 1427 5319; x_wconf 88' lang='lat' dir='ltr'><strong>toni</strong></span> <span class='ocrx_word' id='word_1_439' title='bbox 1461 5280 1612 5320; x_wconf 87' lang='lat' dir='ltr'><strong>amen</strong></span> <span class='ocrx_word' id='word_1_440' title='bbox 1650 5273 1777 5320; x_wconf 88' lang='lat' dir='ltr'><strong>tono</strong></span> <span class='ocrx_word' id='word_1_441' title='bbox 1801 5263 2051 5334; x_wconf 83' lang='lat' dir='ltr'><strong>superius</strong></span> <span class='ocrx_word' id='word_1_442' title='bbox 2079 5264 2140 5319; x_wconf 87' lang='lat' dir='ltr'><strong>ﬁ-</strong></span> 
     </span>
    </p>
   </div>
   <div class='ocr_carea' id='block_1_71' title="bbox 2302 1863 3418 1929">
    <p class='ocr_par' dir='ltr' id='par_1_71' title="bbox 2302 1863 3418 1929">
     <span class='ocr_line' id='line_1_71' title="bbox 2302 1863 3418 1929; baseline 0.004 -11"><span class='ocrx_word' id='word_1_443' title='bbox 2302 1863 2656 1920; x_wconf 68' lang='lat' dir='ltr'><strong>Sa’culorum.</strong></span> <span class='ocrx_word' id='word_1_444' title='bbox 2680 1864 2879 1929; x_wconf 82' lang='lat' dir='ltr'><strong>Amen;</strong></span> <span class='ocrx_word' id='word_1_445' title='bbox 2909 1875 3025 1921; x_wconf 89' lang='lat' dir='ltr'><strong>ant.</strong></span> <span class='ocrx_word' id='word_1_446' title='bbox 3056 1866 3295 1922; x_wconf 78' lang='lat' dir='ltr'><strong>Asceudo</strong></span> <span class='ocrx_word' id='word_1_447' title='bbox 3327 1866 3418 1923; x_wconf 91' lang='lat' dir='ltr'><strong>ad.</strong></span> 
     </span>
    </p>
   </div>
   <div class='ocr_carea' id='block_1_72' title="bbox 2300 1954 3829 2029">
    <p class='ocr_par' dir='ltr' id='par_1_72' title="bbox 2300 1954 3829 2029">
     <span class='ocr_line' id='line_1_72' title="bbox 2300 1954 3829 2029; baseline 0.002 -19"><span class='ocrx_word' id='word_1_448' title='bbox 2300 1954 2615 2010; x_wconf 85' lang='lat' dir='ltr'><strong>Dili&#39;erentia</strong></span> <span class='ocrx_word' id='word_1_449' title='bbox 2652 1966 2846 2024; x_wconf 88' lang='lat' dir='ltr'><strong>quarta</strong></span> <span class='ocrx_word' id='word_1_450' title='bbox 2884 1956 3092 2014; x_wconf 77' lang='lat' dir='ltr'><strong>ultima:</strong></span> <span class='ocrx_word' id='word_1_451' title='bbox 3144 1974 3300 2013; x_wconf 86' lang='lat' dir='ltr'><strong>amen</strong></span> <span class='ocrx_word' id='word_1_452' title='bbox 3340 1956 3564 2029; x_wconf 66' lang='lat' dir='ltr'><strong>syllabae</strong></span> <span class='ocrx_word' id='word_1_453' title='bbox 3588 1971 3695 2027; x_wconf 84' lang='lat' dir='ltr'><strong>per</strong></span> <span class='ocrx_word' id='word_1_454' title='bbox 3718 1958 3829 2013; x_wconf 80' lang='lat' dir='ltr'><strong>dia-</strong></span> 
     </span>
    </p>
   </div>
   <div class='ocr_carea' id='block_1_73' title="bbox 2227 2045 3828 2122">
    <p class='ocr_par' dir='ltr' id='par_1_73' title="bbox 2227 2045 3828 2122">
     <span class='ocr_line' id='line_1_73' title="bbox 2227 2045 3828 2122; baseline 0.002 -21"><span class='ocrx_word' id='word_1_455' title='bbox 2227 2055 2390 2117; x_wconf 88' lang='lat' dir='ltr'><strong>pente</strong></span> <span class='ocrx_word' id='word_1_456' title='bbox 2422 2045 2478 2100; x_wconf 92' lang='lat' dir='ltr'><strong>in</strong></span> <span class='ocrx_word' id='word_1_457' title='bbox 2530 2047 2680 2102; x_wconf 88' lang='lat' dir='ltr'><strong>ﬁnali</strong></span> <span class='ocrx_word' id='word_1_458' title='bbox 2725 2048 2985 2113; x_wconf 87' lang='lat' dir='ltr'><strong>concinit,</strong></span> <span class='ocrx_word' id='word_1_459' title='bbox 3021 2065 3085 2105; x_wconf 88' lang='lat' dir='ltr'><strong>ac</strong></span> <span class='ocrx_word' id='word_1_460' title='bbox 3128 2051 3408 2120; x_wconf 87' lang='lat' dir='ltr'><strong>reciproca</strong></span> <span class='ocrx_word' id='word_1_461' title='bbox 3435 2049 3561 2106; x_wconf 86' lang='lat' dir='ltr'><strong>vice</strong></span> <span class='ocrx_word' id='word_1_462' title='bbox 3588 2050 3661 2107; x_wconf 84' lang='lat' dir='ltr'><strong>de</strong></span> <span class='ocrx_word' id='word_1_463' title='bbox 3713 2050 3828 2122; x_wconf 80' lang='lat' dir='ltr'><strong>ipsa</strong></span> 
     </span>
    </p>
   </div>
   <div class='ocr_carea' id='block_1_74' title="bbox 2230 2138 3378 2197">
    <p class='ocr_par' dir='ltr' id='par_1_74' title="bbox 2230 2138 3378 2197">
     <span class='ocr_line' id='line_1_74' title="bbox 2230 2138 3378 2197; baseline 0.003 -5"><span class='ocrx_word' id='word_1_464' title='bbox 2230 2138 2377 2193; x_wconf 90' lang='lat' dir='ltr'><strong>ﬁnali</strong></span> <span class='ocrx_word' id='word_1_465' title='bbox 2403 2139 2456 2194; x_wconf 89' lang='lat' dir='ltr'><strong>in</strong></span> <span class='ocrx_word' id='word_1_466' title='bbox 2490 2140 2741 2195; x_wconf 87' lang='lat' dir='ltr'><strong>eamdem</strong></span> <span class='ocrx_word' id='word_1_467' title='bbox 2770 2143 3186 2197; x_wconf 84' lang='lat' dir='ltr'><strong>consonantiam</strong></span> <span class='ocrx_word' id='word_1_468' title='bbox 3215 2144 3378 2197; x_wconf 83' lang='lat' dir='ltr'><strong>redit.</strong></span> 
     </span>
    </p>
   </div>
   <div class='ocr_carea' id='block_1_75' title="bbox 2302 2231 3502 2306">
    <p class='ocr_par' dir='ltr' id='par_1_75' title="bbox 2302 2231 3502 2306">
     <span class='ocr_line' id='line_1_75' title="bbox 2302 2231 3502 2306; baseline 0.004 -19"><span class='ocrx_word' id='word_1_469' title='bbox 2302 2231 2655 2287; x_wconf 74' lang='lat' dir='ltr'><strong>Sa’rulorum.</strong></span> <span class='ocrx_word' id='word_1_470' title='bbox 2680 2233 2882 2301; x_wconf 85' lang='lat' dir='ltr'><strong>Amen;</strong></span> <span class='ocrx_word' id='word_1_471' title='bbox 2909 2244 3023 2289; x_wconf 87' lang='lat' dir='ltr'><strong>ant.</strong></span> <span class='ocrx_word' id='word_1_472' title='bbox 3052 2236 3201 2306; x_wconf 86' lang='lat' dir='ltr'><strong>Aqua</strong></span> <span class='ocrx_word' id='word_1_473' title='bbox 3222 2236 3502 2292; x_wconf 85' lang='lat' dir='ltr'><strong>comburit.</strong></span> 
     </span>
    </p>
   </div>
   <div class='ocr_carea' id='block_1_76' title="bbox 2300 2322 3833 2396">
    <p class='ocr_par' dir='ltr' id='par_1_76' title="bbox 2300 2322 3833 2396">
     <span class='ocr_line' id='line_1_76' title="bbox 2300 2322 3833 2396; baseline 0.003 -19"><span class='ocrx_word' id='word_1_474' title='bbox 2300 2322 2395 2385; x_wconf 63' lang='lat' dir='ltr'><strong>llic</strong></span> <span class='ocrx_word' id='word_1_475' title='bbox 2426 2325 2757 2393; x_wconf 65' lang='lat' dir='ltr'><strong>antipltonae,</strong></span> <span class='ocrx_word' id='word_1_476' title='bbox 2812 2325 2937 2379; x_wconf 83' lang='lat' dir='ltr'><strong>licet</strong></span> <span class='ocrx_word' id='word_1_477' title='bbox 2964 2336 3087 2396; x_wconf 90' lang='lat' dir='ltr'><strong>post</strong></span> <span class='ocrx_word' id='word_1_478' title='bbox 3132 2341 3420 2381; x_wconf 84' lang='lat' dir='ltr'><strong>ascensum</strong></span> <span class='ocrx_word' id='word_1_479' title='bbox 3462 2327 3515 2380; x_wconf 93' lang='lat' dir='ltr'><strong>in</strong></span> <span class='ocrx_word' id='word_1_480' title='bbox 3574 2324 3833 2396; x_wconf 78' lang='lat' dir='ltr'><strong>diapente</strong></span> 
     </span>
    </p>
   </div>
   <div class='ocr_carea' id='block_1_77' title="bbox 2231 2414 3832 2479">
    <p class='ocr_par' dir='ltr' id='par_1_77' title="bbox 2231 2414 3832 2479">
     <span class='ocr_line' id='line_1_77' title="bbox 2231 2414 3832 2479; baseline 0.003 -11"><span class='ocrx_word' id='word_1_481' title='bbox 2231 2429 2355 2468; x_wconf 81' lang='lat' dir='ltr'><strong>mox</strong></span> <span class='ocrx_word' id='word_1_482' title='bbox 2392 2414 2444 2468; x_wconf 89' lang='lat' dir='ltr'><strong>in</strong></span> <span class='ocrx_word' id='word_1_483' title='bbox 2476 2414 2641 2469; x_wconf 89' lang='lat' dir='ltr'><strong>alium</strong></span> <span class='ocrx_word' id='word_1_484' title='bbox 2668 2431 2727 2470; x_wconf 89' lang='lat' dir='ltr'><strong>se</strong></span> <span class='ocrx_word' id='word_1_485' title='bbox 2751 2417 2966 2470; x_wconf 89' lang='lat' dir='ltr'><strong>modum</strong></span> <span class='ocrx_word' id='word_1_486' title='bbox 2991 2426 3219 2479; x_wconf 82' lang='lat' dir='ltr'><strong>mutent.</strong></span> <span class='ocrx_word' id='word_1_487' title='bbox 3255 2418 3323 2470; x_wconf 89' lang='lat' dir='ltr'><strong>ad</strong></span> <span class='ocrx_word' id='word_1_488' title='bbox 3352 2416 3607 2471; x_wconf 85' lang='lat' dir='ltr'><strong>eamdem</strong></span> <span class='ocrx_word' id='word_1_489' title='bbox 3646 2425 3832 2473; x_wconf 85' lang='lat' dir='ltr'><strong>tamen</strong></span> 
     </span>
    </p>
   </div>
   <div class='ocr_carea' id='block_1_78' title="bbox 2231 2505 3829 2581">
    <p class='ocr_par' dir='ltr' id='par_1_78' title="bbox 2231 2505 3829 2581">
     <span class='ocr_line' id='line_1_78' title="bbox 2231 2505 3829 2581; baseline 0.003 -20"><span class='ocrx_word' id='word_1_490' title='bbox 2231 2505 2594 2562; x_wconf 75' lang='lat' dir='ltr'><strong>diﬁ‘erentiam</strong></span> <span class='ocrx_word' id='word_1_491' title='bbox 2615 2509 2890 2564; x_wconf 78' lang='lat' dir='ltr'><strong>selialient</strong></span> <span class='ocrx_word' id='word_1_492' title='bbox 2915 2527 2930 2576; x_wconf 88' lang='lat'><strong>;</strong></span> <span class='ocrx_word' id='word_1_493' title='bbox 2964 2519 3078 2565; x_wconf 87' lang='lat' dir='ltr'><strong>ant.</strong></span> <span class='ocrx_word' id='word_1_494' title='bbox 3106 2511 3389 2581; x_wconf 83' lang='lat' dir='ltr'><strong>Argentum</strong></span> <span class='ocrx_word' id='word_1_495' title='bbox 3408 2520 3456 2563; x_wconf 86' lang='lat' dir='ltr'><strong>et</strong></span> <span class='ocrx_word' id='word_1_496' title='bbox 3480 2519 3829 2574; x_wconf 80' lang='lat' dir='ltr'><strong>aurum,etc.</strong></span> 
     </span>
    </p>
   </div>
   <div class='ocr_carea' id='block_1_79' title="bbox 2305 2599 3833 2676">
    <p class='ocr_par' dir='ltr' id='par_1_79' title="bbox 2305 2599 3833 2676">
     <span class='ocr_line' id='line_1_79' title="bbox 2305 2599 3833 2676; baseline 0.003 -23"><span class='ocrx_word' id='word_1_497' title='bbox 2305 2599 2622 2655; x_wconf 86' lang='lat' dir='ltr'><strong>DilTerentia</strong></span> <span class='ocrx_word' id='word_1_498' title='bbox 2653 2602 2842 2673; x_wconf 88' lang='lat' dir='ltr'><strong>quinta</strong></span> <span class='ocrx_word' id='word_1_499' title='bbox 2889 2603 3101 2659; x_wconf 83' lang='lat' dir='ltr'><strong>duobus</strong></span> <span class='ocrx_word' id='word_1_500' title='bbox 3144 2605 3287 2658; x_wconf 89' lang='lat' dir='ltr'><strong>tonis</strong></span> <span class='ocrx_word' id='word_1_501' title='bbox 3332 2604 3592 2673; x_wconf 85' lang='lat' dir='ltr'><strong>superius</strong></span> <span class='ocrx_word' id='word_1_502' title='bbox 3619 2604 3833 2676; x_wconf 82' lang='lat' dir='ltr'><strong>incipit,</strong></span> 
     </span>
    </p>
   </div>
   <div class='ocr_carea' id='block_1_80' title="bbox 2234 2690 3394 2748">
    <p class='ocr_par' dir='ltr' id='par_1_80' title="bbox 2234 2690 3394 2748">
     <span class='ocr_line' id='line_1_80' title="bbox 2234 2690 3394 2748; baseline 0.006 -7"><span class='ocrx_word' id='word_1_503' title='bbox 2234 2694 2361 2742; x_wconf 87' lang='lat' dir='ltr'><strong>tono</strong></span> <span class='ocrx_word' id='word_1_504' title='bbox 2392 2690 2729 2745; x_wconf 83' lang='lat' dir='ltr'><strong>diatessaron</strong></span> <span class='ocrx_word' id='word_1_505' title='bbox 2757 2708 2911 2747; x_wconf 85' lang='lat' dir='ltr'><strong>amen</strong></span> <span class='ocrx_word' id='word_1_506' title='bbox 2941 2709 2970 2747; x_wconf 93' lang='lat' dir='ltr'><strong>a</strong></span> <span class='ocrx_word' id='word_1_507' title='bbox 3002 2693 3146 2747; x_wconf 87' lang='lat' dir='ltr'><strong>ﬁnali</strong></span> <span class='ocrx_word' id='word_1_508' title='bbox 3175 2693 3394 2748; x_wconf 86' lang='lat' dir='ltr'><strong>desinit.</strong></span> 
     </span>
    </p>
   </div>
   <div class='ocr_carea' id='block_1_81' title="bbox 2303 2781 3504 2854">
    <p class='ocr_par' dir='ltr' id='par_1_81' title="bbox 2303 2781 3504 2854">
     <span class='ocr_line' id='line_1_81' title="bbox 2303 2781 3504 2854; baseline 0.002 -17"><span class='ocrx_word' id='word_1_509' title='bbox 2303 2781 2655 2837; x_wconf 74' lang='lat' dir='ltr'><strong>chulorum.</strong></span> <span class='ocrx_word' id='word_1_510' title='bbox 2685 2783 2883 2849; x_wconf 83' lang='lat' dir='ltr'><strong>Amen;</strong></span> <span class='ocrx_word' id='word_1_511' title='bbox 2907 2793 3018 2838; x_wconf 88' lang='lat' dir='ltr'><strong>ant.</strong></span> <span class='ocrx_word' id='word_1_512' title='bbox 3055 2785 3340 2839; x_wconf 84' lang='lat' dir='ltr'><strong>Benedicta</strong></span> <span class='ocrx_word' id='word_1_513' title='bbox 3366 2784 3504 2854; x_wconf 74' lang='lat' dir='ltr'><strong>ﬁlia.</strong></span> 
     </span>
    </p>
   </div>
   <div class='ocr_carea' id='block_1_82' title="bbox 2305 2875 3833 2947">
    <p class='ocr_par' dir='ltr' id='par_1_82' title="bbox 2305 2875 3833 2947">
     <span class='ocr_line' id='line_1_82' title="bbox 2305 2875 3833 2947; baseline 0.002 -18"><span class='ocrx_word' id='word_1_514' title='bbox 2305 2875 2613 2930; x_wconf 73' lang='lat' dir='ltr'><strong>Dill‘erentia</strong></span> <span class='ocrx_word' id='word_1_515' title='bbox 2646 2887 2797 2931; x_wconf 70' lang='lat' dir='ltr'><strong>serta</strong></span> <span class='ocrx_word' id='word_1_516' title='bbox 2813 2887 3008 2947; x_wconf 88' lang='lat' dir='ltr'><strong>quarto</strong></span> <span class='ocrx_word' id='word_1_517' title='bbox 3034 2896 3063 2932; x_wconf 89' lang='lat' dir='ltr'><strong>a</strong></span> <span class='ocrx_word' id='word_1_518' title='bbox 3091 2876 3235 2932; x_wconf 91' lang='lat' dir='ltr'><strong>ﬁnali</strong></span> <span class='ocrx_word' id='word_1_519' title='bbox 3258 2875 3379 2932; x_wconf 86' lang='lat' dir='ltr'><strong>loco</strong></span> <span class='ocrx_word' id='word_1_520' title='bbox 3401 2876 3658 2946; x_wconf 90' lang='lat' dir='ltr'><strong>superius</strong></span> <span class='ocrx_word' id='word_1_521' title='bbox 3678 2893 3833 2932; x_wconf 76' lang='lat' dir='ltr'><strong>amen</strong></span> 
     </span>
    </p>
   </div>
   <div class='ocr_carea' id='block_1_83' title="bbox 2234 2966 2910 3040">
    <p class='ocr_par' dir='ltr' id='par_1_83' title="bbox 2234 2966 2910 3040">
     <span class='ocr_line' id='line_1_83' title="bbox 2234 2966 2910 3040; baseline 0.001 -17"><span class='ocrx_word' id='word_1_522' title='bbox 2234 2966 2353 3023; x_wconf 85' lang='lat' dir='ltr'><strong>ﬁuit</strong></span> <span class='ocrx_word' id='word_1_523' title='bbox 2377 2968 2680 3038; x_wconf 83' lang='lat' dir='ltr'><strong>ibidemque</strong></span> <span class='ocrx_word' id='word_1_524' title='bbox 2701 2969 2910 3040; x_wconf 89' lang='lat' dir='ltr'><strong>incipit.</strong></span> 
     </span>
    </p>
   </div>
   <div class='ocr_carea' id='block_1_84' title="bbox 2305 3057 3450 3130">
    <p class='ocr_par' dir='ltr' id='par_1_84' title="bbox 2305 3057 3450 3130">
     <span class='ocr_line' id='line_1_84' title="bbox 2305 3057 3450 3130; baseline 0.001 -16"><span class='ocrx_word' id='word_1_525' title='bbox 2305 3057 2658 3114; x_wconf 68' lang='lat' dir='ltr'><strong>chulorum.</strong></span> <span class='ocrx_word' id='word_1_526' title='bbox 2693 3061 2888 3123; x_wconf 86' lang='lat' dir='ltr'><strong>Amen;</strong></span> <span class='ocrx_word' id='word_1_527' title='bbox 2914 3069 3030 3115; x_wconf 90' lang='lat' dir='ltr'><strong>ant.</strong></span> <span class='ocrx_word' id='word_1_528' title='bbox 3057 3058 3221 3130; x_wconf 75' lang='lat' dir='ltr'><strong>Aqum</strong></span> <span class='ocrx_word' id='word_1_529' title='bbox 3249 3060 3450 3115; x_wconf 61' lang='lat' dir='ltr'><strong>multa.</strong></span> 
     </span>
    </p>
   </div>
   <div class='ocr_carea' id='block_1_85' title="bbox 2154 3123 3831 3223">
    <p class='ocr_par' dir='ltr' id='par_1_85' title="bbox 2154 3123 3831 3223">
     <span class='ocr_line' id='line_1_85' title="bbox 2154 3123 3831 3223; baseline 0.001 -17"><span class='ocrx_word' id='word_1_530' title='bbox 2154 3123 2202 3185; x_wconf 65' lang='grc' dir='ltr'>ο</span> <span class='ocrx_word' id='word_1_531' title='bbox 2304 3151 2616 3207; x_wconf 84' lang='lat' dir='ltr'><strong>Diﬁ‘ereutia</strong></span> <span class='ocrx_word' id='word_1_532' title='bbox 2648 3154 2875 3222; x_wconf 87' lang='lat' dir='ltr'><strong>septima</strong></span> <span class='ocrx_word' id='word_1_533' title='bbox 2910 3170 2938 3207; x_wconf 88' lang='lat' dir='ltr'><strong>a</strong></span> <span class='ocrx_word' id='word_1_534' title='bbox 2966 3169 3063 3208; x_wconf 88' lang='lat' dir='ltr'><strong>suo</strong></span> <span class='ocrx_word' id='word_1_535' title='bbox 3095 3153 3241 3207; x_wconf 89' lang='lat' dir='ltr'><strong>ﬁnali</strong></span> <span class='ocrx_word' id='word_1_536' title='bbox 3291 3153 3343 3207; x_wconf 91' lang='lat' dir='ltr'><strong>in</strong></span> <span class='ocrx_word' id='word_1_537' title='bbox 3382 3169 3538 3207; x_wconf 78' lang='lat' dir='ltr'><strong>amen</strong></span> <span class='ocrx_word' id='word_1_538' title='bbox 3574 3169 3675 3223; x_wconf 88' lang='lat' dir='ltr'><strong>per</strong></span> <span class='ocrx_word' id='word_1_539' title='bbox 3708 3153 3831 3209; x_wconf 83' lang='lat' dir='ltr'><strong>dia-</strong></span> 
     </span>
    </p>
   </div>
   <div class='ocr_carea' id='block_1_86' title="bbox 2235 3244 3828 3316">
    <p class='ocr_par' dir='ltr' id='par_1_86' title="bbox 2235 3244 3828 3316">
     <span class='ocr_line' id='line_1_86' title="bbox 2235 3244 3828 3316; baseline 0.001 -19"><span class='ocrx_word' id='word_1_540' title='bbox 2235 3254 2397 3316; x_wconf 81' lang='lat' dir='ltr'><strong>pentc</strong></span> <span class='ocrx_word' id='word_1_541' title='bbox 2446 3246 2497 3299; x_wconf 91' lang='lat' dir='ltr'><strong>in</strong></span> <span class='ocrx_word' id='word_1_542' title='bbox 2553 3246 2804 3300; x_wconf 90' lang='lat' dir='ltr'><strong>acumine</strong></span> <span class='ocrx_word' id='word_1_543' title='bbox 2846 3246 3032 3307; x_wconf 87' lang='lat' dir='ltr'><strong>distat,</strong></span> <span class='ocrx_word' id='word_1_544' title='bbox 3070 3260 3167 3314; x_wconf 90' lang='lat' dir='ltr'><strong>per</strong></span> <span class='ocrx_word' id='word_1_545' title='bbox 3195 3244 3534 3299; x_wconf 86' lang='lat' dir='ltr'><strong>diatessaron</strong></span> <span class='ocrx_word' id='word_1_546' title='bbox 3571 3245 3828 3312; x_wconf 81' lang='lat' dir='ltr'><strong>inchoat;</strong></span> 
     </span>
    </p>
   </div>
   <div class='ocr_carea' id='block_1_87' title="bbox 2237 3335 3832 3407">
    <p class='ocr_par' dir='ltr' id='par_1_87' title="bbox 2237 3335 3832 3407">
     <span class='ocr_line' id='line_1_87' title="bbox 2237 3335 3832 3407; baseline 0 -16"><span class='ocrx_word' id='word_1_547' title='bbox 2237 3336 2416 3391; x_wconf 85' lang='lat' dir='ltr'><strong>diﬁ‘ert</strong></span> <span class='ocrx_word' id='word_1_548' title='bbox 2445 3337 2590 3391; x_wconf 91' lang='lat' dir='ltr'><strong>enim</strong></span> <span class='ocrx_word' id='word_1_549' title='bbox 2620 3337 2721 3390; x_wconf 87' lang='lat' dir='ltr'><strong>ista</strong></span> <span class='ocrx_word' id='word_1_550' title='bbox 2752 3353 2780 3391; x_wconf 88' lang='lat' dir='ltr'><strong>a</strong></span> <span class='ocrx_word' id='word_1_551' title='bbox 2831 3338 3095 3407; x_wconf 77' lang='lat' dir='ltr'><strong>superiori</strong></span> <span class='ocrx_word' id='word_1_552' title='bbox 3129 3336 3272 3405; x_wconf 89' lang='lat' dir='ltr'><strong>quod</strong></span> <span class='ocrx_word' id='word_1_553' title='bbox 3315 3336 3430 3391; x_wconf 76' lang='lat' dir='ltr'><strong>lucc</strong></span> <span class='ocrx_word' id='word_1_554' title='bbox 3457 3352 3484 3388; x_wconf 89' lang='lat' dir='ltr'><strong>a</strong></span> <span class='ocrx_word' id='word_1_555' title='bbox 3523 3335 3672 3391; x_wconf 89' lang='lat' dir='ltr'><strong>ﬁnali</strong></span> <span class='ocrx_word' id='word_1_556' title='bbox 3706 3351 3832 3391; x_wconf 86' lang='lat' dir='ltr'><strong>raro</strong></span> 
     </span>
    </p>
   </div>
   <div class='ocr_carea' id='block_1_88' title="bbox 2236 3426 3830 3498">
    <p class='ocr_par' dir='ltr' id='par_1_88' title="bbox 2236 3426 3830 3498">
     <span class='ocr_line' id='line_1_88' title="bbox 2236 3426 3830 3498; baseline -0.001 -16"><span class='ocrx_word' id='word_1_557' title='bbox 2236 3429 2304 3483; x_wconf 90' lang='lat' dir='ltr'><strong>ad</strong></span> <span class='ocrx_word' id='word_1_558' title='bbox 2350 3429 2602 3498; x_wconf 88' lang='lat' dir='ltr'><strong>diapente</strong></span> <span class='ocrx_word' id='word_1_559' title='bbox 2643 3428 2906 3498; x_wconf 86' lang='lat' dir='ltr'><strong>pervenit.</strong></span> <span class='ocrx_word' id='word_1_560' title='bbox 2948 3428 3039 3482; x_wconf 89' lang='lat' dir='ltr'><strong>illa</strong></span> <span class='ocrx_word' id='word_1_561' title='bbox 3078 3442 3209 3482; x_wconf 87' lang='lat' dir='ltr'><strong>vero</strong></span> <span class='ocrx_word' id='word_1_562' title='bbox 3258 3441 3362 3480; x_wconf 90' lang='lat' dir='ltr'><strong>non</strong></span> <span class='ocrx_word' id='word_1_563' title='bbox 3399 3426 3572 3480; x_wconf 90' lang='lat' dir='ltr'><strong>solum</strong></span> <span class='ocrx_word' id='word_1_564' title='bbox 3611 3427 3667 3481; x_wconf 90' lang='lat' dir='ltr'><strong>in</strong></span> <span class='ocrx_word' id='word_1_565' title='bbox 3710 3427 3830 3481; x_wconf 81' lang='lat' dir='ltr'><strong>dia-</strong></span> 
     </span>
    </p>
   </div>
   <div class='ocr_carea' id='block_1_89' title="bbox 2237 3514 3830 3587">
    <p class='ocr_par' dir='ltr' id='par_1_89' title="bbox 2237 3514 3830 3587">
     <span class='ocr_line' id='line_1_89' title="bbox 2237 3514 3830 3587; baseline 0.002 -17"><span class='ocrx_word' id='word_1_566' title='bbox 2237 3526 2397 3587; x_wconf 80' lang='lat' dir='ltr'><strong>pente</strong></span> <span class='ocrx_word' id='word_1_567' title='bbox 2446 3518 2668 3572; x_wconf 84' lang='lat' dir='ltr'><strong>licenter</strong></span> <span class='ocrx_word' id='word_1_568' title='bbox 2718 3518 3006 3587; x_wconf 79' lang='lat' dir='ltr'><strong>pertingit.</strong></span> <span class='ocrx_word' id='word_1_569' title='bbox 3058 3533 3246 3572; x_wconf 87' lang='lat' dir='ltr'><strong>verum</strong></span> <span class='ocrx_word' id='word_1_570' title='bbox 3313 3517 3479 3572; x_wconf 91' lang='lat' dir='ltr'><strong>etiam</strong></span> <span class='ocrx_word' id='word_1_571' title='bbox 3535 3514 3830 3587; x_wconf 78' lang='lat' dir='ltr'><strong>aliquando</strong></span> 
     </span>
    </p>
   </div>
   <div class='ocr_carea' id='block_1_90' title="bbox 2237 3609 3168 3680">
    <p class='ocr_par' dir='ltr' id='par_1_90' title="bbox 2237 3609 3168 3680">
     <span class='ocr_line' id='line_1_90' title="bbox 2237 3609 3168 3680; baseline -0.003 -15"><span class='ocrx_word' id='word_1_572' title='bbox 2237 3618 2426 3665; x_wconf 88' lang='lat' dir='ltr'><strong>contra</strong></span> <span class='ocrx_word' id='word_1_573' title='bbox 2456 3611 2624 3680; x_wconf 78' lang='lat' dir='ltr'><strong>legem</strong></span> <span class='ocrx_word' id='word_1_574' title='bbox 2649 3610 2875 3664; x_wconf 90' lang='lat' dir='ltr'><strong>ulterius</strong></span> <span class='ocrx_word' id='word_1_575' title='bbox 2904 3609 3168 3680; x_wconf 87' lang='lat' dir='ltr'><strong>procedit.</strong></span> 
     </span>
    </p>
   </div>
   <div class='ocr_carea' id='block_1_91' title="bbox 2310 3700 3625 3767">
    <p class='ocr_par' dir='ltr' id='par_1_91' title="bbox 2310 3700 3625 3767">
     <span class='ocr_line' id='line_1_91' title="bbox 2310 3700 3625 3767; baseline -0.003 -9"><span class='ocrx_word' id='word_1_576' title='bbox 2310 3700 2659 3758; x_wconf 77' lang='lat' dir='ltr'><strong>chulorum.</strong></span> <span class='ocrx_word' id='word_1_577' title='bbox 2702 3705 2903 3767; x_wconf 86' lang='lat' dir='ltr'><strong>Amen;</strong></span> <span class='ocrx_word' id='word_1_578' title='bbox 2931 3712 3046 3757; x_wconf 86' lang='lat' dir='ltr'><strong>ant.</strong></span> <span class='ocrx_word' id='word_1_579' title='bbox 3077 3702 3214 3756; x_wconf 85' lang='lat' dir='ltr'><strong>Deus</strong></span> <span class='ocrx_word' id='word_1_580' title='bbox 3245 3702 3489 3767; x_wconf 87' lang='lat' dir='ltr'><strong>deorum,</strong></span> <span class='ocrx_word' id='word_1_581' title='bbox 3511 3710 3625 3755; x_wconf 90' lang='lat' dir='ltr'><strong>etc.</strong></span> 
     </span>
    </p>
   </div>
   <div class='ocr_carea' id='block_1_92' title="bbox 2312 3780 3830 3863">
    <p class='ocr_par' dir='ltr' id='par_1_92' title="bbox 2312 3780 3830 3863">
     <span class='ocr_line' id='line_1_92' title="bbox 2312 3780 3830 3863; baseline -0.003 -14"><span class='ocrx_word' id='word_1_582' title='bbox 2312 3792 2623 3849; x_wconf 80' lang='lat' dir='ltr'><strong>Diﬁ&#39;erentia</strong></span> <span class='ocrx_word' id='word_1_583' title='bbox 2652 3806 2845 3848; x_wconf 86' lang='lat' dir='ltr'><strong>octava</strong></span> <span class='ocrx_word' id='word_1_584' title='bbox 2873 3792 3028 3863; x_wconf 87' lang='lat' dir='ltr'><strong>quasi</strong></span> <span class='ocrx_word' id='word_1_585' title='bbox 3058 3806 3181 3846; x_wconf 89' lang='lat' dir='ltr'><strong>rara</strong></span> <span class='ocrx_word' id='word_1_586' title='bbox 3208 3780 3272 3845; x_wconf 83' lang='lat' dir='ltr'><strong>ac</strong></span> <span class='ocrx_word' id='word_1_587' title='bbox 3300 3792 3530 3845; x_wconf 83' lang='lat' dir='ltr'><strong>barbara</strong></span> <span class='ocrx_word' id='word_1_588' title='bbox 3564 3791 3616 3844; x_wconf 92' lang='lat' dir='ltr'><strong>in</strong></span> <span class='ocrx_word' id='word_1_589' title='bbox 3642 3789 3830 3845; x_wconf 85' lang='lat' dir='ltr'><strong>ultimo</strong></span> 
     </span>
    </p>
   </div>
   <div class='ocr_carea' id='block_1_93' title="bbox 2240 3882 3827 3963">
    <p class='ocr_par' dir='ltr' id='par_1_93' title="bbox 2240 3882 3827 3963">
     <span class='ocr_line' id='line_1_93' title="bbox 2240 3882 3827 3963; baseline -0.004 -24"><span class='ocrx_word' id='word_1_590' title='bbox 2240 3885 2461 3957; x_wconf 81' lang='lat' dir='ltr'><strong>ponitur</strong></span> <span class='ocrx_word' id='word_1_591' title='bbox 2486 3885 2942 3947; x_wconf 83' lang='lat' dir='ltr'><strong>extraordinaria,</strong></span> <span class='ocrx_word' id='word_1_592' title='bbox 2972 3900 3092 3953; x_wconf 76' lang='lat' dir='ltr'><strong>qua:</strong></span> <span class='ocrx_word' id='word_1_593' title='bbox 3109 3882 3444 3937; x_wconf 45' lang='lat' dir='ltr'><strong>siliculorum.</strong></span> <span class='ocrx_word' id='word_1_594' title='bbox 3476 3884 3641 3935; x_wconf 86' lang='lat' dir='ltr'><strong>Amen</strong></span> <span class='ocrx_word' id='word_1_595' title='bbox 3664 3897 3827 3963; x_wconf 56' lang='lat' dir='ltr'><strong>quat;-</strong></span> 
     </span>
    </p>
   </div>
   <div class='ocr_carea' id='block_1_94' title="bbox 2242 3972 3829 4046">
    <p class='ocr_par' dir='ltr' id='par_1_94' title="bbox 2242 3972 3829 4046">
     <span class='ocr_line' id='line_1_94' title="bbox 2242 3972 3829 4046; baseline -0.004 -14"><span class='ocrx_word' id='word_1_596' title='bbox 2242 3987 2295 4032; x_wconf 90' lang='lat' dir='ltr'><strong>to</strong></span> <span class='ocrx_word' id='word_1_597' title='bbox 2343 3978 2460 4032; x_wconf 86' lang='lat' dir='ltr'><strong>loco</strong></span> <span class='ocrx_word' id='word_1_598' title='bbox 2502 3993 2532 4031; x_wconf 87' lang='lat' dir='ltr'><strong>a</strong></span> <span class='ocrx_word' id='word_1_599' title='bbox 2587 3978 2732 4031; x_wconf 85' lang='lat' dir='ltr'><strong>ﬁnali</strong></span> <span class='ocrx_word' id='word_1_600' title='bbox 2788 3976 3013 4030; x_wconf 80' lang='lat' dir='ltr'><strong>inferius</strong></span> <span class='ocrx_word' id='word_1_601' title='bbox 3059 3975 3309 4046; x_wconf 88' lang='lat' dir='ltr'><strong>deponit;</strong></span> <span class='ocrx_word' id='word_1_602' title='bbox 3368 3972 3658 4027; x_wconf 86' lang='lat' dir='ltr'><strong>meludiam</strong></span> <span class='ocrx_word' id='word_1_603' title='bbox 3702 3986 3829 4025; x_wconf 78' lang='lat' dir='ltr'><strong>vero</strong></span> 
     </span>
    </p>
   </div>
   <div class='ocr_carea' id='block_1_95' title="bbox 2239 4062 3831 4139">
    <p class='ocr_par' dir='ltr' id='par_1_95' title="bbox 2239 4062 3831 4139">
     <span class='ocr_line' id='line_1_95' title="bbox 2239 4062 3831 4139; baseline -0.006 -16"><span class='ocrx_word' id='word_1_604' title='bbox 2239 4069 2531 4138; x_wconf 84' lang='lat' dir='ltr'><strong>aliquando</strong></span> <span class='ocrx_word' id='word_1_605' title='bbox 2559 4068 2749 4139; x_wconf 89' lang='lat' dir='ltr'><strong>quinto</strong></span> <span class='ocrx_word' id='word_1_606' title='bbox 2776 4068 2991 4122; x_wconf 83' lang='lat' dir='ltr'><strong>orditur</strong></span> <span class='ocrx_word' id='word_1_607' title='bbox 3022 4066 3164 4130; x_wconf 83' lang='lat' dir='ltr'><strong>loco,</strong></span> <span class='ocrx_word' id='word_1_608' title='bbox 3196 4066 3266 4119; x_wconf 90' lang='lat' dir='ltr'><strong>ita</strong></span> <span class='ocrx_word' id='word_1_609' title='bbox 3297 4072 3355 4118; x_wconf 89' lang='lat' dir='ltr'><strong>ut</strong></span> <span class='ocrx_word' id='word_1_610' title='bbox 3382 4063 3635 4132; x_wconf 87' lang='lat' dir='ltr'><strong>diapente</strong></span> <span class='ocrx_word' id='word_1_611' title='bbox 3664 4062 3831 4116; x_wconf 82' lang='lat' dir='ltr'><strong>inter-</strong></span> 
     </span>
    </p>
   </div>
   <div class='ocr_carea' id='block_1_96' title="bbox 2240 4156 3827 4225">
    <p class='ocr_par' dir='ltr' id='par_1_96' title="bbox 2240 4156 3827 4225">
     <span class='ocr_line' id='line_1_96' title="bbox 2240 4156 3827 4225; baseline -0.007 -11"><span class='ocrx_word' id='word_1_612' title='bbox 2240 4158 2382 4214; x_wconf 86' lang='lat' dir='ltr'><strong>vallo</strong></span> <span class='ocrx_word' id='word_1_613' title='bbox 2408 4159 2569 4213; x_wconf 89' lang='lat' dir='ltr'><strong>distet</strong></span> <span class='ocrx_word' id='word_1_614' title='bbox 2605 4173 2634 4211; x_wconf 91' lang='lat' dir='ltr'><strong>a</strong></span> <span class='ocrx_word' id='word_1_615' title='bbox 2669 4156 2811 4211; x_wconf 90' lang='lat' dir='ltr'><strong>ﬁnali</strong></span> <span class='ocrx_word' id='word_1_616' title='bbox 2846 4172 2966 4220; x_wconf 90' lang='lat' dir='ltr'><strong>suo,</strong></span> <span class='ocrx_word' id='word_1_617' title='bbox 2996 4156 3289 4225; x_wconf 87' lang='lat' dir='ltr'><strong>aliquando</strong></span> <span class='ocrx_word' id='word_1_618' title='bbox 3315 4168 3444 4208; x_wconf 89' lang='lat' dir='ltr'><strong>vero</strong></span> <span class='ocrx_word' id='word_1_619' title='bbox 3472 4160 3730 4221; x_wconf 90' lang='lat' dir='ltr'><strong>quatuor,</strong></span> <span class='ocrx_word' id='word_1_620' title='bbox 3769 4158 3827 4204; x_wconf 90' lang='lat' dir='ltr'><strong>ut</strong></span> 
     </span>
    </p>
   </div>
   <div class='ocr_carea' id='block_1_97' title="bbox 2240 4249 3061 4321">
    <p class='ocr_par' dir='ltr' id='par_1_97' title="bbox 2240 4249 3061 4321">
     <span class='ocr_line' id='line_1_97' title="bbox 2240 4249 3061 4321; baseline -0.005 -15"><span class='ocrx_word' id='word_1_621' title='bbox 2240 4250 2500 4316; x_wconf 71' lang='lat' dir='ltr'><strong>subjectis</strong></span> <span class='ocrx_word' id='word_1_622' title='bbox 2524 4250 2750 4321; x_wconf 89' lang='lat' dir='ltr'><strong>liquebit</strong></span> <span class='ocrx_word' id='word_1_623' title='bbox 2776 4249 3061 4318; x_wconf 78' lang='lat' dir='ltr'><strong>exemplis.</strong></span> 
     </span>
    </p>
   </div>
   <div class='ocr_carea' id='block_1_98' title="bbox 2313 4334 3823 4414">
    <p class='ocr_par' dir='ltr' id='par_1_98' title="bbox 2313 4334 3823 4414">
     <span class='ocr_line' id='line_1_98' title="bbox 2313 4334 3823 4414; baseline -0.005 -18"><span class='ocrx_word' id='word_1_624' title='bbox 2313 4341 2460 4398; x_wconf 85' lang='lat' dir='ltr'><strong>Sicut</strong></span> <span class='ocrx_word' id='word_1_625' title='bbox 2489 4351 2602 4396; x_wconf 83' lang='lat' dir='ltr'><strong>erat</strong></span> <span class='ocrx_word' id='word_1_626' title='bbox 2644 4343 2697 4396; x_wconf 85' lang='lat' dir='ltr'><strong>in</strong></span> <span class='ocrx_word' id='word_1_627' title='bbox 2746 4342 3001 4414; x_wconf 87' lang='lat' dir='ltr'><strong>principio</strong></span> <span class='ocrx_word' id='word_1_628' title='bbox 3039 4350 3087 4395; x_wconf 91' lang='lat' dir='ltr'><strong>et</strong></span> <span class='ocrx_word' id='word_1_629' title='bbox 3140 4356 3278 4395; x_wconf 85' lang='lat' dir='ltr'><strong>nunc</strong></span> <span class='ocrx_word' id='word_1_630' title='bbox 3326 4346 3375 4393; x_wconf 88' lang='lat' dir='ltr'><strong>et</strong></span> <span class='ocrx_word' id='word_1_631' title='bbox 3418 4353 3645 4403; x_wconf 84' lang='lat' dir='ltr'><strong>semper,</strong></span> <span class='ocrx_word' id='word_1_632' title='bbox 3677 4344 3729 4389; x_wconf 86' lang='lat' dir='ltr'><strong>et</strong></span> <span class='ocrx_word' id='word_1_633' title='bbox 3770 4334 3823 4388; x_wconf 84' lang='lat' dir='ltr'><strong>in</strong></span> 
     </span>
    </p>
   </div>
   <div class='ocr_carea' id='block_1_99' title="bbox 2164 4427 3797 4534">
    <p class='ocr_par' dir='ltr' id='par_1_99' title="bbox 2164 4427 3797 4534">
     <span class='ocr_line' id='line_1_99' title="bbox 2164 4427 3797 4534; baseline -0.008 -42"><span class='ocrx_word' id='word_1_634' title='bbox 2164 4473 2218 4534; x_wconf 70' lang='grc' dir='ltr'><strong>Β</strong></span> <span class='ocrx_word' id='word_1_635' title='bbox 2241 4436 2437 4491; x_wconf 76' lang='lat' dir='ltr'><strong>strcula</strong></span> <span class='ocrx_word' id='word_1_636' title='bbox 2460 4436 2796 4491; x_wconf 60' lang='lat' dir='ltr'><strong>seculorum.</strong></span> <span class='ocrx_word' id='word_1_637' title='bbox 2834 4434 3002 4488; x_wconf 85' lang='lat' dir='ltr'><strong>Amen</strong></span> <span class='ocrx_word' id='word_1_638' title='bbox 3039 4431 3186 4506; x_wconf 67' lang='lat'><strong>(44);</strong></span> <span class='ocrx_word' id='word_1_639' title='bbox 3221 4437 3335 4486; x_wconf 87' lang='lat' dir='ltr'><strong>aut.</strong></span> <span class='ocrx_word' id='word_1_640' title='bbox 3358 4427 3543 4500; x_wconf 85' lang='lat' dir='ltr'><strong>Angeli</strong></span> <span class='ocrx_word' id='word_1_641' title='bbox 3584 4427 3797 4482; x_wconf 85' lang='lat' dir='ltr'><strong>Domini</strong></span> 
     </span>
    </p>
   </div>
   <div class='ocr_carea' id='block_1_100' title="bbox 2245 4526 2933 4599">
    <p class='ocr_par' dir='ltr' id='par_1_100' title="bbox 2245 4526 2933 4599">
     <span class='ocr_line' id='line_1_100' title="bbox 2245 4526 2933 4599; baseline -0.007 -15"><span class='ocrx_word' id='word_1_642' title='bbox 2245 4537 2360 4584; x_wconf 82' lang='lat' dir='ltr'><strong>ant.</strong></span> <span class='ocrx_word' id='word_1_643' title='bbox 2395 4528 2656 4599; x_wconf 81' lang='lat' dir='ltr'><strong>Martyres</strong></span> <span class='ocrx_word' id='word_1_644' title='bbox 2695 4526 2933 4581; x_wconf 87' lang='lat' dir='ltr'><strong>Domini.</strong></span> 
     </span>
    </p>
   </div>
   <div class='ocr_carea' id='block_1_101' title="bbox 2315 4611 3827 4686">
    <p class='ocr_par' dir='ltr' id='par_1_101' title="bbox 2315 4611 3827 4686">
     <span class='ocr_line' id='line_1_101' title="bbox 2315 4611 3827 4686; baseline -0.009 -9"><span class='ocrx_word' id='word_1_645' title='bbox 2315 4621 2491 4677; x_wconf 90' lang='lat' dir='ltr'><strong>Simili</strong></span> <span class='ocrx_word' id='word_1_646' title='bbox 2523 4621 2684 4676; x_wconf 91' lang='lat' dir='ltr'><strong>modo</strong></span> <span class='ocrx_word' id='word_1_647' title='bbox 2725 4620 2840 4674; x_wconf 75' lang='lat' dir='ltr'><strong>istze</strong></span> <span class='ocrx_word' id='word_1_648' title='bbox 2871 4623 3150 4680; x_wconf 89' lang='lat' dir='ltr'><strong>tonantur,</strong></span> <span class='ocrx_word' id='word_1_649' title='bbox 3186 4614 3436 4686; x_wconf 83' lang='lat' dir='ltr'><strong>quamvis</strong></span> <span class='ocrx_word' id='word_1_650' title='bbox 3465 4611 3701 4668; x_wconf 76' lang='lat' dir='ltr'><strong>inferius</strong></span> <span class='ocrx_word' id='word_1_651' title='bbox 3740 4624 3827 4665; x_wconf 83' lang='lat' dir='ltr'><strong>or-</strong></span> 
     </span>
    </p>
   </div>
   <div class='ocr_carea' id='block_1_102' title="bbox 2243 4700 3826 4780">
    <p class='ocr_par' dir='ltr' id='par_1_102' title="bbox 2243 4700 3826 4780">
     <span class='ocr_line' id='line_1_102' title="bbox 2243 4700 3826 4780; baseline -0.01 -9"><span class='ocrx_word' id='word_1_652' title='bbox 2243 4713 2480 4771; x_wconf 73' lang='lat' dir='ltr'><strong>diamur.</strong></span> <span class='ocrx_word' id='word_1_653' title='bbox 2535 4712 2663 4766; x_wconf 83' lang='lat' dir='ltr'><strong>Ant.</strong></span> <span class='ocrx_word' id='word_1_654' title='bbox 2698 4707 2809 4764; x_wconf 87' lang='lat' dir='ltr'><strong>Nos</strong></span> <span class='ocrx_word' id='word_1_655' title='bbox 2857 4708 2948 4780; x_wconf 87' lang='lat' dir='ltr'><strong>qui</strong></span> <span class='ocrx_word' id='word_1_656' title='bbox 2992 4708 3245 4772; x_wconf 74' lang='lat' dir='ltr'><strong>uiuimus;</strong></span> <span class='ocrx_word' id='word_1_657' title='bbox 3294 4713 3408 4760; x_wconf 86' lang='lat' dir='ltr'><strong>ant.</strong></span> <span class='ocrx_word' id='word_1_658' title='bbox 3457 4702 3527 4759; x_wconf 88' lang='lat' dir='ltr'><strong>In</strong></span> <span class='ocrx_word' id='word_1_659' title='bbox 3575 4700 3826 4758; x_wconf 70' lang='lat' dir='ltr'><strong>Ecclesiis</strong></span> 
     </span>
    </p>
   </div>
   <div class='ocr_carea' id='block_1_103' title="bbox 2243 4804 3827 4971">
    <p class='ocr_par' dir='ltr' id='par_1_103' title="bbox 2243 4804 3827 4971">
     <span class='ocr_line' id='line_1_103' title="bbox 2243 4804 3827 4971; baseline -0.011 -17"><span class='ocrx_word' id='word_1_660' title='bbox 2243 4804 2542 4954; x_wconf 53' lang='lat' dir='ltr'><strong>be’Xtdvero</strong></span> <span class='ocrx_word' id='word_1_661' title='bbox 2569 4894 2677 4957; x_wconf 69' lang='lat' dir='ltr'><strong>hae,</strong></span> <span class='ocrx_word' id='word_1_662' title='bbox 2707 4908 2826 4964; x_wconf 83' lang='lat' dir='ltr'><strong>quae</strong></span> <span class='ocrx_word' id='word_1_663' title='bbox 2872 4898 3191 4963; x_wconf 88' lang='lat' dir='ltr'><strong>sequuntur,</strong></span> <span class='ocrx_word' id='word_1_664' title='bbox 3232 4886 3362 4971; x_wconf 77' lang='lat' dir='ltr'><strong>licet</strong></span> <span class='ocrx_word' id='word_1_665' title='bbox 3404 4884 3458 4939; x_wconf 91' lang='lat' dir='ltr'><strong>in</strong></span> <span class='ocrx_word' id='word_1_666' title='bbox 3486 4882 3680 4939; x_wconf 88' lang='lat' dir='ltr'><strong>eodem</strong></span> <span class='ocrx_word' id='word_1_667' title='bbox 3710 4881 3827 4937; x_wconf 85' lang='lat' dir='ltr'><strong>loco</strong></span> 
     </span>
    </p>
   </div>
   <div class='ocr_carea' id='block_1_104' title="bbox 2241 4973 3828 5057">
    <p class='ocr_par' dir='ltr' id='par_1_104' title="bbox 2241 4973 3828 5057">
     <span class='ocr_line' id='line_1_104' title="bbox 2241 4973 3828 5057; baseline -0.009 -15"><span class='ocrx_word' id='word_1_668' title='bbox 2241 4986 2519 5050; x_wconf 88' lang='lat' dir='ltr'><strong>inchoent,</strong></span> <span class='ocrx_word' id='word_1_669' title='bbox 2547 4986 2719 5057; x_wconf 83' lang='lat' dir='ltr'><strong>magis</strong></span> <span class='ocrx_word' id='word_1_670' title='bbox 2743 4993 2919 5039; x_wconf 86' lang='lat' dir='ltr'><strong>tamen</strong></span> <span class='ocrx_word' id='word_1_671' title='bbox 2951 4978 3237 5054; x_wconf 89' lang='lat' dir='ltr'><strong>principali</strong></span> <span class='ocrx_word' id='word_1_672' title='bbox 3281 4992 3419 5033; x_wconf 88' lang='lat' dir='ltr'><strong>sono</strong></span> <span class='ocrx_word' id='word_1_673' title='bbox 3454 4988 3555 5047; x_wconf 89' lang='lat' dir='ltr'><strong>per</strong></span> <span class='ocrx_word' id='word_1_674' title='bbox 3577 4973 3828 5044; x_wconf 82' lang='lat' dir='ltr'><strong>diapente</strong></span> 
     </span>
    </p>
   </div>
   <div class='ocr_carea' id='block_1_105' title="bbox 2242 5078 2597 5149">
    <p class='ocr_par' dir='ltr' id='par_1_105' title="bbox 2242 5078 2597 5149">
     <span class='ocr_line' id='line_1_105' title="bbox 2242 5078 2597 5149; baseline -0.011 -15"><span class='ocrx_word' id='word_1_675' title='bbox 2242 5078 2597 5149; x_wconf 86' lang='lat' dir='ltr'><strong>respondent.</strong></span> 
     </span>
    </p>
   </div>
   <div class='ocr_carea' id='block_1_106' title="bbox 2313 5154 3826 5231">
    <p class='ocr_par' dir='ltr' id='par_1_106' title="bbox 2313 5154 3826 5231">
     <span class='ocr_line' id='line_1_106' title="bbox 2313 5154 3826 5231; baseline -0.013 -7"><span class='ocrx_word' id='word_1_676' title='bbox 2313 5168 2658 5226; x_wconf 72' lang='lat' dir='ltr'><strong>Steculorum.</strong></span> <span class='ocrx_word' id='word_1_677' title='bbox 2697 5167 2895 5231; x_wconf 84' lang='lat' dir='ltr'><strong>Amen;</strong></span> <span class='ocrx_word' id='word_1_678' title='bbox 2948 5169 3062 5218; x_wconf 86' lang='lat' dir='ltr'><strong>ant.</strong></span> <span class='ocrx_word' id='word_1_679' title='bbox 3109 5158 3180 5214; x_wconf 86' lang='lat' dir='ltr'><strong>In</strong></span> <span class='ocrx_word' id='word_1_680' title='bbox 3223 5157 3432 5213; x_wconf 86' lang='lat' dir='ltr'><strong>camino</strong></span> <span class='ocrx_word' id='word_1_681' title='bbox 3478 5154 3657 5226; x_wconf 82' lang='lat' dir='ltr'><strong>ignis;</strong></span> <span class='ocrx_word' id='word_1_682' title='bbox 3708 5159 3826 5207; x_wconf 80' lang='lat' dir='ltr'><strong>aut.</strong></span> 
     </span>
    </p>
   </div>
   <div class='ocr_carea' id='block_1_107' title="bbox 2243 5249 3383 5331">
    <p class='ocr_par' dir='ltr' id='par_1_107' title="bbox 2243 5249 3383 5331">
     <span class='ocr_line' id='line_1_107' title="bbox 2243 5249 3383 5331; baseline -0.012 -14"><span class='ocrx_word' id='word_1_683' title='bbox 2243 5260 2515 5331; x_wconf 84' lang='lat' dir='ltr'><strong>Sapientia</strong></span> <span class='ocrx_word' id='word_1_684' title='bbox 2543 5258 2800 5323; x_wconf 88' lang='lat' dir='ltr'><strong>clamitat,</strong></span> <span class='ocrx_word' id='word_1_685' title='bbox 2833 5264 2947 5311; x_wconf 85' lang='lat' dir='ltr'><strong>ant.</strong></span> <span class='ocrx_word' id='word_1_686' title='bbox 2975 5251 3198 5309; x_wconf 84' lang='lat' dir='ltr'><strong>Stabunt</strong></span> <span class='ocrx_word' id='word_1_687' title='bbox 3225 5249 3383 5320; x_wconf 82' lang='lat' dir='ltr'><strong>justi.</strong></span> 
     </span>
    </p>
   </div>
  </div>
