4024 5370
216 275 345 333 tm
1670 271 2046 331 TONADIUS.
2438 256 2441 259 “
3366 277 3508 334 tm

284 395 424 452 Modi
468 393 557 450 vel
602 393 765 465 tropi,
811 407 951 465 quos
997 392 1262 448 usualiter
1310 400 1471 448 tonos
1516 407 1799 455 vocamus,
1830 399 1878 458 Α
1906 391 1961 459 ti.
2003 391 2235 447 Doceam
2265 390 2483 462 iniquos
2513 390 2650 445 vias.

215 484 619 543 nocturnalinm
648 483 1146 556 responsoriorum,
1175 481 1303 538 licet
1332 497 1362 537 a
1388 482 1620 537 diversis
1650 483 1811 538 clior-
1910 480 1965 549 ἢ.
2009 480 2161 535 Sicut
2193 490 2370 537 mater
2406 480 2741 537 consolatur.

214 580 404 632 dorum
429 575 649 630 sedibus
673 575 957 643 incipiant,
993 583 1173 629 tamen
1197 575 1567 645 unusquisque
1593 572 1807 628 illorum
1908 571 1961 641 ti.
2005 570 2195 626 Oravit
2233 570 2425 628 Jacob.

215 684 311 738 per
338 666 662 721 uniformem
693 680 946 721 versuum
971 680 1194 721 suorum
1226 664 1646 719 modulationem
1675 664 1809 720 faci—
1906 663 1961 733 ἢ.
2005 662 2184 718 Senex
2230 677 2481 733 puerum.
2511 661 2695 719 Gloria
2723 661 2896 718 Patri.

215 765 317 820 lem
348 764 429 819 sui
454 762 1087 833 pnebet~cognitiouem;
1121 760 1284 815 veluti
1326 775 1390 814 ex
1421 760 1628 829 paucis,
1682 774 1806 831 qua:
1982 750 2120 806 Toni
2173 752 2508 821 pertinentes
2560 754 2628 808 ad
2684 752 2943 807 introitus
2989 757 3045 807 et
3094 751 3511 807 communioncs

214 873 311 927 pro
362 855 611 926 exemplo
668 856 857 909 subter
904 853 1235 917 notavimus,
1290 850 1617 906 manifestus
1663 859 1813 920 patet
1909 857 2007 916 per
2058 852 2377 899 consuetam
2437 843 2859 899 modulationem
2913 840 3098 897 Gloria
3165 840 3316 896 Patri
3375 845 3511 898 satis

216 948 540 1003 intellectus.
576 944 699 1001 Nisi
742 944 883 1000 forte
929 943 1285 1014 multiplicata
1331 957 1651 997 neumarum
1696 942 1807 1013 (45)
1908 944 2135 1006 possunt
2161 935 2417 990 discerni.
2450 935 2580 1001 Quae
2604 936 2732 990 dum
2778 934 2831 988 in
2875 933 3103 1005 singulis
3129 941 3238 986 tam
3285 932 3340 989 in
3370 934 3513 988 anzi-

213 1041 490 1094 ηι-ίεπιηη
522 1038 651 1093 veli;
676 1037 800 1107 quis
831 1037 1070 1108 ipsorum
1102 1051 1360 1092 versuum
1386 1034 1809 1092 modulationem
1908 1026 2123 1096 plionis,
2150 1040 2270 1094 quae
2296 1024 2551 1079 dicuntur
2575 1025 2852 1089 introitus,
2886 1038 3047 1092 quam
3079 1024 3133 1077 in
3168 1026 3507 1077 communio-

213 1131 496 1188 άεοθηιίιιε
518 1131 810 1186 adamare,
1910 1118 2072 1172 nibus
2118 1115 2467 1170 unil’ormiter
2513 1114 2708 1182 vadat;
2762 1129 2860 1169 nos
2918 1123 3101 1169 tamen
3152 1126 3250 1183 pro
3295 1128 3514 1169 conser—

677 1232 1056 1275 AUTKEN'I'ICUS
1104 1231 1336 1276 rno'ws.
1907 1208 2088 1261 vando
2132 1215 2266 1260 cant;

1919 1208 2088 1261 rando
2132 1206 2387 1260 cantandi
2421 1204 2613 1260 ordine
2658 1204 2907 1276 quasdam
2950 1203 3216 1277 gradalia,
3268 1202 3508 1271 alleluia,

211 1311 269 1384 ἡ.
306 1311 475 1368 Beata
517 1327 598 1377 es,
634 1311 826 1367 Maria.
1908 1297 2186 1353 oﬂ'ertoria
2214 1297 2529 1352 curavimus
2554 1297 2924 1367 interponere.

228 1404 302 1477 γ.
341 1405 477 1469 Ave,
517 1405 711 1470 Maria,
745 1403 917 1475 gratia
944 1403 1124 1474 plena,
1151 1402 1415 1458 Dominus
1455 1409 1658 1458 tecum.
2388 1402 2761 1443 AUTHENTICUS
2799 1401 3027 1443 morus.

214 1496 267 1565 ἢ.
308 1495 701 1550 conﬁrmatum
739 1502 843 1550 est.
1983 1477 2171 1534 Primo
2219 1495 2319 1552 pro
2374 1481 2612 1536 culmine
2664 1490 2769 1535 tua:
2816 1494 3062 1550 qumrere
3100 1478 3353 1549 iustitiae,
3401 1478 3512 1535 Do-

213 1583 270 1656 ).
307 1583 353 1642 Ο
385 1601 569 1654 regem
597 1584 721 1641 cmli
762 1584 873 1640 cui.
900 1582 1086 1640 Gloria
1115 1580 1263 1638 Patri
1301 1589 1357 1637 et
1394 1579 1557 1649 Filio,
1585 1589 1644 1637 et
1683 1577 1809 1654 Spi-
1908 1572 2074 1636 mine.
2107 1586 2289 1626 Verum
2312 1587 2585 1627 Summum
2621 1587 2837 1642 (ιιιοιιιιθ
2865 1571 3047 1626 lumen
3098 1571 3184 1627 {ac
3229 1586 3363 1638 ιιοεῖ
3408 1586 3507 1643 ρα-

282 1676 414 1732 ritui
454 1685 666 1732 sancto.
1112 1704 1115 1709 -
1911 1664 2077 1719 timus
2102 1673 2164 1718 ut
2201 1663 2255 1718 in
2285 1664 2426 1719 caelo
2453 1679 2671 1734 semper
2700 1663 2795 1718 tibi
2827 1660 3403 1736 jubilemus.'.Amen.

804 1778 991 1819 mets
1036 1776 1219 1818 PROTI.
1839 1762 1889 1823 Β
2062 1754 2418 1809 Saacnlorum.
2455 1754 2669 1817 ,Anien.

215 1854 272 1925 ἡ.
309 1853 512 1910 Sancta
562 1861 619 1909 et
662 1852 943 1909 immacul.
1984 1848 2114 1902 Ant.
2156 1846 2400 1902 Gaudete
2429 1847 2483 1902 in
2526 1846 2777 1903 Domino.

228 1942 267 2016 γ
288 1984 302 1999 .
345 1943 636 1998 Benedicta
667 1952 722 1998 tu
770 1943 825 1997 in
876 1941 1218 2011 mulieribus,
1260 1950 1315 1998 et
1345 1942 1666 2001 benedictus
1696 1941 1812 1999 l‘ru-
1979 1941 2110 1996 Ant.
2150 1941 2393 2009 Exsurge
2423 1955 2613 2010 quare.

286 2044 411 2091 ctus
432 2037 645 2089 ventris
679 2036 777 2090 tui.
1920 2058 1927 2063 -
1985 2032 2115 2086 Ant.
2157 2030 2391 2096 Exaudi,
2422 2031 2671 2098 Domine,
2703 2044 2912 2087 vocem.

215 2126 271 2197 ἡ.
306 2130 498 2199 Agnus
526 2128 621 2182 Dei
653 2127 928 2183 Christus.
1981 2122 2109 2187 Ant.
2148 2120 2413 2186 Landate,
2450 2122 2627 2191 pueri.

215 2218 272 2290 ἢ.
311 2217 592 2275 Lartemur
632 2219 778 2275 cudi.
1431 2246 1439 2257 -
1981 2211 2114 2265 Ant.
2154 2209 2343 2265 Justus
2382 2220 2443 2264 ut
2484 2211 2688 2283 palma.

216 2308 272 2378 ἢ.
311 2310 478 2375 Audi,
518 2309 701 2364 lsrael.
735 2308 917 2365 Gloria
950 2307 1123 2364 Patri.
1591 2298 1602 2307 ’
1982 2304 2115 2359 Ant.
2153 2303 2345 2359 Justus
2373 2320 2481 2358 non
2507 2304 2945 2360 conturbabitur.

661 2414 1036 2455 AUTHENTICUS
1073 2412 1374 2455 DEUTEROS.
1582 2450 1589 2454 ρ
1636 2388 1639 2391 ’
1983 2395 2112 2451 Αιιι.
2155 2394 2296 2450 Dicit
2333 2395 2592 2450 Dominus
2626 2412 2640 2449 :
2676 2394 2994 2475 Sermones.

214 2484 273 2554 ἡ.
308 2486 806 2557 Congratulamini.
1982 2486 2113 2542 Ant.
2156 2485 2233 2540 Da
2264 2501 2473 2556 pacem,
2507 2486 2756 2543 Domine.

227 2575 305 2649 γ.
345 2578 615 2634 Tulerunt
651 2579 937 2634 Dominum
990 2594 1193 2645 meum,
1245 2586 1303 2635 et
1353 2579 1539 2636 nescio
1580 2578 1669 2635 ubi
1716 2594 1816 2651 po-
1981 2579 2113 2636 Ant.
2155 2576 2430 2632 Statuitei
2465 2577 2755 2633 Dominus.

288 2678 519 2724 suerunt
541 2684 695 2735 eum;
725 2670 768 2725 si
798 2682 851 2724 tu
878 2670 1146 2726 sustulisti
1174 2666 1324 2738 eum,
1356 2670 1523 2728 dicito
1558 2671 1713 2727 mihi.
1981 2668 2110 2724 Ant.
2151 2665 2351 2728 Factus
2379 2675 2462 2721 est
2489 2666 2771 2723 Dominus.

217 2754 271 2827 ἢ.
309 2756 601 2829 Postquam
631 2758 833 2829 impleti
877 2768 1024 2817 sunt.
1982 2757 2112 2812 Ant.
2151 2755 2337 2812 Justus
2360 2770 2439 2819 es,
2472 2755 2719 2811 Domine.

217 2849 273 2919 9.
311 2850 654 2907 Salvatorem
681 2861 925 2921 exspect.
959 2851 1146 2907 Gloria
1167 2852 1341 2908 Patri.
1982 2847 2110 2903 Ant.
2152 2847 2368 2903 Etenim
2405 2846 2686 2902 sederunt.

279 2988 295 2995 -
776 2955 960 2995 PLAGIS
998 2956 1253 2997 DEUTERI.

1152 2956 1253 2997 stu.
1983 2940 2111 2995 Ant.
2154 2939 2431 2995 Misereris
2476 2940 2741 2994 omnium.

220 3028 272 3098 ἢ.
312 3030 431 3085 Rev
459 3037 657 3086 noster.
674 3031 950 3086 adveniet.
1987 3033 2117 3091 Ant.
2158 3034 2274 3107 Ego
2302 3045 2484 3091 autem
2527 3035 2866 3095 in‘Domino.

218 3119 273 3188 ᾖ.
311 3121 457 3176 Ecce
486 3121 671 3190 Agnus
693 3120 808 3188 Dei,
834 3135 964 3178 ecce
991 3120 1083 3194 qui
1108 3121 1246 3179 tollit
1276 3131 1499 3196 peccata
1526 3124 1733 3181 mundi.
1838 3108 1886 3172 C
1985 3127 2115 3181 Ant.
2156 3126 2639 3183 Exclamaverunt.

216 3211 273 3283 ἢ.
313 3213 472 3268 Sicut
512 3215 729 3269 cedrus.
1099 3284 1107 3291 .
1986 3217 2119 3273 Ant.
2160 3218 2422 3273 Dominus
2451 3234 2610 3274 secus
2654 3233 2827 3275 mare.

212 3300 275 3375 ἢ.
316 3306 453 3360 Dum
480 3305 787 3361 transisset.
2058 3308 2413 3366 Smculorum.
2454 3311 2647 3367 Amen.

215 3391 274 3463 ἡ.
310 3395 627 3452 Ascendens
659 3398 710 3450 in
742 3396 934 3452 altum.
971 3395 1155 3453 Gloria
1185 3396 1335 3454 Patri
1363 3408 1417 3455 et
1439 3397 1599 3455 Filio.
1984 3400 2114 3456 Ant.
2152 3400 2377 3469 Rorate,
2408 3404 2554 3459 coeli.

700 3478 1328 3543 auriti-:N'rtcus‘rntws.
1984 3493 2117 3547 Ant.
2159 3492 2507 3550 Gaudeamus
2544 3509 2755 3550 omnes.

218 3569 277 3643 ἢ.
315 3571 642 3630 Benedictus
670 3577 785 3647 qui.

1987 3584 2119 3637 Ant.
2163 3583 2532 3655 Suscepimus,
2567 3587 2729 3641 Deus.

221 3661 281 3735 ,ο
320 3664 606 3737 Lapidem,
652 3684 815 3740 quem
858 3670 1283 3741 reprobaverunt
1327 3669 1677 3735 mdilicantes,
1724 3669 1816 3725 bic
1985 3672 2113 3727 Ant.
2151 3672 2373 3737 lnclina,
2409 3674 2654 3738 Domine,
2683 3688 2893 3731 aurem.

297 3757 477 3815 factus
501 3771 585 3815 est
620 3761 673 3815 in
718 3771 879 3831 caput
909 3762 1124 3833 anguli;
1160 3778 1190 3816 a
1236 3761 1466 3817 Domino
1494 3760 1694 3817 factum
1731 3770 1817 3818 est
2024 3762 2378 3819 Saecnlorum.
2426 3765 2619 3821 Amen.

295 3849 460 3920 istud,
493 3861 550 3907 et
580 3863 664 3908 est
700 3854 948 3908 mirabile
983 3854 1039 3909 in
1082 3853 1254 3910 oculis
1285 3854 1507 3909 nostris.
1988 3855 2120 3911 Ant.
2161 3854 2269 3911 Lex
2314 3856 2526 3911 Domini
2559 3857 2726 3929 irrep.

223 3938 279 4009 ἢ.
314 3943 555 4013 Angelus
586 3945 799 3999 Domini
837 3945 1067 4000 locutus.
1984 3949 2115 4004 Ant.
2157 3947 2434 4001 Mcditatio
2474 3948 2675 4002 cordis.

224 4028 283 4099 ἢ.
317 4030 490 4089 Hodie
521 4035 677 4090 nobis
698 4036 985 4091 caelorum.
1016 4036 1200 4092 Gloria
1230 4036 1381 4092 Patri
1412 4045 1469 4092 et
1502 4036 1659 4092 Filio.
1987 4041 2117 4095 Ant.
2160 4038 2493 4111 Sapientiam
2521 4048 2861 4096 sanctorum.

816 4143 1000 4183 rums
1050 4142 1226 4184 miri.
1986 4134 2116 4188 Ant.
2159 4132 2319 4188 Salus
2346 4140 2550 4187 autem.

228 4212 283 4276 ἢ.
322 4216 665 4289 Aspiciebam
696 4220 752 4275 in
783 4221 925 4274 visu.
1984 4222 2112 4277 Ant.
2156 4220 2281 4276 Scio
2319 4230 2501 4277 autem
2532 4221 2618 4276 cui
2651 4221 2877 4278 credidi.

243 4304 317 4376 ᾗ.
360 4310 500 4366 Ecce
520 4313 829 4367 dominator
857 4310 1119 4367 Dominus
1157 4325 1281 4367 cum
1308 4311 1507 4367 virtute
1536 4311 1743 4389 veniet.
1987 4311 2172 4369 Gloria
2203 4311 2375 4375 Patri,
2420 4321 2476 4367 et
2518 4311 2679 4378 Filio,
2722 4322 2777 4367 et
2825 4309 3050 4383 Spiritui
3099 4318 3314 4380 sancto.
3362 4306 3508 4370 sicut

228 4394 283 4466 ἢ.
322 4398 485 4456 Beata
516 4418 596 4467 es,
625 4403 779 4473 virgo
807 4402 993 4458 Maria.
1841 4460 1889 4474 ﬁ
1918 4409 2039 4457 erat
2068 4401 2119 4455 in
2145 4401 2411 4471 principio
2441 4411 2497 4456 et
2537 4418 2682 4456 nunc
2725 4410 2781 4457 et
2821 4416 3057 4474 semper,
3104 4409 3160 4459 et
3203 4400 3264 4459 in
3304 4400 3511 4462 Mula

230 4483 285 4556 ἢ.
325 4488 658 4547 Decantabat
690 4460 939 4563 populus.
1841 4460 1895 4521 D
1922 4460 2266 4546 saeculorum.
2321 4460 2513 4547 Amen.
2939 4460 2957 4474 .
3041 4460 3055 4471 ’
3488 4490 3502 4504 ‘

230 4573 286 4648 ἢ.
324 4578 481 4638 Modo
507 4586 707 4639 veniet.
749 4583 933 4640 Gloria
965 4582 1136 4639 Patri.
2579 4582 2861 4641 Gradalia.

663 4693 1032 4734 AUTBENTICUS
1079 4690 1369 4734 TETBABDI.
1994 4672 2160 4731 Grad.
2200 4673 2459 4730 Miserere
2488 4676 2617 4743 mei,
2652 4675 2814 4731 Deus.

236 4759 288 4828 ἢ.
321 4762 483 4823 Beata
521 4770 733 4824 viscera
771 4768 973 4824 Mariae.
1991 4765 2159 4823 Grad.
2196 4766 2362 4821 Beata
2408 4782 2544 4837 gens
2576 4768 2751 4837 cujus.

252 4848 322 4919 ὶ.
362 4855 483 4913 Dies
509 4859 880 4914 sanctiﬁcatus
922 4858 1097 4915 illuxit
1126 4859 1314 4926 nobis;
1348 4858 1556 4926 venite,
1604 4869 1811 4931 gentes,
1990 4859 2156 4917 Grad.
2192 4860 2460 4924 Posuisti,
2488 4860 2736 4915 Domine.

306 4955 358 4998 et
390 4952 611 5006 adorate
642 4952 949 5006 Dominum.
1994 4954 2165 5012 Grad.
2207 4953 2536 5011 Sacerdotes
2560 4953 2700 5022 ejus.

239 5036 293 5106 ἢ.
332 5041 601 5103 Elisabetb
634 5047 930 5102 Zachariae.
2598 5040 2854 5096 Alleluia.

242 5126 295 5195 ἢ·
333 5132 466 5188 Puer
488 5154 661 5203 meus,
689 5136 815 5191 noli.
1996 5140 2084 5196 Al.
2112 5136 2220 5207 Qui
2254 5135 2446 5189 timent
2474 5130 2796 5185 Dominum.

242 5212 297 5283 ἧι
336 5220 611 5292 Aspicieus
635 5241 666 5280 a
704 5225 874 5291 longe.
908 5220 1094 5282 Gloria
1131 5223 1305 5285 Patri,
1341 5231 1398 5277 et
1442 5221 1603 5280 Filio.
1996 5234 2080 5289 Al.
2108 5230 2297 5288 Justus
2321 5234 2381 5278 ut
2411 5223 2612 5293 palma.

754 5326 933 5368 PLAGIS
980 5331 1277 5370 rerum.
2004 5323 2084 5370 Al-
2119 5314 2383 5370 Mirabilis
2412 5311 2690 5366 Dominus.
