4072 5350
555 139 695 196 Ηὶῦ

624 248 713 308 Of.
742 248 1062 305 Benedicam
1095 245 1342 301 Domino.

1145 333 1565 392 Communiones.

625 433 780 491 Com.
811 431 953 487 Ecce
973 430 1139 500 Virgo
1163 442 1323 482 conc.

625 526 781 585 Com.
816 524 925 579 Vos
951 524 1042 594 qui
1072 520 1266 577 secuti.

630 616 787 674 Com.
818 614 919 682 Qui
950 612 1067 667 vult
1103 609 1309 664 venire.

546 694 551 701 ’
624 708 780 765 Com.
804 705 968 760 Panis
992 718 1151 774 quem
1176 715 1297 772 ego.

630 799 786 857 Com.
813 796 1095 865 Principes
1118 789 1392 865 persecuti
1419 795 1565 845 sunt.

629 893 787 950 Com.
819 890 1300 945 Manducaverunt.

626 985 782 1041 Com.
810 983 944 1040 Cum
971 982 1277 1036 invocarem
1309 989 1381 1033 te.

629 1073 784 1131 Com.
818 1070 1063 1133 Domine,
1098 1066 1359 1122 Dominus
1387 1068 1594 1120 noster.

629 1163 784 1221 Com.
813 1161 1039 1217 Cantate
1066 1157 1319 1229 Domino.

629 1255 785 1312 Com.
815 1253 1080 1315 Gaudete,
1111 1247 1276 1304 Justi.

629 1345 785 1403 Com.
816 1342 1038 1399 Psallite
1071 1338 1320 1396 Domino.

631 1437 787 1493 Com.
816 1435 993 1490 Petite
1016 1440 1070 1487 et
1092 1430 1265 1508 accip.

633 1526 790 1586 Com.
824 1524 1238 1582 Confundantur
1269 1517 1508 1589 superbi.

634 1618 789 1674 Com.
822 1596 1127 1670 Dosuerunt
1155 1619 1317 1665 mort.

638 1709 792 1765 Com.
826 1708 993 1762 Notas
1021 1703 1150 1758 mihi
1182 1702 1287 1756 fec.

636 1799 791 1856 Com.
822 1800 992 1853 Amen
1018 1796 1139 1851 dico
1169 1778 1344 1847 vobis.

637 1889 792 1944 Com.
826 1887 939 1941 Etsi
966 1900 1148 1941 coram
1178 1884 1328 1937 hom.

638 1984 797 2038 Com.’
836 1980 1094 2036 Dominus
1116 1977 1265 2033 dabit
1290 1973 1703 2047 benignitatem.

643 2074 797 2129 Com.
829 2071 1171 2127 Revelabitur
1197 2067 1388 2137 gloria.

643 2165 795 2221 Com.
831 2162 1089 2218 Viderunt
1111 2174 1319 2216 omnes.

640 2255 795 2313 Com.
825 2254 948 2319 Fili,
989 2253 1118 2323 quid
1146 2250 1365 2306 fecisti?

640 2345 866 2403 Rectius
907 2346 1005 2401 has
1036 2349 1249 2413 regeret
1295 2338 1641 2395 authenticos
1680 2332 1973 2398 tetrardus,
2003 2330 2049 2386 si
2078 2331 2160 2386 in-

567 2448 845 2498 veteratus
882 2435 1219 2508 permitteret
1250 2447 1402 2487 usus.

643 2530 800 2587 Com.
829 2527 1073 2582 lllumina
1099 2510 1317 2579 faciem.

641 2619 797 2677 Corn.
823 2618 1145 2686 Quicunque
1189 2614 1397 2669 fecerit.

642 2712 796 2768 Com.
819 2712 992 2765 Amen
1020 2709 1142 2763 dico
1170 2706 1338 2761 vobis.

646 2801 803 2856 Com.
834 2800 969 2853 Data
999 2808 1082 2853 est
1114 2797 1270 2851 mihi.

643 2892 830 2948 Gloria
878 2890 1055 2955 Patri,
1103 2898 1158 2944 et
1185 2889 1343 2953 Filio,
1395 2894 1446 2943 et
1485 2881 1714 2956 Spiritui
1768 2890 1980 2947 sancto,
2022 2880 2164 2936 sicut

578 2982 773 3039 eratin
799 2980 1091 3063 principio,
1122 2989 1177 3033 et
1206 2991 1348 3032 nunc
1392 2984 1447 3030 et
1491 2989 1727 3045 semper,
1773 2980 1830 3027 et
1869 2971 1924 3026 in
1974 2969 2169 3026 saecula

574 3073 922 3131 mulorum.
959 3072 1153 3125 Amen.

1162 3174 1346 3215 PLAGIS
1398 3172 1579 3213 Ριιοτι.

652 3252 962 3312 Secundum
1006 3268 1127 3324 quae
1169 3251 1303 3322 legis
1350 3251 1596 3311 verbum,
1651 3254 1835 3301 mutua
1883 3258 1992 3315 quo
2037 3242 2169 3299 dile-

580 3347 767 3405 ctione
808 3346 903 3400 Dei
954 3352 1009 3400 et
1059 3342 1317 3413 proximi,
1369 3340 1606 3403 Christe,
1655 3338 1922 3392 mandasti
1969 3336 2167 3400 colere,

579 3453 691 3509 quo
717 3454 815 3509 per
838 3438 956 3492 haec
982 3435 1212 3507 gemina:
1252 3426 1612 3487 observantia“:
1654 3436 1921 3499 praecepta
1946 3416 1949 3419 ’
1980 3426 2171 3481 redda-

582 3548 725 3590 mus.
763 3532 956 3586 Amen.

729 3625 1085 3681 Saeculorum.
1112 3624 1305 3678 Amen.

654 3716 786 3772 Ant.
813 3715 1074 3770 Dominus
1103 3713 1240 3769 dixit
1262 3713 1330 3767 ad
1359 3725 1465 3766 me.

654 3808 785 3865 Ant.
814 3807 1043 3863 Redime
1072 3821 1177 3872 me,
1208 3804 1456 3859 Domine.

655 3899 785 3954 Ant.
812 3899 892 3953 Ex
915 3913 1011 3954 ore
1042 3896 1347 3953 infantium.

655 3989 787 4045 Ant.
813 3988 890 4044 De
918 3996 1110 4043 ventre
1136 3986 1351 4041 matris.

655 4081 785 4135 Ant.
811 4079 1031 4135 Vultum
1064 4086 1235 4133 tuum.

566 4214 573 4241 ;
656 4169 789 4224 Ant.
819 4167 930 4223 Fac
954 4182 1189 4232 mecum,
1217 4162 1465 4220 Domine.

576 4318 581 4323 ,
656 4258 788 4313 Ant.
819 4257 1223 4312 Clamaverunt.

608 4347 612 4350 ’
660 4347 792 4403 Ant.
821 4347 1104 4404 Terribilis
1123 4356 1229 4404 est.

663 4440 795 4496 Ant.
821 4438 1001 4494 Multa:
1023 4441 1207 4497 tribul.

664 4531 794 4588 Ant.
828 4528 1152 4585 Sacerdotes
1177 4518 1315 4599 eius.

666 4622 795 4678 Ant.
827 4619 1108 4686 Sitientes,
1139 4622 1340 4675 venite.

667 4714 797 4768 Ant.
824 4712 952 4767 Mihi
976 4723 1155 4767 autem
1188 4712 1372 4767 nimis.

667 4806 798 4861 Ant.
842 4804 971 4860 Veni
1000 4814 1056 4860 et
1080 4806 1306 4860 ostende
1328 4805 1504 4861 nobis.

670 4895 800 4951 Ant.
825 4895 965 4950 Ecce
998 4895 1238 4950 advenit.

674 4987 803 5040 Ant.
834 4989 1067 5041 Lzetetur
1088 5002 1202 5041 cur.
1237 5001 1407 5057 quaer.

678 5079 805 5133 Aut.
830 5077 1045 5133 Cibavit
1074 5093 1189 5134 eos.

676 5169 804 5223 Ant.
839 5171 1099 5225 Dominus
1127 5169 1470 5225 illuminatio.

677 5257 803 5311 Aut.
829 5258 1088 5313 Dominus
1113 5258 1397 5313 fortitudo.

1728 110 2075 174 BERNONIS
2113 108 2407 168 ABBATIS
2444 102 2810 163 AUGlEhSlS

2168 228 2219 287 Α
2247 226 2366 273 erat
2412 217 2464 272 in
2496 215 2761 288 principio
2808 222 2863 268 et
2897 227 3040 267 nunc
3084 218 3140 265 et
3179 222 3412 279 semper,
3461 212 3515 260 et
3548 204 3603 259 in
3630 201 3833 262 Saxula

2245 308 2589 367 surculorum.
2618 307 2814 360 Amen.

2897 392 3178 449 Cradulia.

2314 490 2482 548 Grad.
2514 490 2590 545 De
2616 486 3051 545 necessitatibus.

2314 584 2481 639 Grad.
2514 581 2761 638 Universi
2786 579 2876 651 qui
2908 589 2979 633 te.

2315 673 2482 729 Grad:
2511 673 2588 729 Ne
2611 681 2830 728 avertas
2854 669 3067 726 faciem.

2315 766 2480 822 Grad.
2511 765 2734 838 Angelis
2752 764 2891 819 suis.

2913 852 3137 909 Alleluia
3148 891 3165 908 .

2316 952 2401 1008 Al.
2434 953 2560 1008 Dies
2586 950 2979 1008 sanctificatus.

2316 1042 2402 1097 Al.
2428 1042 2594 1097 Video
2622 1042 2810 1097 cados.

2318 1134 2401 1188 Al.
2429 1130 2701 1189 Dominus"
2717 1133 2978 1204 regnavit.

2889 1220 3197 1292 Oll‘erloria.

2319 1313 2405 1370 Of.
2431 1312 2671 1369 Laudate
2697 1313 3003 1369 Dominum.

2320 1404 2407 1462 Of.
2436 1404 2688 1476 Protege,
2718 1403 2967 1459 Domine.

2319 1497 2406 1555 0f.
2438 1497 2534 1553 Vir
2560 1507 2679 1554 erat
2704 1498 2756 1552 in
2786 1506 2954 1551 terra.

2328 1588 2411 1645 0f.
2444 1589 2526 1643 Ad
2551 1597 2625 1653 te,
2649 1586 2896 1653 Domine,
2929 1584 3123 1640 levavi.

2323 1678 2409 1738 0f.
2441 1679 2517 1735 De
2536 1678 2841 1751 profundis.

2830 1771 3255 1828 Communiones.

2433 1866 2786 1925 Saaculorum.
2808 1866 3008 1921 Amen.

2325 1963 2478 2019 Com.
2510 1960 2792 2015 Multitudo
2819 1958 2967 2029 lang.

2326 2054 2479 2110 Com.
2510 2051 2704 2107 Potum
2734 2064 2939 2105 meum.

2329 2146 2484 2202 Com.
2517 2140 2877 2207 Hierusalem,
2906 2154 3068 2210 surge

2328 2236 2481 2293 Com.
2515 2234 2840 2291 Lmtabimur
2860 2234 2914 2287 in
2940 2247 3068 2288 sae.

2333 2328 2489 2384 Com.
2511 2326 2682 2381 Aufer
2709 2342 2739 2380 a
2770 2339 2878 2379 me.

2333 2421 2484 2476 Com.
2530 2418 2729 2473 Vovete
2751 2424 2804 2472 et
2834 2415 3064 2472 reddite.

2334 2512 2489 2568 Com.
2524 2508 2771 2564 Narrabo
2791 2508 2995 2562 omnia.

2333 2602 2488 2658 Com.
2520 2600 2621 2663 Tu,
2652 2614 2805 2669 puer,
2839 2596 3125 2667 propheta.

2335 2694 2488 2752 Com.
2520 2693 2766 2749 Cantabo
2791 2690 3038 2744 Domino.

2338 2786 2492 2842 Com.
2519 2783 2762 2843 Domine,
2796 2782 2935 2835 Deus
2965 2793 3119 2833 meus
3142 2776 3193 2832 in
3221 2785 3292 2831 te.

2340 2876 2495 2932 Com.
2519 2873 2664 2928 Exiit
2687 2886 2887 2927 sermo.

2344 2970 2497 3026 Com.
2530 2967 2793 3023 Dominus
2821 2962 3002 3030 Jesus,
3031 2969 3341 3034 postquam.

2341 3060 2495 3117 Com.
2523 3058 2787 3113 Dominus
2811 3057 2950 3127 regit
2978 3070 3086 3110 me.

2341 3152 2492 3207 Com.
2529 3148 2788 3203 Dominus
2814 3125 3235 3200 firmamentum.

2412 3242 2597 3299 Gloria
2619 3241 2790 3307 Patri,
2818 3246 2876 3294 et
2901 3237 3061 3303 Filio,
3088 3246 3197 3292 etc.

2701 3309 3092 3386 Αυτιιεκτιευεί
3113 3339 3413 3382 DEUTEROS.

2342 3426 2526 3482 Tertia
2548 3425 2670 3496 ldie,
2707 3424 2945 3486 Christe,
2979 3430 3031 3475 te
3076 3433 3358 3488 resurgere
3394 3425 3451 3471 et
3484 3416 3693 3471 mundo
3720 3412 3857 3470 ferre

2272 3519 2453 3574 lumen
2495 3518 2788 3574 credimus.
2814 3513 2859 3570 Ο
2906 3513 3069 3577 alme,
3114 3510 3198 3565 fac
3240 3524 3337 3563 nos
3370 3518 3427 3563 et
3460 3516 3614 3562 tuum
3647 3519 3859 3576 semper

2273 3610 2496 3666 laudare
2532 3622 2751 3672 nomen,
2782 3616 2838 3662 et
2874 3606 2929 3661 in
2959 3604 3148 3674 patria:
3178 3610 3231 3656 te
3257 3609 3475 3656 aeterna?
3500 3598 3729 3667 regione
3747 3611 3858 3652 cer-

2277 3709 2471 3758 nentes
2493 3701 2702 3756 sedere.
2732 3703 2928 3754 Amen.

2419 3792 2777 3848 Saeculorum.
2806 3791 2998 3845 Amen.

2346 3888 2474 3942 Ant.
2502 3884 2756 3940 Miserere
2783 3882 2939 3947 mihi,
2971 3878 3220 3945 Domine,
3258 3874 3541 3947 quoniam.

2348 3978 2477 4031 Ant.
2507 3977 2616 4047 Ego
2643 3984 2824 4029 autem
2848 3973 2988 4028 sicut
3022 3969 3188 4025 oliva.

2349 4069 2480 4123 Ant.
2517 4066 2652 4119 Dum
2685 4064 3004 4118 clamarem.

2350 4161 2480 4213 Ant.
2507 4156 2790 4213 Confessio
2824 4163 2877 4210 et
2903 4153 3065 4224 pulch

2354 4252 2484 4305 Ant.
2514 4248 2775 4319 Cognovi,
2809 4246 3055 4301 Domine.

2211 4315 2260 4377 Ι)
2357 4341 2485 4395 Ant.
2521 4315 2634 4409 Ego
2661 4337 2892 4394 clamavi
2927 4335 3206 4406 quoniam.

2358 4434 2486 4487 Ant.
2516 4430 2651 4484 Dum
2674 4429 3065 4484 sanctiﬁcatus.

2358 4528 2487 4579 Ant.
2516 4523 2573 4578 lo
2603 4524 2820 4578 nomine
2851 4523 3085 4577 Domini.

2360 4617 2487 4670 Ant.
2520 4613 3114 4684 Vocemjucunditatis.
3152 4634 3157 4639 ο

2361 4710 2491 4762 Ant.
2524 4706 2818 4776 Replcatur
2841 4721 2903 4760 os
2928 4719 3128 4760 meum.

2367 4804 2487 4856 Ant.
2532 4799 2587 4853 Si
2619 4798 2954 4868 iniquitates.

2434 4888 2787 4946 Smculorum.
2817 4889 3014 4945 Amen.

2360 4982 2489 5036 Ant.
2526 4980 2689 5044 Deus,
2713 4980 2838 5033 dum
2869 4976 3231 5050 egredereris.

2366 5075 2494 5129 Ant.
2517 5071 2689 5125 Intret
2707 5071 2904 5126 oratio.

2367 5167 2493 5220 Ant.
2522 5164 2845 5219 Sacerdotes
2871 5163 2968 5230 tui,
2993 5160 3237 5218 Domine.

2369 5259 2495 5311 Ant.
2524 5255 2646 5309 Tibi
2673 5255 2812 5309 dixit
2835 5269 2949 5309 cor.
2989 5265 3009 5313 ζ’

3687 86 3835 145 iis“
