4072 5350
296 208 434 264 H25
1756 212 2123 272 TONARIUS.
3423 211 3571 275 me

362 329 490 382 Ant.
519 327 770 384 Charitas
801 328 913 384 Dei.
1902 338 1953 395 Α
2052 331 2180 382 Ant.
2224 307 2508 384 Protector
2538 339 2742 384 noster.

361 423 487 474 Ant.
532 420 814 490 Loquetur
839 421 1116 477 Dominus.
2050 422 2178 475 Ant.
2223 422 2451 486 Exaudi,
2477 422 2724 476 Domine.

360 512 485 566 Ant.
513 510 720 566 Timete
752 513 1062 567 Dominum.
2047 513 2177 568 Ant.
2218 514 2355 568 Dicit
2381 515 2640 568 Dominus
2669 513 2854 570 Petro.
2879 578 2885 584 _

360 603 487 656 Ant.
519 602 784 672 Dispersit
813 604 982 658 dedit.
2046 605 2175 657 Ant.
2213 603 2367 658 Sicut
2398 604 2563 658 oculi.

359 693 488 747 Ant.
520 692 832 748 Benedicite
871 693 1118 747 Domino.
2047 695 2174 749 Atil.
2215 695 2404 749 Judica
2434 709 2539 759 me,
2569 694 2732 750 Deus.

359 780 542 836 Gloria
591 781 756 846 Patri,
797 795 852 837 et
907 783 1064 845 Filio,
1101 790 1157 837 et
1209 781 1435 854 Spiritui
1486 792 1696 849 sancto,
1736 783 1878 839 sicut
2048 786 2177 838 Ant.
2218 784 2381 848 Deus,
2414 785 2466 838 in
2494 787 2730 840 nomine.

277 880 398 925 erat
434 871 488 926 in
516 872 782 941 principio
825 883 879 929 et
930 891 1074 929 nunc
1119 884 1173 930 et
1202 891 1434 948 semper,
1477 887 1532 932 et
1580 878 1632 931 in
1681 877 1874 932 saacula
2046 877 2174 929 Ant.
2216 875 2462 944 Accipite
2485 873 2905 943 iucunditatem.

276 962 632 1018 sazculorum.
657 964 854 1020 Amen.
2045 966 2174 1020 Ant.
2217 966 2416 1020 Eduxit
2439 982 2532 1021 eos
2563 966 2842 1021 Dominus.

448 1045 454 1048 ’
935 1052 1213 1111 Gradalia.
2115 1055 2297 1111 Gloria
2321 1055 2492 1124 Patri,
2516 1067 2570 1112 et
2595 1056 2752 1120 Filio,
2778 1065 2832 1112 et
2852 1056 3084 1129 Spiritui
3106 1067 3314 1126 sancto,
3341 1068 3450 1117 etc.

353 1142 524 1198 Grad.
549 1144 710 1214 Eripe
735 1160 841 1209 me,
873 1146 1119 1202 Domine.

2631 1168 2911 1228 Gradalia.

353 1233 527 1290 Grad.
559 1235 770 1291 Juravit
802 1240 1081 1294 Dominus.

359 1323 525 1380 Grad.
560 1326 790 1396 Adjutor
819 1329 873 1383 in
905 1346 993 1399 op.

357 1413 524 1469 Grad.
559 1416 848 1485 Speciosus
872 1421 1070 1477 forma.

355 1503 524 1560 Grad.
555 1506 822 1579 Exsurge,
857 1510 1103 1566 Domine.

946 1605 1196 1659 Alleluia.

355 1685 442 1739 At.
471 1685 845 1746 Adducentur.
1197 1683 1200 1686 l
1900 1697 1947 1756 Β

356 1774 442 1828 Al.
471 1774 708 1834 Lanatus
746 1797 886 1837 sum.

354 1865 441 1919 Al.
477 1865 710 1937 Spiritus
740 1872 950 1928 Domini
978 1875 1224 1945 replevit.

355 1955 442 2010 Al.
473 1959 530 2013 ln
563 1969 636 2030 te,
669 1962 917 2030 Domine,
950 1970 1181 2036 Speravi.

921 2057 1226 2129 Olfertoria.

353 2141 442 2198 Ol'.
470 2143 795 2204 Benedictus
823 2165 907 2206 es.

355 2231 444 2288 Ol’.
473 2234 702 2306 Sperent
723 2241 779 2296 in
802 2252 872 2296 te.

351 2320 430 2377 Of
429 2364 441 2376 .
482 2327 702 2383 Exsulta
727 2332 879 2386 satis.

351 2413 441 2471 0f.
465 2416 674 2476 Perfice
695 2438 934 2491 gressus.

860 2514 1282 2574 Communiones.

427 2598 781 2658 Steculorum.
809 2604 1002 2660 Amen.

353 2691 506 2747 Com.
539 2693 737 2751 Beatus
769 2713 977 2754 servus.

355 2781 511 2836 Com.
543 2784 644 2851 Qui
671 2788 1039 2844 meditabitur.

352 2871 509 2928 Com.
550 2875 797 2946 Scapulis
827 2881 959 2935 suis.

343 2963 502 3020 Com.
545 2965 740 3021 Passer
761 2970 985 3025 invenit.

349 3057 506 3111 Com.
547 3055 825 3114 Justorum
850 3064 1068 3119 animas.
1895 3067 1940 3128 C

351 3146 506 3202 Com.
546 3148 772 3206 Gustate
800 3161 854 3207 et
877 3152 1075 3209 videte.

350 3236 506 3293 Com.
548 3239 648 3305 Tu,
680 3241 926 3310 Domine,
953 3247 1217 3302 servabis.

355 3327 510 3384 Com.
551 3331 814 3390 Dominus
840 3337 1120 3393 virtutum.

425 3420 612 3478 Gloria
645 3423 815 3492 Patri,
841 3438 895 3482 et
918 3428 1076 3495 Filio,
1104 3441 1161 3486 et
1188 3430 1400 3502 Spirit.,
1422 3443 1528 3490 etc.

833 3534 1016 3574 PLAGIS
1052 3537 1306 3577 DEUTERI.

350 3604 551 3672 Quarta
581 3615 633 3664 te
662 3612 861 3677 noctis,
914 3612 1148 3680 Christe,
1202 3617 1384 3687 vigilia
1428 3619 1706 3691 discipulis
1735 3623 1865 3680 dare

278 3697 502 3754 caaleste
529 3701 769 3758 solamen
801 3720 899 3759 nos
931 3706 1161 3762 humiles
1187 3707 1443 3777 fatentes,
1475 3721 1528 3766 te
1555 3723 1857 3779 cantantes.

277 3787 581 3857 laudantes,
632 3802 845 3864 tua-que
895 3813 1093 3852 nomen
1145 3801 1405 3868 potentiae
1451 3818 1550 3856 nos
1582 3813 1861 3872 quaternae

279 3887 384 3934 tua:
407 3884 728 3951 evangelica:
759 3887 908 3941 vocis
933 3889 999 3942 da
1024 3904 1357 3962 cognoscere
1386 3894 1681 3950 munimen.

422 3971 779 4030 Sazculorum.
812 3979 1007 4033 Amen.

342 4064 474 4120 Ant.
515 4065 689 4137 Prope
713 4078 850 4136 esto,
885 4071 1133 4127 Domine.

342 4155 471 4210 Ant.
515 4157 623 4213 Nos
648 4169 827 4215 autem
852 4164 1099 4233 gloriari.

342 4246 473 4301 Ant.
513 4247 724 4317 Judica,
753 4253 1001 4320 Domine,
1026 4265 1304 4314 nocentes.

341 4337 474 4390 Ant.
514 4339 588 4392 De
609 4344 1045 4401 necessitatibus.

2047 1283 2212 1340 Grad.
2257 1284 2334 1338 Tu
2361 1299 2421 1339 es
2447 1283 2598 1339 Deus
2620 1284 2735 1354 qui.

2045 1374 2214 1428 Grad.
2255 1375 2520 1446 Exsurge,
2545 1375 2792 1432 Domine.

2045 1465 2209 1520 Grad.
2253 1467 2361 1537 Ego
2392 1479 2594 1523 autem.

2046 1555 2211 1611 Grad.
2257 1558 2399 1625 Tibi,
2426 1559 2674 1627 Domine,
2702 1559 3029 1632 derelictum!

2643 1652 2893 1707 Alleluia.

2046 1740 2132 1794 Al.
2172 1741 2385 1806 Excita,
2416 1744 2661 1798 Domine.

2041 1833 2128 1887 Al.
2168 1833 2432 1898 Laudato,
2465 1836 2638 1903 pueri.

2041 1925 2126 1978 Al.
2173 1925 2400 1980 Dextera
2430 1925 2660 1980 Domini.

2612 2015 2920 2086 Olfertoria.

2045 2105 2134 2163 Of.
2174 2106 2272 2160 Tui
2301 2115 2430 2162 sunt
2461 2107 2604 2162 cmli.

2040 2197 2126 2253 0f.
2165 2199 2331 2252 Terra
2363 2200 2601 2253 tremuit.

2045 2287 2133 2342 Of.
2173 2288 2454 2344 Lzetentur
2483 2289 2629 2346 cmli.

2041 2380 2126 2437 0f.
2167 2381 2373 2450 Lauda,
2397 2383 2598 2437 anima.

2547 2473 2973 2532 Communiones.

2113 2565 2468 2622 Smculorum.
2501 2566 2695 2622 Amen.

2039 2653 2192 2712 Com.
2234 2655 2479 2712 Vidimus
2508 2656 2742 2712 stellam.

2037 2747 2193 2802 Com.
2233 2748 2484 2813 Exsulta,
2517 2749 2644 2802 tilia.

2039 2836 2194 2891 Com.
2236 2836 2390 2903 Quod
2420 2838 2540 2891 dico
2565 2838 2738 2892 vobis.

2038 2926 2191 2982 Com.
2236 2929 2578 2982 Erubescant
2604 2937 2658 2982 et
2683 2926 2830 2983 conf.

2043 3019 2197 3074 Com.
2240 3019 2415 3074 Tanto
2458 3028 2719 3090 tempore.

2045 3110 2199 3165 Com.
2242 3109 2488 3164 Dilexisti
2517 3111 2806 3180 justitiam.

2039 3200 2195 3254 Com.
2236 3201 2319 3254 Ab
2349 3201 2579 3255 occultis
2612 3200 2770 3254 meis.

2040 3292 2193 3347 Com.
2237 3293 2584 3363 Acceptabis.

2038 3386 2192 3440 Com.
2234 3385 2416 3449 Pater,
2442 3403 2562 3440 cum
2599 3401 2796 3441 essem.

2042 3477 2193 3531 Com.
2237 3478 2437 3531 lnclina
2477 3492 2684 3530 aurem.

2036 3571 2190 3627 Com.
2231 3570 2530 3624 Jerusalem
2554 3585 2672 3638 quae
2699 3569 2801 3622 aed.

2035 3665 2188 3720 Com.
2231 3664 2420 3734 Magna
2442 3675 2526 3716 est
2560 3663 2751 3733 gloria.

2037 3754 2190 3810 Com.
2233 3754 2568 3818 Benedicite,
2593 3767 2804 3806 omnes.

2035 3845 2193 3900 Com.
2239 3844 2510 3898 Memento
2547 3843 2719 3897 verbi.

2035 3935 2188 3989 Com.
2233 3932 2410 3988 Semel
2433 3931 2631 4000 juravi.

2034 4026 2188 4082 Com.
2230 4027 2424 4080 Tollite
2454 4026 2678 4079 hostias.

2032 4117 2187 4174 Com.
2230 4117 2350 4171 Feci
2373 4115 2658 4184 judicium.
2682 4122 2684 4125 '

2101 4207 2286 4262 Gloria
2312 4206 2484 4270 Patri,
2523 4214 2576 4258 et
2605 4203 2763 4268 Filio,
2795 4213 2902 4259 etc.

2437 4305 2816 4372 aurnnaricus'
2849 4329 3064 4369 TRITUS.

340 4427 470 4481 Ant.
513 4429 798 4486 Exaudivit
820 4435 885 4488 de
919 4436 1136 4506 templo.
1877 4417 1933 4479 D
2031 4433 2282 4502 Quinque
2317 4440 2394 4496 tu,
2430 4430 2675 4493 Domine,
2710 4430 2761 4483 in
2813 4429 3006 4484 coelum
3050 4428 3287 4498 virgines
3319 4436 3369 4502 te
3404 4429 3540 4485 rcci-

343 4517 399 4570 ln
429 4519 550 4573 aliis
574 4536 701 4576 vero
728 4523 796 4577 ab
822 4527 1012 4580 eadem
1059 4529 1261 4583 chorda
1299 4529 1680 4599 incipientibus
1705 4543 1760 4592 et
1783 4536 1852 4591 ad

1956 4541 2086 4598 pere
2111 4526 2362 4596 dignatus
2389 4540 2470 4587 es,
2499 4523 2639 4593 plebi
2676 4535 2778 4577 tuae
2809 4524 2988 4591 verbis
3019 4523 3258 4578 revelare
3284 4523 3454 4594 signis
3483 4533 3539 4578 et

270 4610 517 4663 eamdem
547 4613 728 4666 statim
755 4616 1145 4686 relabentibus,
1171 4621 1245 4675 ita
1274 4622 1524 4678 canitur:
1955 4619 2262 4680 ostendere,
2291 4632 2480 4669 sensus
2500 4631 2628 4670 ecce
2658 4625 2894 4684 nostros,
2928 4624 2986 4670 ut
3016 4624 3068 4671 te
3100 4630 3410 4685 precamur,
3439 4614 3546 4668 Do-

417 4700 771 4759 Sazculorum.
797 4706 994 4764 Amen.
1955 4712 2121 4776 mine,
2146 4719 2197 4766 te
2214 4710 2523 4779 disponere.

340 4789 470 4843 Ant.
513 4792 805 4849 Resurrexi
836 4799 1109 4856 ctadhuc.
2100 4801 2452 4858 Szeculorum.
2478 4799 2676 4856 Amen.
2725 4867 2730 4870 _

344 4881 472 4936 Ant.
514 4883 908 4941 Reminiscere.
2027 4897 2158 4951 Ant.
2204 4893 2494 4962 Loquebar
2521 4895 2607 4946 de.

336 4973 467 5027 Ant.
504 4974 880 5032 Misericordia
915 4979 1146 5036 Domini.
1309 5031 1312 5033 Α
2026 4993 2152 5046 Ant.
2195 4989 2448 5043 Miserere
2477 4987 2602 5049 mei,
2630 4985 2884 5047 Domine,
2919 4981 3188 5052 quoniam
3217 4980 3339 5034 trib.

335 5066 464 5118 Ant.
503 5064 562 5118 In
587 5065 884 5121 voluntate.
946 5088 948 5090 ν

2026 5082 2151 5137 Ant.
2200 5078 2446 5139 Domine,
2479 5076 2772 5144 refugium.

553 5152 716 5218 Item,
756 5165 816 5210 ut
849 5171 1032 5228 supra.
1610 5169 1612 5171 ’
2027 5175 2154 5228 Am.
2203 5169 2378 5223 Verba
2406 5181 2527 5219 mea
2558 5168 2810 5222 auribus.

325 5247 458 5300 Ant.
503 5243 679 5298 Intret
698 5247 892 5301 oratio.

2029 5266 2156 5318 Ant.
2195 5258 2424 5319 Exaudi,
2453 5258 2620 5319 Deus,
2655 5257 3001 5311 orationem.‘

420 5344 429 5350 Α
507 5334 548 5350 n
