4072 5350
208 370 373 430 1129

284 486 385 539 ΑΙ.
426 482 705 540 Exsultatc
732 485 864 541 Deo.

266 567 391 631 Ἀι.
434 574 629 630 Venite
650 574 1002 630 exsultemus.

292 666 392 723 Al.
430 665 697 735 Quoniam
728 667 873 723 Deus‘
900 681 1149 739 magnus.

292 758 389 813 Al.
432 758 684 831 Domine,
719 758 1011 830 refugium.

876 848 1185 921 Oﬁ'ertoria.

1240 418 1299 446 Jar

1218 444 1245 459 I‘

289 942 388 1000 οῖ.
428 943 692 1019 Precatus
716 952 818 1002 est.
886 1020 889 1023 δ

288 1034 387 1093 0f.
427 1034 863 1095 Couﬁtebuntur.

290 1126 390 1186 0f.
429 1126 597 1200 Eripe
618 1143 707 1185 me
731 1128 797 1186 de
818 1130 1077 1188 inimicis.

821 1242 1245 1327 Communiones.

283 1338 453 1395 Com.
496 1338 677 1396 Dicite
701 1338 966 1411 pusillan.

281 1424 453 1487 Gem.
492 1427 645 1486 Tolle
673 1444 921 1500 puerum.

263 1498 456 1577 'Com.
500 1498 709 1579 Fidelis
746 1537 958 1578 servus.

272 1611 451 1681 Com.
492 1611 633 1668 Dum
658 1615 872 1669 venerit
910 1612 1249 1671 Paracletus.

210 1760 215 1765 .
275 1703 458 1762 Com.
503 1703 561 1761 Si
592 1704 1106 1764 conresurrexistis.

275 1796 459 1853 Com.
502 1796 739 1869 Populus
769 1785 1170 1870 acquisitionis.

211 1896 215 1901 ’
273 1891 447 1948 Com.
490 1891 690 1948 Factus
719 1900 805 1949 est
832 1902 1077 1964 repente.

270 1981 447 2040 Com.
488 1980 567 2038 Ne
598 1982 911 2053 tradideris.

278 2071 450 2139 Com.
491 2071 837 2129 Erubescant
862 2083 918 2130 et
947 2090 1125 2132 rever.

274 2166 449 2223 Com.
487 2166 601 2237 Ego
631 2182 752 2223 sum
780 2156 931 2241 vitis.

270 2256 440 2315 Com.
478 2257 659 2326 Pater,
693 2258 737 2315 si
762 2246 873 2316 non.
899 2268 1096 2332 potest.

270 2349 441 2405 Com.
482 2348 712 2407 Redime
737 2367 847 2419 me,
878 2352 1043 2409 Deus.
1135 2367 1138 2370 '

273 2440 438 2514 Com.
486 2441 737 2509 Domine,
769 2445 1031 2517 quinque.

276 2533 450 2592 Com.
493 2526 607 2591 Vo'x
629 2536 685 2592 in
712 2536 902 2592 Rama.
994 2568 1001 2576 -

205 2646 209 2651 τ
280 2623 453 2682 Com.
500 2625 604 2694 Qui
637 2628 839 2684 biberit
867 2644 1087 2701 aquam.

426 2706 637 2787 Gloria,
669 2730 776 2779 etc.
820 2790 821 2793 η
964 2789 968 2794 ,
1012 2788 1017 2794 ,
1062 2738 1068 2743 ·

464 2828 465 2831 “
758 2832 946 2875 ιιωϐιε
988 2835 1287 2876 TETBARDI.

271 2907 434 2975 Octo,
471 2909 558 2978 pic
606 2878 724 2975 rex,
749 2910 967 2967 Christe
1018 2912 1218 2979 lucide,
1246 2913 1614 2975 beatitudines
1644 2935 1816 2978 evan-
1910 2926 1913 2931 ’

207 2998 395 3069 gelicze
424 2998 617 3070 gratiae
646 2999 788 3069 plebi
820 3008 924 3056 tum
974 3005 1156 3073 praebe
1186 3004 1457 3078 benignus
1497 3018 1553 3064 et
1579 3008 1819 3068 clemens
1906 3026 1913 3031 '

1687 374 2063 440 TONABIUS.

1861 497 1914 556 Δ

3379 377 3405 445 ξ
3421 381 3528 452 ίΰθ

2582 497 2887 571 ΟΙῘιινῖονὲα.

2014 606 2102 662 0!.
2138 606 2396 666 Miserere
2428 613 2551 667 mei.

2015 698 2100 753 Ol'.
2135 700 2372 771 Angelus
2398 702 2632 760 Domini.

2009 793 2095 850 Οἵ.
2128 795 2383 863 Posuisti,
2419 799 2662 857 Domine.

2009 885 2095 942 Of.
2131 888 2381 955 Domine,
2408 890 2550 947 Deus
2570 894 2785 949 salutis.

2006 978 2092 1038 Of.
2124 979 2354 1049 Exaudi,
2396 982 2559 1052 Deus,
2583 988 2905 1045 orationem.

2382 1112 2388 1119 ο
2448 1116 2453 1121 -
2518 1066 2941 1138 Coinmuniones.
3005 1124 3010 1129 .
3084 1122 3091 1131 .
3184 1124 3191 1138 .

2078 1188 2433 1246 Saeculorum.
2462 1190 2656 1247 Amen.

2004 1282 2159 1338 Com.
2194 1280 2432 1353 Spiritus
2460 1279 2682 1342 sanctus
2710 1282 2943 1344 docebit.

2003 1374 2161 1431 Com.
2192 1374 2442 1431 Christus
2473 1392 2781 1448 resurgens.

2002 1468 2157 1525 Cum.
2184 1468 2315 1523 Dico
2339 1477 2518 1525 autem
2548 1471 2723 1527 vobis.

2002 1561 2158 1619 Com.
2186 1562 2443 1621 Circuibo
2468 1573 2524 1621 et
2550 1564 2865 1623 immolabo.

2003 1654 2157 1713 Com.
2189 1656 2378 1712 Simile
2400 1667 2483 1714 est
2510 1646 2736 1729 regnum
2762 1660 2886 1719 caci.

2002 1746 2157 1805 Com.
2189 1747 2430 1805 Primum
2467 1752 2715 1821 quaerite.

1926 1885 1946 1911 ,.
2003 1840 2156 1897 Com.
2185 1840 2426 1898 Introibo
2456 1842 2525 1898 ad
2561 1843 2753 1900 altare.

2001 1922 2154 1989 Com.
2193 1932 2421 2004 Oportet
2450 1943 2522 1990 te.
2594 1931 2601 1940 ’
2723 1982 2730 1990 .

2001 2024 2154 2081 Com.
2180 2022 2352 2081 Nemo
2380 2033 2430 2081 te
2459 2027 2859 2087 condemnavit.

1999 2120 2153 2176 Com.
2183 2119 2298 2177 Hoc
2321 2135 2537 2191 corpus.

2001 2211 2154 2267 Com.
2178 2196 2357 2268 ’Video
2384 2214 2570 2271 caelos.

2000 2302 2152 2358 Com.
2186 2304 2431 2371 Domine,
2471 2307 2771 2364 memorab.
2804 2300 2805 2303 “

2000 2394 2153 2451 Com.
2183 2394 2419 2467 Spiritus
2449 2397 2561 2454 ubi.
2620 2466 2629 2471 ‘

1918 2548 1919 2551 η
1999 2488 2152 2542 Com.
2187 2488 2300 2559 Ego
2323 2490 2577 2546 clamavi.

1997 2577 2153 2633 Com.
2186 2574 2527 2651 Responsum
2560 2585 2790 2657 accepit.

1998 2666 2152 2723 Com.
2187 2668 2406 2727 Lavabo
2436 2674 2580 2729 inter
2604 2668 2946 2738 innocentes.

1882 2784 1913 2827 χ
1999 2758 2151 2815 Com.
2185 2762 2463 2823 Comedite
2502 2758 2745 2841 pinguia.

205 3094 601 3164 sempiternam
641 3096 908 3165 requiem,
932 3107 985 3153 et
1016 3097 1204 3156 refove
1232 3099 1351 3158 sine
1380 3100 1487 3160 ﬁde
1521 3105 1816 3163 credentes
1905 3100 1909 3104 ”

205 3179 356 3241 inte.
462 3189 656 3251 ‘
782 3198 787 3203 ‘
956 3214 961 3220 -

427 3254 785 3313 Saeculorum.
817 3270 1010 3314 Amen.

204 3368 213 3372 -
276 3348 414 3404 Ant.
450 3348 511 3404 In
540 3349 756 3405 excelso
781 3350 1003 3407 throno.

278 3437 412 3495 Ant.
453 3430 737 3495 lnvocavit’
766 3454 870 3496 me.

281 3522 413 3583 Ant.
460 3529 519 3583 In
542 3531 743 3586 virtute
773 3540 885 3585 tua.

218 3638 221 3641 ‘
280 3623 413 3677 Ant.
455 3622 695 3679 Jubilate
721 3624 853 3679 Deo.
929 3673 948 3692 ,

279 3711 407 3769 Ant.
451 3714 987 3790 Lmtabiturjustusj

281 3807 410 3861 Ant.
456 3808 727 3865 Dilexisli.
769 3844 779 3853 -

281 3898 411 3954 Ant.
454 3899 730 3969 Probasti,
763 3903 1011 3959 Domine.

282 3988 415 4046 Aut.
457 3990 749 4049 Victricem
783 4011 1027 4051 manum.

278 4079 414 4137 Ant.
458 4082 719 4140 Miserere
747 4086 876 4152 mei,
911 4086 1159 4158 nomine,
1197 4090 1325 4161 quia
1352 4090 1421 4147 ad
1450 4099 1503 4149 te

340 4200 343 4201 ν
394 4219 401 4231 ,
428 4172 1009 4232 Smculorunn'Amen.

281 4261 416 4319 Ant.
453 4266 538 4321 Ad
568 4276 619 4322 te
648 4266 841 4323 levavi.

283 4352 416 4412 Ant.
455 4354 569 4412 Lux
600 4358 844 4431 fulgebit.

286 4446 419 4504 Ant.
462 4449 775 4507 Introduxit
806 4468 923 4510 vos.

284 4536 412 4594 Ant.
452 4539 710 4612 Spiritus,
741 4544 955 4600 Domini
985 4545 1233 4619 replevit.

283 4632 411 4688 Ant.
452 4634 697 4701 Domine,
729 4654 798 4696 ne
823 4639 1001 4712 longe.

285 4720 410 4779 Ant.
447 4724 584 4782 Dum
610 4730 872 4786 medium.

431 4816 636 4889 Gloria,
665 4830 771 4880 etc.
836 4868 841 4873 .
924 4864 953 4871 η.

863 4915 1137 4978 Gradalia.

286 5018 446 5105 Grad.
487 5026 813 5090 Benedictus
848 5033 1128 5095 Dominus.

288 5109 448 5169 Grad.
485 5116 714 5188 Propter
736 5125 1041 5205 veritatem.

289 5202 449 5263 Grad.
489 5202 806 5272 Benedicam
841 5216 1090 5279 Domino.

351 5316 354 5319 λ
404 5316 405 5319 ‘
446 5319 451 5325 -
684 5326 691 5333 .
758 5332 763 5333 ,
870 5309 1042 5334 ΑΙΙ-Ι-.3

1996 2850 2148 2908 Com.
2182 2855 2293 2927 Ego
2320 2873 2440 2913 sum
2466 2869 2672 2931 pastor.

2069 2942 2273 3015 Gloria,
2302 2958 2407 3006 etc.

1920 3365 2228 3433 amaricati,
2263 3366 2379 3454 jam
2414 3385 2619 3442 organa
2667 3385 2855 3434 nostra
2897 3384 3299 3455 suspendimus,
3333 3382 3516 3464 lacry-

1920 3454 2200 3512 mabiliter
2225 3459 2523 3518 clamantes
2548 3480 2611 3522 ac
2637 3465 2877 3526 dicentes
2903 3489 2917 3526 :
2953 3472 3231 3540 Quomodo
3274 3454 3514 3538 cantalii-

1916 3638 2077 3695 nobis
2098 3639 2237 3698 facta
2252 3654 2335 3701 est
2350 3647 2547 3716 aliena,
2563 3654 2999 3725 quandoquidem
3013 3676 3111 3717 nec
3121 3638 3419 3734 vivere,ne
3428 3638 3513 3725 di-

1914 3745 2039 3786 cam
2069 3743 2320 3804 cantare,
2359 3732 2499 3795 licet
2522 3741 2576 3796 in
2613 3759 2694 3800 ea.
2728 3736 2954 3817 Impleta
2994 3751 3050 3807 in
3089 3754 3248 3811 nobis
3272 3732 3515 3831 propheo

1916 3823 2025 3891 tia,
2059 3841 2180 3896 quae
2207 3828 2335 3885 olim
2375 3832 2589 3890 misera:
2626 3852 2690 3893 ac
2714 3828 2928 3896 infelici
2963 3840 3179 3899 Iudaeae
3202 3823 3395 3905 taliter-
3421 3859 3510 3908 est

1912 3917 2285 3974 comminata:
2322 3915 2486 3999 Terra
2534 3936 2705 3982 vestra
2754 3930 2961 3987 deserta
2977 3925 3002 4000 ,³
3041 3935 3275 3995 civitates
3322 3952 3514 3999 vestra?

1913 4008 2035 4076 igne
2068 4024 2350 4079 succensar,
2378 4015 2656 4086 regionem
2692 4028 2917 4077 vestram
2937 4022 2991 4078 in
3027 4036 3305 4098 conspectu
3337 4042 3505 4087 vestro

1916 4095 2077 4150 alieni
2094 4100 2344 4157 devorant
2364 4144 2379 4169 ,
2394 4113 2443 4160 et
2466 4106 2787 4165 desolabitur
2811 4103 2960 4167 sicut.
2978 4115 3033 4168 in
3054 4095 3301 4173 vastitate
3321 4120 3507 4176 hostili

1913 4184 2054 4256 (lsa.
2079 4204 2096 4242 ι
2122 4230 2136 4256 ,
2161 4191 2236 4263 7).
2284 4192 2573 4266 Propterea
2601 4200 2789 4270 defecit
2820 4206 3077 4275 gaudium
3106 4212 3281 4266 cordis
3312 4215 3503 4281 nostri,

1914 4288 2215 4358 versus.est
2265 4283 2322 4338 in
2369 4283 2568 4343 luctum
2616 4291 3040 4366 cliorus'noster,
3079 4302 3269 4355 cecidit
3303 4321 3502 4362 corona

1914 4370 2101 4466 capitis
2132 4377 2300 4466 nostri
2333 4377 2568 4449 (Thren.
2617 4400 2670 4453 v,
2706 4386 2848 4460 15),
2890 4392 2966 4446 ita
3010 4401 3072 4448 ut
3108 4397 3507 4466 compellamur

1912 4460 2137 4519 dicere:
2168 4464 2265 4563 γαί
2311 4472 2489 4540 nobis,
2539 4478 2663 4563 quia
2707 4473 3034 4550 peccavimus
3086 4460 3298 4557 (Ibid.,
3333 4488 3440 4563 16)
3479 4510 3496 4559 ;

1832 4596 1890 4658 Β
1916 4564 1969 4611 et
2001 4567 2061 4613 ut
2088 4561 2308 4630 quidam
2338 4568 2555 4637 sapiens
2582 4558 2716 4626 dicit
2746 4591 2760 4627 :
2797 4564 2965 4632 Vacat
3003 4579 3107 4636 hoc
3139 4588 3381 4653 tempore
3410 4558 3511 4654 po-

1919 4654 2155 4711 tentibus
2187 4661 2524 4731 opprimere,
2558 4668 2788 4736 privatis
2816 4674 3077 4743 perdere,
3110 4678 3326 4732 miseris
3354 4678 3508 4734 ﬂere.

1991 4747 2097 4805 Sed
2124 4752 2256 4822 quid
2286 4753 2428 4810 inter
2450 4757 2567 4814 haec
2595 4772 2766 4817 restat
2790 4767 3089 4836 agendum,
3119 4769 3223 4822 nisi
3254 4776 3313 4821 ut
3336 4766 3393 4823 in
3418 4770 3515 4826 illo

1915 4843 2237 4913 prophetico
2267 4846 2566 4915 volumine,
2600 4852 2653 4907 in
2694 4869 2800 4925 quo
2841 4858 3047 4927 scripta
3087 4867 3215 4914 sunt
3240 4858 3521 4916 lamenta-

1913 4932 2125 5003 tiones,
2163 4942 2395 4994 carmen
2415 4950 2470 4996 et
2497 4944 2737 5009 vae,‘die
2770 4957 3050 5017 noctuque
3079 4949 3431 5016 meditemur,
3466 4962 3532 5008 ut

1915 5024 2044 5081 dum
2070 5028 2186 5083 ﬁlia
2211 5028 2502 5102 Babylonis
2528 5034 2729 5091 misera
2757 5036 2939 5109 (Psal.
2963 5038 3212 5108 cxxxvi)
3235 5024 3257 5100 ,
3276 5037 3387 5091 hoc
3411 5054 3512 5098 est
3528 5082 3546 5108 ,

1913 5120 2100 5193 iniqua
2167 5118 2765 5192 nospersequentium
2826 5128 3137 5188 multitudo
3197 5125 3559 5190 retribuente

1914 5212 2150 5271 Domino
2183 5214 2409 5283 recipiet
2438 5215 2861 5273 retributionem
2882 5258 2896 5283 ,
2929 5233 3116 5288 quam
3146 5215 3410 5276 retribuit
3452 5216 3589 5281 no;
3624 5207 3629 5212 ’

1911 5303 1993 5334 Ida
2026 5304 2179 5334 IIL:J
2207 5302 2224 5334 \

2303 5302 2509 5334 οηῗΙῖΛΛο
2548 5320 2629 5334 um
2665 5323 2909 5334 “4...-..nn
2995 5326 3034 5334 ...ι
3060 5329 3105 5334 --
3145 5320 3250 5334 ..Α-ρ
3282 5303 3541 5334 Ianua“...
