4024 5370
250 438 391 499 1155

1242 441 1333 497 DE
1367 439 1577 497 VARIA
1611 440 1860 497 PSALM.
1902 440 1992 498 ET
2028 438 2231 498 CANT.
2272 439 2535 500 MODUL.

3384 456 3524 515 1154

244 563 400 619 sexta
427 552 614 622 editio,
643 553 711 610 de
740 568 846 624 qua
864 553 1058 611 beatus
1071 553 1467 628 Hieronymus:
1499 574 1519 608 ι
1540 553 1699 621 lllud,
1739 558 1826 611 in-
1855 561 1907 622 Α
1932 569 2057 628 post
2084 553 2261 627 prima
2289 560 2558 614 elementa
2588 556 2765 616 solent
2791 560 3004 618 discere
3028 560 3366 635 psalmorum
3394 587 3520 630 car-

245 652 385 725 quit,
408 651 651 708 breviter
670 650 956 717 admoneo,
988 657 1049 706 ut
1073 650 1261 706 sciatis
1290 649 1451 706 aliam
1492 666 1613 707 esse
1638 638 1833 709 editio-

243 760 391 813 nem,
415 760 577 815 quam
607 741 870 816 Origenes
895 752 951 799 et
968 741 1597 802 CmsariensisEusebius
1617 762 1836 805 omnes-

241 856 349 913 que
380 838 607 898 Graecia:
652 849 974 897 tractatores
1023 854 1195 907 Kotvn,
1239 840 1295 897 id
1343 849 1428 897 est
1473 841 1831 902 Communem

241 933 516 1006 appellant
538 942 702 1005 atque
728 931 1045 1004 Vulgatam;
1076 932 1235 988 aliam
1261 932 1410 989 LXX
1441 932 1830 1005 lnterpretum,

241 1038 363 1095 quae
395 1025 446 1079 in
477 1025 710 1091 ἑξαπλοις
754 1025 1033 1081 codicibus
1064 1025 1356 1096 reperitur,
1386 1036 1444 1082 et
1487 1041 1519 1082 a
1568 1029 1727 1084 nobis
1774 1029 1832 1087 in

238 1114 493 1171 Latinum
520 1132 827 1174 sermonem
868 1117 1101 1174 ﬁdeliter
1128 1133 1289 1175 versa
1319 1127 1423 1186 est,
1455 1128 1512 1175 et
1538 1119 1595 1175 in
1640 1119 1833 1177 Hiero-

239 1208 463 1280 solyma:
491 1217 654 1281 atque
697 1209 752 1265 in
789 1208 1029 1267 Orientis
1047 1210 1314 1268 Ecclesiis
1342 1212 1688 1268 decantatur.
1709 1232 1729 1266 ι
1761 1213 1831 1270 Et

238 1299 400 1371 paulo
420 1309 543 1371 post
562 1301 758 1356 iterum
776 1302 971 1360 infert:
995 1321 1015 1355 ‹
1039 1304 1183 1359 sicut
1205 1305 1456 1360 autemin
1476 1303 1628 1362 Novo
1641 1306 1831 1363 Testa-

238 1403 445 1460 mento,
472 1393 516 1448 si
551 1394 766 1464 quando
794 1395 933 1466 apud
967 1394 1193 1455 Latinos
1223 1397 1453 1468 quaestio
1478 1400 1745 1466 exoritur,
1776 1408 1833 1457 et

236 1495 320 1542 est
346 1486 490 1542 inter
515 1488 848 1557 exemplaria
875 1489 1135 1556 varietas,
1164 1491 1543 1547 concurrimus
1586 1493 1656 1548 ad
1700 1491 1829 1549 fon-

239 1586 345 1634 tem
367 1578 546 1636 Graeci
572 1581 864 1649 sermonis,
878 1597 986 1653 quo
1004 1598 1204 1639 novum
1226 1585 1487 1655 scripturn
1512 1594 1598 1642 est
1626 1586 1830 1643 instru-

236 1678 513 1735 mentum;
544 1670 617 1725 ita
648 1671 706 1726 in
739 1672 926 1728 Veteri
970 1672 1339 1744 Testamento,
1367 1676 1414 1731 si
1440 1676 1659 1746 Quando
1686 1677 1829 1734 inter

233 1757 453 1816 Graecos
501 1759 835 1833 Latinosque
888 1763 1177 1822 diversitas
1223 1777 1330 1833 est,
1382 1768 1453 1825 ad
1499 1767 1827 1826 Hebraicam

233 1850 576 1924 contingimus
602 1855 909 1925 veritatem,
938 1869 1000 1913 ut
1027 1857 1292 1929 quidquid
1321 1858 1388 1914 de
1432 1859 1583 1916 fonte
1606 1861 1829 1931 prolici-

1935 648 2103 717 mina,
2134 649 2401 721 imprimis
2426 650 2628 723 incipio
2643 653 2928 709 exordium
2971 670 3193 717 sumens
3219 676 3252 718 a
3284 664 3520 725 timore:

1934 740 2064 811 quia
2097 741 2307 796 initium
2346 743 2617 813 sapientia:
2648 747 2807 799 timor
2841 744 3056 802 Domini
3094 760 3169 805 est
3215 751 3389 823 (Psal.
3430 773 3521 827 cx,

1935 828 2047 901 10),
2099 840 2160 886 ιιι
2189 846 2286 901 per
2317 832 2566 889 timorem
2612 836 2996 906 perveniamus
3045 839 3115 896 ad
3169 842 3519 917 cbaritatem,

1932 924 2293 995 qureperfecta
2308 923 2453 995 [oras
2480 925 2634 981 mittit
2666 926 2905 984 timorem
2932 929 2982 1002 (Ι
3015 930 3179 989 Joan.
3208 952 3282 1004 tv,
3310 939 3419 1011 18).
3453 941 3523 999 Et

1933 1029 2042 1069 non
2070 1012 2245 1070 solum
2267 1015 2323 1070 in
2351 1024 2537 1080 cantu,
2559 1031 2748 1073 verum
2774 1020 2940 1076 etiam
2965 1021 3021 1077 in
3048 1023 3174 1081 aliis
3196 1028 3523 1097 quibusdam

1933 1108 2085 1176 locis,
2116 1109 2208 1164 ubi
2235 1106 2420 1165 nostra
2447 1118 2505 1166 et
2531 1108 2776 1169 Romana
2806 1115 2975 1172 editio
3007 1116 3066 1174 in
3091 1119 3273 1180 verbis
3317 1123 3523 1183 discre-

1931 1216 2063 1272 pare
2086 1202 2361 1270 videntur,
2387 1215 2582 1261 notare
2603 1206 2850 1264 nitimur.

2001 1294 2190 1366 Itaque
2234 1296 2556 1368 anttpbonas
2603 1299 2690 1355 vel
2730 1304 3325 1381 communiones,qua:,
3364 1314 3523 1385 juxta

1933 1384 2239 1442 Romanum
2282 1386 2609 1446 Psalterium
2656 1398 3199 1458 canuntur:Servite
3218 1384 3443 1464 Domino
3464 1410 3522 1466 in

1931 1478 2137 1546 timore,
2165 1489 2213 1536 et
2239 1481 2495 1537 exsultate
2525 1485 2573 1539 ei
2600 1502 2720 1541 cum
2748 1496 2996 1559 tremore,
3017 1508 3117 1549 nos
3144 1494 3298 1564 juxta
3338 1516 3522 1561 emen-

1932 1570 2203 1627 dationem
2235 1572 2381 1629 beati
2431 1574 2748 1649 Hieronymi
2790 1582 3522 1652 canimuszEtexsultateei

1930 1661 1986 1717 in
2017 1672 2259 1719 tremore.
2291 1664 2349 1721 In
2379 1667 2539 1722 tertio
2588 1669 2824 1740 psalmo,
2866 1674 2961 1731 ubi
2991 1676 3069 1733 illi
3127 1692 3331 1738 canunt
3365 1702 3379 1738 :
3406 1684 3520 1757 Ego

1930 1752 2152 1810 dormivi
2204 1765 2252 1811 et
2310 1775 2570 1815 sommum
2629 1763 2782 1832 cepi;
2838 1767 3128 1841 noszEgo
3191 1772 3413 1831 dormivi
3455 1752 3521 1833 vet

1931 1859 2207 1919 soporatus
2266 1868 2401 1906 sum.
2450 1853 2511 1908 ln
2554 1865 2751 1927 quarto
2788 1860 3019 1929 psalmo,
3046 1865 3137 1919 ubi
3166 1866 3243 1923 illi
3271 1881 3517 1928 canunt:

232 1941 423 2009 scitur,
454 1944 559 2000 hoc
587 1959 897 2015 quaeramus
945 1947 1000 2002 in
1030 1947 1241 2004 rivulis.
1293 1962 1445 2010 Koma
1485 1958 1666 2006 autem
1695 1952 1824 2022 ista,

1933 1937 2064 1996 Cum
2090 1942 2385 1998 invocarem
2425 1955 2506 2013 te,
2533 1956 2581 2001 et
2602 1950 2865 2006 exaudiin
2901 1971 2980 2009 me
3004 1954 3178 2025 Deus;
3228 1976 3327 2017 nos
3381 1963 3521 2019 dici-

229 2033 333 2091 hoc
378 2044 469 2093 est
511 2038 829 2095 Communis
856 2040 1043 2105 editio,
1101 2041 1218 2113 ipsa
1250 2051 1336 2099 est
1384 2060 1506 2114 quae
1556 2055 1611 2102 ct
1655 2045 1822 2115 LXX,

229 2127 322 2183 sed
351 2127 460 2185 hoc
484 2129 715 2187 interest
742 2132 887 2187 inter
910 2141 1219 2203 utramque,
1240 2135 1386 2205 quod
1411 2159 1547 2197 κοινη
1569 2154 1668 2207 pro
1690 2139 1824 2196 locis

228 2230 282 2278 et
312 2225 667 2293 temporibus,
718 2234 775 2282 et
820 2242 922 2298 pro
965 2227 1250 2283 voluntate
1295 2228 1625 2300 scriptorum
1656 2230 1823 2290 Vetus

226 2324 488 2387 corrupta
541 2316 709 2373 editio
760 2326 875 2385 est;
933 2333 998 2374 ea
1052 2327 1257 2386 autem,
1317 2336 1438 2390 qua:
1496 2322 1729 2378 habetur
1766 2324 1826 2380 in

224 2410 486 2477 ἇξαπλοις,
542 2420 599 2467 et
642 2426 806 2483 quam
852 2427 952 2468 nos
980 2412 1264 2479 vertimus,
1297 2412 1416 2481 ipsa
1467 2422 1554 2469 est
1597 2430 1719 2484 qua:
1764 2415 1822 2470 in

225 2504 569 2559 eruditorum
616 2503 771 2560 libris
815 2503 1130 2576 incorrupta
1180 2511 1238 2561 et
1286 2505 1634 2561 immaculata
1677 2505 1824 2563 LXX

224 2595 595 2669 lnterpretum
649 2598 1004 2655 translatione
1053 2607 1325 2655 servatur.
1378 2599 1653 2671 Quidquid
1691 2616 1824 2673 ergo

227 2691 294 2747 ab
337 2691 445 2747 hac
485 2690 782 2763 discrepat,
814 2692 951 2748 nulli
999 2692 1222 2749 dubium
1262 2699 1347 2749 est
1388 2693 1520 2763 quin
1564 2693 1642 2748 ita
1670 2700 1727 2748 et
1754 2693 1823 2751 ab

224 2777 581 2839 Hebraeorum
599 2784 924 2840 auctoritate
939 2784 1236 2840 discordet.
1268 2802 1289 2838 ι
1326 2782 1618 2855 Hucusque
1631 2783 1824 2842 Hiero-

224 2888 444 2946 nymus.
504 2875 605 2931 Hic
655 2876 777 2932 talis
812 2890 878 2931 ac
926 2884 1113 2932 tantus
1147 2875 1443 2945 aliquando
1479 2877 1549 2932 ad
1583 2877 1824 2934 tribunal

224 2968 417 3023 aeterni
465 2965 674 3024 Judicis
706 2977 914 3039 raptus,
965 2969 1058 3024 ubi
1108 2969 1291 3024 divina
1339 2969 1713 3041 increpatione
1738 2981 1825 3030 est

225 3060 558 3126 admonitus,
606 3070 667 3115 ut
712 3060 907 3117 studiis
956 3060 1157 3118 divinis
1206 3061 1486 3120 insisteret
1522 3071 1579 3121 et
1616 3072 1824 3123 sanctas

224 3149 487 3208 Ecclesia:
515 3151 737 3209 utilitati
770 3154 1094 3210 deserviret.

290 3244 527 3300 4.1nter
554 3254 753 3301 caetera
800 3260 868 3300 ex
921 3245 1208 3302 emendata
1259 3244 1408 3304 LXX
1458 3246 1823 3321 Interpretum

1930 2049 2089 2090 mus:
2136 2033 2269 2089 Cum
2314 2037 2643 2107 invocarem,
2694 2045 2960 2100 exaudivit
3010 2064 3093 2102 me
3135 2049 3276 2107 Deus
3292 2053 3520 2124 justitiw

1928 2142 2075 2182 mete.
2107 2126 2260 2195 Quod
2289 2143 2419 2185 vero
2446 2145 2479 2185 a
2517 2132 2690 2200 prima
2733 2149 2964 2205 persona
3008 2139 3190 2195 subito
3224 2145 3419 2200 transit
3449 2147 3521 2202 ad

1926 2220 2216 2274 secundam
2261 2220 2335 2275 ita
2366 2221 2591 2278 dicens:
2618 2223 2689 2279 In
2714 2226 3053 2286 tribulatione
3094 2232 3334 2291 dilatasti
3364 2239 3516 2307 mihi,

1927 2326 2081 2368 more
2105 2314 2347 2371 omnium
2376 2317 2764 2388 prophetarum
2804 2323 2903 2392 ait,
2929 2326 3023 2397 qui
3058 2329 3232 2385 solent
3274 2342 3518 2405 tempora

1925 2412 1983 2461 et
2003 2419 2263 2476 personas
2291 2408 2590 2479 saepissime
2606 2422 2921 2481 permutare
2941 2428 2998 2475 et
3016 2421 3515 2486 rationis.ordinetn

1926 2498 2022 2554 tali
2053 2500 2213 2556 modo
2241 2499 2553 2561 observare.

1995 2589 2059 2646 In
2088 2592 2277 2662 quinto
2329 2594 2538 2666 psalmo
2570 2614 2585 2653 :
2621 2598 2802 2672 Dirige
2843 2602 2899 2658 in
2925 2618 3199 2677 conspectu
3242 2620 3335 2667 tuo
3380 2615 3520 2671 viam

1926 2701 2129 2752 meam;
2159 2688 2325 2757 quod,
2350 2698 2410 2745 ut
2438 2688 2503 2746 B.
2532 2691 2897 2767 Hieronymus
2924 2699 3076 2770 dicit,
3109 2719 3211 2761 nec
3238 2704 3384 2763 LXX
3422 2710 3517 2765 ha-

1923 2777 2076 2847 bent,
2104 2794 2205 2873 nec
2232 2781 2445 2852 Aquila,
2478 2800 2583 2843 nec
2611 2786 2993 2862 Symmachus,
3024 2811 3126 2854 nec
3152 2796 3517 2873 Theodotion,

1925 2872 2021 2927 sed
2047 2872 2161 2929 sola
2173 2888 2324 2937 Κοινη
2347 2877 2516 2934 editio
2539 2878 2721 2938 habet.
2755 2884 3014 2958 Denique,
3044 2891 3187 2947 sicut
3206 2894 3263 2950 in
3281 2872 3515 2956 Hebraeo

1924 2966 2188 3037 scriptum
2227 2977 2331 3039 est,
2363 2978 2553 3030 omnes
2582 2991 2715 3033 voce
2762 2979 2926 3037 simili
2965 2986 3522 3047 transtuleruntzbic

1922 3060 2034 3132 rige
2058 3063 2114 3118 in
2163 3077 2439 3136 conspectu
2484 3084 2598 3123 meo
2644 3070 2783 3126 viam
2822 3083 2989 3143 tuam,
3036 3082 3335 3138 secundum
3383 3080 3520 3143 illud

1924 3155 2069 3225 quod
2125 3156 2184 3211 in
2228 3159 2475 3215 oratione
2524 3160 2807 3220 Dominica
2843 3166 3277 3228 diciturzPater
3319 3186 3517 3245 noster,

1924 3248 2016 3319 qui
2043 3266 2098 3303 es
2143 3250 2201 3305 in
2244 3251 2409 3321 cretis,
2439 3256 2799 3324 sancti/iretur
2845 3276 3034 3318 nomen
3062 3274 3245 3334 tuum;
3273 3284 3380 3325 non
3409 3282 3519 3339 quo

225 3338 581 3395 translatione
602 3326 925 3395 Psalterium
976 3354 1045 3396 ex
1066 3338 1256 3397 Graeco
1285 3340 1343 3396 in
1370 3340 1628 3398 Latinum
1654 3345 1822 3401 vertit
1848 3331 1894 3397 C
1924 3338 2083 3396 nobis
2104 3342 2389 3401 orantibus
2414 3345 2792 3404 sanctiﬂcetur
2818 3350 2876 3406 in
2903 3353 3063 3410 nobis
3088 3374 3101 3409 :
3127 3326 3258 3429 ergo
3289 3370 3343 3414 et
3370 3326 3518 3417 nunc

225 3428 465 3502 illudque
495 3433 826 3488 cantandum
876 3432 1132 3488 omnibus
1164 3430 1354 3488 Galliae
1400 3448 1466 3489 ac
1493 3435 1820 3505 quibusdam

225 3523 533 3581 Germania:
558 3525 820 3583 Ecclesiis
860 3526 1110 3593 tradidit;
1145 3535 1202 3583 et
1227 3528 1300 3584 ob
1329 3528 1438 3584 hoc
1477 3527 1820 3587 Gallicanum

224 3613 554 3672 Psalterium
584 3617 880 3688 appellant,
916 3618 1184 3674 Romanis
1218 3619 1403 3677 adhuc
1444 3636 1514 3677 ex
1562 3633 1819 3694 corrupta

230 3702 458 3776 Vulgata
486 3706 729 3763 editione
750 3706 1079 3764 Psalterium
1106 3711 1452 3779 canentibus,
1478 3726 1547 3767 ex
1574 3729 1681 3784 qua
1712 3714 1822 3770 Ro-

225 3799 371 3853 mani
392 3807 614 3854 cantum
637 3810 1068 3871 composuerunt
1087 3802 1356 3873 nobisque
1377 3819 1538 3860 usum
1561 3808 1820 3863 cantandi

225 3892 689 3947 contradiderunt.
740 3890 894 3949 Unde
939 3894 1139 3950 accidit
1183 3895 1330 3964 quod
1378 3895 1568 3964 verba,
1615 3913 1737 3969 qua:
1762 3898 1821 3955 in

226 3979 435 4037 diurnis
463 3981 548 4037 vel
578 3981 944 4039 in'nocturnis
990 3980 1186 4040 ofﬁciis
1235 3985 1467 4041 canendi
1520 4002 1673 4043 more
1698 4003 1819 4045 mo-

228 4073 499 4142 dulantur,
532 4075 1009 4132 intermisceantur
1028 4086 1085 4134 et
1107 4076 1337 4135 confuse
1364 4080 1569 4135 nostris
1596 4080 1821 4151 psalmis

228 4165 558 4235 inserantur,
585 4177 647 4225 ut
676 4186 709 4225 a
735 4171 915 4227 minus
944 4170 1135 4241 peritis
1161 4171 1313 4228 haud
1351 4170 1513 4228 facile
1542 4174 1718 4242 possit
1742 4174 1823 4232 di-

228 4263 400 4319 scerni
433 4264 566 4335 quid
606 4272 813 4321 nostra:
838 4264 925 4320 vel
952 4263 1213 4321 Romanae
1245 4266 1537 4322 conveniat
1571 4267 1819 4324 editioni.

230 4352 382 4422 Quod
406 4356 532 4427 pius
561 4364 718 4427 pater
742 4371 809 4411 ac
834 4358 1044 4427 peritus
1099 4356 1382 4429 magister,
1429 4356 1818 4432 Hieronymus,

230 4443 470 4517 intuens,
500 4457 615 4504 tres
644 4447 915 4505 editiones
948 4448 1005 4504 in
1041 4464 1151 4504 uno
1184 4448 1458 4505 volumine
1477 4451 1818 4521 composuit:

230 4533 567 4594 Gallicanum
595 4538 942 4605 Psalterium,
988 4540 1134 4610 quod
1162 4555 1264 4597 nos
1291 4541 1560 4609 canimus,
1589 4542 1818 4599 ordina-

230 4629 306 4686 vit
334 4631 388 4687 in
428 4647 534 4689 una
571 4633 849 4701 columna,
895 4634 951 4689 in
981 4633 1153 4691 altera
1196 4634 1524 4702 Romanum,
1555 4635 1612 4692 in
1656 4637 1819 4695 tertia

1923 3433 2195 3506 Propheta
2222 3439 2485 3508 postulat,
2510 3450 2570 3498 ut
2599 3444 2687 3499 via
2716 3444 2953 3516 Domini,
2985 3464 3106 3519 quae
3150 3466 3249 3523 per
3279 3468 3338 3510 se
3368 3464 3517 3512 recta

1922 3535 2029 3594 est,
2050 3529 2215 3585 etiam
2246 3531 2347 3587 sibi
2372 3542 2522 3590 recta
2553 3535 2666 3591 ﬁat.

1992 3620 2051 3676 ln
2074 3630 2228 3678 sexto
2254 3623 2482 3694 psalmo,
2512 3626 2603 3681 ubi
2632 3627 2708 3683 illi
2734 3639 2980 3687 canunt:
3006 3632 3244 3700 Domine,
3271 3653 3333 3691 ne
3354 3638 3409 3692 in
3433 3638 3518 3695 ira

1923 3724 2017 3769 tua
2039 3730 2235 3785 arguas
2262 3732 2363 3783 me,
2392 3733 2555 3787 neque
2575 3720 2633 3773 in
2661 3719 2841 3789 furore
2864 3732 2960 3778 tuo
2983 3726 3243 3795 corripias
3271 3745 3385 3794 me;
3417 3746 3519 3788 nos

1925 3808 2208 3865 canimus:
2232 3809 2477 3875 Domine,
2503 3827 2567 3867 ne
2587 3812 2643 3867 in
2666 3812 2848 3883 furore
2875 3823 2967 3871 tuo
2997 3834 3193 3889 arguas
3218 3837 3321 3888 me,
3350 3839 3517 3896 neque

1922 3899 1981 3955 in
2006 3900 2089 3955 ira
2115 3910 2206 3955 tua
2234 3902 2491 3971 corripias
2518 3919 2617 3958 me.
2635 3904 2769 3960 Item
2792 3924 2806 3960 :
2830 3903 3163 3977 Convertere,
3190 3911 3433 3979 Domine,
3468 3923 3517 3969 et

1922 3992 2065 4062 eripe
2117 3993 2350 4048 animam
2395 4011 2602 4063 meam;
2629 4012 2730 4054 nos
2760 3999 2991 4056 dicimus
3019 4001 3384 4072 :Convertere,
3406 4005 3517 4062 Do-

1922 4086 2085 4151 mine,
2121 4086 2262 4156 eripe
2294 4088 2529 4143 animam
2576 4106 2766 4147 meam.
2811 4092 2871 4147 In
2901 4095 3153 4165 septimo,
3186 4098 3276 4154 ubi
3323 4099 3398 4155 illi
3427 4114 3520 4155 ea.

1923 4179 2367 4253 nunt:E:csurge,
2397 4184 2625 4241 Domine
2654 4187 2799 4243 Deus
2823 4204 2992 4258 meus,
3017 4191 3074 4245 in
3100 4203 3356 4264 prtecepto
3371 4210 3391 4260 ;
3415 4208 3516 4253 nos

1923 4269 2155 4327 dicimus
2185 4290 2199 4326 :
2227 4282 2276 4328 et
2296 4289 2541 4346 exsurge,
2571 4277 2814 4336 Domine.

1993 4363 2050 4418 In
2075 4372 2272 4422 octavo
2297 4366 2506 4436 psalmo
2538 4386 2554 4426 :
2598 4367 2759 4426 Video
2788 4373 2942 4429 caelos
2970 4386 3106 4445 tuos,
3140 4391 3250 4433 non
3284 4376 3520 4436 habetur

1923 4453 1978 4509 in
2004 4454 2213 4523 Graeco,
2244 4459 2339 4513 sed
2393 4460 2452 4514 in
2500 4459 2730 4518 Hebraeo
2779 4464 2978 4537 legitur
3017 4476 3185 4551 ’βω
3229 4467 3518 4539 Samecha,

1923 4548 2068 4618 quod
2093 4548 2488 4620 interpretatur
2511 4552 2666 4607 cetos
2710 4563 2852 4623 tuos,
2893 4567 2949 4614 et
2978 4548 3053 4615 de
3078 4560 3318 4617 editione
3339 4561 3520 4620 Theo-

1923 4638 2159 4697 dotionis
2215 4642 2273 4696 in
2321 4642 2471 4698 LXX
2512 4644 2911 4717 lnterpretibus
2969 4652 3215 4708 additum
3274 4661 3359 4708 est
3415 4654 3518 4711 sub

232 4717 538 4781 Hebraeum.
568 4725 636 4782 Et
664 4727 977 4798 ubicunque
1001 4727 1205 4798 aliquid
1232 4727 1287 4783 in
1309 4735 1501 4784 nostro
1526 4728 1820 4800 interposi-
1841 4702 1897 4765 D
1922 4736 2184 4792 asterisco
2206 4738 2295 4806 χ.
2327 4736 2430 4793 Ubi
2454 4702 2689 4797 Romani

233 4819 345 4871 tum
367 4826 452 4873 est
477 4819 621 4887 quod
660 4818 717 4875 in
749 4818 976 4878 Hebraeo
1020 4836 1130 4876 non
1164 4822 1418 4888 habetur,
1443 4823 1623 4890 obolo,
1653 4823 1709 4879 id
1732 4833 1819 4882 est

234 4916 383 4974 veru,
415 4901 597 4964 taliter
620 4925 746 4966 cum
791 4911 893 4967 hoc
920 4912 1075 4983 signo
1100 4913 1311 4969 notavit
1334 4926 1397 4968 οε-
1423 4930 1441 4980 ;
1463 4914 1553 4971 ubi
1593 4929 1725 4972 vero
1747 4929 1816 4972 ex

234 4991 458 5056 Hebraeo
485 5000 685 5071 aliquid
715 5004 941 5071 addidit,
964 5019 1089 5060 cum
1129 5006 1415 5073 asterisco,
1447 5005 1506 5062 id
1537 5014 1624 5064 est
1654 5007 1815 5064 stella

238 5084 320 5134 Υ-
347 5090 452 5134 hnc
482 5094 643 5134 mmIn
668 5095 981 5134 illnnaennrn
1011 5095 1134 5134 frmi!

1925 4837 2038 4884 ctus
2060 4839 2135 4884 est
2164 4832 2627 4902 pauper:pupillo
2669 4843 2726 4889 tu
2762 4837 2870 4891 eris
2913 4837 3166 4907 adjutor;
3193 4850 3295 4890 nos
3330 4836 3522 4895 relicto

1923 4925 2063 4978 enim
2092 4921 2364 4979 dicimus:
2397 4921 2515 4977 Tibi
2557 4925 2840 4982 derelictus
2887 4937 2961 4981 est
3009 4943 3235 4997 pauper,
3287 4927 3525 4997 orpharto

1922 5022 1980 5068 tu
2000 5015 2105 5069 eris
2134 5014 2374 5083 adjutor.
2401 5013 2458 5068 In
2486 5014 2580 5070 illo
2606 5016 2817 5085 psalmo
2847 5033 2862 5070 :
2889 5016 3040 5072 Dixit
3061 5016 3342 5087 insipiens,
3370 5016 3531 5076 (inito

1920 5120 2082 5134 ..Α-ι..-
2115 5124 2129 5134 ο
2163 5104 2359 5134 Πακκ-.
2408 5105 2800 5134 λληλδκηυλοιικι
2875 5115 2981 5134 ο-Αη
3040 5109 3128 5134 --ηε
3180 5115 3496 5134 ηΑηιΙιιηιιι-
3516 5125 3533 5134 ι
