4024 5370
515 396 656 457 “35

1593 382 1938 446 BERNONIS
1974 377 2263 437 ABBATIS
2301 371 2666 433 AUGIENSIS
2749 442 2755 451 τ

3653 363 3799 423 “56

514 526 564 572 et
585 511 1099 570 benedicluereditati
1122 518 1260 574 tute;
1284 513 1528 563 nostrum
1548 504 1869 560 Psaltertum
1891 502 2089 557 habet:
2121 502 2171 562 Α
2196 494 2255 552 in
2303 496 2541 552 secundo
2575 504 2777 557 autem,
2816 492 2868 548 id
2894 499 2977 547 est
3011 489 3065 546 in
3097 490 3200 545 line
3226 488 3395 563 ipsius
3425 486 3654 560 psalmi:
3688 488 3795 543 Sa-

513 600 735 675 Salvum
762 607 849 675 fac
876 603 1125 676 papulum
1150 611 1197 657 et
1229 600 1441 655 benedic
1487 596 1787 680 Itazreditati
1828 607 1955 652 tute.
1998 593 2101 652 Ubi

493 696 589 755 illi
627 706 829 755 canunt
869 715 883 752 :
933 697 1046 769 Ego
1101 705 1276 751 autem
1324 710 1442 748 cum
1477 692 1692 763 justitia
1740 690 1997 761 apparebo
2047 689 2102 743 in

510 803 790 865 conspectu
825 803 948 858 tuo;
986 791 1239 857 satiabor,
1292 788 1417 842 dum
1466 784 1891 857 munifestabitur
1931 782 2103 854 gloria

494 893 645 951 'tua;
684 901 785 941 nos
835 884 1110 940 dicimus:
1142 881 1256 953 Ego
1301 888 1476 935 autem
1504 879 1560 932 in
1580 876 1796 949 justitia
1842 868 2103 945 apparebo

490 976 808 1046 conspectui
841 984 965 1041 tuo;
994 972 1261 1035 satiabor,‘
1283 986 1401 1024 cum
1425 967 1728 1040 apparuerit
1757 965 1927 1036 gloria
1953 973 2065 1017 tua.

494 1078 543 1090 “
582 1063 643 1122 In
686 1067 896 1138 psalmo
944 1081 1065 1121 xvn
1110 1082 1123 1118 :
1170 1063 1296 1118 Prae
1338 1061 1541 1133 fulgore
1577 1061 1633 1115 in
1676 1067 1951 1129 conspectu
1988 1056 2103 1127 ejus

491 1155 674 1212 'mtbes
699 1157 1043 1222 transierunt,
1077 1154 1207 1210 dicit
1232 1153 1295 1208 Β.
1327 1151 1682 1208 Cassiodorus
1709 1167 1723 1204 :
1762 1164 1869 1205 non
1894 1157 1978 1206 est
2000 1148 2103 1203 iste

511 1263 705 1306 versus
758 1248 917 1304 facile
981 1247 1370 1304 trause'undus.
1410 1244 1535 1300 Pra:
1570 1243 1774 1314 fulgore
1814 1257 1922 1297 una
1972 1256 2102 1312 pars

494 1322 779 1398 arationis
819 1332 921 1405 est,
972 1340 1027 1394 id
1066 1348 1150 1395 est
1202 1336 1572 1394 nominativus
1605 1334 1853 1406 pluralis,
1910 1342 1966 1389 et
2010 1349 2102 1390 re-

496 1431 746 1507 spondet
791 1432 860 1487 ad
917 1431 1115 1495 nubes;
1161 1415 1352 1487 nubes
1398 1436 1605 1494 autem,
1655 1426 1796 1484 sicut
1849 1427 2103 1496 superius

514 1527 720 1583 dictum
757 1521 876 1590 est,
902 1522 1314 1595 praedicatores
1351 1522 1519 1579 divini
1564 1522 1717 1578 verbi
1767 1519 2099 1591 intelligendi

510 1615 661 1678 sunt.
689 1619 749 1675 In
779 1619 988 1690 psalmo
1014 1634 1149 1673 xvm
1179 1636 1191 1671 :
1222 1615 1522 1671 Exsultavit
1549 1625 1605 1670 ut
1622 1617 1770 1688 gigas
1793 1614 1862 1671 ad
1888 1631 2103 1669 curren-

508 1712 645 1768 dam'
664 1714 799 1769 viam
828 1708 1011 1777 suam;
1046 1725 1150 1768 nec
1193 1710 1249 1767 in
1273 1710 1485 1777 Graeco,
1515 1726 1618 1767 nec
1649 1711 1703 1765 in
1741 1708 1969 1766 Hebraeo
2002 1710 2099 1765 ha-

506 1805 671 1863 betur
698 1822 870 1872 suant,
925 1804 1020 1860 sed
1067 1816 1096 1859 a
1144 1804 1304 1859 beato
1343 1802 1678 1875 Hieronymo
1720 1802 1822 1858 sub
1851 1817 2006 1867 veru,
2045 1802 2098 1857 id

2204 589 2375 644 (utare
2413 587 2585 645 vultus
2616 586 2717 642 mei
2739 595 2787 641 et
2815 584 2956 640 Deus
2979 599 3125 638 meus
3155 623 3169 648 ,
3195 582 3268 637 ita
3303 583 3593 646 duntaxat,
3641 589 3698 634 ut
3742 588 3801 635 et

2182 682 2516 754 coniunctio
2545 681 2613 737 de
2652 679 2880 736 Hebraeo
2909 687 2965 733 ct
2999 676 3367 757 Theodotione
3394 675 3495 730 sub
3524 674 3801 729 asterisco

2205 775 2274 843 χ(
2297 772 2540 827 additum
2566 771 2657 828 sit.
2712 771 2773 826 lu
2795 757 2991 827 eodem
3019 786 3032 823 :
3058 768 3529 839 ‘Exprobraverttnt
3552 766 3684 820 mihi
3703 766 3801 836 qui
3852 756 3857 765 ’

2187 861 2459 919 'tribulant
2502 852 2595 917 me
2631 861 2833 918 inimici
2844 851 2985 927 'mei,
3016 860 3159 931 quod
3202 858 3342 929 apud
3371 857 3654 913 Romanos
3682 870 3797 911 non

2184 955 2454 1021 habetur,
2512 955 2607 1011 sed
2644 956 2696 1011 in
2727 954 2952 1010 llehraro
3000 953 3234 1026 positum
3274 960 3356 1007 est
3383 970 3397 1007 :
3424 950 3799 1023 Exprobraee-

2203 1056 2328 1101 runt
2356 1045 2485 1101 ntihi
2515 1046 2689 1100 hostes
2720 1046 2845 1100 mei.

2185 1152 2195 1156 ν
2274 1136 2333 1192 lu
2374 1136 2584 1208 psalmo
2631 1151 2763 1192 mn
2815 1137 3114 1193 secundum
3160 1135 3465 1191 Romanum
3522 1134 3796 1206 scriptum

2202 1238 2287 1283 est
2317 1241 2333 1282 :
2375 1228 2444 1282 Et
2472 1245 2576 1283 non
2622 1228 2923 1299 egredieris,
2958 1228 3122 1295 Deus,
3153 1229 3209 1282 in
3239 1228 3514 1284 virtutibus
3558 1230 3797 1296 nostris;

2204 1320 2301 1376 sed
2326 1319 2472 1375 Deus
2502 1320 2575 1375 ibi
2602 1319 2932 1391 superﬂuum
2962 1330 3065 1376 est.
3110 1328 3243 1376 Item
3272 1320 3326 1376 in
3347 1320 3537 1377 eodem
3560 1320 3793 1392 psalmo,

2190 1412 2325 1467 cum
2348 1413 2401 1467 in
2431 1420 2594 1468 cantu
2619 1420 2676 1469 et
2715 1413 2770 1467 in
2819 1428 2977 1469 versu
2999 1411 3334 1484 psallamus:
3372 1411 3640 1484 Exsurge,
3687 1414 3800 1469 Do-

2188 1494 2367 1569 mine,
2401 1501 2596 1572 adjuva
2633 1520 2753 1570 nos,
2786 1513 2834 1558 et
2863 1502 3029 1558 libera
3052 1522 3146 1559 nos
3168 1514 3380 1576 propter
3398 1521 3587 1560 nomen
3609 1516 3795 1571 tuum;

2186 1596 2503 1653 secundum
2539 1598 2835 1653 editionem
2872 1607 3118 1655 nostram
3153 1598 3491 1654 solummodo
3517 1597 3793 1654 dicimus:

2207 1684 2466 1756 Exsurge,
2516 1686 2716 1757 adjuva
2762 1704 2856 1743 nos
2903 1698 2951 1743 et
2999 1688 3193 1743 redime
3221 1705 3316 1743 nos
3351 1699 3568 1759 propter
3608 1705 3798 1742 nomen

2206 1784 2377 1833 tuum.
2433 1777 2532 1834 Ubi
2592 1776 2823 1835 Romani
2863 1788 3124 1836 cantant:
3155 1779 3441 1850 Adjuvabit
3496 1796 3613 1835 eam
3654 1779 3795 1834 Deus

502 1900 603 1954 ἐει
655 1897 747 1953 tali
777 1863 932 1966 signo
960 1912 1022 1952 -t~
1046 1895 1288 1951 additum
1316 1903 1420 1950 est.
1450 1894 1510 1950 lu
1539 1863 1752 1960 eodem,
1776 1893 1869 1949 ubi
1901 1863 2097 1949 illica-

2203 1868 2351 1925 vultu
2381 1886 2498 1935 suo,
2532 1870 2675 1928 Deus
2724 1871 2778 1927 in
2826 1873 2998 1927 medio
3042 1871 3156 1943 ejus
3206 1888 3307 1927 non
3356 1871 3795 1938 commovebitur;

504 1996 683 2043 nunt:
709 1988 818 2044 Lex
837 1988 1045 2043 Domini
1066 1986 1562 2058 irreprehensibilis,
1588 2000 1709 2053 nos,
1741 1984 1850 2041 Lex
1888 1984 2100 2041 Domini

506 2080 875 2136 immaculata.
1067 2095 1069 2099 ‘
1378 2090 1384 2099 '
1932 2081 1936 2084 ’

502 2198 507 2207 ·
579 2170 639 2226 1η
680 2170 768 2226 illa
812 2169 1089 2227 oll‘erenda
1119 2189 1133 2225 :
1162 2169 1404 2226 Iustitia:
1450 2168 1667 2225 Domini
1722 2178 1877 2225 recta:
1921 2168 2100 2239 laniﬁ-

509 2269 694 2316 cantes
733 2261 920 2329 corda,
948 2263 1075 2334 quia
1113 2262 1309 2317 desunt
1338 2248 1435 2317 illa
1460 2262 1651 2328 verba,
1680 2277 1804 2333 qua:
1848 2262 1901 2317 in
1945 2261 2100 2317 Psal-

504 2350 651 2408 terio
672 2351 849 2422 posita
874 2361 1019 2418 sunt,
1045 2368 1218 2424 usque
1248 2353 1302 2407 in
1335 2352 1485 2407 illum
1517 2352 1697 2408 locum
1726 2370 1739 2407 :
1765 2352 1832 2406 Et
1856 2351 2099 2407 dulciora

505 2457 667 2514 super
707 2443 811 2500 mel
863 2452 912 2498 et
951 2426 1178 2513 favum;
1220 2443 1422 2499 rectius
1474 2458 1799 2500 caneremus
1825 2460 1838 2497 :
1867 2441 2100 2498 Iustitia:

506 2537 725 2595 Domini
781 2548 935 2593 recta:
980 2536 1307 2607 lwtiﬁcantes
1345 2538 1508 2593 corda
1555 2546 1604 2592 et
1645 2536 1908 2591 dulciores
1943 2551 2100 2606 super

503 2629 611 2685 mel
639 2640 689 2686 et
734 2631 935 2701 favum.
977 2629 1035 2684 In
1079 2629 1171 2685 illo
1213 2637 1413 2697 tractu,
1443 2630 1539 2686 ubi
1584 2628 1815 2685 Romani
1859 2638 2095 2684 canunt:

505 2720 913 2799 Annuntiabunt
945 2720 1060 2776 caeli
1088 2721 1356 2792 justitiam
1391 2722 1527 2792 ejus,
1565 2735 1665 2776 nos
1690 2719 1806 2775 coeli
1834 2735 1941 2775 non
1967 2719 2101 2775 dici-

504 2827 653 2879 mus,
684 2812 781 2870 sed
803 2798 1055 2868 canimus
1080 2827 1093 2867 :
1117 2798 1521 2867 Annuntiabunt
1542 2812 1810 2883 justitiam
1835 2811 1970 2882 ejus.
1995 2808 2099 2866 Ubi

506 2903 743 2961 Romani
790 2914 1033 2960 canunt:
1067 2902 1138 2960 Et
1179 2903 1428 2975 poculum
1458 2914 1604 2958 tuum
1635 2904 1903 2959 inebrians
1939 2918 2099 2975 quant

502 2994 823 3067 prteclarum
866 2996 985 3050 est!
1015 3005 1202 3051 nostra
1236 2996 1405 3051 editio
1441 2995 1643 3051 habet:
1669 2994 1738 3050 Et
1770 2995 1912 3050 calix
1948 3010 2096 3050 meus

502 3070 777 3139 inebrians
833 3100 993 3155 quam
1044 3084 1341 3155 prazclarus
1399 3095 1494 3139 est.
1553 3085 1783 3140 Romani
1836 3093 2093 3141 canunt:

513 3174 646 3231 Vias
678 3185 817 3244 tuas,
870 3176 1110 3243 Domine,
1151 3185 1303 3231 notas
1341 3177 1428 3246 fac
1458 3177 1606 3242 mihi,
1648 3187 1696 3232 et
1738 3178 1951 3233 semitas
1978 3187 2097 3234 tuas

506 3267 637 3323 doce
668 3283 782 3334 me;
814 3281 913 3324 nos
957 3281 1128 3322 vero:
1171 3263 1291 3321 Vias
1338 3276 1456 3320 tuas
1503 3266 1830 3321 demonstra”
1864 3267 2013 3335 mihi,
2051 3279 2101 3325 et

511 3357 734 3414 semitas
780 3366 899 3413 tuas
950 3357 1079 3412 doce
1122 3371 1225 3410 me.
1258 3355 1316 3410 ln
1362 3354 1454 3411 illo
1482 3354 1713 3427 psalmo,
1749 3356 1836 3412 ubi
1879 3357 1969 3413 isti
2013 3373 2105 3415 ca-

510 3457 694 3507 nunt:
722 3448 962 3516 Exaudi,
996 3448 1241 3512 Domine,
1289 3463 1461 3502 vocem
1504 3462 1699 3513 nteant,
1751 3462 1855 3517 qua
1880 3447 2104 3503 clamavi

507 3541 581 3598 ad
607 3551 690 3609 te;
723 3541 816 3596 tibi
860 3542 994 3597 dixit
1041 3558 1133 3596 cor
1176 3557 1343 3595 meum
1370 3553 1389 3591 :
1421 3539 1652 3606 Quazsivi
1697 3538 1897 3594 vultum
1929 3550 2102 3608 tuum,

505 3631 711 3690 vultum
735 3644 905 3699 tuum,
931 3631 1172 3699 Domine,
1199 3633 1485 3703 requiram.
1511 3630 1618 3687 Nos
1637 3638 1819 3687 autem
1836 3631 2104 3702 :Exaudi,

505 3724 755 3793 Domine,
769 3742 945 3780 vocem
959 3741 1127 3781 meam
1137 3766 1152 3791 ,
1166 3742 1272 3796 qua
1290 3723 1533 3791 clamavi,
1547 3723 1639 3778 tibi
1660 3723 1794 3779 dixit
1805 3740 1896 3779 cor
1908 3741 2104 3782 meum:

506 3813 805 3888 anuisivit
823 3817 983 3887 facies
995 3833 1130 3883 mea,
1148 3816 1336 3886 faciem
1361 3815 1786 3885 tuam,Domine,
1816 3818 2102 3888 requirant.

508 3909 571 3965 In
598 3909 701 3975 illa
740 3908 1014 3966 ollerenda
1039 3927 1052 3964 :
1083 3908 1151 3963 In
1181 3920 1231 3963 te
1258 3910 1482 3979 speravi,
1508 3909 1751 3975 Domine,
1768 3910 1915 3965 dixi:
1942 3908 2020 3964 Tu
2049 3925 2104 3965 es

505 4000 652 4056 Deus
692 4018 857 4067 meus,
885 4002 953 4062 in
990 4000 1231 4056 manibus
1271 4002 1375 4055 tuis
1423 4011 1656 4072 tempora
1699 4018 1846 4067 mea;
1877 4016 1977 4057 nos
2004 4015 2105 4072 pro

509 4105 598 4161 eo,
616 4092 762 4162 quod
784 4100 909 4147 sunt
927 4102 1185 4161 tempora,
1204 4091 1467 4148 habemus
1495 4109 1509 4146 :
1541 4090 1723 4148 Sortes
1751 4109 1901 4148 mete.
1929 4092 1988 4147 In
2012 4091 2105 4150 illo

505 4184 758 4255 psalmo:
789 4183 1083 4240 Conversus
1111 4201 1227 4239 sunt
1261 4185 1317 4239 in
1356 4201 1596 4241 (erumna
1621 4202 1759 4253 mea,
1812 4185 1868 4241 in
1910 4184 2102 4242 Graeco

506 4292 625 4333 mea
649 4294 756 4333 non
788 4278 1040 4344 habetur,
1084 4277 1180 4331 sed
1219 4292 1288 4332 ex
1316 4276 1608 4344 Hebraico,
1656 4287 1713 4333 et
1750 4278 1817 4334 de
1868 4279 2100 4334 transla-

506 4366 672 4422 tione-
710 4368 1101 4424 Theodotionis
1152 4367 1253 4423 sub
1297 4368 1580 4435 asterisco,
1613 4368 1668 4424 id
1711 4378 1795 4426 est
1820 4368 1975 4426 stella
2005 4372 2098 4441 Χ,

506 4457 750 4513 additum
779 4468 881 4515 est.

516 4602 523 4611 ,
581 4550 642 4605 ln
665 4549 758 4605 illa
791 4551 1084 4622 antipltona
1111 4553 1197 4608 vel
1218 4554 1620 4621 communione,
1650 4555 1738 4610 ubi
1759 4555 1835 4611 illi
1859 4564 2095 4613 canunt:

2204 1979 2307 2020 nos
2359 1965 2591 2021 dicimus
2624 1983 2636 2018 :
2695 1964 2979 2035 Adjut-abit
3014 1960 3130 2019 eam
3169 1963 3311 2019 Deus
3341 1980 3493 2020 mane
3529 1963 3794 2019 diluculo.

2200 2056 2282 2112 llli
2313 2048 2609 2114 {Ascendit
2662 2057 2805 2114 Deus
2858 2059 2913 2114 in
2958 2058 3313 2130 jubilatione;
3371 2059 3796 2115 nos:Ascendit

2201 2150 2347 2207 Deus
2376 2152 2431 2206 in
2453 2150 2651 2223 jubilo.
2681 2150 2762 2207 llli
2787 2168 2801 2206 :
2834 2150 2983 2206 Sicut
3012 2151 3331 2220 audivimus,
3352 2151 3430 2206 ita
3458 2161 3508 2208 et
3532 2151 3797 2218 vidimus;

2203 2258 2304 2300 nos
2332 2261 2345 2298 :
2371 2242 2520 2299 Sicut
2549 2244 2868 2310 audivimus,
2896 2245 2972 2299 sic
2997 2245 3242 2301 vidimus.

2271 2333 2329 2389 ln
2378 2333 2589 2405 psalmo
2637 2351 2805 2391 xum
2849 2335 2940 2391 ille
2985 2336 3325 2393 versiculus:
3354 2337 3528 2394 Homo
3570 2354 3695 2393 cum
3741 2338 3798 2393 in

2203 2427 2400 2482 honore
2425 2437 2559 2484 esset
2601 2428 2687 2486 bis
2715 2432 2926 2501 positus
2972 2441 3075 2499 est,
3119 2440 3173 2488 et
3216 2434 3271 2488 in
3318 2434 3503 2504 priore
3550 2433 3795 2490 additam

2203 2517 2367 2575 habet
2400 2527 2448 2574 et
2476 2520 2935 2592 conjunctionem,
2962 2532 3057 2579 ut:
3087 2522 3153 2578 Et
3188 2525 3341 2581 homo
3379 2542 3497 2580 cum
3518 2526 3575 2581 in
3597 2526 3798 2583 honore

2202 2604 2373 2678 esset;
2420 2611 2476 2668 in
2519 2610 2636 2694 line
2668 2614 3102 2694 conjunctionem
3153 2634 3259 2674 non
3306 2605 3488 2684 habet,
3536 2619 3633 2676 sed
3678 2619 3791 2675 ita:

2205 2700 2380 2757 Homo
2416 2692 2549 2759 cum.
2582 2706 2638 2761 in
2685 2692 2903 2763 honore
2930 2720 3080 2765 esset.
3130 2708 3207 2764 llli
3233 2726 3248 2764 :
3279 2708 3472 2765 lnvoca
3501 2727 3585 2767 me
3611 2712 3667 2766 in
3706 2713 3794 2769 die

2203 2794 2562 2852 tribulationis
2610 2806 2743 2865 tute,
2777 2799 2997 2869 eripiant
3047 2812 3118 2869 te,
3157 2811 3205 2856 et
3249 2800 3615 2873 magniﬁcabis
3677 2819 3796 2868 me;

2202 2882 2304 2943 nos
2358 2898 2539 2945 autem
2566 2907 2579 2946 :
2606 2890 2677 2946 Et
2721 2894 2904 2948 invoca
2955 2910 3036 2949 me
3082 2884 3144 2949 in
3193 2895 3279 2950 die
3314 2896 3691 2964 tribulationis,
3747 2906 3796 2952 et

2201 2995 2385 3035 eruam
2414 2991 2482 3050 te,
2517 2991 2565 3037 et
2592 2983 2967 3053 honoriﬁcabis
2998 3003 3100 3041 me.

2203 3086 2217 3119 ι
2275 3072 2333 3128 lu
2383 3074 2835 3148 quinquagesimo
2874 3076 3084 3149 psalmo
3131 3079 3343 3136 illorum
3382 3080 3551 3136 editio
3588 3068 3794 3136 habet:

2206 3162 2448 3234 Amplius
2482 3163 2601 3228 lava
2628 3182 2708 3221 me
2736 3167 2801 3221 ab
2833 3168 3099 3239 injustitia
3137 3187 3268 3233 mea,
3301 3181 3350 3226 et
3386 3171 3631 3226 adeticto
3680 3188 3795 3227 meo

2205 3254 2407 3308 munda
2444 3248 2563 3324 me;
2592 3244 2779 3313 nostra
2817 3274 2949 3315 vero
2979 3278 2992 3315 :
3025 3260 3263 3331 Amplius
3306 3261 3425 3318 lava
3470 3279 3553 3318 me
3575 3262 3642 3317 ab
3687 3264 3796 3318 ini-

2204 3347 2404 3418 quitate
2433 3364 2570 3416 mea,
2598 3359 2646 3405 et
2677 3368 2711 3406 a
2734 3362 2946 3423 peccato
2968 3370 3082 3410 meo
3107 3355 3304 3411 munda
3338 3374 3439 3412 me.
3472 3357 3571 3413 Illa
3599 3375 3618 3414 :
3645 3358 3799 3425 Quo-

2206 3437 2352 3493 niam
2388 3440 2721 3511 iniquitatem
2765 3460 2937 3499 meam
2978 3456 3224 3516 agnosco,
3254 3457 3303 3501 et
3335 3447 3585 3503 delictum
3619 3464 3799 3504 meum

2209 3543 2388 3583 coram
2413 3547 2496 3586 me
2522 3543 2597 3587 est
2621 3550 2860 3605 semper;
2888 3546 3075 3591 nostra
3105 3552 3234 3594 vero
3264 3556 3276 3591 :
3313 3538 3578 3605 Quoniam
3600 3539 3800 3611 iniqui-

2208 3629 2367 3677 tatem
2406 3639 2577 3678 meam
2605 3642 2698 3696 ego
2727 3642 3009 3697 cognosco,
3047 3638 3103 3683 et-
3122 3639 3393 3700 peccatum
3415 3646 3587 3685 meum
3611 3643 3800 3687 contra

2205 3730 2288 3769 me
2308 3724 2385 3770 est
2414 3733 2635 3787 semper.
2673 3718 2764 3772 llla
2795 3736 2808 3772 :
2841 3718 2976 3776 Ecce
3002 3722 3139 3776 enint
3168 3723 3224 3777 in
3265 3724 3635 3795 iniquitatibus
3679 3742 3799 3780 con-

2207 3819 2385 3880 ceptus
2420 3828 2561 3879 sum,
2600 3824 2650 3869 et
2701 3816 2757 3869 in
2811 3814 3014 3872 delictis
3061 3821 3257 3889 peperit
3305 3837 3385 3874 me
3435 3834 3609 3877 mater
3646 3840 3797 3889 mea;

2205 3912 2393 3959 nostra
2428 3920 2442 3959 :
2475 3903 2612 3961 Ecce
2650 3909 2788 3963 enim
2833 3911 2890 3965 in
2943 3911 3306 3983 iniquitatibus
3337 3927 3613 3987 conceptus
3657 3934 3796 3987 sum,

2206 4002 2255 4050 et
2285 3996 2341 4049 in
2372 3998 2597 4067 peccatis
2627 4003 2860 4073 concepit
2883 4019 2966 4059 me
2989 4014 3158 4060 mater
3190 4022 3325 4061 mea.
3353 4006 3487 4062 item
3514 4008 3608 4063 illa
3634 4025 3652 4065 ;
3680 4008 3792 4063 Do-

2206 4102 2351 4141 ceam
2376 4088 2585 4160 iniquos
2612 4093 2722 4175 vias
2756 4103 2913 4161 tuas;
2940 4107 3127 4153 nostra
3154 4106 3283 4154 vero
3307 4117 3321 4153 :
3347 4098 3555 4155 Docebo
3590 4102 3797 4175 iniquos

2205 4178 2315 4233 vias
2368 4188 2523 4236 tuas.
2552 4182 2631 4237 llli
2659 4182 2816 4253 juxta
2854 4187 3014 4243 linem
3051 4189 3242 4259 psalmi
3278 4200 3483 4246 canunt
3516 4208 3531 4245 :
3566 4191 3792 4264 Sacriﬁ-

2204 4272 2341 4326 cium
2372 4272 2482 4327 Deo
2508 4276 2724 4345 spiritus
2759 4279 3164 4346 contribulatus,
3196 4297 3286 4335 cor
3312 4283 3599 4338 contritum
3622 4294 3674 4338 et
3700 4284 3801 4339 Itu-

2202 4362 2485 4430 miliatunt,
2516 4365 2678 4431 Deus,
2706 4386 2811 4425 non
2830 4372 3062 4441 spernit;
3084 4388 3184 4428 nos
3207 4381 3386 4430 autem
3411 4389 3428 4427 :
3454 4374 3799 4446 Sacriﬁcium

2201 4451 2312 4509 Deo
2341 4456 2563 4525 spiritus
2591 4460 2998 4530 contribulatus,
3024 4480 3116 4519 cor
3143 4465 3422 4520 contritum
3456 4477 3507 4521 et
3538 4468 3799 4523 humilia-

2203 4555 2337 4613 tunt,
2370 4548 2535 4615 Deus,
2563 4566 2668 4606 tton
2692 4552 2965 4623 despicies.

516 4602 523 4611 ,
581 4599 642 4605 ___
665 4599 758 4605 -___
1123 4599 1197 4608 η-
1221 4599 1620 4621 --....-.-.........,
1653 4599 1738 4610 ...η
1861 4599 2061 4613 -.........
2080 4599 2095 4612 .

510 4639 770 4708 Gaudete,
794 4641 953 4712 justi,
980 4643 1035 4697 in
1056 4643 1324 4709 Domino;
1356 4662 1455 4715 nos
1477 4647 1726 4703 canimus
1753 4666 1767 4702 :
1797 4646 2095 4717 Exsultate,

2208 4599 2238 4600 η
2371 4599 2400 4602 _
2694 4599 2965 4623 π--,..-.--.

2272 4638 2331 4694 In
2352 4640 2562 4711 psalmo
2588 4659 2682 4710 LII,
2713 4646 2807 4717 qui
2852 4647 2923 4701 ita
2951 4648 3179 4720 incipit:
3209 4650 3357 4705 Dixit
3406 4652 3682 4723 insipiens,
3737 4653 3797 4712 in

499 4732 659 4805 justi,
690 4734 745 4788 in
773 4731 1025 4788 Dontino.
1058 4735 1117 4789 In
1144 4733 1235 4788 illo
1257 4735 1503 4803 introitu,
1525 4739 1619 4793 ubi
1664 4739 1718 4793 in
1743 4749 1906 4795 cantu
1954 4741 2098 4810 psal-

506 4824 672 4881 limus
698 4843 715 4899 ‘:
749 4822 819 4879 Et
860 4840 925 4879 ea:
963 4825 1208 4880 omnibus
1242 4827 1671 4885 tribulationibus
1707 4831 1823 4900 ejus
1860 4831 2098 4888 liberavit

503 4934 622 4989 eum
641 4935 660 4982 ;
691 4932 792 4991 nos
814 4916 1143 4974 Psalterium
1179 4918 1523 4975 decantaudo
1562 4920 1831 4978 dicimus:
1859 4922 2105 4979 Salvabit.

505 5021 647 5075 eum.
683 5003 743 5060 lu
773 5006 968 5063 eodem
996 5009 1230 5080 psalmo,
1261 5008 1353 5065 ubi
1379 5008 1455 5085 illi
1494 5019 1727 5067 canunt:
1762 5010 1960 5067 Timete
1988 5012 2097 5068 Do-

501 5094 727 5160 mittunt,
779 5113 957 5153 atnnes
997 5102 1166 5155 sancti
1204 5101 1338 5171 ejus,
1387 5100 1637 5172 quoniam
1689 5103 1820 5158 nihil
1866 5105 2006 5159 deest
2039 5104 2101 5157 ti-

2200 4735 2443 4789 secundo
2471 4750 2632 4790 versu
2682 4737 2926 4793 additum
2966 4740 3317 4797 habet:Non
3368 4754 3465 4808 est,
3506 4746 3599 4814 qui
3626 4744 3798 4815 faciat

2197 4827 2415 4894 bonum,
2443 4844 2547 4883 non
2573 4837 2651 4883 est
2681 4846 2844 4900 usque
2867 4831 2938 4885 ad
2965 4850 3168 4901 unum;
3197 4851 3295 4891 nos
3316 4851 3538 4891 versum
3569 4837 3796 4893 ﬁnimus

2201 4914 2737 4976 solummodo:Non
2787 4933 2865 4977 est
2919 4927 3009 4995 qui
3053 4927 3217 4996 faciat
3271 4928 3484 4985 bonum.
3534 4932 3606 4985 At
3660 4947 3795 4988 vero

2199 5018 2394 5078 quarto
2416 5004 2625 5079 versui,
2652 5013 2743 5083 qui
2773 5014 2848 5069 ita
2874 5014 3065 5087 incipit
3088 5035 3102 5072 :
3129 5000 3323 5076 Omnes
3350 5002 3790 5089 declinaverunt,

2202 5099 2546 5172 adjungimus
2578 5104 2629 5158 in
2668 5104 2777 5161 line
2803 5124 2816 5159 :
2843 5105 2967 5162 Non
3008 5117 3083 5162 est
3113 5108 3293 5181 ‘usque
3341 5114 3410 5166 ad
3466 5130 3647 5169 unum.
3706 5114 3788 5172 Illi
