4024 5370
227 432 368 492 “37

1226 426 1313 482 ne
1352 403 1562 482 vanu
1601 410 1853 476 essm.
1899 409 1986 470 ET
2026 409 2228 473 CANT.
2271 403 2530 465 nonus

3367 382 3507 457 itas

225 536 435 603 verterit
486 527 743 597 Dominus
782 524 1134 611 captivitatem
1172 542 1336 610 plebis
1386 552 1518 593 siue.
1571 534 1654 591 lln
1704 548 1814 603 prl~-
1841 538 1891 592 Α
1926 540 1929 541 ⁷
1989 527 2044 581 In
2074 526 2166 581 m0
2193 524 2400 594 νεεηηιο
2429 539 2442 576 ²
2468 520 2683 575 summ
2718 531 2800 572 me
2836 515 3067 588 Ῑαενυδί
3094 532 3193 574 “03
3218 516 3510 578 "animus"

196 651 376 701 :mum
406 647 621 689 versum
653 631 1031 702 subsequentis
1058 630 1249 701 psalmi
1282 631 1355 684 ita
1394 628 1591 683 llniunt
1620 640 1636 680 :
1664 626 1731 679 Et
1759 626 1816 680 in

192 706 415 780 iioirtute
449 733 542 777 tua
574 722 738 776 libera
761 737 877 785 me;
906 735 1003 777 nos
1028 734 1195 776 vero:
1230 718 1296 774 Et
1328 721 1382 774 in
1406 720 1593 773 virtute
1618 727 1708 770 tua
1724 715 1816 786 ju-

194 816 347 908 Edica
398 812 634 869 me..llli
692 819 914 868 cantant
956 829 971 866 :
1018 810 1255 878 Exaudi,
1310 810 1471 876 Deus,
1506 808 1818 864 orationem

196 900 417 970 ῖηιεαπι,
448 914 496 959 et
524 920 588 959 ne
620 903 917 974 despexeris
938 903 1354 970 deprecationem
1378 902 1581 967 meam;
1606 900 1818 955 intende

219 995 278 1052 in
293 1012 377 1051 me
397 1006 447 1051 et
468 996 664 1051 exaudi
697 1011 813 1062 me;
838 1010 938 1052 nos
962 995 1123 1052 vero:
1148 995 1370 1051 Intende
1390 996 1521 1049 mihi
1547 1006 1594 1050 et
1624 994 1818 1049 exaudi

221 1100 323 1142 me.
363 1085 425 1142 lu
470 1088 659 1143 eodem
690 1088 918 1158 psalmo,
957 1088 1048 1144 ubi
1095 1087 1170 1143 illi
1221 1087 1567 1143 modulantur
1597 1106 1610 1142 :
1640 1086 1821 1142 Timor

218 1189 269 1235 ει
292 1189 492 1236 tremor
517 1190 767 1237 venerunt
791 1197 949 1250 super
979 1197 1061 1236 me
1091 1191 1143 1235 et
1180 1191 1518 1236 contexerant
1560 1197 1642 1236 me
1679 1188 1821 1234 tene-

219 1272 361 1338 brae;
388 1287 491 1329 nos
523 1290 537 1327 :
573 1272 753 1328 Timor
771 1283 820 1328 et
852 1283 1049 1329 tremor
1072 1274 1395 1344 venit_super
1417 1290 1519 1339 me,
1559 1280 1607 1326 et
1644 1280 1819 1327 conte-

216 1363 293 1417 πει
321 1379 409 1418 me
432 1364 664 1419 tenebra.
704 1362 816 1420 Nec
847 1377 944 1419 vos
980 1362 1269 1436 conturbet
1300 1364 1465 1433 quod.
1490 1362 1819 1433 interpretes

216 1452 364 1509 circa
408 1452 648 1524 regulam
689 1452 1061 1524 grammaticae
1101 1453 1237 1509 artis
1274 1451 1605 1525 singularem
1630 1467 1821 1508 nume-

214 1557 359 1610 rum,
408 1542 677 1613 quodest
712 1548 942 1611 tenebra,
970 1552 1269 1616 posuerunt
1295 1559 1394 1615 pro
1424 1543 1642 1615 plurali,
1670 1560 1816 1612 cum,

216 1631 275 1688 S.
310 1631 584 1704 Gregorio
615 1642 770 1702 teste,
798 1635 965 1692 verba
1014 1635 1255 1693 caelestis
1300 1635 1507 1692 oraculi
1553 1652 1661 1693 non
1709 1636 1818 1691 sint

213 1719 538 1779 inﬂectendo
563 1724 666 1780 sub
693 1724 892 1797 regulis
921 1726 1156 1793 Donati;
1196 1726 1337 1782 sicut
1375 1725 1518 1782 idem
1547 1725 1819 1797 Propheta

210 1829 318 1871 non
344 1816 559 1871 veritus
586 1817 815 1900 ferulam
849 1818 1328 1889 grammaticorum
1369 1819 1548 1889 posuit
1577 1838 1590 1874 :
1626 1819 1818 1876 Libera

1921 620 2135 691 Operuit
2161 617 2401 687 confusio
2424 614 2612 685 facient
2639 628 2839 678 meam;
2876 608 2959 666 illi
2984 629 2998 666 :
3034 611 3251 683 Operuit
3276 630 3511 671 reveren-

1918 715 1991 769 tia
2020 713 2205 784 faciem
2239 726 2438 775 meam;
2471 723 2570 763 nos
2601 725 2616 762 :
2657 695 2967 760 Extraneus'
3013 706 3185 776 factus
3230 723 3346 761 sum
3396 708 3512 779 fra-

1919 808 2082 862 tribus
2108 806 2234 861 meis
2265 814 2314 860 et
2335 805 2639 875 peregrinus
2664 803 2793 873 ﬁliis
2825 803 3013 857 matris
3048 818 3175 857 mete
3197 792 3320 868 {illi
3351 819 3366 857 :
3397 799 3514 855 IIo-

1919 913 2034 970 spes
2057 898 2184 969 ﬁliis
2209 899 2394 952 matris
2418 895 2641 952 mete.ln
2668 895 2759 951 illo
2789 893 2999 965 psalmo
3026 911 3038 948 :
3068 892 3224 957 Deus,
3243 892 3511 963 judicium

1920 992 2027 1062 regi
2054 992 2144 1056 da,
2177 990 2249 1046 illi
2269 996 2472 1045 canunt
2501 1005 2515 1042 :
2544 985 2736 1043 Omnes
2758 1004 2902 1059 reges
2929 997 3105 1051 terra’,
3133 999 3309 1039 omnes
3339 992 3514 1054 gentes

1920 1083 2139 1137 servient
2177 1082 2267 1147 ei;
2299 1096 2435 1136 nos:
2468 1079 2661 1135 Omnes
2690 1089 2863 1149 gentes
2889 1078 3107 1133 servient
3132 1077 3200 1131 ei.
3240 1074 3297 1130 In
3324 1075 3515 1131 eodem

1922 1174 2053 1232 dicit
2102 1173 2165 1245 Β.
2208 1172 2571 1246 Hieronymus
2618 1191 2631 1227 :
2684 1171 2997 1249 Benedictus
3046 1170 3324 1236 Dominus,
3371 1168 3516 1225 Deus

1922 1267 2112 1334 Israel,
2145 1268 2322 1323 dictus
2352 1268 2406 1322 in
2429 1267 2619 1323 Graeco
2653 1265 2795 1321 Deus
2821 1265 2904 1321 bis
2928 1280 3034 1320 non
3065 1264 3276 1330 haberi,
3306 1278 3430 1319 cum
3460 1261 3518 1318 in

1921 1361 2187 1418 Hebraico
2216 1368 2271 1416 et
2301 1360 2442 1431 apud
2472 1354 3095 1433 LXXmanil‘estissime
3130 1350 3351 1412 Domini
3395 1354 3519 1425 Dei,

1922 1468 2042 1525 qtae
2083 1452 2410 1523 nuncupatio
2442 1449 2760 1522 mysterium
2813 1447 3124 1514 Trinitatis,
3170 1448 3260 1515 sit,
3296 1438 3363 1503 id
3410 1453 3518 1513 est,

1912 1545 2231 1601 Benedictus
2266 1544 2524 1600 Dominus
2563 1542 2725 1609 Deus,
2756 1542 2898 1597 Deus
2928 1539 3117 1595 Israel.
3149 1539 3228 1595 llli
3259 1548 3459 1594 canunt
3500 1552 3518 1593 :

1923 1636 2063 1704 Quia
2093 1636 2257 1693 zelavi
2292 1638 2347 1693 in
2373 1636 2772 1707 peccatoribus;
2804 1649 2903 1690 nos
2929 1651 2941 1687 :
2968 1632 3108 1699 Quia
3156 1630 3319 1687 celavi
3365 1644 3521 1701 super

1920 1730 2146 1802 iniquos.
2187 1730 2244 1785 In
2281 1729 2472 1786 eodem
2507 1726 2718 1799 psalmo
2756 1746 2769 1782 :
2815 1726 3050 1782 Tenuisti
3087 1740 3304 1783 manum
3343 1725 3523 1779 dexte-

1922 1836 2034 1875 ram
2059 1838 2248 1888 meam,
2281 1830 2329 1875 et
2354 1819 2619 1876 voluntate
2642 1828 2733 1873 tua
2763 1816 3031 1873 deduxisti
3054 1834 3156 1885 me,
3185 1827 3233 1873 et
3262 1832 3379 1872 cum
3407 1814 3522 1887 gle-

207 1922 288 1960 me
312 1906 380 1962 de
416 1895 760 1979 sanguinibus
786 1907 961 1982 (Psal.
997 1925 1049 1977 ι,
1078 1910 1198 1984 l6);
1228 1920 1283 1967 et
1311 1911 1363 1966 in
1391 1911 1616 1968 Joannis
1641 1912 1816 1968 Evan-
1845 1895 1894 1957 Β
1924 1914 2004 1968 ria
2040 1914 2369 1985 assumpsisti
2407 1929 2520 1978 me;
2552 1927 2651 1968 nos
2682 1927 2815 1968 vero
2844 1931 2856 1965 :
2894 1908 2963 1965 Et
3001 1929 3119 1966 cum
3147 1911 3317 1982 gloria
3346 1925 3525 1965 κασω-

207 1996 388 2067 gelio:
431 1996 536 2064 Qui
566 2014 671 2054 non
697 2014 762 2054 ea;
789 2000 1158 2071 sanguinibus,
1197 2000 1394 2071 inquit,
1430 2018 1594 2072 neque
1630 2019 1696 2057 ea;
1730 2018 1819 2058 vo-

210 2085 414 2143 luntate
460 2090 660 2158 carnis,
701 2106 864 2162 neque
901 2107 971 2163 ea;
1009 2090 1289 2161 voluntate,
1317 2092 1435 2157 uiri,
1481 2092 1573 2147 sed
1603 2110 1668 2147 ea:
1705 2093 1819 2148 Deo

213 2180 324 2233 nati
352 2190 478 2234 sunt
516 2179 698 2251 (loau.
730 2197 772 2249 ι,
804 2181 914 2253 l5).
954 2182 1107 2238 Sicut
1137 2181 1210 2237 ibi
1240 2197 1524 2238 numerum
1553 2182 1819 2252 pluralem

211 2271 391 2340 posuit
434 2287 537 2343 pro
567 2272 849 2344 singulari,
884 2272 956 2327 ita
986 2272 1077 2328 hic
1105 2271 1436 2351 singularem
1483 2287 1582 2343 pro
1622 2271 1819 2343 plurali

210 2363 413 2432 posuit,
460 2362 741 2439 Hebraicre
793 2365 1041 2420 veritatis
1089 2365 1499 2421 consonantiam
1545 2380 1815 2436 sequens,

211 2469 330 2527 qua:
356 2456 493 2513 dicit
527 2474 541 2509 :
574 2454 752 2511 Timor
776 2466 825 2512 et
855 2467 1049 2512 tremor
1076 2458 1212 2513 venit
1234 2473 1390 2527 super
1412 2474 1511 2523 me,
1536 2466 1583 2512 et
1614 2458 1817 2529 operuit

211 2546 510 2620 mecaligo.
552 2545 655 2604 Ubi
684 2547 759 2603 illi
786 2556 990 2605 canunt
1016 2548 1210 2605 :Jacla
1250 2551 1304 2603 in
1345 2548 1571 2605 Domino
1617 2551 1817 2622 cogita-

209 2646 320 2696 tum
359 2650 543 2709 tuum;
576 2658 673 2699 nos
709 2643 955 2700 canimus
988 2661 1002 2698 :
1034 2641 1193 2697 Jacta
1233 2659 1391 2714 super
1415 2642 1700 2698 Dominum
1729 2659 1817 2698 cu-

212 2749 325 2788 ram
359 2744 530 2791 tuam.
557 2754 579 2771 "

278 2825 335 2881 ln
388 2825 484 2882 illo
527 2828 977 2901 quinquagesimo
1019 2838 1177 2886 sexto
1222 2831 1431 2901 psalmo
1460 2830 1550 2887 ille
1575 2846 1811 2887 versus:

210 2913 469 2974 Ezaltare
489 2936 645 2989 super
664 2921 842 2989 caelos,
882 2921 1047 2989 Deus,
1084 2923 1141 2978 iu
1172 2925 1351 2980 medio
1372 2934 1427 2981 et
1453 2925 1505 2982 in
1534 2925 1642 2982 line
1668 2926 1818 2997 poni-

211 3015 298 3090 tur
320 3025 335 3074 ;
372 3009 430 3064 in
455 3010 634 3067 medio
657 3012 889 3068 habetur
909 3024 957 3069 et
980 3015 1035 3069 in
1056 3031 1259 3070 omnem
1281 3026 1475 3073 terram
1495 3018 1668 3089 gloria
1688 3029 1816 3087 tua;

210 3093 263 3154 ’n
308 3100 442 3168 line,
492 3112 540 3157 et
583 3122 739 3173 super
776 3122 979 3162 omnem
1017 3117 1212 3164 terram
1238 3108 1408 3181 gloria
1431 3122 1544 3167 tua.
1584 3112 1690 3170 Ubi
1718 3129 1818 3172 nos

212 3190 521 3249 alternatim
550 3195 604 3250 in
629 3195 798 3253 choro
820 3200 1066 3256 canimus
1100 3218 1113 3255 :
1152 3200 1293 3257 Deus
1324 3205 1549 3259 ostendit
1571 3206 1699 3261 mihi
1725 3224 1817 3263 su-

1921 2005 2044 2076 pisti
2080 2023 2179 2061 me.
2542 2030 2549 2033 -
2734 2025 2740 2032 ·
2804 2024 2809 2029 ·
2871 2026 2875 2030 ·
3024 2020 3031 2027 ‘
3174 2020 3183 2026 ‘
3276 2036 3283 2039 ι

1907 2124 1914 2153 ε
1988 2096 2047 2152 In
2086 2097 2292 2168 psalmo
2343 2113 2518 2163 Lxxn,
2568 2111 2690 2152 cum
2726 2095 2788 2150 B.
2821 2093 3186 2166 Hieronymus
3226 2098 3522 2164 exponeret

1921 2188 2069 2243 illum
2108 2202 2366 2244 versum:
2398 2186 2616 2257 Respice
2668 2187 2723 2241 in
2761 2195 3128 2242 testamentum
3183 2198 3353 2250 tuum,
3393 2184 3522 2255 quia

1922 2279 2101 2349 repleti
2126 2289 2268 2347 sunt,
2297 2278 2370 2334 ita
2397 2278 2678 2347 exposuit.
2712 2278 2853 2344 Quia
2894 2276 3159 2332 obscurati
3186 2286 3306 2331 sunt
3346 2275 3523 2330 dumis

1920 2369 2278 2441 iniquitatum,
2323 2369 2494 2434 dumi,
2527 2368 2721 2438 inquit,
2758 2368 3186 2438 interpretantur
3218 2368 3425 2437 spinae:
3464 2364 3523 2422 bi

1921 2476 2050 2533 ergo
2087 2462 2179 2533 qui
2215 2462 2646 2518 obscu’raverunt
2673 2449 3147 2531 persecutiouibus
3177 2460 3289 2516 suis
3320 2447 3522 2514 terram

1925 2562 2073 2613 tuam
2126 2557 2319 2629 repleti
2369 2568 2496 2615 sunt
2539 2559 2787 2615 sensibus
2836 2559 3161 2632 iniquitatis.
3224 2557 3303 2612 Tu
3346 2571 3477 2612 vero
3506 2596 3525 2623 ,

1920 2648 2173 2715 Domine,
2199 2650 2290 2720 qui
2323 2663 2423 2720 per
2454 2648 2863 2707 Testamentum
2892 2660 3042 2706 tuum
3074 2650 3188 2705 sive
3219 2648 3383 2704 Vetus
3408 2649 3525 2702 sive

1922 2737 2155 2807 Novum,
2191 2742 2317 2812 quia
2350 2752 2641 2813 utrumque
2677 2757 2707 2797 a
2751 2752 2802 2798 te
2832 2740 3131 2813 processit,
3167 2739 3331 2795 etiam
3379 2738 3525 2810 quod

1922 2850 2088 2890 unum
2133 2834 2385 2902 habetur,
2434 2834 2732 2907 promisisti
2780 2844 3066 2906 protegere
3120 2848 3251 2897 nos,
3294 2831 3526 2887 succisis

1918 2941 2065 2983 nunc
2112 2926 2283 2998 spinis
2325 2942 2457 2984 erue
2499 2941 2617 2984 nos.
2662 2927 2717 2983 in
2766 2926 2855 2983 i510
2896 2926 3122 2998 psalmo,
3167 2925 3257 2980 ubi
3307 2923 3385 2980 illi
3422 2937 3523 2979 ca-

1920 3028 2100 3075 nunt:
2135 3017 2321 3075 Vovete
2358 3029 2406 3075 et
2452 3016 2903 3074 reddite'Domiito
2950 3018 3056 3073 Deo
3107 3024 3277 3071 uestro
3318 3030 3523 3081 omnes,

1920 3110 2010 3181 qui
2048 3108 2101 3164 in
2139 3110 2361 3163 circuitu
2412 3110 2525 3179 ejus
2568 3109 2767 3180 offertis
2814 3125 3069 3174 munera;
3118 3123 3215 3161 nos
3252 3124 3267 3161 :
3314 3106 3421 3172 Qui
3466 3105 3528 3160 in

1923 3200 2147 3254 circuitu
2182 3199 2295 3271 ejus
2326 3192 2555 3272 a/fei‘ent‘
2581 3217 2824 3257 munera.
2877 3200 2933 3254 In
2980 3199 3071 3255 illa
3117 3197 3392 3255 oll‘erenda
3447 3194 3527 3251 illi

209 3299 299 3352 per
324 3284 573 3341 inimicos
602 3305 763 3354 meos,
803 3308 867 3346 ne
895 3294 1106 3349 occidas
1133 3311 1245 3363 eos,
1288 3314 1351 3352 ne
1382 3299 1595 3370 quando
1638 3300 1815 3357 oblivi-

1921 3299 2123 3346 canunt
2160 3309 2174 3345 ε
2216 3290 2377 3346 Terra
2414 3294 2625 3347 tremuit
2671 3303 2718 3349 et
2769 3294 2996 3362 quievit;
3049 3304 3146 3348 nos
3186 3310 3199 3346 :
3246 3289 3410 3345 Terra
3455 3288 3527 3343 εἰ-

212 3385 427 3431 scantur
470 3377 651 3448 populi
692 3382 840 3448 mei;
886 3381 962 3440 illi
995 3402 1011 3442 :
1046 3385 1189 3443 Deus
1230 3405 1374 3445 meus
1423 3393 1647 3447 ostendit
1686 3396 1816 3451 mihi

212 3463 345 3524 bona
372 3469 512 3525 inter
536 3473 775 3530 inimicos
803 3492 967 3542 meos,
1001 3494 1062 3533 ne
1092 3480 1344 3536 occideris
1373 3499 1483 3549 eos,
1518 3501 1582 3540 ne
1601 3487 1814 3556 quando

213 3558 586 3620 obliviscantur
615 3565 743 3638 legis
778 3579 903 3624 tute.
944 3570 1011 3627 Et
1041 3571 1093 3627 in
1120 3574 1370 3645 sequenti
1404 3591 1565 3633 versu
1596 3594 1694 3649 pro
1726 3594 1813 3646 eo,

212 3653 352 3722 quod
387 3670 491 3713 nos
520 3658 767 3716 canimus
792 3675 807 3715 :
845 3660 1050 3731 Depone
1078 3681 1186 3733 eos,
1214 3676 1479 3737 protector
1501 3687 1672 3739 meus,
1707 3671 1817 3728 Do-

213 3742 375 3845 mine;
436 3746 515 3803 illi
557 3748 746 3806 dicunt
770 3769 785 3807 :
809 3750 1033 3809 Destrue
1076 3771 1183 3823 eos,
1206 3768 1469 3829 protector
1502 3780 1671 3833 meus,
1709 3765 1816 3822 Do-

212 3846 368 3891 nunc.

277 3922 335 3980 In
394 3940 608 3999 psalmo
662 3949 753 3990 ιιι
779 3935 1049 3995 habetur:
1080 3937 1227 3995 Iuda
1276 3957 1372 3999 rea:
1422 3961 1603 4013 meus,
1652 3944 1801 4003 Moal

215 4013 320 4072 olla
357 4022 468 4090 spei
504 4038 635 4079 mea:
665 4038 684 4077 :
714 4026 786 4081 in'
817 4029 1114 4087 centesimo
1160 4035 1395 4103 septimo
1425 4053 1439 4090 :
1474 4036 1633 4093 Moab
1676 4038 1812 4094 lebes

212 4108 317 4177 spei
339 4126 487 4168 mete.
532 4112 635 4171 Ubi
663 4131 762 4174 nos
789 4118 1021 4178 dicimus
1051 4141 1063 4177 :
1107 4121 1243 4178 Mihi
1275 4126 1585 4198 alienigena:
1617 4129 1817 4185 subditi

214 4208 368 4296 sunt;
413 4201 643 4296 Romani
678 4221 693 4261 :
723 4207 859 4264 Mihi
892 4211 1158 4284 Allophyli
1202 4216 1403 4272 subditi
1438 4228 1581 4274 sunt.
1618 4218 1675 4275 ln
1706 4221 1815 4278 ﬁne

215 4286 366 4345 istius
413 4295 609 4363 psalmi
647 4298 894 4355 canimus
926 4319 940 4355 :
973 4301 1041 4356 Et
1082 4305 1192 4374 ipse
1219 4307 1290 4360 ad
1319 4308 1542 4363 nihilum
1593 4312 1812 4369 deducet

215 4376 516 4468 tribulantes
547 4401 677 4454 nos;
701 4388 753 4443 in
782 4390 926 4445 alio:
961 4391 1033 4446 Et
1073 4393 1182 4463 ipse
1231 4397 1302 4450 ad
1343 4398 1568 4454 nihilum
1595 4401 1815 4459 deducet

217 4467 453 4527 inimicos
495 4487 722 4533 nostros.
758 4479 816 4535 In
861 4480 952 4537 illo
992 4498 1154 4540 versu
1184 4501 1199 4541 :
1235 4484 1422 4543 Omnis
1459 4499 1600 4545 terra
1630 4491 1813 4548 adoret

1920 3385 2051 3439 muit
2089 3393 2136 3439 et
2174 3385 2385 3456 quievit.

1988 3476 2045 3531 ln
2078 3477 2166 3533 illo
2190 3477 2399 3548 psalmo
2429 3494 2637 3545 Lxxvu,
2669 3478 2722 3534 in
2755 3479 2847 3535 illo
2874 3494 3058 3546 versu,
3103 3478 3194 3535 ubi
3235 3477 3389 3534 multi
3432 3491 3527 3533 ca-

1918 3575 2057 3622 nunt
2081 3585 2094 3621 :
2126 3567 2193 3621 Et
2223 3568 2505 3622 meditatus
2530 3579 2679 3623 nocte
2698 3586 2815 3623 cum
2839 3570 2996 3625 corde
3018 3585 3151 3634 meo,
3170 3577 3220 3622 et
3244 3565 3519 3636 scopebam

1919 3658 2159 3729 spiritum
2184 3674 2381 3723 meum,
2422 3657 2507 3713 vel
2536 3659 2850 3729 scopabam;
2890 3659 3254 3731 Hieronymus
3298 3657 3374 3713 ita
3423 3671 3526 3726 po-

1919 3751 2043 3806 nit:
2077 3749 2145 3804 Et
2171 3750 2473 3806 scrobebam
2515 3752 2755 3822 spiritum
2792 3738 3119 3819 meum,‘hoe
3166 3760 3270 3817 est,
3320 3748 3523 3820 inquit,

1918 3839 2189 3897 fodiebam
2218 3843 2373 3913 quasi
2398 3846 2622 3914 ‘agr’um,
2659 3851 2720 3898 ut
2766 3843 2839 3898 ibi
2879 3844 3152 3900 mitterem
3192 3857 3380 3898 semen
3426 3841 3527 3896 do-

1918 3934 2221 3991 ctrinarum
2264 3935 2500 3993 Domini.
2538 3936 2597 3991 In
2644 3936 2738 3991 illo
2775 3951 2959 4002 versu,
2993 3936 3086 3991 ubi
3127 3935 3344 3991 canitur
3375 3952 3388 3989 :
3418 3933 3526 3989 Sa;

1932 4027 2156 4083 :erdotes
2183 4043 2363 4083 eorum
2401 4028 2454 4082 in
2493 4027 2671 4100 gladio
2722 4028 3039 4091 ceciderunt,
3082 4025 3235 4081 multi
3287 4026 3521 4081 dicunt:

1917 4116 1989 4173 Et
2024 4118 2195 4174 vidua:
2229 4135 2411 4174 eorum
2448 4135 2552 4173 non
2590 4118 2960 4190 plorabuntur,
3007 4119 3193 4173 futuro
3238 4108 3518 4187 tempore;

1916 4213 2012 4269 sed
2060 4228 2161 4270 nos
2202 4214 2404 4270 rectius
2447 4213 2553 4270 dici
2600 4220 2855 4285 putamus
2896 4212 3175 4284 praeterito
3233 4221 3476 4280 tcmpore
3501 4224 3519 4261 :

1919 4304 2044 4362 Non
2069 4295 2870 4379 plorabantur,‘qttia'propheta
2899 4292 3203 4379 prieteritos
3234 4318 3522 4361 sermones

1917 4400 2069 4470 quasi
2113 4409 2413 4457 transactos
2449 4408 2660 4462 narrat.
2685 4408 2741 4455 et
2768 4399 3091 4454 llebraicum
3131 4395 3260 4451 huic
3298 4403 3519 4451 senten-

1919 4490 2009 4546 tia:
2036 4493 2301 4564 congruit,
2329 4508 2453 4548 cum
2480 4493 2611 4549 dicit
2641 4507 2656 4547 :
2689 4490 2998 4547 Sacerdotes
3022 4489 3139 4560 ejus
3158 4488 3354 4559 gladio
3382 4487 3523 4542 ceci-

220 4560 266 4610 le
292 4567 337 4613 et
362 4562 555 4631 psallat
589 4566 704 4637 tibi,
741 4568 831 4625 ubi
872 4571 948 4625 illi
989 4574 1344 4642 concludunt,
1383 4578 1645 4648 psalmum
1673 4581 1814 4637 dicat

220 4654 411 4691 nomini
438 4666 525 4691 nm
586 4659 835 4691 thumum.
863 4663 1231 4691 D..........._.-...
1277 4667 1436 4691 “12.2-
1483 4669 1647 4691 ι--ι.-.
1722 4688 1781 4691 __-

1920 4560 2211 4653 deruntiet
2246 4588 2418 4644 vidua:
2460 4588 2575 4659 ejus
2609 4605 2711 4642 non
2741 4595 2863 4642 sunt
2893 4586 3053 4656 ﬂetur.
3112 4582 3213 4639 Ubi
3266 4582 3338 4637 illi
3366 4601 3380 4635 :
3408 4580 3523 4637 Ρο-

220 4656 411 4743 nomini
436 4666 548 4727 tuo,
576 4659 835 4730 Domine;
861 4663 1234 4723 Romanorum
1273 4667 1442 4726 editio
1483 4669 1674 4736 habet,
1718 4688 1814 4727 no-
1841 4656 1894 4691 υ
1916 4688 2135 4734 suerunt
2182 4679 2432 4735 mortalia
2480 4656 2751 4735 servorum
2800 4672 3467 4743 tuomm;'nos'dicimus
3507 4687 3524 4725 :

221 4740 492 4816 minimo.
530 4750 828 4823 Amulli“;
871 4766 1057 4813 nostra
1104 4761 1500 4828 tantumMOdO,
1548 4763 1811 4834 psalmum
1917 4771 2503 4830 Morticina'servoru'm
2535 4783 2766 4828 tuorum.
2799 4770 2899 4825 Ubi
2946 4740 3067 4824 illi:
3104 4766 3207 4833 Qui
3242 4764 3389 4818 sedes
3437 4780 3533 4817 su-

224 4835 355 4896 dicat
389 4840 584 4905 nomini
623 4861 749 4918 tuo;
789 4851 1055 4913 Hebraica
1094 4857 1268 4924 canit,
1309 4850 1661 4915 nominituo.
1704 4859 1811 4918 Ubi

224 4927 297 5022 illi
319 4932 515 4995 canunt
544 4960 556 4996 :
584 4942 748 5010 Deus,
776 4944 831 4998 in
863 4944 978 5000 loco
1012 4958 1194 5004 sancto
1220 4963 1337 5012 suo,
1374 4947 1517 5005 Deus
1538 4950 1629 5022 qui
1657 4948 1813 5005 iulia?

228 5020 381 5083 bitare
407 5030 531 5100 facit
574 5037 847 5091 unanimes
887 5036 942 5091 in
984 5038 1174 5107 domo,
1216 5054 1320 5095 nos
1363 5020 1635 5098 dicimus:
1669 5042 1811 5098 Deus

227 5109 504 5178 inhabitare
530 5126 658 5195 facit
689 5128 845 5183 unius
872 5128 1032 5183 moris
1058 5130 1113 5185 in
1140 5132 1317 5185 domo.
1362 5130 1439 5187 De
1476 5133 1578 5190 hoc
1620 5149 1807 5200 versu.

230 5210 597 5308 apucl_nos
620 5220 817 5293 legitur
849 5240 861 5277 :
909 5219 1160 5279 Viderunt
1202 5226 1472 5293 ingressus
1502 5229 1602 5298 tui,
1641 5228 1809 5297 Deus,

229 5290 348 5355 dicit
372 5301 431 5359 Β.
456 5290 814 5370 Hieronvmus
838 5330 851 5367 :
876 5324 1006 5370 eruo
1030 5328 1061 5367 a
1084 5314 1242 5370 nobis
1261 5290 1347 5370 ita
1379 5290 1662 5370 tenendum
1692 5290 1805 5370 est;

1913 4883 2008 4938 per
2042 4866 2356 4930 Cherubim,’
2384 4882 2582 4937 appare
2618 4880 2797 4921 coram
2825 4861 3097 4931 Ephrem;
3141 4871 3242 4913 nos
3269 4872 3285 4909 :
3313 4855 3405 4926 qui
3451 4873 3537 4911 se-

1916 4958 2007 5014 des
2034 4975 2192 5030 super
2230 4957 2534 5021 Cherubim,
2567 4955 2909 5023 manifestare
2944 4963 3129 5007 coram
3159 4945 3431 5014 Epliraim.
3479 4945 3542 5001 In

1917 5049 2011 5106 illo
2054 5027 2280 5106 intrbitu
2309 5068 2322 5103 :
2354 5046 2629 5102 Exsultate
2654 5045 2763 5099 Deo
2804 5040 3060 5110 adjutori
3103 5043 3299 5098 nostro,
3344 5032 3434 5085 ubi
3470 5034 3551 5092 illi

1919 5152 2121 5199 canunt
2160 5160 2173 5195 :
2214 5140 2402 5195 Canite
2441 5135 2595 5190 initio
2642 5132 2837 5190 mensis
2886 5136 3070 5199 tuba;
3117 5141 3213 5182 nos
3257 5122 3553 5180 canimus:

1918 5234 2204 5289 Buccinate
2232 5232 2291 5286 in
2316 5228 2555 5285 comenia
2587 5221 2915 5301 [neomenia]
2966 5218 3147 5280 suba.’
3168 5218 3226 5273 lu
3254 5214 3343 5270 illo
3368 5228 3559 5284 versu,

1918 5325 2007 5370 ιιιιί
2043 5324 2117 5370 illi
2150 5328 2359 5370 canunt
2385 5336 2399 5370 :
2433 5316 2681 5370 Scanulis
2709 5316 2861 5370 suis:
2893 5310 3056 5370 nos:
3084 5311 3151 5367 In
3177 5303 3402 5370 δσαριιιὲδ
3424 5309 3563 5365 διάει
