4024 5370
501 448 644 509 “39

1599 443 1944 505 BERNONIS
1977 445 2271 504 ABBATIS
2305 436 2673 509 AUGIENSIS

3634 455 3772 513 1140

498 557 753 631 regnavit,
787 556 1028 615 decorem
1066 555 1263 624 induit,
1304 556 1473 612 induit
1515 556 1772 616 Dominus
1816 557 2086 631 fortitudi-
2114 562 2166 623 Α
2192 560 2253 620 Β.
2294 564 2657 641 Hieronymus
2696 566 2849 639 dicit,
2871 566 2930 626 in
2958 566 3188 628 Hebraeo
3229 569 3316 628 his
3342 569 3548 628 litteris
3577 572 3775 629 scribi.

499 664 616 704 nem
649 656 696 704 et
730 648 1003 720 praecinxit
1035 665 1089 704 se
1118 655 1337 716 virtute;
1375 665 1505 706 nos:
1537 650 1796 707 Dominus
1832 654 2083 724 regnavit,

498 742 685 796 decore
719 739 936 796 indutus
974 748 1073 809 est,
1110 739 1324 796 indutus
1362 750 1437 796 est
1476 741 1732 798 Dominus
1780 742 2088 813 fortitudine

496 839 549 889 et
584 831 861 902 praecinxit
893 849 967 888 se.

568 922 629 979 In
667 923 876 996 psalmo
923 924 1277 997 nonagesimo
1323 934 1536 997 quarto,
1592 925 1683 997 qui
1733 926 1806 981 ita
1856 924 2084 997 incipit:

505 1014 716 1086 Venite,
763 1018 1079 1074 exsultemus
1122 1019 1487 1087 Domino,ubi
1540 1018 1615 1074 illi
1658 1027 1905 1075 canunt:
1939 1018 2085 1086 Quo-

500 1113 647 1169 niam
677 1130 783 1168 non
811 1111 1013 1184 repellit
1030 1113 1286 1169 Dominus
1303 1113 1503 1183 plebem
1525 1130 1699 1180 suam,
1716 1122 1901 1168 nostra
1922 1112 2086 1170 editio

498 1223 613 1265 non
632 1208 815 1266 habet.
847 1208 952 1265 Ubi
992 1208 1066 1264 illi
1102 1217 1307 1264 canunt
1333 1227 1346 1262 :
1380 1207 1521 1276 Quia
1556 1209 1611 1264 in
1636 1225 1793 1264 manu
1822 1209 1937 1279 ejus
1966 1215 2086 1263 sunt

500 1318 678 1357 omnes
726 1302 861 1371 ﬁnes
909 1311 1085 1369 terrae,
1127 1312 1176 1358 et
1204 1302 1514 1357 altitudines
1540 1304 1797 1359 montium
1826 1292 1934 1373 ipse
1963 1318 2087 1357 con-

496 1392 686 1465 spicit;
723 1408 825 1449 nos
870 1409 884 1446 :
942 1392 1082 1459 Quia
1132 1394 1189 1448 in
1235 1410 1398 1449 manu
1440 1394 1556 1464 ejus
1594 1412 1772 1449 omnes
1814 1394 1944 1464 ﬁnes
1984 1403 2089 1448 ter-

497 1502 618 1554 rte,
667 1495 718 1542 et
764 1485 1077 1542 altitudines
1131 1487 1392 1543 montium
1452 1489 1617 1557 ipsius
1673 1497 1815 1544 sunt.
1864 1487 1984 1542 Illi:
2018 1484 2087 1541 Et

497 1579 709 1636 aridam
766 1581 1121 1651 fundaverant
1170 1599 1358 1638 manus
1399 1582 1554 1654 ejus;
1586 1581 1698 1653 jnos
1736 1596 1751 1635 :
1786 1580 1855 1635 Et
1894 1581 2087 1635 siccam

495 1687 690 1727 manus
746 1674 863 1744 ejus
926 1675 1309 1746 formaverunt.
1361 1674 1441 1731 Illi
1494 1691 1508 1729 :
1566 1671 1845 1728 Ploremus
1908 1689 2087 1728 coram

496 1759 726 1817 Domino
778 1765 869 1836 qui
915 1764 1041 1837 fecit
1093 1784 1221 1835 nos;
1244 1780 1343 1823 nos
1384 1764 1712 1822 :Ploremus
1762 1774 1880 1821 ante
1904 1765 2089 1820 Domi-

496 1868 644 1918 num,
693 1854 785 1926 qui
808 1854 932 1925 fecit
960 1875 1075 1914 nos.
1099 1858 1182 1914 Illi
1213 1876 1227 1915 :
1269 1857 1385 1914 Nos
1416 1868 1590 1913 autem
1635 1857 1858 1929 populus
1880 1858 2013 1928 ejus,
2037 1866 2087 1913 et

497 1959 616 1997 oves
655 1960 869 2014 pascua
906 1948 1058 2019 ejus;
1088 1964 1190 2005 nos
1222 1965 1237 2005 :
1278 1948 1394 2005 Nos
1426 1957 1601 2004 autem
1622 1948 1869 2021 populus,
1899 1958 1945 2003 et
1977 1964 2089 2004 oves
2118 1942 2166 2004 Β

495 2051 686 2092 manus
708 2037 844 2107 ejus.
870 2038 949 2095 Illi
980 2059 993 2093 :
1021 2039 1171 2097 Sicut
1199 2042 1253 2096 in
1269 2042 1697 2106 exacerbatione;
1719 2056 1848 2098 nos:
1867 2039 2011 2097 Sicut
2033 2043 2091 2097 in

493 2127 811 2188 irritatione.
839 2130 953 2187 Illi:
985 2131 1352 2190 Probaverunt
1382 2143 1430 2189 et
1458 2134 1701 2190 viderunt
1746 2151 1904 2206 opera
1939 2150 2090 2199 utea;

493 2234 594 2275 nos
628 2238 641 2274 :
680 2219 1069 2293 Probaverunt,
1104 2235 1160 2283 et
1208 2226 1554 2299 adiungimus
1578 2228 1677 2283 sub
1704 2228 1862 2284 obolo
1895 2243 1957 2285 -ε-
1984 2244 2089 2295 me,

492 2319 545 2364 et
608 2311 851 2368 viderunt
916 2333 1077 2388 opera
1128 2334 1266 2373 mea.
1324 2318 1403 2373 Illi
1458 2336 1473 2375 :
1523 2319 1890 2392 Quadraginta
1938 2320 2092 2374 annis

491 2406 765 2475 proximus
812 2408 894 2479 fui
939 2413 1267 2482 generationi
1329 2412 1470 2479 huic,
1503 2421 1550 2467 et
1586 2411 1989 2483 dixi:Semper
2037 2410 2093 2466 hi

494 2508 674 2554 errant
724 2502 916 2569 corde;
958 2519 1059 2560 nos
1094 2522 1107 2558 :
1148 2503 1519 2575 Quadraginta
1568 2506 1721 2559 annis
1754 2506 1986 2574 offensus
2011 2504 2092 2574 fui

493 2595 822 2663 generationi
870 2596 974 2665 illt,
1005 2607 1056 2654 et
1096 2597 1211 2653 dixi
1242 2614 1261 2653 :
1296 2596 1511 2669 Semper
1544 2608 1724 2653 errant
1753 2599 1928 2652 corde.
1960 2596 2042 2652 Illi
2076 2615 2090 2653 :

496 2684 701 2753 Quibus
746 2689 930 2758 juravi
967 2691 1025 2746 in
1065 2691 1150 2746 ira
1173 2708 1311 2760 mea,
1340 2693 1385 2747 si
1434 2693 1725 2747 introibant
1765 2692 1821 2748 in
1864 2692 2093 2763 requiem

493 2798 709 2853 meum;
748 2801 849 2843 nos
882 2802 898 2841 :
931 2784 1000 2842 Ut
1036 2788 1221 2860 juravi
1268 2789 1327 2843 in
1360 2788 1445 2843 ira
1484 2804 1622 2856 mea,
1654 2788 1701 2844 si
1740 2786 2011 2843 intrabunt
2035 2786 2096 2841 in

495 2892 729 2947 requiem
752 2895 945 2934 meam.

569 2966 675 3024 Ubi
725 2969 960 3025 Romani
1000 2979 1205 3028 canunt
1237 2972 1560 3043 {Confessio
1589 2980 1638 3026 et
1674 2970 2012 3042 pulchritudo
2037 2968 2096 3023 in

498 3068 779 3128 conspectu
805 3061 945 3130 ejus,
969 3066 1226 3119 sanctitas
1248 3074 1296 3119 et
1317 3064 1747 3135 magniﬁcentia;
1776 3076 1877 3119 nos
1917 3078 1931 3116 :
1956 3057 2095 3116 Con-

497 3149 660 3220 fessio
700 3159 748 3206 et
794 3152 1138 3222 pulchritudo
1178 3156 1234 3211 in
1275 3167 1556 3227 conspectu
1580 3156 1717 3225 ejus,
1745 3151 2097 3209 sanctimonia

498 3252 551 3299 et
590 3243 1005 3315 magnificentia.
1052 3246 1135 3303 Illi
1170 3267 1182 3302 :
1219 3246 1407 3302 Tollite
1452 3248 1653 3302 hostias
1690 3253 1741 3300 et
1780 3244 1993 3299 introite
2037 3240 2097 3298 in

501 3338 642 3392 atria
690 3339 829 3408 ejus,
883 3339 1105 3395 adorate
1147 3339 1439 3396 Dominum
1481 3341 1541 3396 in
1572 3338 1699 3395 aula
1728 3346 1913 3393 sancta
1938 3336 2094 3407 ejus;

498 3442 643 3484 nos:
671 3426 858 3483 Tollite
896 3430 1097 3485 hostias
1134 3440 1181 3485 et
1204 3431 1417 3485 introite
1444 3431 1502 3484 in
1533 3430 1674 3484 atria
1707 3429 1845 3498 ejus,
1874 3425 2096 3482 adorate

498 3518 791 3576 Dominum
826 3522 889 3591 in,
924 3524 1063 3578 atrio
1085 3513 1271 3578 iuncto
1296 3522 1432 3594 ejus.
1464 3521 1544 3577 Illi
1578 3536 1593 3577 :
1627 3521 1839 3576 Etenim
1868 3517 2095 3574 correxit

502 3609 699 3679 orbem,
745 3612 840 3685 qui
874 3629 982 3670 non
1022 3614 1462 3681 commovebitur;
1483 3613 1751 3684 judicabit
1799 3609 2019 3683 populos
2041 3608 2100 3665 in

502 3705 750 3773 (equitate
801 3715 851 3761 et
885 3715 1062 3777 gentes
1107 3708 1165 3762 in
1207 3708 1291 3762 ira
1338 3723 1474 3774 sua;
1520 3720 1621 3762 nos
1676 3701 2095 3760 tantummodo:

498 3792 772 3849 Judicabit
818 3799 1040 3870 populos
1066 3800 1124 3854 in
1145 3800 1414 3871 aequitate.
1454 3797 1534 3854 Illi
1565 3817 1579 3853 :
1610 3798 1811 3853 Notum
1834 3796 1956 3871 fecit
1982 3794 2098 3849 Do—

500 3888 677 3943 minus
697 3889 935 3947 salutare
960 3908 1118 3947 suum
1157 3899 1635 3966 ante,conspectum
1658 3890 1926 3961 gentium;
1948 3870 2055 3943 nos
2080 3901 2095 3942 :

500 3978 573 4035 In
610 3994 890 4054 conspectu
930 3988 1163 4057 gentium
1211 3985 1453 4042 reuelauit
1487 3986 1756 4058 justitiam
1780 3999 1953 4038 suam.
1975 3981 2095 4038 Illi:

511 4065 771 4129 Viderunt
793 4091 971 4131 omnes
992 4077 1127 4148 ﬁnes
1150 4088 1307 4133 terra:
1321 4076 1556 4133 salutare
1594 4076 1692 4132 Dei
1714 4076 1921 4140 nostri;
1966 4086 2096 4130 nos:

510 4158 771 4223 Viderunt
795 4185 973 4225 omnes
1003 4171 1218 4226 termini
1252 4186 1428 4227 terrae.

573 4256 635 4341 In
658 4258 750 4314 illo
781 4261 1083 4318 centesimo
1124 4262 1305 4334 primo
1331 4261 1563 4334 psalmo,
1605 4260 1699 4318 ubi
1730 4259 1807 4316 illi
1843 4265 2049 4317 canunt
2081 4274 2098 4315 :

503 4345 801 4406 Percussus
839 4369 958 4407 sum
981 4354 1117 4409 sicut
1160 4353 1365 4426 fenum,
1390 4362 1439 4411 et
1463 4353 1606 4409 aruit
1637 4368 1729 4407 cor
1750 4367 1947 4418 meum,
1974 4348 2103 4422 quia

506 4438 699 4495 oblitus
720 4458 838 4498 sum
872 4446 1199 4501 manducare
1246 4463 1437 4518 panem
1464 4461 1657 4510 meum,
1686 4460 1788 4501 nos
1816 4443 2052 4500 dicimus
2082 4459 2099 4498 :

505 4530 831 4626 Percussum
851 4546 927 4591 est
952 4549 1008 4593 ut
1034 4539 1216 4608 fenum
1239 4548 1287 4594 et
1315 4540 1457 4595 aruit
1487 4556 1578 4594 cor
1610 4555 1802 4605 meum,
1822 4538 1948 4609 quia
1969 4535 2104 4591 obti-

509 4632 594 4679 tus
624 4641 745 4681 sum
775 4629 1044 4684 comedere
1066 4646 1256 4701 panem
1296 4648 1490 4686 meum.
1512 4630 1593 4685 Illi
1623 4639 1828 4687 canunt
1862 4649 1876 4685 :
1906 4628 2102 4684 Polum

512 4732 683 4773 meum
711 4734 831 4774 cum
855 4722 987 4793 ﬂetu
1018 4723 1405 4793 temperabam;
1441 4738 1541 4779 nos
1581 4742 1594 4777 :
1641 4723 1904 4779 Poculum
1927 4738 2103 4779 meum

511 4827 628 4867 cum
649 4816 781 4885 fletu
806 4817 1112 4872 miscebam.
1155 4817 1214 4872 In
1256 4817 1351 4873 illo
1396 4833 1557 4874 versu
1584 4831 1598 4872 :
1625 4815 1743 4872 Hoc
1772 4834 1920 4873 mare
1958 4834 2102 4889 mog-

513 4920 635 4961 rtum
674 4917 723 4962 et
772 4912 1066 4981 spatiosum
1108 4911 1375 4979 manibus,
1408 4910 1465 4966 in
1500 4910 1690 4967 Graeco
1719 4927 1829 4968 non
1868 4913 2104 4969 habetur

512 4998 782 5068 manibus,
826 5017 894 5058 ex
936 5002 1211 5061 Hebraico
1240 5012 1297 5060 et
1329 5003 1398 5061 de
1450 5004 1688 5062 editione
1717 5002 2105 5061 Theodotionis

513 5102 567 5144 tn
580 5089 939 5164 Septuaginta
964 5099 1064 5155 sub
1080 5098 1343 5155 asterisco
1364 5100 1457 5168 Χ,
1481 5097 1534 5154 id
1559 5106 1640 5153 est
1662 5096 1836 5165 stella,
1860 5096 2105 5152 additum

514 5192 616 5241 est.
659 5184 1027 5258 Metaphorice
1061 5192 1264 5249 dicitur
1312 5192 1379 5248 de
1421 5207 1593 5258 mare,
1643 5191 1799 5261 quasi
1833 5201 2106 5258 expansas

2190 673 2303 733 tur,
2345 669 2541 738 quibus
2576 669 2836 727 Dominus
2862 668 3024 725 Pater
3068 668 3413 741 designatur;
3472 669 3777 727 secundum

2191 774 2320 819 vero
2342 780 2541 821 nomen
2566 764 2779 821 Domini
2809 764 2895 823 bis
2931 764 3130 821 litteris
3155 761 3414 820 scribitur
3456 761 3663 833 quibus
3688 775 3780 817 so-

2187 858 2301 914 lent
2356 858 2605 915 homines
2634 859 2908 914 dominum
2935 872 3151 913 vocaret
3197 854 3353 914 Unde
3376 861 3434 911 et
3468 868 3500 909 a
3541 852 3779 910 Domino

2189 949 2354 1006 Patre
2389 952 2619 1018 homini,
2647 952 2739 1024 qui
2766 968 2797 1007 a
2828 951 2940 1008 Deo
2962 955 3273 1018 assumptus
3315 955 3421 1015 est,
3449 946 3773 1018 pracipitur

2190 1053 2250 1099 ut
2275 1047 2478 1101 sedeat.
2503 1045 2617 1101 Hoc
2637 1045 2898 1100 adversus
2917 1042 3150 1098 Arianos
3171 1041 3406 1097 diximus
3429 1045 3486 1095 et
3513 1039 3785 1095 adversus

2190 1150 2283 1191 eos
2304 1137 2394 1205 qui
2424 1136 2613 1191 dicunt
2640 1136 2904 1206 majorem
2926 1133 3277 1203 Patrem,qui
3295 1129 3453 1201 jubet
3475 1137 3539 1186 ut
3563 1129 3779 1197 sedeat,

2188 1248 2351 1304 quam
2387 1231 2477 1287 ille
2507 1233 2593 1287 cui
2622 1232 2862 1302 iubetur.
2901 1231 3097 1288 Omnia
3144 1227 3433 1300 Evangelia
3474 1227 3787 1299 personant

2190 1327 2255 1383 dc
2281 1342 2515 1398 persona
2535 1326 2793 1391 hominis,
2827 1334 2885 1380 et
2911 1340 3058 1381 nunc
3079 1339 3187 1393 non
3214 1331 3300 1379 est
3326 1334 3557 1377 necesse
3580 1331 3786 1389 appro-

2188 1420 2357 1484 batio,
2386 1420 2515 1489 quia
2539 1420 2718 1475 omnia
2742 1432 3081 1490 quascunque
3108 1416 3234 1471 vilia
3258 1414 3519 1469 videntur
3533 1408 3785 1468 referun-

2190 1526 2281 1574 tur
2309 1522 2375 1572 ad
2405 1530 2648 1571 carnem.
2944 1496 2953 1497 ί

2262 1611 2356 1666 Ille
2382 1610 2627 1683 psalmus
2661 1607 2755 1678 qui
2798 1604 2992 1675 incipit
3021 1621 3035 1659 :
3063 1600 3362 1672 Confitebor
3389 1599 3506 1665 tibi,
3529 1596 3779 1671 Domine,

2188 1706 2242 1761 in
2301 1713 2410 1758 toto
2466 1704 2624 1758 corde
2669 1717 2804 1767 meo,
2832 1699 2924 1755 hic
2954 1699 3009 1752 in
3057 1711 3123 1751 eo
3166 1692 3498 1766 superﬂuum
3534 1698 3643 1747 est.
3678 1684 3779 1743 Ubi

2190 1796 2422 1853 Romani
2481 1803 2684 1852 canunt
2742 1792 3061 1848 :'E:cortum
3112 1800 3188 1844 est
3231 1789 3287 1843 in
3332 1787 3557 1842 tenebris
3603 1782 3780 1837 tamen

2193 1891 2346 1944 rectis
2376 1888 2565 1953 corde;
2594 1901 2693 1942 nos
2731 1874 2888 1940 corde
2942 1900 3051 1939 non
3096 1881 3376 1937 habemus.
3415 1872 3781 1933 Romani:ln

2193 1983 2445 2038 memoria
2495 1990 2693 2035 (eterna
2726 1980 2824 2033 erit
2847 1978 3050 2048 justus,
3080 1977 3146 2029 ab
3179 1973 3366 2028 auditu
3411 1968 3556 2025 malo
3577 1983 3687 2022 non
3716 1966 3785 2018 ti-

2191 2076 2377 2142 mebit;
2428 2090 2529 2132 nos
2563 2091 2578 2127 :
2612 2073 2691 2127 Ab
2743 2072 3014 2125 auditione
3053 2067 3197 2122 mala
3234 2082 3337 2121 non
3382 2061 3605 2117 timebit.
3640 2057 3783 2124 Quid

2193 2171 2465 2227 inclinavit
2501 2183 2685 2222 aurem
2721 2181 2873 2220 suam
2902 2163 3053 2228 mihi,
3092 2170 3139 2214 et
3167 2161 3224 2214 in
3265 2157 3448 2212 diebus
3485 2153 3615 2208 meis
3634 2153 3781 2205 invo-

2195 2267 2323 2321 cabo
2365 2276 2431 2331 te,
2474 2262 2606 2321 dicit
2642 2258 2705 2313 B.
2753 2256 3116 2327 Hieronymus
3172 2252 3229 2307 in
3283 2246 3511 2317 epistola
3564 2258 3664 2299 sua
3712 2239 3781 2295 ad

2195 2361 2494 2435 quosdam:
2531 2378 2549 2410 ‹
2575 2354 2764 2412 Dicitis
2786 2349 3006 2424 quodin
3029 2347 3219 2403 Graeco
3248 2358 3356 2399 non
3381 2341 3451 2396 sit
3471 2349 3538 2402 te,
3565 2344 3623 2392 et
3639 2336 3782 2391 bene

2197 2426 2262 2514 dc
2292 2455 2489 2511 \cstris
2510 2451 2788 2508 codicibus
2818 2444 3114 2502 radendum
3136 2447 3238 2497 est.
3267 2438 3323 2493 In
3354 2437 3509 2506 ipso:
3548 2426 3782 2485 Placebo

2195 2549 2422 2605 Dontino
2447 2549 2501 2603 in
2533 2547 2741 2617 regione
2767 2543 3029 2605 vivorum;
3053 2550 3151 2609 pro
3165 2538 3282 2606 quo“
3305 2532 3360 2586 in
3376 2528 3566 2585 Graeco
3588 2522 3785 2595 legisse

2195 2658 2293 2698 vos
2321 2640 2502 2696 dicitis
2535 2659 2547 2694 :
2578 2614 2808 2691 Dlacebo
2854 2635 2911 2687 in
2955 2636 3229 2699 conspectu
3262 2620 3509 2686 Domini;
3558 2616 3655 2673 sed
3678 2614 3785 2671 hoc

2197 2735 2527 2808 superﬂuum
2558 2744 2663 2787 εει.
2708 2749 2727 2782 ι

2266 2804 2324 2887 lu
2354 2830 2445 2885 illo
2490 2827 2700 2898 psalmo
2730 2842 2742 2878 :
2774 2818 3111 2891 Conﬁtemini
3136 2813 3384 2878 Domino,
3426 2804 3662 2864 Romani
3686 2814 3784 2858 cs-

2197 2935 2335 2983 nunt
2375 2942 2390 2981 :
2436 2920 2835 2978 Circumdantes
2885 2909 3342 2969 circumdederunt
3385 2920 3487 2968 me,
3511 2910 3561 2957 et
3601 2899 3659 2953 in
3690 2910 3786 2951 no-

2198 3023 2341 3077 mine
2395 3015 2609 3073 Domini
2636 3012 2946 3069 vindicabor
2972 3009 3025 3062 in
3069 3007 3177 3071 eis;
3207 3016 3308 3057 nos
3335 3019 3351 3056 :
3381 2998 3451 3053 Et
3480 2996 3538 3050 in
3572 2991 3786 3047 nomine

2198 3112 2416 3171 Domini
2445 3109 2567 3181 quia
2598 3105 2738 3161 ultus
2764 3120 2879 3158 sum
2918 3103 2973 3155 in
3014 3114 3121 3153 eos.
3163 3095 3296 3150 Item
3329 3092 3383 3147 in
3427 3088 3619 3145 eodem
3661 3082 3782 3138 illi:

2202 3204 2248 3261 0
2284 3202 2531 3268 Domine,
2558 3198 2762 3254 salvum
2809 3209 2889 3248 me
2916 3192 3025 3263 fac,
3047 3207 3076 3244 ο
3105 3185 3350 3249 Domine,
3397 3182 3523 3236 bene
3571 3186 3784 3247 prospe-

2123 3324 2170 3390 ο
2201 3315 2353 3366 rare;
2385 3313 2521 3354 nos:
2570 3294 2614 3350 0
2643 3290 2888 3357 Domine,
2932 3286 3135 3342 salvum
3165 3283 3274 3354 fac,
3319 3294 3348 3333 ο
3376 3274 3627 3339 Domine,
3662 3283 3787 3341 pro-

2201 3408 2430 3466 sperare.

2272 3487 2331 3542 In
2365 3481 2666 3540 centesimo
2691 3477 2900 3535 decimo
2933 3480 3129 3529 octavo
3165 3466 3397 3540 psalmo,
3428 3459 3520 3516 ubi
3550 3450 3791 3513 Romani

2202 3588 2408 3639 canunt
2444 3596 2457 3632 :
2494 3577 2666 3644 Quam
2717 3570 2894 3626 dulcia
2940 3566 3181 3639 faucibus
3232 3560 3360 3615 meis
3412 3553 3789 3644 eloquia‘tua,

2202 3673 2448 3737 Domine,
2491 3684 2649 3736 super
2690 3663 2792 3719 mel
2840 3670 2889 3717 et
2915 3661 3092 3731 favum
3129 3659 3208 3712 ori
3249 3651 3397 3708 meo!
3430 3663 3570 3704 nos:
3614 3639 3793 3710 Quam

2204 3764 2383 3823 dulcia
2406 3764 2652 3836 faucibus
2676 3759 2805 3815 meis
2833 3756 3043 3829 eloquia
3078 3764 3169 3807 tua
3214 3764 3369 3819 super
3393 3744 3496 3799 mel
3522 3742 3602 3798 ori
3631 3733 3795 3793 meo!

2204 3861 2398 3915 Anima
2425 3874 2542 3913 mea
2571 3856 2627 3909 in
2674 3852 2915 3907 manibus
2949 3848 3054 3903 tuis
3096 3859 3313 3915 semper.
3352 3840 3430 3895 De
3478 3837 3584 3891 hoc
3629 3844 3795 3888 versu

2205 3954 2338 4010 dicit
2365 3952 2429 4007 B.
2463 3950 2824 4020 Hieronymus
2850 3943 2918 3998 ad
2968 3937 3232 3995 Sunniam
3259 3941 3313 3987 et
3338 3927 3620 3987 Fretulam
3654 3935 3797 3995 :pro

2204 4061 2311 4118 quo
2339 4043 2393 4099 in
2419 4039 2611 4097 Graeco
2637 4018 2955 4109 legisseyos
2985 4029 3165 4087 dicitis
3194 4044 3207 4081 :
3233 4025 3411 4080 anima
3437 4036 3557 4074 mea
3583 4018 3641 4071 in
3681 4029 3797 4068 ma-

2206 4104 2358 4193 nibus
2406 4134 2509 4188 tuis
2557 4104 2776 4201 semper.
2834 4122 2944 4182 Sed
2984 4120 3263 4180 sciendum
3298 4123 3356 4172 et
3383 4113 3525 4187 apud
3565 4104 3719 4165 LXX
3739 4111 3800 4160 et

2205 4245 2399 4288 omnes
2443 4227 2579 4283 alios
2610 4226 2941 4295 interpretes
2968 4217 3231 4289 scriptum
3260 4226 3415 4269 esse:
3446 4207 3516 4263 In
3549 4201 3798 4270 manibus

2205 4329 2359 4393 meis,
2386 4332 2441 4381 et
2471 4339 2580 4380 nou
2611 4341 2623 4377 :
2660 4321 2729 4376 In
2750 4319 2994 4374 manibus
3021 4315 3161 4379 tuis;
3191 4319 3247 4367 et
3266 4321 3457 4365 omnes
3479 4302 3625 4375 apud
3647 4296 3799 4356 Gne-

2207 4434 2303 4477 cos
2324 4412 2682 4474 ecclesiastici
2710 4412 3032 4481 interpretes
3056 4406 3221 4461 istum
3248 4401 3424 4457 locum
3464 4394 3544 4452 sic
3589 4390 3798 4451 edisse-

2206 4518 2357 4577 runt,
2383 4520 2438 4565 et
2464 4516 2550 4565 est
2577 4505 2816 4563 breviter
2838 4503 2929 4559 lllC
2952 4513 3146 4559 sensus
3178 4516 3191 4554 :
3224 4492 3476 4565 Quotidie
3518 4484 3804 4562 periclitor

2206 4614 2262 4663 et
2288 4605 2444 4678 quasi
2466 4603 2524 4659 in
2552 4601 2804 4657 manibus
2829 4598 2967 4654 meis
3009 4592 3327 4666 sanguinem
3380 4600 3563 4645 meum
3616 4590 3801 4656 porto.

2128 4695 2184 4759 D
2211 4708 2267 4757 et
2287 4672 2469 4756 tamen
2494 4696 2666 4769 legem
2699 4703 2845 4749 tuam
2870 4706 2977 4746 non
2998 4681 3388 4745 obliviscor.ln
3418 4679 3610 4739 eodem
3635 4672 3802 4734 :Esi-

2214 4806 2299 4852 tus
2342 4806 2604 4864 aquarum
2656 4788 2989 4843 deduxerunt
3024 4780 3163 4837 oculi
3209 4779 3332 4845 mei,
3374 4776 3500 4848 quia
3561 4786 3669 4828 non
3714 4783 3801 4827 clr-

2213 4863 2511 4944 stodierunt
2562 4881 2725 4954 legem
2777 4890 2953 4944 tuam;
2990 4890 3090 4949 pro
3120 4886 3230 4944 quo
3264 4870 3319 4926 in
3360 4869 3550 4926 Grazco
3604 4863 3803 4936 legisse

2213 4994 2314 5037 vos
2358 4975 2544 5033 dicitis
2601 4975 2727 5045 quia
2786 4987 2891 5027 non
2932 4966 3208 5025 custodiuit
3257 4965 3419 5036 legem
3468 4971 3653 5025 tuam;
3708 4955 3803 5018 sed

2220 5082 2326 5137 hoc
2362 5076 2714 5150 superﬂuum,
2758 5074 2886 5144 quia
2939 5079 2999 5125 et
3044 5068 3103 5124 in
3142 5064 3371 5120 Hebraeo
3407 5059 3602 5129 legitur
3633 5072 3647 5108 :

2218 5148 2480 5248 aquarum
2510 5172 2742 5245 ﬂuebant
2767 5170 2833 5225 de
2869 5165 3038 5225 oculis
3068 5162 3221 5229 meis,
3249 5159 3379 5232 quia
3415 5171 3519 5211 non
3542 5148 3801 5209 custodiev

2429 5284 2532 5292 --.Δρ
2563 5275 2615 5292 Ι..
2626 5282 2703 5292 -..Α
