4024 5370
295 341 427 399 UH

1261 352 1350 409 DE
1390 352 1600 410 VARIA
1637 353 1885 411 PSALM.
1923 354 2012 412 ET
2051 358 2257 416 CANT.
2297 357 2560 419 MODUL.

3411 346 3557 423 lui

296 455 397 515 Ubi
425 455 503 513 illi
534 446 737 517 canunt
766 476 781 515 :
806 457 931 516 Nisi
951 446 1090 534 quod
1114 450 1409 535 Dominus;
1432 484 1570 525 nos:
1601 468 1722 525 Nisi
1741 471 1869 541 quia
1894 472 1947 533 Α
1972 472 2171 530 rectius
2200 473 2415 532 dicatur
2441 495 2457 535 :
2492 477 2630 544 Quia
2653 474 2816 531 bonus
2839 482 2915 533 est
2935 473 3191 547 psalmus,
3218 474 3269 531 id
3300 480 3384 531 est
3405 454 3553 531 boni.

295 548 573 607 Dominus.
601 552 658 608 lu
690 553 783 610 illo
827 571 987 613 versu
1019 576 1032 613 :
1064 558 1260 616 Beatus
1296 563 1374 617 vir
1412 564 1501 635 qui
1528 563 1757 633 implevit
1778 565 1871 621 de-

293 644 545 700 siderium
596 663 753 703 suum
787 665 853 705 ea:
897 652 1059 721 ipsis;
1115 661 1172 709 et
1216 654 1271 709 in
1310 655 1499 712 (ἔπεεο
1551 657 1752 714 dicitur
1788 660 1871 713 uir

293 749 401 793 non
426 735 650 807 haberi;
681 740 823 811 quod
848 742 1289 805 manifestissime
1327 756 1384 803 et
1408 748 1464 804 in
1492 749 1702 818 Graeco,
1732 758 1789 808 et
1813 753 1869 808 in

292 823 648 900 Septuaginta
689 832 1025 889 continetur.

359 918 417 972 ιη
455 918 664 990 psalmo
706 927 1003 982 centesimo
1052 929 1336 1000 trigesimo
1368 943 1583 1004 quarto,
1620 936 1712 992 ubi
1755 937 1869 994 Ro-

290 1010 440 1065 mani
492 1022 695 1069 canunt
748 1034 763 1071 :
804 1014 1044 1073 Laudato
1098 1019 1383 1077 Dominum
1438 1026 1562 1097 quia
1620 1028 1869 1098 benignus

287 1111 402 1169 est;
426 1118 525 1161 nos
548 1122 563 1159 :
587 1103 828 1164 Laudate
839 1108 1284 1185 Dominum,quia
1311 1116 1479 1172 bonus
1491 1127 1566 1173 est
1588 1118 1867 1175 Dominus.

289 1192 398 1250 Ubi
438 1194 517 1251 illi
567 1207 774 1256 canunt
808 1217 823 1253 :
857 1199 997 1266 Quia
1031 1204 1299 1274 judicabit
1331 1208 1589 1265 Dominus
1618 1211 1871 1281 populum

288 1303 445 1341 suum
496 1297 548 1342 et
596 1291 650 1344 in
684 1292 845 1349 servis
885 1295 995 1350 suis
1043 1298 1435 1366 consolabitur;
1478 1315 1624 1357 nos:
1668 1301 1868 1371 Depre-

287 1378 515 1433 cabitur.
549 1378 653 1465 Qui
679 1381 800 1451 fecit
831 1383 1119 1443 luminaria
1141 1406 1356 1460 magna,
1401 1391 1533 1447 dicit
1578 1392 1640 1448 B.
1672 1392 1870 1450 Hiero-

288 1484 482 1539 nymus
511 1471 580 1529 ad
618 1486 714 1529 eos
764 1489 902 1547 quos
927 1492 1088 1548 supra
1135 1479 1339 1545 dicitis,
1389 1482 1518 1553 quia
1573 1482 1629 1537 in
1678 1483 1873 1541 Graeco

287 1560 608 1621 inveneritis
639 1581 833 1638 magna
864 1569 1043 1637 solus;
1071 1571 1169 1628 sed
1199 1573 1304 1630 hoc
1324 1574 1392 1629 de
1429 1575 1703 1645 superiori
1747 1592 1873 1633 ver-

285 1655 480 1722 siculo,
501 1657 594 1714 ubi
614 1658 844 1729 legimus
869 1681 882 1717 :
911 1663 1016 1728 Qui
1038 1666 1167 1735 facit
1198 1668 1463 1723 mirabilia
1488 1685 1682 1739 magna
1704 1669 1867 1725 solus.

287 1747 363 1803 lbi
394 1764 524 1822 ergo
546 1750 835 1823 legendum
864 1763 969 1820 est,
996 1764 1052 1811 et
1081 1757 1170 1812 hic
1216 1759 1370 1828 quasi
1410 1760 1741 1829 superﬂuum
1786 1769 1870 1816 est

285 1854 342 1901 et
372 1862 480 1902 non
508 1848 881 1906 scribendum.
918 1851 976 1907 In
1005 1852 1097 1912 illo
1120 1853 1329 1922 psalmo
1364 1873 1377 1909 :
1427 1855 1600 1925 Super
1623 1856 1866 1925 ﬂumina,
1895 1837 1945 1899 Β

287 1936 378 1993 ubi
406 1937 483 1993 illi
505 1947 768 1996 cantant:
797 1940 940 1996 Dum
977 1943 1378 1999 recordaremur
1410 1946 1523 2011 tui,
1558 1943 1724 2011 Sion;
1771 1961 1873 2003 nos

286 2029 552 2088 dicimus:
581 2030 715 2088 Cum
742 2035 1139 2090 recordaremur
1162 2034 1316 2093 Sion.
1346 2036 1429 2092 llli
1455 2046 1659 2094 canunt
1696 2056 1710 2094 :
1758 2038 1873 2094 He-

284 2134 478 2191 mento,
506 2124 753 2194 Domine,
779 2127 1012 2196 filiorum
1042 2128 1248 2195 Edam;
1292 2144 1394 2186 nos
1428 2149 1445 2187 :
1490 2130 1696 2187 Memor
1737 2143 1870 2191 esto.

285 2213 342 2269 In
374 2215 461 2271 illa
489 2216 764 2275 offerenda
791 2220 899 2293 {Si
944 2222 1298 2289 ambulauero,
1347 2223 1441 2280 ubi
1493 2224 1572 2279 illi
1620 2236 1868 2282 canunt:

285 2306 551 2366 Extendes
572 2327 810 2379 manum,
839 2328 939 2370 nos
970 2331 984 2367 :
1016 2312 1338 2370 Extendisti.
1398 2316 1456 2371 ln
1508 2316 1600 2372 illo
1640 2325 1818 2372 tractu
1851 2335 1867 2373 :

285 2399 447 2471 Eripe
483 2420 585 2471 me,
608 2405 851 2474 Domine,
877 2409 967 2465 ubi
1024 2408 1103 2464 illi
1144 2418 1410 2466 cantant:
1440 2410 1485 2464 Α
1538 2412 1649 2466 viro
1688 2412 1872 2483 iniquo

284 2495 449 2552 libera
475 2515 573 2563 me,
605 2515 743 2556 nos:
783 2499 946 2572 Eripe
965 2520 1065 2559 me.
1086 2503 1168 2559 illi
1198 2522 1211 2558 :
1247 2503 1351 2570 Qui
1373 2506 1731 2576 cogitaverunt
1756 2522 1868 2560 ma-

282 2588 427 2644 litias
464 2590 521 2646 in
562 2594 759 2661 corde;
812 2609 915 2651 nos
952 2610 967 2649 :
1000 2596 1106 2661 Qui
1145 2598 1503 2667 cogitaverunt
1543 2599 1865 2671 iniquitates.

282 2684 362 2740 llli
397 2703 411 2741 :
453 2686 532 2742 Ab
562 2688 861 2745 hominibus
890 2691 1084 2761 iniquis
1105 2690 1269 2745 libera
1294 2708 1397 2757 me,
1425 2692 1681 2757 Domine;
1706 2709 1805 2749 nos
1848 2712 1862 2748 :

282 2777 446 2849 Eripe
474 2796 575 2836 me.
603 2779 683 2837 Illi
711 2796 727 2836 :
755 2780 1029 2853 Laqueos;
1059 2797 1160 2838 nos
1202 2798 1216 2839 :
1270 2781 1561 2854 Laqueum.
1600 2783 1678 2838 llli
1726 2803 1739 2837 :
1800 2784 1869 2840 Et

279 2870 436 2940 funes
472 2873 814 2927 extenderunt
851 2875 905 2927 in
935 2874 1178 2944 laqueum
1216 2874 1433 2945 pedibus
1481 2876 1642 2940 meis;
1694 2890 1795 2931 nos
1849 2893 1864 2930 :

278 2959 351 3015 Et
375 2960 527 3031 funes
547 2963 888 3017 extenderunt
911 2966 963 3018 in
985 2963 1346 3035 laqueum.llli
1373 2979 1389 3019 :
1417 2965 1685 3020 Obumbra
1710 2974 1868 3038 caput

281 3069 490 3118 meum;
518 3066 657 3108 nos:
705 3052 1063 3109 Obumbrasli.
1112 3056 1170 3110 ln
1226 3055 1321 3111 illo
1361 3057 1728 3126 responsorio,
1773 3057 1868 3113 ubi

296 3144 356 3199 lli
382 3151 590 3200 canunt
620 3161 635 3199 :
667 3143 819 3199 Educ
842 3146 908 3201 de
938 3163 1148 3203 carcere
1185 3150 1420 3204 animam
1454 3166 1656 3217 meatu;
1712 3165 1813 3207 nos
1847 3167 1861 3204 :

302 3230 437 3292 Istuc
460 3237 524 3291 de
557 3237 818 3293 custodia.
846 3238 948 3296 Ubi
979 3239 1055 3295 illi
1092 3250 1294 3298 canunt
1321 3260 1335 3297 :
1370 3243 1633 3299 Anxiatus
1684 3254 1762 3299 est
1808 3245 1866 3299 in

303 3340 372 3380 tu.
388 3330 605 3401 spiritus
625 3346 805 3399 meus;
833 3346 936 3389 nos
960 3349 978 3388 :
998 3334 1261 3390 Anxiatus
1279 3343 1353 3390 est
1375 3351 1535 3407 super
1554 3352 1636 3391 me
1648 3335 1868 3408 spiritus

306 3432 450 3477 ηιθιε.

380 3512 420 3568 ll
472 3519 683 3584 psalmo
726 3518 1026 3578 deritesimo
1070 3521 1488 3594 quadragesimo
1538 3522 1723 3589 tertio,
1775 3522 1869 3577 ubi

311 3607 531 3669 Romna
551 3614 722 3672 editio
759 3616 922 3673 habet
952 3630 969 3670 :
999 3614 1105 3682 Qui
1125 3616 1223 3672 das
1249 3615 1477 3671 salutem
1528 3616 1759 3687 regibus,
1778 3618 1870 3689 qui

311 3698 518 3759 liberati
539 3702 707 3761 Dauid
728 3723 935 3763 seruum
951 3715 1100 3763 tuum
1120 3708 1373 3781 degladio
1394 3707 1658 3781 maligno;
1684 3717 1869 3764 nostra

312 3790 479 3847 habet
518 3796 623 3864 Qui
645 3798 745 3854 das
779 3800 1005 3855 salutem
1043 3801 1272 3873 regibus,
1293 3802 1383 3871 qui
1431 3803 1648 3858 redemit
1693 3800 1870 3856 David

313 3896 688 3957 “Nummum,
711 3889 777 3945 de
802 3890 980 3961 gladio
1008 3890 1243 3964 maligno
1280 3893 1421 3963 eripe
1449 3908 1551 3947 me.
1594 3891 1706 3948 Nec
1738 3897 1869 3963 per-

318 3972 695 4037 turbaredebet
720 3980 979 4040 lectorem
1008 3984 1184 4041 subito
1216 3984 1601 4040 transmutatio
1624 3998 1870 4053 personas

314 4066 403 4123 vel
427 4074 684 4144 tempris;
711 4075 840 4147 quia
872 4077 1051 4133 solent
1090 4079 1391 4151 prophetae,
1418 4077 1624 4149 Spiritu
1679 4087 1870 4135 sancto

318 4160 519 4228 θάοοῑίν
548 4168 748 4225 llnsire
773 4171 840 4225 de
862 4171 1112 4242 personis
1142 4174 1210 4228 ad
1230 4187 1513 4244 personas,
1541 4180 1596 4228 et
1613 4173 1870 4244 tempori-

316 4254 420 4310 bus
441 4253 509 4308 ad
537 4261 770 4332 teipora,
800 4271 860 4320 et
891 4262 973 4320 sic
996 4264 1179 4321 divina
1225 4266 1474 4337 proferre
1523 4264 1760 4336 eloquia.
1810 4264 1870 4321 In

317 4346 413 4402 illo
434 4346 648 4422 introii,
680 4355 775 4412 ubi
806 4356 881 4412 illi
914 4367 1137 4415 cantant
1190 4376 1206 4415 :
1258 4358 1447 4416 Sancti
1493 4360 1591 4427 tui,
1624 4359 1867 4429 Domine,

320 4436 692 4512 benedicen‘e;
728 4461 829 4503 nos
859 4466 873 4503 :
913 4446 1098 4504 Sancti
1126 4449 1204 4503 tui
1234 4449 1537 4505 benedicant
1563 4449 1676 4504 tibi.
1698 4449 1755 4504 ln
1777 4449 1870 4505 illo

320 4526 544 4600 gradale
574 4543 591 4582 ε
629 4552 769 4607 rape
812 4546 890 4595 est
926 4538 1186 4596 Dominus
1231 4541 1471 4596 omnibus
1505 4541 1869 4598 invocantibus

317 4637 459 4689 cum,
487 4622 581 4679 ubi
630 4614 811 4686 coitur
872 4650 888 4687 :
954 4631 1192 4687 Laudem
1238 4631 1451 4689 Domini
1517 4631 1756 4705 loquetur
1806 4651 1867 4691 os

319 4729 511 4779 meum.
536 4721 588 4770 ϐε
612 4714 839 4778 beedicat
866 4725 1037 4780 omnis
1062 4741 1187 4780 caro
1210 4740 1398 4781 nomen
1427 4735 1669 4782 sanctum
1705 4727 1864 4799 ejus:

321 4820 460 4862 n08:
502 4805 848 4871 Lauddonem
891 4814 1108 4872 Domini
1163 4817 1404 4890 loquetur
1452 4834 1510 4873 os
1564 4836 1773 4889 meum,
1818 4829 1868 4876 et

321 4898 591 4955 benedicti!
620 4909 752 4964 omis
805 4924 930 4964 caro
970 4910 1171 4965 nomini
1219 4921 1403 4967 sancto
1455 4912 1591 4982 ejus.
1650 4914 1710 4971 In
1772 4914 1868 4972 illo

319 4992 548 5062 psalmo,
563 4992 657 5049 ubi
671 4991 928 5057 illcanunt
943 5017 958 5054 :
979 4998 1189 5071 Lauda,
1208 5005 1388 5059 anima
1403 5018 1539 5071 mea,
1557 5004 1866 5076 Dominum,

322 5083 552 5140 laudabo
581 5083 823 5147 Domium
850 5092 907 5146 in
940 5091 1046 5146 uita
1099 5107 1233 5163 mea,
1289 5092 1517 5164 psallam
1562 5098 1676 5156 Deo
1726 5117 1865 5169 meo,

1973 580 2061 620 res
2092 566 2351 635 psallere,
2387 576 2448 623 ut
2494 568 2556 623 B.
2609 567 2968 640 Hieronymus
3015 566 3269 637 exponit;
3321 564 3553 637 psallere

1973 666 2172 725 autem,
2200 654 2393 729 inquit,
2422 677 2531 718 non
2557 676 2711 728 voce,
2756 662 2849 718 sed
2883 659 3064 717 corde.
3103 660 3300 728 Quanti
3349 660 3552 715 bonam

1969 762 2157 803 vocem
2197 750 2419 818 habent,
2463 759 2518 807 et
2565 751 2820 822 quoniam
2870 759 3185 822 peccatores
3238 754 3385 814 sunt,
3414 746 3553 802 male

1968 840 2225 910 psallunt.
2255 841 2401 898 Bene
2426 844 2607 914 psallit
2632 845 2723 915 qui
2754 852 2939 901 cantat
2965 844 3019 899 in
3040 842 3226 909 corde,
3250 841 3341 911 qui
3370 847 3554 897 cantat

1970 932 2243 989 Christum
2274 934 2329 989 in
2357 937 2707 993 conscientia.
2736 937 2863 995 Haec
2895 951 3068 1008 pauca
3098 936 3165 993 de
3192 933 3415 1006 psalmis
3466 940 3552 988 ut-

1970 1040 2184 1095 cunque
2219 1026 2488 1083 suﬂiciant
2514 1027 2679 1083 dicta.

2041 1116 2094 1170 6.
2125 1115 2280 1173 Nunc
2310 1133 2528 1173 manum
2555 1119 2793 1175 conabor
2828 1120 3198 1176 transmittere
3239 1117 3305 1174 ad
3334 1116 3553 1183 Isaiam,

1970 1208 2084 1279 qui,
2106 1217 2169 1263 ut
2191 1208 2254 1264 Β.
2278 1210 2411 1266 dicit
2438 1210 2824 1282 Hieronymus,
2846 1227 2953 1267 non
2978 1221 3085 1268 tam
3108 1213 3367 1283 propheta
3389 1224 3555 1280 quam

1970 1302 2299 1375 evangelista
2326 1313 2382 1360 et
2411 1305 2686 1376 apostolus
2711 1315 2799 1360 est
2827 1305 3112 1371 dicendus;
3162 1306 3276 1376 ipse
3311 1304 3457 1360 enim
3487 1302 3558 1359 de

1969 1410 2029 1450 se
2073 1406 2129 1451 et
2157 1396 2223 1452 de
2252 1397 2466 1452 caeteris
2495 1398 2843 1468 evangelistis
2872 1404 3101 1452 testatur
3127 1396 3349 1452 dicens:
3378 1393 3555 1461 Quam

1970 1490 2189 1558 speciosi
2208 1490 2363 1559 pedes
2387 1490 2859 1560 euangelizandum
2890 1490 3056 1554 bona,
3089 1486 3558 1558 evangelisantium

1969 1580 2188 1649 pacem!
2215 1588 2271 1635 et
2292 1581 2490 1635 iterum
2521 1581 2588 1636 de
2614 1581 2792 1652 seipso
2819 1599 2833 1634 :
2867 1578 3100 1651 Spiritus
3144 1578 3359 1635 Domini
3404 1591 3560 1649 super

1969 1686 2071 1737 me,
2094 1680 2307 1751 propter
2341 1673 2482 1743 quod
2520 1673 2672 1727 unxit
2716 1690 2819 1739 me,
2841 1672 3198 1743 evangelisare
3244 1669 3559 1742 pauperibus

1970 1762 2108 1816 misit
2130 1780 2230 1818 me.
2270 1764 2339 1819 Et
2364 1766 2491 1835 quia
2519 1766 2786 1836 apostolus
2829 1766 3220 1835 interpretatur
3254 1764 3465 1826 missus,
3489 1759 3561 1817 ad

1972 1854 2146 1925 ipsum
2177 1857 2332 1926 quasi
2366 1856 2432 1910 ad
2475 1857 2781 1928 apostolum
2837 1856 3073 1927 loquitur
3132 1857 3274 1912 Deus
3326 1870 3343 1910 :
3393 1853 3562 1921 Quem

1970 1946 2198 2013 mittam,
2219 1948 2404 2017 etquis
2434 1948 2526 2001 ibit
2543 1949 2613 2002 ad
2637 1948 2889 2019 populum
2925 1949 3122 2002 istaut?
3142 1948 3312 2006 etille
3338 1961 3562 2017 respon-

1971 2039 2091 2094 dit:
2124 2037 2261 2094 Ecce
2284 2056 2400 2111 ego,
2428 2041 2575 2094 mitte
2614 2057 2715 2094 me.
2760 2041 2828 2093 Et
2878 2040 3006 2109 quia
3028 2039 3184 2094 multi
3229 2052 3336 2094 non
3385 2036 3562 2093 solum

1970 2130 2274 2186 litterarum
2321 2132 2547 2189 scientia
2605 2132 2788 2187 minus
2843 2130 3110 2202 perfecti,
3160 2144 3349 2185 verum
3392 2128 3562 2184 etiam

1969 2222 2287 2279 liberalibus
2322 2224 2530 2281 artibus
2561 2223 2784 2290 eruditi,
2817 2222 2996 2279 solent
3038 2223 3095 2278 in
3143 2223 3250 2278 hoc
3294 2220 3563 2291 prOphcta

1973 2316 2143 2370 multo
2183 2316 2342 2371 aliter
2387 2333 2550 2387 quam
2590 2317 2796 2372 veritas
2824 2331 2885 2373 se
2915 2317 3115 2373 habeat
3138 2315 3193 2371 in
3218 2314 3451 2371 lectione
3479 2313 3564 2368 di-

1971 2406 2269 2478 stinguere,
2293 2406 2379 2463 vel
2405 2417 2571 2463 cantu
2601 2409 2768 2465 verba
2790 2408 3056 2480 proferre,
3082 2406 3290 2478 placuit
3315 2420 3555 2461 summa-

1972 2498 2068 2553 tim
2101 2499 2220 2554 loca
2250 2508 2464 2567 notare,
2488 2501 2582 2556 ubi
2614 2502 2794 2557 minus
2835 2510 2985 2558 recte
3025 2500 3324 2557 sententias
3369 2499 3563 2555 distin-

1970 2601 2158 2665 guant,
2199 2593 2289 2648 vel
2310 2594 2484 2649 verba
2505 2594 2666 2653 aliter
2692 2611 2854 2666 quam
2884 2610 2944 2652 se
2979 2594 3181 2652 veritas
3208 2595 3409 2651 habeat
3429 2608 3557 2664 pro-

1971 2696 2150 2741 munt.

2041 2776 2198 2831 Nunc
2230 2776 2409 2846 primo
2437 2777 2717 2834 videamus
2745 2780 2813 2835 de
2841 2793 2907 2835 eo
2954 2779 3097 2851 quod
3140 2778 3402 2850 scriptum
3431 2785 3557 2834 est:

1973 2870 2090 2936 Quo
2118 2869 2248 2924 mihi
2275 2870 2659 2926 multitudinem
2688 2872 3019 2926 victimarum
3070 2877 3385 2934 uestrarum,
3430 2869 3559 2923 dicit

1970 2963 2248 3018 Dominus.
2281 2963 2349 3019 Et
2379 2979 2502 3019 cum
2539 2963 2877 3019 inferendum
2912 2972 2966 3019 et
2997 2962 3434 3034 distinguendum
3463 2961 3558 3023 sit,

1970 3057 2153 3129 plenus
2177 3075 2314 3125 sum,
2339 3058 2442 3114 hoc
2470 3067 2554 3114 est
2584 3058 2729 3114 nulla
2756 3073 2814 3113 re
2837 3058 3072 3127 indigeo,
3098 3054 3393 3112 secundum
3415 3052 3561 3124 quod

1972 3151 2102 3206 alibi
2131 3153 2390 3221 scriptum
2411 3160 2497 3207 est
2516 3169 2528 3205 :
2549 3150 2764 3207 Domini
2789 3160 2864 3206 est
2893 3160 3032 3206 terra
3053 3158 3103 3205 et
3122 3147 3390 3221 plenitudo
3411 3146 3561 3215 ejus;

1969 3245 2188 3316 quidam
2224 3244 2419 3300 vitiose
2474 3244 2604 3300 huic
2652 3242 3009 3309 sententiolae,
3037 3242 3221 3313 plenus
3270 3255 3419 3305 sum,
3463 3251 3565 3307 per

1971 3336 2267 3392 ablativum
2298 3334 2598 3407 adjungunt
2628 3352 2644 3389 :
2678 3334 3004 3391 Holocausto
3035 3334 3260 3389 arietum
3306 3340 3354 3388 et
3406 3328 3563 3398 adipe

1970 3428 2279 3498 pinguium;
2309 3434 2505 3497 etpost
2532 3426 2774 3482 inferunt
2803 3425 3177 3482 accusativum
3204 3440 3219 3479 :
3253 3422 3319 3478 Et
3343 3420 3563 3491 sangui-

1972 3535 2089 3574 nem
2123 3518 2405 3573 uitulorum
2452 3528 2500 3574 et
2543 3535 2801 3589 agnorum
2827 3527 2877 3573 et
2924 3518 3192 3571 hircorum
3233 3514 3398 3579 nolui,
3437 3526 3566 3568 cum

1970 3610 2154 3681 priora
2191 3610 2355 3665 verba
2389 3626 2405 3666 :
2442 3608 2833 3665 Holocaustum
2873 3610 3099 3664 arietum
3132 3618 3181 3662 et
3217 3608 3422 3678 adipem
3446 3606 3567 3676 pin-

1972 3702 2154 3770 guium
2178 3715 2276 3771 per
2318 3700 2689 3756 accusativum
2736 3708 2866 3756 sunt
2919 3698 3266 3769 proferenda,
3313 3695 3455 3752 sicut
3508 3701 3569 3750 et

1973 3790 2077 3846 hoc
2098 3790 2240 3860 quod
2262 3790 2509 3860 sequitur
2541 3807 2555 3844 :
2588 3788 2658 3843 Et
2683 3790 2994 3860 sanguinem
3023 3787 3305 3842 vitulorum
3325 3795 3375 3841 et
3401 3799 3568 3856 agno-

1972 3898 2092 3936 rum
2141 3891 2189 3936 et
2244 3882 2509 3937 hircorum
2553 3880 2721 3936 nolui.
2773 3881 2842 3936 Et
2889 3880 3088 3938 iterum
3115 3880 3172 3935 in
3199 3892 3265 3934 eo
3290 3877 3434 3944 loco,
3472 3876 3571 3932 ubi

1974 3974 2236 4044 scriptum
2266 3981 2350 4029 est
2374 3989 2388 4027 :
2412 3970 2596 4026 Primo
2626 3981 2859 4041 tempore
2888 3971 3137 4026 alleuiata
3166 3979 3241 4025 est
3283 3976 3424 4024 terra
3461 3965 3572 4021 Za-

1975 4063 2136 4120 bulon
2171 4073 2221 4118 et
2250 4073 2391 4119 terra
2415 4062 2756 4134 Nephtalim,
2780 4072 2831 4117 et
2852 4063 2911 4117 in
2932 4059 2936 4063 ’
2956 4063 3238 4117 novissimo
3281 4067 3570 4131 aggravata

1974 4167 2048 4212 est
2077 4158 2165 4211 uia
2196 4156 2359 4211 maris
2390 4165 2538 4212 trans
2560 4155 2852 4212 Iordanem
2890 4152 3147 4211 Galiltete.
3195 4152 3300 4211 Ubi
3347 4151 3570 4222 quidam

1974 4249 2290 4317 dictionem,
2315 4264 2439 4319 quae
2461 4256 2568 4317 est,
2596 4250 2862 4321 gentium,
2896 4246 3253 4317 subsequenti
3282 4242 3572 4301 sententia

1970 4342 2205 4414 jungunt
2255 4342 2382 4399 ita:
2419 4341 2666 4398 Gentium
2722 4339 2969 4414 populus,
3008 4340 3118 4412 'qui
3166 4335 3470 4394 ambulabat
3511 4334 3573 4391 iu

1973 4438 2220 4505 tenebris,
2244 4451 2370 4494 cum
2393 4435 2553 4508 longe
2573 4435 2731 4493 aliter
2752 4436 2826 4492 sit
2844 4432 3309 4507 distinguendum.
3324 4429 3574 4501 Denique

1975 4533 2096 4590 dua:
2143 4541 2273 4590 sunt
2322 4530 2578 4598 Galilwaz,
2625 4546 2733 4585 una
2791 4538 2947 4586 trans
2997 4527 3316 4594 Jordanem,
3358 4526 3415 4581 in
3462 4534 3574 4613 qua

1975 4628 2173 4701 viginti
2209 4625 2461 4684 civitates
2489 4624 2750 4681 Salomon
2781 4623 2930 4679 dedit
2977 4622 3165 4678 Hiram
3217 4619 3335 4689 regi
3382 4614 3574 4686 Tyrio-

1978 4736 2103 4776 rum
2123 4721 2179 4777 in
2201 4727 2351 4778 sorte
2380 4717 2554 4774 tribus
2577 4713 2888 4787 Nephtalim
2901 4731 2922 4781 ;
2952 4713 3124 4770 altera
3142 4711 3297 4779 juxta
3319 4713 3574 4774 stagnum

1978 4811 2323 4870 Genesareth
2347 4809 2405 4867 in
2432 4809 2577 4866 tribu
2599 4807 2846 4865 Zahulon
2891 4806 3040 4862 circa
3078 4797 3444 4856 Tiberiadem.
3491 4792 3579 4850 Ad

1981 4909 2139 4981 cujus
2168 4905 2609 4972 distinctionem,
2640 4917 2764 4974 quae
2790 4908 2877 4958 est
2900 4899 2957 4953 in
3005 4894 3216 4960 Iudaea,
3254 4890 3385 4946 dicit
3420 4899 3581 4981 nunc

1980 4979 2131 5062 trans
2160 5001 2459 5061 Iordanem
2494 4995 2736 5052 Galilazas
2783 4992 3035 5062 gentium.
3090 4984 3296 5041 Deinde
3349 4979 3523 5037 infert
3563 4994 3582 5035 :

1981 5098 2251 5171 Populus,
2277 5092 2369 5165 qui
2394 5087 2695 5144 ambulabat
2723 5079 3063 5182 intenebris,
3087 5077 3216 5133 uidit
3252 5073 3420 5129 lucem
3457 5088 3590 5182 ma.-
