4024 5370
425 440 428 444 Α
518 446 661 507 1145
722 512 745 520 ι

1524 477 1531 485 -
1593 434 1935 501 BERNONIS
1973 432 2264 495 ABBATIS
2298 421 2682 494 AUGIENSIS‘

3645 404 3787 485 titt

517 568 592 622 bis
623 581 638 619 :
664 555 734 620 et
755 553 860 634 pro
878 575 944 618 eo
966 561 1109 632 quod
1132 561 1379 617 canimus
1404 573 1419 614 :
1455 560 1608 630 cujus
1630 560 1905 631 imperium
1943 570 2100 627 super
2125 557 2174 617 Α
2202 560 2353 609 costa
2380 551 2567 606 lateris
2594 549 2723 604 Adae
2742 546 2984 634 formata
3010 554 3113 615 est,
3144 546 3216 604 ita
3241 546 3489 603 Ecclesia
3517 521 3595 601 ex.
3618 520 3792 601 latere

514 644 789 711 humerum
815 654 954 726 ejus,
1002 654 1267 710 Hebraica
1323 653 1780 713 veritas‘hab’et:
1819 650 1888 704 Et
1924 650 2103 719 [actus

514 759 598 805 est.
620 749 945 819 principatus
961 739 1123 817 super
1155 749 1429 803 humerum
1456 749 1589 819 ejus.
1639 751 1707 805 Et
1732 762 1833 819 pro
1861 760 1924 802 eo
1952 741 2096 814 quod

518 842 810 897 canimus:
849 837 918 893 Et
963 840 1233 895 vocabitur
1276 857 1464 896 nomen
1502 844 1616 912 ejus
1662 843 1839 912 magni
1893 840 2096 895 consilii

515 932 754 1003 angelus,
795 932 846 987 in
887 922 1115 987 Hebraeo
1167 948 1263 988 sex
1302 929 1521 989 nomina
1562 916 1876 989 habentur:
1915 932 2105 986 Δάηιὶιέ

513 1023 720 1090 rabilis,
745 1022 1112 1088 Consiliarius,
1141 1023 1306 1089 Deus,
1342 1011 1738 1089 Fortis,'Pater
1775 1025 1945 1094 futuri
1993 1040 2094 1078 sa:-

514 1112 643 1177 culi,
693 1111 944 1183 Princeps
994 1116 1161 1185 pacis.
1222 1115 1325 1171 Ubi
1378 1116 1672 1171 notandum
1709 1116 2009 1185 quodnon,
2038 1121 2098 1168 ut

514 1196 1037 1277 plerique'putant,‘
1076 1208 1204 1263 bina
1247 1196 1522 1279 jungenda‘
1566 1217 1690 1265 sunt
1748 1209 2015 1273 nemina,"
2038 1215 2099 1262 ut

515 1295 758 1364 legamus
785 1312 800 1351 :
832 1297 1173 1353 Admirabilis
1202 1300 1557 1365 consiliarius,
1584 1309 1638 1355 et
1665 1316 1881 1355 rursum
1913 1316 1926 1352 :
1954 1297 2108 1353 Deus

515 1389 700 1459 fortis;
735 1390 828 1446 sed
849 1391 1195 1447 Admirabilis
1239 1392 1523 1465 legendum
1564 1403 1650 1448 est
1694 1392 2005 1463 separatim,
2045 1399 2102 1447 et

517 1478 863 1537 Consiliarius
910 1476 1209 1552 seorsum,
1265 1496 1320 1541 et
1350 1476 1498 1541 Deus
1529 1471 1871 1557 separatim,’
1900 1472 2112 1541 deinde

518 1570 721 1639 Fortis,
771 1579 1114 1645 postmodum
1159 1577 1431 1647 jungenda
1485 1587 1611 1633 sunt
1662 1578 1766 1633 duo
1820 1577 2040 1633 nomina
2083 1593 2096 1629 :

520 1664 684 1720 Pater
732 1660 902 1736 futuri
929 1670 1131 1735 sceculi,
1158 1657 1407 1741 Princeps
1434 1656 1626 1741 pacis.‘
1702 1694 1707 1700 ·
1824 1666 1830 1677 ’
1862 1684 1865 1687 ·
1903 1663 1913 1697 ί
1942 1676 1962 1680 ”

590 1755 651 1811 In
678 1756 766 1812 illa
797 1758 1029 1816 lectione
1059 1779 1072 1815 :
1103 1760 1276 1831 Super
1316 1760 1542 1817 montem
1570 1764 1832 1818 excelsum
1858 1763 2100 1831 ascende,

519 1848 740 1918 quidam
772 1851 987 1908 codices
1009 1853 1061 1906 in
1095 1854 1396 1909 masculino
1439 1870 1638 1926 genere
1684 1857 1949 1912 habent‘:
2001 1855 2103 1922 Qui

2200 632 2860 706 Cbristiaediﬁcata'est,
2922 640 3158 709 quando,
3214 638 3369 708 juxta
3428 635 3789 706 Evangelium

2199 730 2441 800 Joannis,
2467 747 2604 788 unus
2626 731 2855 787 militum
2872 730 3060 787 lancea
3087 739 3377 802 aperuerat
3402 725 3787 807 latustristi,

2200 835 2254 884 et
2283 828 2464 883 statim
2506 826 2762 897 proﬂuxit
2796 815 3017 896 sanguis
3046 833 3245 880 nostrae
3281 816 3703 894 redemptionis,
3737 825 3792 876 et

2200 935 2339 990 aqua
2364 918 2723 989 baptismatis,
2758 917 2902 987 quod
2928 917 3001 971 ita
3032 925 3115 973 est
3143 916 3526 987 coniunctum,
3558 922 3622 969 ut
3643 927 3785 984 aqua

2200 1007 2619 1082 baptizemur’et
2647 1000 2909 1079 sanguine
2936 1000 3285 1064 redimamur.
3346 1012 3371 1028 "
3422 1012 3429 1021 '
3680 1014 3683 1027 ί

2220 1139 2224 1144 .
2271 1102 2327 1157 lu
2359 1101 2450 1157 illo
2494 1100 2706 1157 cantico
2752 1092 3019 1166 Ezechiae,
3042 1106 3119 1155 ‘et
3156 1101 3211 1155 in
3242 1099 3332 1155 illo
3366 1115 3530 1156 versu
3562 1117 3577 1154 :
3624 1099 3752 1153 Dixi
3773 1112 3795 1155 :

2203 1193 2328 1247 Non
2356 1192 2536 1247 videbo
2567 1191 2887 1257 Dominum;
2919 1191 3138 1260 quidam
3163 1191 3379 1247 codices
3400 1186 3620 1247 habent
3641 1184 3661 1267 ς’
3684 1189 3797 1246 Do-

2201 1280 2612 1349 minum‘Deunt,
2638 1279 2890 1337 sedfalso
2913 1273 3315 1352 scriptum'est;
3339 1281 3425 1336 bis
3445 1280 3598 1336 enim
3626 1279 3798 1350 repeti

2203 1377 2364 1432 debet
2379 1376 2660 1431 Dominum
2680 1366 2994 1439 Dominum,
3005 1363 3219 1429 sicutB.
3244 1372 3621 1444 Hieronymus
3643 1370 3793 1427 dicit.

2202 1469 2354 1525 lllum
2412 1484 2670 1524 versum:
2720 1465 2845 1522 Non
2899 1458 3153 1537 aspiciam
3214 1466 3478 1520 hominem
3535 1464 3686 1519 ultra
3746 1472 3797 1520 et

2203 1559 2581 1629 habitatorem,
2632 1563 2706 1617 ita
2731 1558 3463 1647 ‘dividunt’et'terminaut,
3511 1568 3579 1614 ut
3610 1550 3801 1614 subse—

2052 1672 2059 1682 '
2104 1674 2109 1694 ι
2204 1670 2377 1725 quens
2401 1646 2593 1711 versus
2623 1653 2696 1708 ita
2728 1642 2949 1724 incipiat
2973 1652 3217 1719 :‘Quievit
3260 1650 3535 1723 generatio
3565 1667 3722 1716 mea;
3748 1656 3801 1705 et

2205 1745 2397 1800 beatus
2444 1744 2664 1814 quidem
2714 1742 3077 1816 Hieronymus
3121 1753 3344 1815 prepter
3386 1736 3803 1814 ambiguitatem

2207 1836 2375 1890 verbi.
2391 1835 2624 1906 primum
2663 1831 2739 1891 ita
2791 1835 3096 1901 transtulit,
3142 1836 3239 1891 sed
3279 1844 3470 1908 postea
3514 1828 3801 1891 correxit:

520 1940 847 2010 evangelizas
879 1940 1026 2008 Sion,
1060 1952 1107 1997 et
1130 1944 1221 2012 qui
1238 1934 1569 2016 'cvangelizas
1602 1932 1955 2014 Hierusalem,
1980 1962 2104 2002 cum

2214 1925 2574 1980 Habitat'orem
2611 1924 2822 1997 quietis,
2855 1924 2997 1980 vera
3030 1920 3193 1995 quies
3236 1936 3291 1981 et
3335 1941 3465 1982 vera
3511 1924 3803 1980 exsultatio

515 2030 670 2100 juxta
711 2031 1033 2089 Hebraicum
1088 2034 1350 2091 feminino
1396 2052 1594 2108 genere
1643 2037 2113 2107 pronuntiandum

522 2124 593 2178 sit
634 2142 648 2179 ε
694 2125 825 2191 Quae
846 2126 1175 2198 'evangelizas
1197 2128 1409 2194 Si0n,et
1430 2134 1548 2202 qua:
1570 2131 1894 2201 euangelizas
1918 2130 1964 2185 Η
1972 2130 2107 2186 ieru-

521 2216 713 2282 salem;
743 2210 1193 2292 'praeeipiturque
1215 2229 1219 2234 '
1243 2221 1373 2278 Sion
1413 2235 1468 2278 et
1497 2210 1833 2281 Hierusalem
1858 2233 1918 2280 ut
1944 2210 2114 2294 super

522 2319 762 2365 montem
814 2304 1107 2378 excelsum,
1140 2314 1192 2369 id
1238 2303 1339 2371 est.
1364 2315 1430 2370 ad
1467 2316 1875 2373 alta'virtutum
1918 2332 2110 2373 ascen-

522 2397 678 2465 dant,
721 2407 776 2455 et
823 2400 880 2455 in
934 2401 1253 2461 fortitudine
1301 2395 1494 2462 vocem'
1542 2408 1693 2463 suam
1742 2407 2014 2471 exaltent,
2053 2414 2109 2463 et

522 2488 726 2561 absque
751 2491 945 2549 timore
970 2496 1244 2566 nuntient,
1275 2505 1330 2552 et
1354 2497 1541 2553 dicant
1587 2498 1897 2554 civitatibus
1929 2496 2105 2552 Juda:

522 2579 659 2636 Ecce
686 2582 1037 2653 Deus’vester,
1059 2596 1116 2642 et
1136 2596 1332 2645 czetera
1349 2598 1476 2660 qua:
1502 2593 1823 2660 sequantur.
1875 2598 1881 2607 ‘
1980 2602 1983 2609 '

595 2675 744 2732 Illam
794 2676 1196 2749 antiphOnam,’
1228 2697 1391 2753 quam
1439 2684 1659 2754 quidam
1714 2683 2105 2740 modulantur:

524 2768 730 2839 Sancti,
748 2774 839 2843 qui
860 2784 1070 2844 sperant
1091 2776 1147 2830 in
1168 2776 1415 2845 Domino,
1441 2779 1700 2834 habebunt
1727 2779 2113 2849 fortitudinem,

523 2873 789 2917 assument
816 2881 1012 2933 pennas
1044 2877 1098 2921 ut
1122 2867 1341 2939 aq'uilce,
1362 2869 1605 2925 volabunt
1632 2872 2109 2940 et‘notule/icient;

524 2951 578 3006 in
610 2953 838 3011 Hebrteo
869 2957 1097 3013 habetur
1126 2978 1138 3014 :
1176 2959 1279 3027 Qui
1317 2972 1493 3017 autem
1521 2950 1731 3033 sperant
1774 2965 1830 3017 in
1859 2962 2117 3030 Domino,

527 3047 805 3101 mutabunt
830 3047 1215 3117 fortitudinem,
1245 3063 1510 3108 assument
1532 3071 1730 3123 pennas
1754 3054 1887 3108 sicut
1912 3070 2109 3124 pennas

526 3138 741 3207 aquilm,
790 3154 1003 3197 current
1046 3154 1094 3198 et
1137 3162 1241 3200 non
1294 3145 2020 3212 laborabunt,'ambulabunt
2060 3154 2111 3201 et

2206 2017 2319 2072 vita
2346 2024 2548 2071 {eterna
2578 2025 2695 2082 est;
2721 2016 2833 2070 vita
2859 2012 3041 2071 autem
3070 2006 3273 2071 aeterna
3298 2025 3383 2071 est
3411 2014 3804 2085 centemplatio

2207 2119 2263 2166 et
2289 2110 2426 2166 visio
2465 2109 2771 2165 Trinitatis.
2805 2110 2938 2178 Quis
2978 2119 3061 2165 est
3092 2109 3367 2165 habitator
3393 2114 3616 2163 teter-me
3660 2107 3802 2172 vitae,

2208 2202 2313 2258 nisi
2342 2203 2477 2273 ipse
2520 2201 2663 2257 Deus
2705 2198 3049 2273 omnipotens
3086 2209 3142 2257 et
3168 2200 3568 2257 ‘electi'illius?
3614 2199 3677 2254 ln
3715 2196 3803 2253 illo

2207 2311 2369 2352 versu
2396 2295 2695 2362 :.Do’mine,‘
2712 2296 2817 2350 vim
2842 2292 3043 2365 patior,
3064 2286 3286 2365 quidam
3314 2282 3539 2350 codices
3556 2279 3760 2348 habent
3783 2307 3802 2346 :

2211 2387 2488 2459 Responde
2507 2405 2602 2459 pro
2625 2405 2706 2443 me
2723 2387 2870 2455 ,sed‘
2892 2383 3030 2445 falso
3058 2390 3323 2461 seriptum
3353 2394 3477 2453 est;
3494 2386 3696 2442 melius
3723 2393 3803 2440 est

2209 2479 2379 2545 enim,
2412 2487 2469 2534 ut
2497 2480 2837 2550 expositores
2871 2478 3097 2535 dicunt:
3125 2477 3356 2551 'Sponde
3383 2470 3478 2549 pro
3522 2493 3631 2541 me,
3666 2491 3731 2529 ac
3758 2474 3804 2529 si

2107 2604 2114 2615 .
2210 2569 2416 2625 diceret
2444 2584 2459 2623 :
2492 2568 2550 2624 Si
2576 2569 2705 2640 quid
2733 2570 2935 2635 erravi,
2967 2579 3023 2625 tu
3054 2569 3258 2640 sponde
3285 2583 3386 2639 pro
3416 2584 3527 2636 me,
3562 2569 3672 2622 hoc
3698 2573 3805 2632 est,

2210 2659 2287 2716 sis
2316 2658 2816 2739 mihi'ﬁdejussor,‘
2836 2668 2892 2716 et
2920 2661 3104 2734 accipe
3126 2675 3234 2715 :me
3270 2660 3347 2719 in;
3372 2658 3479 2713 ﬁde
3504 2666 3582 2711 ὀι
3613 2654 3806 2727 prote-

2211 2749 2392 2806 ctione
2418 2758 2539 2816 tua;
2563 2766 2665 2804 non
2687 2759 2761 2806 est
2783 2751 2918 2805 enim
2948 2751 3184 2814 volentis,
3204 2767 3369 2823 neque
3391 2751 3657 2804 currentis
3673 2764 3701 2812 ;
3715 2746 3805 2802 sed

2212 2840 2503 2895 miserentis
2529 2839 2629 2894 Dei
2651 2850 2725 2896 est
2760 2840 2940 2913 (Rom.
2966 2857 3040 2907 ιχ,
3075 2840 3186 2911 16).
3216 2840 3284 2895 Et
3311 2841 3510 2895 iterum
3543 2838 3620 2893 ibi
3651 2851 3667 2890 :
3697 2835 3806 2891 Do-

2212 2934 2371 2999 mine,
2411 2933 2485 3007 sic
2507 2934 2716 2999 vivitur,
2753 2934 2974 3004 quidam
3004 2933 3217 2989 codices
3253 2931 3494 2987 habent:
3528 2929 3591 2985 Si
3620 2929 3703 2983 sic
3732 2928 3806 2982 si-

2213 3028 2381 3093 vitur;
2421 3028 2514 3083 sed
2562 3042 2672 3083 non
2720 3035 2824 3083 est’
2852 3028 2948 3094 ita,
3001 3028 3143 3083 sicut
3181 3025 3244 3079 Β.
3290 3025 3657 3096 Hieronymus
3694 3022 3805 3087 ait;

2213 3117 2623 3189 philosophatus
2666 3127 2749 3175 est
2783 3134 2878 3174 rex
2915 3119 2982 3174 de
3019 3126 3167 3174 statu
3204 3118 3369 3189 hujus
3406 3118 3549 3179 vitae,
3598 3116 3677 3170 ita
3718 3114 3812 3169 di-

530 3240 636 3279 non
656 3226 919 3297 deﬁcient,
935 3231 1038 3288 hoc
1065 3233 1402 3305 signiﬁcans,
1428 3237 1571 3307 quod
1598 3207 1793 3303 εξιηριί,
1817 3228 2110 3308 assumptis
2138 3283 2185 3308 Δ
2215 3212 2413 3269 cendo:
2443 3212 2678 3280 Domine,
2701 3213 2776 3308 sic
2797 3212 3002 3279 vivitur,
3020 3211 3073 3268 id
3085 3212 3275 3279 est,ita
3296 3210 3508 3282 fragilis
3525 3218 3581 3266 et
3600 3207 3799 3265 cadus:

722 3283 732 3296 -
820 3283 828 3284 κ
1066 3283 1402 3305 numnum,
1431 3283 1571 3307 .,_-..
1598 3283 1793 3303 -....--.,
1818 3283 1996 3292 πη...
2043 3283 2109 3293 η,

531 3317 632 3373 alis
658 3319 939 3390 virtutum,
973 3325 1112 3382 sicut
1149 3329 1345 3398 aquilae
1380 3329 1434 3383 in
1464 3320 1743 3385 senectute.
1778 3321 1960 3386 'solent
1998 3283 2185 3384 inu-e
2216 3314 2300 3362 est
2320 3308 2558 3362 humana
2586 3306 2876 3378 fragilitas.
3101 3310 3107 3315 '
3149 3312 3153 3316 '
3228 3309 3237 3341 ι
3298 3326 3305 3338 ι
3354 3308 3359 3317 ‘
3425 3317 3433 3324 ·
3571 3308 3608 3331 -’
3662 3322 3667 3325 ·

532 3410 1058 3483 tatione'pennarum
1086 3420 1436 3485 reviviscere,
1464 3420 1537 3474 ita
1569 3421 1657 3475 isti
1689 3421 1742 3477 in
1772 3421 1864 3476 Dei
1893 3421 2118 3477 servitio

529 3514 744 3572 semper
776 3515 997 3562 current
1038 3518 1094 3564 et
1132 3525 1240 3565 non
1280 3504 1558 3577 laborent,
1602 3511 1876 3568 ambulent
1917 3521 1972 3568 et
2007 3526 2115 3567 non

530 3594 802 3661 deﬁcient,
834 3598 975 3654 sicut
1001 3600 1067 3656 de
1098 3601 1176 3656 eis
1206 3601 1477 3672 scriptum'
1501 3607 1631 3659 est':
1661 3596 2015 3658 Ambulabu‘nt
2052 3603 2118 3657 de

531 3687 715 3743 virtute
752 3692 809 3744 in
854 3692 1137 3747 virtutem:
1181 3701 1241 3748 ut
1270 3702 1391 3765 post
1432 3695 1589 3764 hujus
1628 3694 1759 3750 vita!
1796 3687 2118 3761 terminum,

536 3788 809 3850 assumpto
835 3797 1060 3854 corpore
1104 3785 1424 3853 immortali,
1468 3787 1608 3843 Deus
1658 3788 1881 3843 deorum
1921 3788 1988 3843 ab
2036 3786 2116 3844 eis

532 3871 953 3942 possitvideri.‘
1060 3888 1114 3903 ι’
1625 3879 1670 3913 ’ξ
1746 3886 1751 3925 :
1828 3889 1831 3911 :
1952 3884 1956 3909 τ

600 3960 656 4016 lu
690 3962 782 4018 illo
826 3966 1212 4035 responsorio:
1261 3964 1600 4034 Illuminare,
1642 3967 1966 4033 illuminare,
1991 3968 2120 4024 Ilie«

529 4052 783 4121 rusalem,
826 4056 962 4109 venit
984 4054 1077 4109 lux
1123 4066 1246 4123 tua,
1300 4056 1365 4115 in,
1406 4057 1634 4114 Hebraeo
1667 4059 2113 4128 seriptumest:

533 4145 728 4217 Surge,
762 4146 1093 4214 illuminare,
1134 4150 1259 4217 quia
1305 4151 1443 4206 venit
1489 4136 1669 4208 lumen.
1704 4162 1852 4208 tuum
1865 4148 2116 4220 {nomen

530 4233 871 4289 Hierusalem
897 4237 951 4291 in
979 4236 1206 4293 Hebraeo
1236 4253 1343 4294 non
1375 4240 1626 4307 habetur,
1665 4252 1724 4297 ut
1754 4242 2026 4314 signiﬁcet
2053 4257 2118 4299 ea

529 4338 652 4392 quae
697 4324 897 4394 scripta
935 4336 992 4383 et
1035 4330 1304 4399 promissa
1349 4342 1499 4399 sunt,
1539 4334 1645 4387 non
1669 4333 2025 4389 'solumm’odo'
2049 4336 2119 4389 ad

529 4411 866 4471 Hierusalem
895 4425 953 4474 et
997 4421 1064 4488 ad
1103 4420 1322 4477 Iudaeos
1355 4423 1649 4493 pertinere,
1690 4425 1784 4480 sed
1819 4426 2119 4481 ad‘omnes

531 4506 920 4574 generationes
954 4513 1313 4582 generaliter;
1356 4514 1487 4585 quae
1529 4516 1608 4579 in,
1639 4514 1936 4572 Christum
1961 4525 2120 4573 erant

531 4596 837 4654 crediturae.
868 4600 938 4656 Et
978 4602 1113 4658 infra
1143 4604 1332 4659 :.Filii
1365 4609 1444 4659 tui
1484 4606 1547 4662 de
1597 4606 2023 4678 longe‘venient,
2069 4617 2117 4663 et

530 4687 661 4756 lilia:
690 4698 795 4745 tua:
824 4691 907 4747 lac
936 4706 1149 4767 sugent;
1174 4698 1395 4767 quidam
1444 4700 1519 4753 ita
1558 4700 1915 4770 distinguunt,
1936 4703 2005 4756 ’ut
2034 4701 2117 4756 di-

535 4786 664 4835 cant
707 4780 773 4835 de
805 4781 958 4851 lacte,
986 4795 1050 4843 et
1082 4795 1269 4856 postea
1296 4788 1978 4861 Subiungantﬁresurgant,
2005 4807 2119 4862 'pu-

535 4880 714 4929 tantes
749 4891 1089 4949 consequens
1135 4893 1253 4935 esse
1305 4888 1366 4934 ut
1407 4880 1481 4935 illi
1511 4882 1733 4937 dictioni
1764 4884 1828 4937 de
1856 4883 2007 4954 longe
2034 4885 2119 4940 re-

533 4964 796 5030 spondeat
830 4966 999 5038 altera
1033 4968 1205 5031 dictio,
1226 4968 1291 5023 de
1334 4968 2119 5047 lacte.,Sed,B.,Hieronynius

533 5052 698 5111 alium
731 5068 948 5116 sensum
979 5064 1131 5133 ponit
1183 5072 1241 5119 ut
1270 5064 1415 5139 dicat
1443 5083 1455 5119 :
1489 5063 1648 5121 Filia:
1677 5076 1781 5121 tua:
1811 5066 1894 5120 lac
1914 5072 2119 5137 sugent,

535 5154 592 5199 ut
618 5148 812 5205 animae
843 5152 895 5207 in
919 5155 1138 5223 Christo
1167 5156 1451 5225 lactantes,
1484 5159 1557 5217 in”.
1571 5160 1895 5237 baptismate
1924 5174 2123 5235 parvu-

534 5237 729 5307 lorum,
759 5243 1112 5306 sicutPctrus
1144 5253 1421 5319 apostolus
1442 5253 1590 5311 dicit
1615 5271 1628 5307 :
1659 5252 1826 5320 Quasi
1855 5253 2008 5307 mod‘o
2035 5270 2123 5327 ge:

536 5330 886 5370 ηἶιίὸυίηηιοο
934 5341 1281 5370 ἰοηίέηιιηιεέΙΑ
1313 5343 1420 5370 κζ-.-
1466 5344 1581 5370 Jul-
1620 5344 1697 5370 Ι..-
1744 5345 2116 5370 --.--....2--2ι-.

934 5355 939 5361 ι
972 5341 1142 5370 ιιι-’ἔκιε
1153 5342 1281 5370 πλη..
1313 5343 1420 5370 κζ-.-

2230 3438 2240 3451 .
2288 3398 2420 3455 ltem
2446 3399 2500 3453 in
2530 3398 2622 3455 illo
2644 3399 2896 3474 introitu,
2922 3400 3016 3458 ubi
3045 3401 3261 3457 canitur
3286 3418 3303 3456 :
3337 3400 3611 3465 Sitientes,
3642 3400 3783 3453 vetate

2218 3493 2290 3546 ad
2314 3508 2500 3563 aquas,
2531 3500 2577 3546 et
2605 3492 2693 3563 qui
2722 3508 2823 3546 non
2853 3492 3055 3547 habetis
3080 3493 3329 3564 pretium,
3356 3493 3553 3557 venite;
3585 3490 3781 3561 quidm

2220 3592 2457 3640 canunt:
2491 3583 2664 3639 Bibite
2706 3600 2822 3659 cum
2853 3582 3072 3650 laetitia;
3103 3584 3199 3639 sed
3242 3582 3533 3640 didbndum
3560 3598 3627 3638 ex
3655 3582 3779 3653 jtxla

2217 3670 2534 3748 prophetam
2555 3695 2567 3730 :
2585 3675 2883 3743 Comedite;
2903 3685 3036 3743 non,
3060 3677 3232 3747 bibite.
3246 3675 3369 3731 ‘Sed
3392 3670 3780 3746 quonth

2220 3752 2406 3822 sumus
2452 3781 2647 3837 aquam
2692 3765 3015 3823 comedere?
3046 3781 3171 3820 nam
3221 3774 3393 3821 sacra'
3426 3765 3684 3836 Scripta:
3719 3758 3776 3815 in

2221 3857 2563 3928 quibusdam
2591 3857 2724 3914 locis
2773 3867 2856 3913 est
2908 3858 3103 3925 cibus,
3135 3859 3190 3912 in
3240 3856 3570 3929 quibusdam
3619 3860 3773 3918 otus;

2222 3951 2529 4022 ubicunque
2549 3966 2691 4011 cum
2732 3948 3045 4013 dilIicultate
3060 3950 3322 4025 capitur,
3348 3948 3518 4004 cibus
3566 3949 3659 4007 et.
3683 3941 3774 3998 ubi

2220 4057 2352 4098 vero
2381 4041 2595 4098 facilem
2632 4041 2798 4097 habet
2828 4041 3263 4113 intelligentiam,
3295 4050 3454 4111 potus
3480 4050 3567 4095 est
3596 4032 3775 4089 Ειθει

2220 4150 2451 4191 sensus:
2481 4133 2526 4189 Ο
2555 4132 2818 4205 gentiles,
2860 4133 2955 4204 qui
2993 4134 3231 4210 psitiendo
3270 4131 3564 4210 desiderati
3599 4124 3774 4180 scien-

2222 4227 2354 4282 tiam
2381 4224 2597 4304 Veteris
2634 4233 2691 4281 et
2732 4223 2869 4280 Novi
2891 4209 3271 4305 .Testamenti,
3294 4209 3772 4285 'venite"d,aqnas

2221 4318 2588 4389 baptismatis,
2615 4316 2701 4372 vel
2732 4317 2801 4373 ad
2831 4317 2972 4395 dona
3003 4317 3238 4387 Spiritus
3262 4316 3522 4395 sancti,_e
3539 4308 3635 4379 qui
3665 4322 3775 4363 non

2221 4410 2434 4466 habetis
2462 4416 2763 4480 argentum,
2800 4394 2865 4465 id.
2881 4416 2966 4478 est
2999 4394 3483 4480 eloquiaDontini,
3508 4416 3547 4454 se
3572 4400 3775 4471 quibus

2221 4503 2356 4559 dicit
2376 4502 2663 4569 Psalmista
2692 4520 2706 4557 :
2743 4500 2972 4573 Eloquia
3002 4501 3457 4575 Domini,eloquia
3488 4504 3628 4560 asta,
3676 4509 3772 4549 ar-

2224 4608 2436 4670 gentum
2463 4597 2581 4669 igne
2608 4598 2991 4663 examinatum,
3019 4597 3295 4667 probatum
3308 4611 3345 4661 ;χ
3358 4594 3629 4664 proterale.
3644 4587 3775 4644 ‘cito

2225 4692 2408 4747 venite
2436 4691 2503 4746 ad
2547 4690 2709 4747 ﬁdem
2751 4705 2951 4758 meam,
2979 4691 3146 4747 emite
3190 4688 3330 4753 dona
3370 4680 3569 4758 Sp’ill'ls
3594 4680 3781 4747 sancti

2224 4791 2281 4839 et
2303 4798 2497 4854 aquam
2521 4782 2899 4852 baptismatis;~
2911 4797 3020 4837 non
3042 4781 3226 4851 pretio
3240 4778 3358 4833 auri
3374 4770 3651 4841 veargenli
3674 4777 3775 4826 aut

2224 4877 2407 4948 aliquo
2435 4875 2770 4947 huiusmodi,
2808 4866 3220 4949 sederedendo
3255 4880 3309 4927 et
3344 4870 3445 4926 be:
3489 4862 3771 4933 operando

2224 4971 2491 5027 comedite
2511 4969 2682 5047 ipsam
2695 4984 2913 5040 aquam,
2928 4965 3423 5033 doctrinamsciljet
3444 4956 3763 5026 spiritalem,

2223 5060 2309 5117 vel
2346 5058 2766 5129 donaSpiritus
2799 5060 2992 5125 sancti,
3020 5056 3307 5123 audiendo,
3354 5048 3564 5117 leendo,
3597 5047 3775 5105 medi--

2225 5152 2932 5227 tandmcordcretinendo.
3054 5181 3063 5199 ς
3195 5159 3287 5205 .-,
3495 5151 3509 5181 τ.
3554 5167 3572 5176 η
3748 5143 3773 5192 ,ι

2294 5246 2352 5301 In
2383 5247 2474 5321 illa
2509 5245 2762 5323 lectione,
2802 5245 2891 5299 ubi
2920 5244 3161 5322 legitur:
3196 5243 3321 5298 Non
3348 5235 3585 5323 verebaris
3624 5234 3767 5289 ultra

2234 5318 2485 5370 lim-alipta
2530 5346 2576 5370 ΔΩ
2598 5318 2736 5370 meum
2758 5345 2846 5370 {nn
2868 5319 3267 5370 nnn'mnnhllll’lﬂf
3285 5306 3468 5370 nn;lill$
3495 5325 3771 5370 nnxnln'llL'

3772 4930 3791 4979 ἕ
