4024 5370
263 408 408 474 1146

1226 418 1317 476 DE
1351 419 1562 480 vanu
1598 421 1848 484 psam.
1890 426 1978 486 ET
2017 417 2237 489 cauri
2260 422 2522 493 MODUL.‘

3389 449 3530 513 1116

265 543 357 587 tus
378 536 463 588 est
488 528 784 596 Abraham,
815 528 867 585 id
902 537 1008 597 est,
1032 526 1182 602 pater
1206 535 1492 591 multarum
1518 539 1764 609 gentium,
1794 548 1848 596 et
1874 544 1927 606 Α
1951 544 2115 627 dicta,
2143 559 2523 616 permanerent
2562 532 2921 621 inconvuls'a,
2944 542 3017 612 ut
3061 532 3212 629 sunt,
3242 534 3526 638 advortite,

263 622 527 679 Dominus
572 622 825 678 Salvator
872 623 1015 679 inter
1057 634 1252 680 etetera
1292 628 1507 682 nomina
1536 626 1877 702 appellatus

263 724 349 771 est
374 714 712 781 Emmanuel,
764 716 907 786 quod
952 716 1346 787 interpretatur
1372 721 1639 778 nobiscum
1671 725 1848 791 Deus;

264 809 338 863 ita
366 802 509 863 nunc
538 808 781 864 Ecclesia
806 820 1033 865 vocatur
1056 810 1321 868 Hebraice
1348 814 1575 884 Ephiba,
1602 818 1743 888 quod
1769 818 1849 872 in-

265 908 599 972 terpretatur
626 898 865 955 voluntas
899 918 1015 957 mea
1046 903 1102 957 in
1148 920 1242 971 ea;
1274 915 1328 960 et
1367 916 1450 962 est
1478 922 1668 965 sensus
1694 928 1707 963 :
1737 905 1848 964 non

262 993 547 1049 vocaberis
588 993 726 1049 ultra
758 994 1025 1051 Derelicta
1056 1010 1086 1050 a
1118 996 1251 1063 Deo,
1282 998 1341 1053 et
1372 1007 1513 1055 terra
1542 1009 1654 1068 tua,
1684 1004 1736 1058 id
1767 994 1851 1062 est

262 1085 525 1139 habitatio
557 1095 672 1151 tua,
696 1080 810 1142 non
834 1088 1119 1143 vocabitur
1157 1090 1389 1160 amplius
1418 1088 1846 1166 Desolata,quia

261 1174 514 1230 Christus
550 1174 816 1234 habitabit
860 1177 912 1231 in
957 1179 1134 1235 medio
1172 1177 1277 1247 tui;
1321 1178 1414 1236 Sed
1449 1175 1727 1242 vocaberis
1748 1189 1849 1243 Vo-

262 1268 443 1322 luntas
470 1284 586 1324 mea
616 1270 669 1324 in
701 1284 788 1335 ea,
816 1270 868 1325 id
895 1281 979 1327 est
1030 1266 1272 1329 Ecclesia
1298 1274 1497 1331 Christi
1521 1293 1535 1343 ;
1562 1287 1616 1332 et
1638 1264 1851 1336 dicetur

261 1361 328 1414 dc
362 1369 453 1415 te:
507 1360 612 1415 ista
663 1362 902 1419 Ecclesia
941 1363 1163 1428 Christi,
1208 1381 1329 1436 quae
1368 1368 1702 1425 voluntatem
1744 1372 1849 1429 Do-

262 1453 395 1507 mini
424 1452 574 1507 facit.
604 1452 772 1524 Igitur
797 1452 1051 1527 rogemus
1074 1457 1364 1512 Dominum
1425 1467 1483 1512 ut
1512 1460 1847 1518 voluntatem

264 1545 384 1615 ejus
413 1543 676 1601 facientes
716 1546 884 1617 ipsius
912 1556 1116 1604 sancta:
1152 1550 1344 1605 matris
1371 1550 1627 1608 Ecclesiae
1654 1562 1710 1609 et
1742 1555 1847 1611 dici

268 1646 326 1691 et
354 1650 475 1692 esse
506 1636 599 1691 filii
630 1638 924 1707 possimus,
952 1647 1013 1693 ut
1053 1640 1107 1694 in
1137 1649 1396 1696 aeternum
1422 1652 1477 1698 et
1507 1643 1562 1698 in
1592 1645 1847 1701 sarculum

262 1729 447 1784 saeculi
475 1744 597 1783 cum
621 1727 736 1798 ipso
760 1738 815 1784 et
839 1731 894 1784 in
927 1728 1046 1800 ipso
1070 1726 1390 1800 permanere
1419 1734 1735 1791 valeamus.‘

331 1819 388 1873 7.
417 1818 572 1876 Nunc
600 1820 766 1890 igitur
792 1820 921 1887 libet
956 1822 1137 1876 animo
1162 1831 1374 1880 notare
1422 1827 1686 1896 quosdam
1717 1843 1848 1883 can-

261 1919 372 1975 tus,
405 1910 497 1980 qui
523 1909 579 1965 in
608 1920 795 1966 sancta
827 1911 1069 1967 Ecclesia
1098 1911 1303 1985 absque
1338 1912 1511 1971 sacrae
1549 1916 1846 1989 Scriptura:
1872 1908 1921 1969 Β
1954 1930 2296 1989 attendentes
2322 1922 2480 2004 "quod

1953 637 2123 721 diunt,
2176 640 2341 709 ipsus,
2392 654 2652 712 optumus,
2720 662 3017 715 maxumus,
3092 653 3205 720 olli,
3259 660 3534 735 multaque

1953 727 2039 783 his
2060 730 2276 798 similia,
2311 744 2513 804 quanto
2551 737 2723 809 magis
2749 740 3055 799 cmlestium
3090 747 3376 806 verborum
3405 727 3532 810 ora-

1953 820 2072 875 cula
2103 821 2155 876 in
2184 838 2277 877 sua
2302 829 2651 894 perseverare
2679 830 2876 888 debent
2899 835 3081 905 regula
3107 839 3120 892 l
3153 856 3275 896 nam
3307 829 3551 914 quidam

1953 911 2004 967 in
2027 913 2338 985 Evangelio,
2371 919 2459 974 ubi
2489 920 2714 991 legitur:
2746 922 2814 978 Et
2841 926 2959 982 dico
2989 929 3134 999 huic,
3158 911 3339 1000 vade,‘
3362 948 3411 992 et
3440 956 3531 995 va-

1950 1010 2068 1075 dit;
2106 1013 2307 1079 etalio,
2350 1016 2493 1095 veni,
2518 1027 2565 1071 et
2619 1020 2797 1087 venit;
2844 1023 3068 1093 cupiunt
3099 1031 3429 1087 emendare:
3463 1030 3534 1089 Et

1950 1102 2063 1168 alii,
2095 1106 2228 1170 veni,
2254 1116 2303 1160 et
2330 1106 2485 1161 venit.
2508 1108 2573 1163 Et
2600 1111 2688 1165 ubi
2713 1123 2958 1171 sanctum
2988 1117 3338 1191 Evangelium
3367 1123 3531 1180 dicit:

1952 1192 2089 1258 Quia
2143 1195 2308 1249 virtus
2348 1198 2412 1251 de
2462 1197 2554 1252 illo
2597 1202 2799 1256 exiebat
2846 1215 2895 1258 et
2934 1208 3154 1263 sanabat
3200 1227 3418 1279 omnes;
3454 1211 3536 1271 illi

1950 1289 2261 1355 emendant,
2286 1292 2411 1360 quia
2439 1293 2601 1348 virtus
2625 1296 2687 1349 de
2714 1296 2804 1350 illa
2827 1299 3021 1355 exibat.
3072 1302 3139 1357 Et
3160 1305 3250 1360 ubi
3279 1304 3537 1365 Zacbams

1950 1377 2004 1433 in
2035 1379 2325 1465 Evangelia
2348 1384 2476 1439 dicit
2502 1403 2513 1439 ε
2545 1384 2604 1441 Si
2640 1378 2865 1459 aliquem
2890 1391 3221 1463 defraudavi,
3252 1397 3326 1453 illi
3350 1380 3537 1456 dicunt

1949 1469 2246 1540 defrudavi.

1980 1596 1981 1601 η
2022 1560 2127 1617 Sed
2156 1564 2207 1618 in
2234 1564 2322 1621 illa
2348 1568 2622 1625 offerenda
2651 1586 2752 1642 pro
2793 1572 3084 1643 defunctis,
3116 1580 3209 1634 ubi
3247 1581 3535 1640 canimus:

1949 1652 2138 1709 Libera
2165 1657 2368 1713 animas
2382 1662 2614 1717 omnium
2637 1660 2872 1732 ﬁdelium
2899 1668 3268 1737 defunctorum
3291 1675 3355 1729 de
3378 1691 3537 1733 manu

1857 1748 1864 1757 '
1949 1740 2159 1814 inferni,
2210 1758 2261 1803 et
2285 1750 2349 1804 de
2399 1754 2662 1823 profundo
2703 1758 2850 1823 laci;
2901 1760 3066 1832 aliqui
3119 1779 3239 1819 cum
3297 1748 3549 1837 quodam.

1950 1838 2147 1892 mentis
2169 1842 2432 1898 cothurno
2452 1855 2693 1902 canunt:
2739 1850 2803 1903 de
2836 1852 3099 1921 profundo
3145 1856 3315 1926 lacus,
3356 1861 3538 1919 minus

2540 1937 2666 1993 illud
2716 1957 2910 1997 nomen
2976 1944 3145 2014 lacus,
3216 1951 3537 2022 genitivum,

260 2009 589 2058 aucwl'llale
653 2001 905 2056 Videntur
956 2004 1262 2073 οοωροείιί,
1314 2005 1398 2061 νει
1454 2007 1717 2063 humano.
1748 2025 1850 2066 usu
1947 2017 2103 2087 juxta
2140 2001 2429 2093 utramque
2453 2026 2895 2101 declinationem,
2934 2035 2986 2089 id
3025 2001 3452 2097 est'seZItndam
3484 2001 3540 2100 ei

258 2093 410 2164 juxta
459 2092 643 2150 libitus
697 2092 996 2148 carnalium
1052 2095 1483 2163 extraordinarie
1548 2098 1863 2169 ‘compilati,’

260 2199 370 2239 non
404 2185 747 2241 attendentes
769 2185 861 2256 qui
893 2186 1019 2241 talia
1041 2186 1399 2255 concinebant
1420 2189 1565 2258 quod
1593 2192 1852 2248 Dominus

259 2279 626 2351 praecipiendo
649 2296 747 2352 per
776 2281 1092 2352 prophetam
1120 2282 1353 2337 clamat:
1382 2281 1604 2339 Psallite
1643 2288 1853 2355 sapien-

260 2384 341 2428 ter
363 2372 533 2445 (Psal.
569 2390 717 2440 vat,
746 2372 835 2445 8);
865 2382 920 2429 et
958 2375 1011 2429 in
1048 2374 1277 2431 concilio
1305 2374 1854 2433 Africano'constitu-

260 2474 376 2519 tum
402 2473 486 2519 est
512 2475 573 2520 ut
596 2480 786 2535 preces
815 2474 870 2533 et
896 2465 1197 2532 orationes,
1221 2466 1324 2522 nisi
1351 2468 1593 2538 probatae
1623 2468 1849 2536 fuerint,

259 2573 373 2612 nou
411 2559 684 2626 dicantur,
704 2558 821 2615 nec
851 2560 1031 2631 aliqua
1057 2576 1126 2617 ex
1151 2561 1237 2617 his
1255 2563 1476 2619 omnino
1497 2573 1766 2620 canantur
1796 2565 1850 2619 in

256 2649 528 2718 Ecclesia,
558 2651 685 2707 'nisi
741 2667 862 2723 qua:
929 2667 959 2708 a
1012 2652 1475 2724 prudentioribus
1523 2666 1753 2714 tractata
1796 2665 1853 2713 et

260 2740 613 2812 comprobata
645 2742 849 2799 fuerint
880 2745 935 2799 in
970 2744 1293 2816 synodo,'ne
1318 2747 1459 2804 forte
1487 2750 1691 2820 aliquid
1715 2765 1849 2806 con-

261 2842 347 2888 tra
388 2835 659 2891 fidem'vel
684 2850 800 2905 'per
842 2834 1201 2908 ignorantiam
1232 2840 1330 2895 'vel
1358 2857 1455 2911 per
1496 2844 1731 2899 studium
1779 2846 1852 2900 sit

257 2927 640 2996 compositum.
672 2926 773 2990 Ubi
804 2928 1042 2984 breviter
1071 2925 1521 2991 considerandum
1569 2939 1712 3007 quod
1740 2954 1848 2994 non

258 3017 437 3072 solum
466 3028 717 3088 eaquae
755 3021 934 3075 studio
975 3022 1233 3092 perfidiae,
1287 3027 1380 3081 sed
1417 3028 1579 3083 etiam
1618 3030 1707 3085 illa
1729 3047 1849 3101 qua:

255 3110 611 3180 simplicitate
642 3112 958 3183 ignorantiae
984 3125 1170 3171 contra
1198 3117 1320 3174 ﬁdei
1362 3121 1603 3192 regulam
1643 3122 1848 3179 fuerint

259 3198 581 3273 composita,
625 3205 743 3273 pari
809 3202 1277 3266 animadversione
1317 3214 1457 3267 sunt
1491 3205 1842 3285 repudianda.

258 3268 464 3352 Beatus
508 3268 723 3368 quoque
766 3297 1145 3372 Hieronymus,
1176 3298 1322 3358 "cum
1372 3268 1671 3377 exponeret
1711 3325 1851 3380 prac-
1876 3268 1922 3332 Ο

262 3398 479 3459 ceptum
500 3391 764 3461 Apostoli,
798 3394 887 3448 ubi
916 3394 992 3448 ait
1020 3414 1032 3448 :
1064 3394 1366 3465 lmplemini
1398 3401 1605 3469 spiritu,
1632 3393 1852 3473 loquen-

262 3489 339 3533 tes
380 3480 756 3553 vobismetipsis
794 3483 847 3537 in
891 3484 1129 3554 psalmis,
1163 3495 1211 3541 et
1261 3490 1487 3559 hymnis,
1535 3502 1584 3545 et
1636 3495 1853 3549 canticis

263 3571 645 3642 spiritualibus,
675 3585 944 3630 cantantes
967 3586 1015 3630 et
1035 3577 1313 3647 psallentes
1336 3582 1389 3634 in
1415 3582 1853 3641 cordibus'rest'ris

264 3665 491 3720 Domino
532 3663 748 3740 (Ep/tes.
803 3683 855 3735 v,
887 3670 1036 3743 i9);'
1076 3672 1218 3727 inter
1254 3670 1596 3731 caetera‘ait:
1646 3678 1854 3735 Cancro

264 3756 452 3826 igitur,
481 3768 535 3813 et
561 3759 811 3828 psallere,
845 3769 899 3816 ct
922 3761 1144 3818 laudare
1170 3762 1455 3820 Dominum
1476 3769 1643 3839 magis
1672 3771 1854 3825 animo

264 3865 425 3920 quam
461 3866 594 3907 voce
639 3853 915 3910 debemus.
959 3854 1112 3912 Unde
1160 3867 1380 3915 sanctus
1426 3868 1581 3930 pater
1625 3860 1855 3917 Benedi-

263 3950 383 3999 ctus
412 3944 569 4000 nobis
614 3946 859 4015 prtecipit
901 3947 1084 4004 dicens
1111 3933 1145 4003 ε’
1185 3970 1204 4002 ‹
1251 3946 1342 4006 Sic
1393 3962 1587 4009 stemus
1621 3954 1691 4009 ad
1712 3953 1856 4026 psal-

264 4034 478 4090 lendum
501 4046 556 4089 ut
587 4054 730 4093 mens
759 4042 1239 4097 nostra'concorclet
1264 4045 1375 4099 voci
1396 4053 1608 4102 nostris.
1648 4067 1668 4101 ι
1699 4049 1851 4116 Quo-

264 4127 428 4183 modo
449 4143 601 4185 mens
625 4139 810 4187 nostra
838 4134 955 4189 voci
995 4136 1310 4201 concordat,
1372 4154 1495 4194 cum
1524 4132 1853 4198 modulando

264 4221 320 4276 in
352 4222 523 4279 altum
549 4239 738 4281 vocem
765 4225 1029 4293 levamus,
1059 4237 1152 4283 aut
1173 4230 1396 4286 omnino
1418 4233 1485 4287 de
1513 4248 1667 4288 sacra
1700 4234 1851 4289 Scri—

262 4320 425 4382 ptura
462 4316 739 4384 tacemus,
793 4326 888 4373 aut
928 4317 1091 4373 verba
1128 4327 1223 4374 aut
1260 4336 1476 4377 sensum
1524 4322 1579 4377 in
1617 4322 1854 4379 alienum

264 4404 596 4462 intellectum
629 4417 920 4477 mutamus,
963 4410 1093 4466 illud
1133 4413 1491 4485 Virgilianum
1543 4416 1721 4484 potius
1748 4416 1852 4470 im-

264 4492 642 4565 plentes:Dat
666 4501 778 4554 sine
804 4511 969 4557 mente
1007 4518 1216 4569 sonum,
1259 4519 1419 4574 quam
1452 4505 1582 4561 illud
1638 4515 1854 4577 aposto-

266 4585 452 4655 licum,
477 4590 618 4659 quod
644 4606 807 4661 supra
829 4593 1125 4662 posuimus;
1162 4597 1547 4667 praeceptum?
1604 4614 1605 4617 ‘
1698 4602 1731 4628 '-

278 4707 285 4713 ·
337 4684 391 4740 8.
421 4683 488 4740 Et
508 4686 702 4741 mirum
734 4688 786 4742 in
802 4684 1045 4756 modum,
1078 4690 1204 4744 dum
1231 4691 1449 4761 quidam
1474 4692 1632 4764 hujus
1661 4693 1852 4751 mundi

268 4777 542 4846 sapientes
567 4780 738 4835 videri
777 4789 833 4836 et
869 4797 989 4837 esse
1024 4782 1233 4848 volunt,
1274 4798 1373 4854 per
1417 4784 1851 4857 superstitiosam

270 4862 681 4940 intelligentiam
733 4886 904 4928 sacrae
955 4872 1252 4945 Scripturae
1300 4876 1466 4931 verba
1525 4893 1623 4934 suo
1667 4879 1854 4937 sensui

272 4965 545 5036 applicare
575 4964 858 5033 conantur,
892 4960 947 5024 et
992 4971 1193 5037 verba;
1229 4966 1359 5042 qua!
1388 4972 1504 5042 ipsa
1540 4974 1636 5031 Dei
1667 4977 1854 5033 Virtus

210 5130 211 5133 η
272 5065 325 5112 et
349 5058 442 5114 Dei
471 5057 750 5129 Sapientia
781 5074 877 5129 per
899 5074 959 5114 se
985 5062 1229 5129 protulit,
1254 5061 1343 5117 vel
1367 5062 1601 5134 Spiritus
1631 5079 1857 5131 sanctus

269 5163 366 5220 per
394 5165 489 5206 ora
504 5144 890 5220 prophetarum
916 5164 981 5206 ac
1002 5154 1369 5220 apostolorum
1392 5157 1662 5228 praedixit,
1694 5160 1854 5218 aliter

268 5239 568 5296 secundum
601 5238 865 5297 Donatum
905 5248 960 5293 et
988 5240 1329 5299 Priscianum
1372 5253 1856 5310 permutando’ca-

1190 5331 1523 5356 ..1-31ηακ-ιέ-

267 5341 401 5356 ...η-..ι
449 5338 497 5356 -l
531 5330 713 5356 ,εἶλαι-ιι
738 5354 759 5355 η
790 5335 910 5356 1--..
952 5334 1138 5356 ⁷ΑΜ-ε-

1954 2123 2227 2180 quartam,
2267 2116 2404 2171 solet
2448 2119 2714 2188 perfcrre.
2766 2122 2963 2179 Verum
2996 2118 3289 2186 secundum
3341 2133 3539 2191 idioma

1954 2216 2124 2257 sacrm
2153 2203 2445 2275 Scripturte
2474 2211 2668 2292 saepius
2690 2212 2828 2267 solet
2855 2217 2982 2285 poni
3007 2217 3141 2286 laci,
3174 2236 3336 2291 quam
3366 2223 3538 2294 lacus,

1951 2296 2222 2383 praecipue
2270 2299 2357 2352 ubi
2396 2286 2681 2357 altaforea
2728 2314 2783 2360 et
2811 2307 3038 2385 abyssus
3085 2286 3538 2384 vel-profundum

1954 2387 2151 2443 inferni
2182 2380 2515 2473 designatur.
2544 2395 2715 2466 igitur
2746 2386 2915 2472 Isaias
2947 2380 3232 2475 propheta,
3265 2408 3354 2477 qui
3390 2409 3455 2464 de
3481 2424 3540 2467 se

1954 2478 2083 2534 dicit
2108 2498 2121 2534 :
2156 2480 2224 2535 Et
2250 2482 2439 2538 volavit
2461 2486 2532 2539 ad
2552 2504 2633 2541 me
2655 2505 2792 2546 unus
2813 2491 2877 2545 (le
2908 2490 3201 2566 Serapltim,
3234 2508 3279 2552 et
3302 2500 3355 2554 in
3379 2516 3539 2557 manu

1953 2571 2068 2641 ejus
2094 2572 2349 2640 calculus,
2376 2592 2527 2647 quem
2562 2578 2760 2650 forcipe
2782 2582 2973 2637 tulerat
3011 2586 3072 2639 de
3093 2586 3270 2655 altari,
3297 2600 3345 2643 et
3370 2591 3537 2662 tetigit

1953 2679 2010 2716 os
2037 2680 2207 2717 meum
2242 2658 2449 2721 etdixit
2476 2683 2494 2721 :
2524 2667 2660 2751 Ecce
2687 2673 2853 2743 tetigit
2881 2675 2979 2728 ltoc
3005 2675 3144 2749 labia
3166 2688 3278 2747 tua,
3306 2690 3354 2734 et
3384 2658 3539 2751 aule-

1954 2764 2099 2809 retur
2138 2757 2388 2827 iniquitas
2435 2768 2546 2827 tua,
2589 2746 2644 2815 iet
2673 2775 2939 2832 peccatum
2968 2779 3115 2823 tuum
3167 2772 3540 2840 mandabitur;

1952 2848 2084 2917 ipse,
2128 2849 2372 2919 inquam,
2404 2852 2577 2908 dixit:
2621 2852 2990 2914 Verumtamen
3035 2862 3104 2914 ad
3148 2863 3416 2932 infernum
3444 2867 3540 2921 de-

1951 2939 2174 2994 traheris
2195 2943 2249 2995 in
2261 2932 2583 3012 profundum
2603 2944 2703 2999 laci
2720 2963 2737 3010 ;
2765 2948 3028 3005 etitcrum
3059 2969 3072 3005 :
3103 2951 3540 3018 Quidesoentlunt

1952 3031 2020 3084 ad
2039 3024 2383 3101 fundamenta
2405 3026 2529 3101 laci,
2560 3035 2613 3089 id
2637 3022 2721 3092 est
2747 3038 2965 3095 inferni.
3005 3039 3134 3098 Jure
3161 3044 3324 3114 igitur
3351 3060 3541 3102 cense-

1952 3137 2072 3178 mus
2128 3124 2271 3179 illius
2314 3126 2692 3182 auctoritatem
2746 3131 2917 3201 magis
2966 3135 3142 3202 sequi,
3194 3133 3349 3203 cujus
3394 3135 3540 3194 labia

1953 3214 2208 3269 mundata
2237 3223 2363 3270 sunt
2406 3215 2528 3287 igne
2562 3217 2792 3286 ccelesti,
2825 3236 2989 3291 quam
3035 3224 3407 3296 magisterium
3438 3227 3538 3282 ali-

1956 3303 2108 3373 cujus
2136 3306 2373 3361 auctoris
2395 3306 2756 3376 grammatici.
2794 3346 2795 3351 η
2939 3325 2942 3328 '
2968 3325 2972 3333 '
3007 3321 3011 3325 ’

1970 3448 1977 3456 ,
2026 3396 2092 3452 Et
2128 3398 2316 3453 Daniel
2357 3399 2485 3455 huic
2514 3402 2700 3457 sensui
2733 3404 2984 3475 congruit
3011 3423 3023 3460 :
3056 3405 3265 3463 Allatus
3295 3416 3370 3463 est
3400 3407 3539 3479 lapis

1955 3506 2112 3555 unus,
2138 3488 2187 3544 et
2214 3490 2414 3559 positus
2443 3500 2519 3545 est
2539 3509 2698 3562 super
2734 3511 2793 3549 os
2818 3495 2963 3563 laci;
2992 3506 3046 3553 et
3094 3499 3292 3554 iterum
3318 3514 3334 3554 :
3360 3509 3408 3554 et
3433 3487 3540 3556 non

1952 3591 2292 3650 pervenerant
2327 3600 2494 3655 usque
2524 3586 2593 3638 ad
2614 3582 2964 3654 pavimentum
2992 3589 3119 3656 laci,
3145 3591 3309 3645 donec
3330 3591 3540 3661 arripe-

1955 3682 2068 3727 rent
2093 3690 2180 3728 eos
2201 3673 2398 3741 leones,
2444 3685 2493 3729 et
2527 3672 2853 3734 omnia'ossa
2877 3688 3056 3735 eorum
3102 3684 3540 3740 comminuerunt.

1954 3763 2195 3820 Petimus
2218 3765 2382 3835 igitur
2410 3768 2657 3823 canendo
2684 3778 2745 3823 ut
2772 3770 3032 3827 Dominus
3060 3764 3272 3827 animas
3314 3787 3539 3831 suorum

1954 3854 2193 3911 fidelium
2228 3857 2295 3911 de
2320 3857 2588 3927 profundo
2609 3858 2732 3925 laci,
2766 3860 2929 3921 idest
2955 3860 3171 3928 inferni,
3202 3863 3417 3919 liberet.
3532 3874 3537 3879 '
3575 3928 3591 3938 .

2024 3945 2293 4003 Debemus
2323 3946 2488 4018 igitur
2522 3963 2693 4004 sacrae
2722 3947 3039 4021 Scriptura:
3082 3952 3276 4008 seriem
3310 3951 3542 4009 ﬁrmiter

1955 4046 2142 4095 tenere
2195 4053 2259 4096 ac
2294 4039 2411 4111 ejus
2445 4043 2691 4097 tenorem
2743 4041 2797 4097 in
2849 4044 3100 4100 omnibus
3159 4043 3542 4102 inviolabiliter

1952 4134 2266 4204 observare,
2296 4137 2639 4193 attendentes
2658 4137 2801 4208 quod
2834 4138 3053 4211 quidam
3085 4138 3301 4210 sapiens
3346 4139 3539 4196 admo-

1953 4237 2048 4284 net
2072 4228 2259 4285 dicens
2295 4247 2309 4283 :
2340 4229 2586 4285 Prudens
2609 4229 2806 4297 lector,
2828 4254 2832 4259 ο
2857 4245 3071 4302 semper
3098 4246 3232 4288 cave
3278 4229 3543 4301 supersti-

1954 4322 2150 4378 tiosam
2174 4321 2609 4392 intelligentiam,
2641 4333 2703 4380 ut
2732 4339 2839 4379 non
2880 4332 2972 4379 tuo
2994 4324 3176 4380 sensui
3207 4331 3541 4394 attemperes

1955 4415 2288 4487 Scripturas,
2323 4417 2623 4489 Scripturis
2647 4434 2867 4475 sensum
2896 4428 3046 4474 tuum
3068 4416 3348 4491 adiungas.
3373 4416 3542 4490 igitur

1954 4509 2392 4565 constituendum
2445 4517 2643 4566 estut
2693 4524 2851 4566 sacra
2898 4509 3171 4583 Evangelii
3200 4512 3390 4578 verba,
3439 4523 3542 4580 pa-

1875 4629 1929 4690 ι)
1958 4602 2317 4658 triarcharum
2357 4616 2421 4657 ac
2468 4603 2856 4674 prophetarum
2893 4602 3132 4668 oracula,
3172 4601 3541 4672 apostolorum

1954 4696 2173 4767 scripta,
2193 4694 2298 4750 fide
2318 4694 2546 4767 integra,
2569 4694 2855 4751 devotione
2873 4694 3133 4764 congrua,
3160 4703 3219 4748 ut
3245 4693 3298 4747 in
3320 4690 3544 4747 authené

1958 4789 2083 4846 ticis
2112 4786 2268 4843 libris
2297 4788 2665 4858 reperiuntur,
2694 4787 3222 4845 incommutabiliter
3247 4779 3547 4852 servemus,

1959 4880 2689 4947 teneamus,'custodiamus,
2725 4895 2827 4936 nec
2867 4878 3081 4947 aliquid
3120 4875 3402 4937 addentes,
3448 4888 3555 4930 nec

1957 4975 2258 5039 dementes,
2288 4987 2391 5028 nec
2412 4981 2707 5038 mutantes,
2741 4973 2789 5028 si
2811 4970 3058 5027 velimus
3086 4969 3230 5024 illam
3256 4966 3560 5021 commina-

1960 5068 2162 5123 tionem
2194 5066 2429 5120 evadere
2456 5079 2619 5133 quam
2663 5062 2898 5131 Spiritus
2927 5054 3169 5117 sanctus
3214 5054 3366 5123 iuxta
3404 5055 3572 5113 ﬁnem

1962 5159 2320 5233 Apocalypsis
2350 5157 2595 5211 'videtur
2634 5149 2906 5245 intentare
2939 5147 2953 5205 ἐ
3004 5150 3233 5245 Siquis
3282 5146 3581 5245 adposuerit

1964 5254 2033 5308 ad
2059 5254 2191 5314 Iure,
2218 5254 2443 5318 apponet
2465 5244 2609 5299 Deus
2636 5259 2793 5313 super
2842 5241 2994 5297 illum
3056 5238 3250 5313 plagas
3288 5238 3507 5304 scriptas
3533 5238 3592 5294 in

2541 5334 2581 5356 2-
2634 5331 2941 5356 J-....'....--.'o
2982 5325 3287 5356 JA‘MAuI-‘o
3327 5323 3442 5356 ἐιηρδ
3478 5343 3569 5356 ..-Α
