4024 5370
502 284 643 343 ΗΠ

1581 281 1925 341 BERNONIS
1959 280 2251 341 ABBATIS
2283 282 2647 342 AUGIENSIS

3615 278 3754 337 “18

503 410 696 459 renuat
741 396 981 457 debitum
1037 396 1297 454 honorem
1339 396 1536 453 divinis
1588 398 1818 470 eloquiis
1866 400 2156 461 conser-A
2187 395 2359 455 Filius
2382 400 2639 456 Altissimt'
2666 397 2952 465 vocabitur,
2980 411 3152 470 usque
3180 395 3235 452 in
3264 394 3415 451 illum
3441 393 3648 460 locum,
3672 399 3767 451 ubi

502 510 647 553 vare.
680 493 789 550 Sed
816 493 882 549 de
911 491 995 547 his
1016 492 1170 548 satis.
1204 490 1357 549 Nunc
1371 492 1652 549 videamur
1675 492 1742 548 de
1771 492 2006 551 caneris.

573 588 625 644 9.
666 585 910 657 Denique
932 584 1062 641 illud
1085 586 1512 655 responsorium,
1546 586 1689 655 quod
1718 587 1893 658 primo
1922 587 2078 657 ponis

503 687 592 736 tur
614 678 669 734 in
703 677 1084 749 antiphonario
1115 695 1129 732 :
1165 678 1432 751 Aspiciens
1490 696 1522 733 a
1556 680 1706 751 longe
1719 697 1739 745 ;
1765 679 1848 736 vel
1883 679 1971 735 ille
2000 680 2081 736 in-

408 758 417 765 ’
504 771 700 832 troilus
725 787 739 825 :
775 770 843 826 In
871 769 1070 827 excelsa
1096 770 1325 837 throno;
1354 785 1457 827 nec
1486 786 1593 828 non
1615 779 1671 827 et
1700 772 1826 828 illud
1859 787 2084 842 respon-

503 861 741 927 sorium,
788 861 930 932 quod
1002 860 1217 918 canitur
1271 861 1337 915 de
1398 870 1583 918 sancta
1652 862 1817 919 Maria
1868 878 2083 934 semper

501 953 724 1026 Virgine
746 970 762 1010 :
791 952 911 1011 Vidi
930 956 1215 1025 speciosam
1226 955 1361 1011 sicut
1383 955 1676 1012 columbam
1720 958 2081 1014 ascendentem

502 1044 723 1116 desuper
780 1046 913 1100 rivos
961 1063 1255 1118 aquarum;
1310 1048 1365 1103 in
1419 1055 1528 1104 tota
1577 1064 1742 1104 sacrm
1788 1048 2084 1119 Scripturae

501 1137 662 1203 serie,
688 1137 780 1194 ubi
816 1139 1018 1212 scripta
1049 1140 1160 1195 sint
1189 1140 1427 1210 reperire
1457 1157 1563 1198 non
1600 1142 1775 1213 potui,
1816 1143 1918 1198 nisi
1944 1143 2086 1200 forte

505 1231 748 1289 existunt
772 1231 865 1303 qui
896 1232 1154 1291 dicantin
1186 1234 1339 1289 initio
1369 1236 1643 1292 nascentis
1666 1235 1921 1292 Ecclesiae
1943 1236 2084 1291 mul-

502 1330 586 1376 tos
603 1322 924 1393 interpretes
937 1321 1125 1387 fuisse,
1141 1324 1232 1395 qui
1252 1340 1462 1380 sacram
1493 1324 1829 1395 Scripturam
1847 1327 1913 1381 de
1936 1326 2085 1383 Gras-

501 1432 564 1471 co
587 1416 641 1473 in
678 1414 932 1472 Latinum
961 1426 1259 1482 verterent,
1289 1427 1343 1474 et
1375 1419 1498 1474 inde
1532 1420 1635 1474 ista
1663 1428 1939 1491 assumpta
1954 1420 2083 1486 sint,

505 1515 795 1579 antequam
807 1504 871 1562 Β.
890 1506 1249 1580 Hieronymus
1265 1551 1281 1577 ,
1304 1509 1643 1580 divintelegis
1668 1510 1939 1580 interpres
1955 1551 1968 1576 ,
2002 1519 2084 1566 to-

504 1607 556 1654 tu
566 1598 785 1657 mVetus
796 1598 1199 1658 Testamentum
1212 1601 1507 1659 dellebrnzo
1522 1604 1572 1659 in
1587 1603 1872 1660 Latinumv
1886 1610 2088 1660 erteret

500 1698 555 1746 et
582 1688 726 1745 LXX
767 1690 1122 1762 lnterpretum
1162 1693 1450 1749 editionem
1499 1696 1839 1752 emendatam
1883 1693 2086 1753 Latinis

2180 503 2369 552 sancta
2399 494 2567 551 Maria
2592 494 2732 551 dixit
2759 494 2826 549 ad
2856 493 3146 565 angelum:
3180 492 3456 559 Quomodo
3477 491 3570 560 ﬁet
3600 490 3769 555 istud,

2179 589 2427 659 quoniam
2454 589 2624 643 virum
2659 604 2763 643 non
2794 587 3094 659 cognosco?
3127 595 3175 643 et
3203 585 3520 656 respondens
3546 583 3770 653 angelus

2181 680 2314 736 dixit
2339 682 2411 747 ei,
2456 696 2563 737 non
2584 680 2651 736 de
2677 681 2956 751 praesenti,
2986 679 3084 737 sed
3106 679 3174 736 de
3202 679 3383 735 futuro
3421 676 3728 747 prmdicens
3752 689 3768 728 :

2182 772 2411 844 Spiritus
2445 784 2659 832 sanctus
2701 775 3022 847 superveniet
3049 774 3106 829 in
3134 782 3203 839 te,
3237 781 3287 828 et
3311 770 3476 827 virtus
3508 766 3774 824 Altissimi

2183 863 2509 920 obumbrabit
2547 866 2659 931 tibi,
2708 866 2927 937 ideoque
2968 874 3015 921 et
3062 862 3201 936 quod
3243 868 3769 925 nascetursanctum,

2181 955 2451 1010 vocabitur
2484 955 2658 1010 Filius
2687 955 2805 1023 Dei,
2835 955 3135 1026 usquedum
3163 953 3328 1009 Maria
3350 953 3424 1008 ita
3455 950 3772 1008 conclusit:

2184 1044 2320 1101 Ecce
2350 1046 2547 1102 ancilla
2578 1046 2821 1113 Domini,
2869 1062 2977 1103 non
3034 1046 3350 1113 indicando,
3403 1046 3496 1101 sed
3531 1042 3775 1115 optando

2146 1205 2151 1213 ι
2185 1137 2300 1193 ait:
2338 1136 2464 1193 Fiat
2503 1138 2631 1192 mihi
2669 1139 2955 1194 secundum
2990 1138 3201 1194 verbum
3233 1148 3402 1192 tuum.
3445 1134 3544 1193 llis
3588 1134 3776 1190 verbis

2184 1229 2318 1285 satis
2340 1230 2500 1284 datur
2527 1230 2772 1301 intelligi,
2801 1231 2944 1304 quod
2959 1245 3119 1287 nemo
3140 1244 3377 1300 unquam
3407 1228 3555 1284 scire
3571 1228 3774 1298 potuit,

2184 1330 2394 1392 potest,
2420 1323 2504 1379 vel
2554 1325 2772 1395 poterit,
2800 1327 3070 1395 quomodo
3099 1326 3267 1381 Filius
3295 1324 3390 1381 Dei
3419 1339 3519 1396 per
3550 1332 3773 1379 uterum

2186 1412 2404 1471 intactae
2429 1414 2658 1485 virginis
2698 1416 2764 1471 ad
2793 1416 3146 1472 salvatiouem
3185 1415 3404 1472 humani
3434 1414 3654 1486 generis
3692 1415 3776 1470 in-

2189 1506 2373 1572 travit,
2404 1517 2460 1562 et
2494 1508 2676 1564 clauso
2702 1517 2905 1564 sanctae
2930 1507 3203 1565 castitatis
3231 1507 3408 1579 sigillo
3428 1508 3624 1563 exivit.
3656 1505 3778 1575 Ipsa

2188 1598 2330 1652 enim
2350 1596 2512 1667 juxta
2532 1599 2834 1657 Ezechielis
2857 1600 3177 1657 vaticinium
3205 1600 3553 1670 pneligurata
3575 1606 3665 1655 est
3688 1597 3778 1655 illa

2188 1700 2343 1762 porta
2383 1692 2586 1763 jugiter
2634 1704 2835 1759 serata,
2884 1693 2985 1749 soli
3039 1693 3151 1749 Deo
3195 1693 3414 1763 pervia,
3444 1698 3778 1763 cooperante

502 1783 725 1837 auribus
749 1784 1002 1840 traderet.
1033 1784 1137 1840 Sed
1168 1787 1402 1856 probare
1424 1785 1547 1843 inde
1578 1786 1780 1858 aliquid
1801 1802 1907 1843 non
1932 1788 2092 1875 aude:
2116 1775 2167 1837 Β
2195 1782 2398 1852 Spiritu
2431 1792 2619 1840 sancto
2662 1783 3009 1840 ineﬂ‘abiliter
3054 1784 3219 1855 Virgo
3273 1782 3469 1838 Filium
3517 1782 3615 1838 Dei
3650 1795 3779 1835 eou-

502 1889 624 1937 mus
644 1875 785 1930 unde
805 1874 939 1933 nihil
961 1877 1097 1933 certi
1121 1885 1386 1946 tenemus,
1420 1894 1729 1950 quanquam
1755 1879 1869 1949 ipse
1894 1874 2086 1936 beatus

502 1962 861 2037 Hieronymus
898 1966 951 2022 in
1000 1966 1234 2038 quodam
1266 1984 1550 2038 sermone,
1576 1986 1737 2042 quem
1767 1972 1833 2026 ad
1863 1970 2086 2027 Paulam

503 2069 557 2117 et
586 2060 941 2117 Eustochium
964 2062 1030 2118 de
1054 2065 1422 2134 assumptione
1442 2074 1647 2120 sanctae
1662 2065 1757 2120 Dei
1780 2065 2083 2137 genitricis,

506 2151 715 2221 Mariae,
748 2168 965 2225 semper
988 2154 1245 2225 virginis,
1279 2156 1608 2226 composuit,
1638 2164 1894 2221 testetur,
1924 2139 2086 2227 hujus

505 2245 836 2313 responsorii
868 2247 1032 2302 verba
1058 2246 1111 2302 in
1139 2246 1382 2303 Canticis
1405 2249 1743 2306 canticorum
1766 2248 1977 2316 haberi,
2008 2249 2085 2305 ita

503 2332 753 2403 inquiens
779 2352 794 2389 :
837 2354 855 2387 ε
886 2335 959 2391 De
995 2336 1157 2407 hujus
1184 2338 1438 2393 nimirum
1468 2339 1536 2394 ad
1571 2338 1739 2395 caelos
1767 2340 2087 2396 ascensione

504 2426 678 2483 multo
710 2426 1029 2485 admirantis
1065 2428 1260 2485 intuitu
1312 2438 1649 2487 secretorum
1692 2432 2086 2502 contemplator

503 2519 808 2576 caelestium
848 2520 903 2576 in
933 2522 1175 2579 Cauticis
1218 2525 1509 2596 sequitur:
1556 2524 1694 2593 Vidi,
1743 2526 1941 2599 inquit,
1972 2543 2085 2597 spe-

502 2611 698 2669 ciosam
746 2612 882 2667 sicut
933 2611 1224 2669 columbam
1277 2615 1634 2671 ascendentem
1685 2617 1906 2689 desuper
1951 2617 2085 2673 rivos

501 2721 781 2775 aquarum,
838 2713 944 2762 etc.
985 2726 1005 2761 ι
1066 2706 1262 2762 Verum
1295 2708 1387 2763 ubi
1423 2709 1512 2764 illa
1564 2710 1730 2764 verba
1798 2709 2083 2777 invenerit,

503 2804 818 2853 utrumnam
854 2797 970 2868 ipse
999 2812 1062 2853 ea
1091 2800 1454 2867 transtulerit,
1493 2801 1761 2859 incertum
1799 2802 2083 2869 habemus,

504 2904 603 2959 pro
652 2899 803 2945 certo
864 2891 1098 2947 scientes
1155 2894 1297 2964 quod
1341 2893 1499 2962 juxta
1553 2895 1695 2950 hanc
1757 2895 2084 2962 editionem,

506 2995 668 3051 quam
717 2996 817 3038 nos
865 2983 933 3038 ab
984 2998 1049 3041 eo
1103 2992 1375 3053 tenemus,
1405 2986 1628 3044 minime
1679 2988 1923 3045 invenire
1964 3004 2086 3060 pos-

505 3084 712 3131 sumus.

495 3213 501 3233 ,
578 3164 729 3229 Quod
752 3166 964 3222 canitur
986 3169 1052 3224 de
1077 3180 1265 3226 sancto
1287 3171 1547 3230 Michaele
1576 3174 1630 3230 in
1657 3174 1745 3230 illa
1788 3175 2084 3248 antiphona
2111 3144 2158 3210 α

506 3253 593 3311 vel
617 3255 830 3313 alleluia
856 3276 870 3314 :
899 3256 1225 3319 Concussum
1246 3273 1321 3319 est
1345 3282 1488 3319 mare
1507 3275 1556 3322 et
1581 3269 1894 3322 contremuit
1920 3277 2085 3336 terra,

506 3347 597 3405 ubi
626 3351 968 3423 archangelus
1011 3353 1240 3411 Michael
1287 3357 1626 3413 descendebat
1666 3360 1731 3414 de
1778 3359 1939 3427 cmlo,
1979 3375 2087 3431 quo

508 3444 856 3510 quaerendum
882 3454 939 3501 et
968 3446 1347 3505 inveniendum
1376 3451 1447 3506 sit
1478 3450 1598 3507 loco
1629 3451 1849 3522 penitus
1872 3453 2082 3521 ignoro.

505 3529 601 3599 illa
647 3534 962 3605 antipbona,
1013 3553 1172 3607 quam
1204 3540 1422 3609 quidam
1460 3549 1683 3597 cantant
1717 3542 1770 3598 in
1801 3542 2082 3598 Ecclesia:

507 3624 689 3687 Sancti
732 3630 878 3698 estis,
929 3632 1057 3688 dicit
1100 3633 1375 3701 Dominus,
1415 3635 1774 3706 multiplicabo
1811 3653 2087 3692 numerum

506 3730 764 3789 vestrum,
808 3732 864 3778 ut
893 3727 1050 3781 oretis
1078 3743 1172 3796 pro
1209 3727 1402 3798 populo
1436 3746 1548 3784 mea
1595 3730 1649 3783 in
1686 3729 1800 3785 loco
1823 3732 1942 3796 isto,
1994 3730 2083 3785 ubi

507 3812 765 3873 Dominus
788 3817 902 3874 haec
915 3820 1080 3875 verba
1096 3821 1297 3876 dixerit
1316 3837 1423 3877 non
1454 3823 1612 3878 facile
1638 3823 1928 3879 invenitur.
1957 3823 2082 3890 Sed,

506 3907 635 3978 quia
668 3908 812 3965 Deus
839 3910 1043 3966 veritas
1091 3922 1194 3978 est,
1224 3912 1408 3969 debuit
1451 3914 1737 3969 veritatem
1773 3914 1957 3970 dicere
1991 3914 2085 3985 qui

507 4000 573 4057 de
600 4015 667 4056 eo
696 4002 821 4058 talia
846 4004 1126 4074 praesumit
1150 4005 1417 4076 proferre,
1440 4023 1546 4063 non
1575 4009 1770 4065 timens
1793 4009 1921 4065 illud
1942 4011 2087 4080 quod

506 4092 767 4153 Dominus
791 4113 889 4169 per
906 4101 1223 4171 prophetam
1249 4101 1629 4169 comminatur,
1658 4102 1844 4158 dicens
1868 4120 1881 4157 :
1915 4102 2088 4158 Num-

505 4190 757 4257 quidnam
801 4193 1048 4249 visionem
1097 4211 1302 4250 cassam
1355 4196 1557 4251 vidistis
1605 4206 1654 4251 et
1709 4196 2086 4251 divinationem

505 4279 806 4337 utendacem
835 4283 996 4339 locuti
1026 4286 1185 4341 estis?
1206 4296 1273 4356 at.
1298 4288 1511 4343 dicitis:
1540 4287 1627 4344 Ait
1657 4287 1937 4355 Dominus,
1965 4304 2085 4344 cunt

509 4386 603 4440 ego
627 4387 730 4427 non
760 4374 859 4428 sim
887 4375 1093 4432 locutus
1119 4378 1337 4448 (Escch.
1367 4396 1488 4446 xm,
1511 4381 1588 4453 7).

576 4460 753 4578 [illiillo
772 4470 1155 4578 requnsorio:
1189 4471 1407 4544 Suscipe
1438 4471 1688 4539 Verbum,
1717 4474 1862 4546 virgo
1882 4472 2080 4542 Maria,
2108 4515 2161 4578 Β

506 4550 562 4611 in
592 4553 684 4611 illo
709 4554 848 4623 loco,
878 4559 969 4614 ubi
1002 4561 1262 4632 scriptum
1301 4574 1385 4620 est
1410 4584 1423 4620 :
1457 4568 1714 4637 concipies
1739 4584 1834 4637 per
1862 4584 2077 4634 aurem;

505 4654 560 4703 et
590 4646 643 4701 in
681 4647 773 4705 illo
800 4654 1179 4722 responsorio:
1212 4657 1594 4715 Annuntiatum
1636 4671 1709 4717 est
1739 4678 1830 4732 per
1870 4659 2083 4717 Gabrie-

502 4732 605 4793 ltmt
630 4738 998 4811 archangelum
1030 4743 1223 4801 Harii?
1259 4748 1447 4819 virgini
1489 4751 1554 4805 de
1598 4751 1814 4805 introitu
1853 4752 2008 4821 regis,
2031 4758 2082 4807 et

504 4827 768 4898 ingressus
792 4842 867 4887 est
906 4852 999 4905 per
1024 4837 1353 4907 splendidam
1378 4842 1639 4911 regionem
1673 4858 1855 4896 aurem
1898 4840 2075 4912 Virgi-

504 4918 589 4973 nis
618 4920 826 4979 visitare
852 4925 1113 4996 palatium
1158 4931 1311 4994 uteri,
1344 4941 1394 4986 et
1440 4948 1704 5003 regressus
1732 4941 1806 4987 est
1845 4947 1939 5000 per
1986 4948 2082 4987 au-

505 5025 650 5070 ream
676 5026 879 5082 portam
916 5017 1315 5093 Virginis,satis
1348 5025 1629 5094 pueriliter
1657 5032 1713 5081 et
1736 5023 2079 5094 simpliciter.

506 5105 711 5163 utinam
734 5124 839 5165 non
872 5112 1051 5169 minus
1073 5114 1339 5173 catholice
1367 5117 1571 5173 dictum
1596 5125 1701 5172 est.
1730 5116 1788 5173 Si
1819 5115 1989 5183 enim,
2022 5122 2084 5172 ut

507 5191 863 5267 illiasserunt',
881 5205 1066 5261 statim
1087 5214 1147 5262 ut
1165 5209 1332 5263 verba
1355 5209 1534 5280 angeli
1553 5208 1779 5275 audivit,
1805 5208 2075 5278 concepit,

509 5286 640 5352 Quid
683 5287 889 5347 faciunt
933 5310 1119 5354 morae"
1152 5307 1425 5354 tantarum
1466 5300 1856 5355 seriteutiarum
1888 5298 2078 5355 abillo

2189 1876 2347 1947 cepit,
2377 1884 2432 1932 et
2472 1876 2525 1932 in
2554 1870 2764 1931 unitate
2790 1892 3039 1946 personae
3074 1892 3265 1933 verum
3293 1876 3461 1932 Deum
3492 1884 3551 1931 et
3577 1889 3771 1930 verum

2186 1970 2463 2026 hominem
2494 1968 2660 2042 Virgo
2701 1971 2937 2040 peperit,
2969 1978 3025 2026 et
3053 1962 3416 2041 postpartum
3445 1968 3616 2039 Virgo
3650 1982 3778 2038 per-

2186 2063 2405 2120 mansit.
2442 2061 2593 2118 Unde
2626 2063 2680 2118 in
2711 2062 2804 2118 illo
2831 2063 3176 2133 responsorio
3204 2081 3217 2117 :
3259 2062 3476 2134 Suscipe
3521 2058 3776 2127 Verbum,

2185 2154 2276 2210 ubi
2304 2170 2402 2210 nos
2423 2157 2671 2211 canimus
2696 2173 2710 2210 :
2744 2156 3001 2226 concipias
3029 2173 3121 2227 per
3158 2173 3364 2221 aurem,
3393 2153 3600 2211 rectius
3627 2154 3776 2210 dice-

2186 2259 2368 2302 remus
2396 2262 2411 2300 :
2453 2243 2724 2316 Concipies
2755 2246 2809 2301 in
2832 2257 3002 2302 utero.
3034 2247 3167 2303 Illud
3191 2262 3321 2302 vero
3347 2265 3360 2301 :
3387 2247 3773 2302 Annuntiatuns

2185 2346 2260 2394 est
2290 2354 2383 2409 per
2406 2336 2701 2395 Gabrielem
2751 2340 3144 2411 archangelum,
3187 2340 3310 2411 iure
3355 2356 3386 2395 a
3434 2338 3777 2409 sapientibus

2185 2430 2402 2485 videtur
2427 2444 2547 2486 esse
2571 2430 2945 2499 reprobatum,
2979 2431 3120 2488 sicut
3140 2439 3196 2486 et
3223 2431 3375 2497 illud,
3407 2429 3632 2501 quodin
3656 2428 3776 2499 ipsa

2187 2528 2373 2577 sancta
2407 2519 2721 2577 Nativitatis
2745 2529 2907 2577 nocte
2936 2521 3150 2577 canitur
3174 2539 3187 2575 :
3217 2520 3496 2577 Descendit
3530 2521 3601 2577 de
3625 2519 3773 2577 cmlis

2187 2616 2376 2671 missus
2419 2615 2483 2668 ab
2524 2631 2646 2671 arce
2693 2615 2897 2683 Patris,
2945 2616 3176 2672 introivit
3202 2632 3295 2687 per
3320 2632 3504 2670 aureus
3539 2612 3777 2686 Virginis

2186 2706 2242 2759 in
2294 2706 2552 2777 regionem
2591 2717 2824 2763 nostram
2872 2709 3065 2764 merito
3117 2706 3408 2767 refutatur.
3449 2715 3509 2761 et
3556 2720 3660 2776 pro
3706 2719 3777 2762 eo

2188 2799 2376 2856 multis
2415 2798 2711 2857 Galliarum
2746 2798 3035 2863 Ecclesiis,
3075 2801 3218 2870 quod
3254 2799 3443 2856 subter
3478 2797 3777 2855 scribendo

2189 2892 2540 2963 subiecimus,
2594 2893 2776 2950 taliter
2813 2892 3157 2951 modulatur:
3203 2891 3482 2947 Descendit
3521 2891 3586 2945 de
3631 2888 3775 2945 caelis

2186 2984 2332 3041 Deus
2361 3002 2511 3041 verus
2540 3002 2573 3041 a
2601 2984 2764 3040 Patre
2790 2985 3025 3057 genitus,
3053 2985 3284 3041 introivit
3320 2984 3377 3039 in
3401 2992 3611 3039 uterum
3650 2978 3777 3035 Vir-

2188 3078 2346 3147 ginis,
2377 3078 2523 3133 nobis
2546 3086 2600 3132 ut
2634 3087 2907 3148 appareret
2934 3077 3180 3143 visibilis,
3218 3077 3436 3132 indutus
3468 3090 3628 3131 carne
3670 3074 3774 3129 hn-

2188 3188 2346 3226 mana
2376 3173 2759 3242 protoparentis
2795 3171 2945 3237 Adte,
2992 3181 3042 3227 et
3077 3172 3234 3228 exivit
3269 3188 3361 3242 per
3380 3171 3624 3227 clausam
3648 3184 3777 3241 por-

2188 3275 2295 3321 tam
2332 3264 2477 3323 Deus
2516 3277 2564 3321 et
2604 3268 2781 3333 homo,
2828 3267 2922 3323 tua:
2944 3278 2991 3324 et
3029 3268 3155 3336 vita,
3181 3266 3437 3324 Conditor
3466 3265 3687 3340 nudi.
3713 3263 3772 3336 Ῡ.

2189 3357 2460 3431 Tanquam
2491 3377 2729 3430 sponsus.

2256 3452 2391 3509 lllud
2435 3468 2650 3524 quoque
2682 3454 3113 3524 responsorium,
3147 3454 3289 3525 quod
3330 3453 3385 3509 in
3424 3452 3540 3524 ipsa
3579 3464 3775 3508 sacra—

2189 3543 2397 3600 tissima
2438 3555 2597 3599 nocte
2632 3544 2874 3610 canitur,
2906 3545 2977 3599 ita
3006 3545 3269 3614 incipiens
3298 3561 3314 3599 :
3349 3542 3552 3599 Sancta
3594 3551 3645 3598 α
3669 3542 3774 3597 im—

2185 3634 2450 3691 maculata
2499 3635 2784 3706 virginitas,
2824 3635 3012 3704 quibus
3043 3644 3093 3690 te
3132 3634 3377 3689 laudibus
3406 3634 3659 3704 releram,
3680 3647 3776 3687 ne—

2185 3727 2292 3780 scio
2316 3743 2331 3792 ;
2359 3726 2484 3797 quia
2510 3743 2661 3796 quem
2684 3726 2799 3782 caeli
2825 3742 3009 3797 capere
3033 3743 3135 3782 non
3161 3734 3417 3796 poterant,
3450 3734 3543 3780 tuo
3571 3724 3773 3796 gremio

2186 3818 2475 3880 contulisti,
2506 3833 2668 3888 quam
2694 3818 2841 3889 juste
2870 3826 3035 3887 queat
3080 3816 3424 3889 reprehendi,
3466 3817 3627 3873 facile
3668 3829 3772 3887 po-

2185 3918 2295 3967 test
2343 3909 2585 3976 adverti;
2635 3911 2709 3966 ait
2764 3910 2908 3967 enim
2964 3910 3030 3965 ad
3085 3910 3452 3981 virginitatem
3497 3908 3656 3978 quasi
3698 3907 3774 3964 ad

2186 4005 2475 4075 quamdam
2500 4002 2759 4059 feminam
2785 4020 2800 4058 :
2823 4002 3020 4059 Sancta
3042 4011 3091 4057 et
3113 3999 3451 4057 immaculata
3472 3998 3772 4070 virginitas;

2186 4113 2307 4155 cum
2335 4096 2619 4167 virginitas
2642 4110 2753 4151 non
2785 4094 2856 4151 sit
2902 4094 3136 4161 femina,
3167 4092 3261 4150 sed
3291 4091 3539 4163 quaedam
3570 4088 3769 4156 virtus,

2186 4205 2217 4247 a
2244 4189 2483 4254 nomine,
2508 4187 2651 4258 quod
2677 4196 2762 4242 est
2790 4186 2943 4257 virgo
2960 4225 2975 4253 ,
3006 4185 3087 4241 sic
3124 4183 3464 4240 denominata
3488 4198 3505 4249 ;
3533 4188 3592 4237 et
3615 4180 3773 4236 ﬁnito

2185 4278 2534 4349 responsorio
2557 4276 2943 4349 apostropham
2973 4274 3040 4331 ad
3072 4274 3241 4345 ipsam
3270 4272 3421 4338 facit,
3444 4287 3568 4331 cum
3594 4270 3769 4330 dicit:

2186 4375 2469 4432 Benedicta
2520 4384 2577 4429 tu
2624 4373 2682 4429 in
2732 4370 3060 4435 mulieribus,
3109 4378 3159 4424 et
3216 4367 3512 4425 benedictus
3562 4365 3771 4436 fructus

2185 4472 2379 4527 ventris
2428 4470 2537 4535 tui;
2579 4485 2703 4525 cum
2737 4469 2942 4523 rectius
2991 4475 3048 4521 et
3092 4465 3268 4537 magis
3306 4461 3572 4520 catholice
3622 4462 3770 4519 idm

2184 4561 2586 4633 responsorium
2623 4560 2805 4614 taliter
2828 4557 3198 4621 modularetur
3224 4573 3239 4611 :
3270 4554 3470 4611 Sancta
3492 4563 3540 4609 et
3578 4554 3768 4609 imma-

2185 4654 2361 4712 culata
2377 4654 2519 4724 virgo
2543 4651 2742 4717 Maria,
2762 4651 2949 4721 quibus
2965 4659 3014 4705 te
3033 4648 3277 4703 laudibus
3300 4649 3543 4718 releram,
3567 4645 3764 4713 nescia,

2184 4749 2310 4819 quia
2336 4761 2490 4819 quem
2517 4744 2632 4799 coeli
2672 4759 2857 4814 capere
2884 4759 2988 4798 non
3015 4748 3276 4812 poterant,
3307 4747 3398 4795 tuo
3421 4737 3617 4809 gremia
3636 4752 3763 4791 con-

2185 4841 2371 4899 tulisti.
2418 4840 2474 4909 Ῡ.
2512 4838 2797 4894 Benedicta
2844 4847 2902 4892 tu
2939 4837 2996 4895 in
3023 4833 3351 4902 mulieribus,
3384 4842 3431 4890 et
3468 4831 3763 4893 benedictus

2185 4935 2389 5005 fructus
2414 4933 2603 4988 ventris
2637 4932 2735 4987 tui.

2255 5026 2347 5081 llla
2394 5024 2714 5093 antiphona,
2743 5037 2863 5093 quae
2903 5023 2960 5079 in
2986 5019 3168 5093 vigilia
3197 5018 3441 5090 ejusdem
3471 5014 3763 5077 Domini“

2186 5119 2486 5176 nativitatis
2511 5118 2764 5173 canitur:
2818 5117 2961 5173 Dum
2996 5126 3138 5172 ortus
3185 5114 3347 5185 fuerit
3391 5111 3471 5168 sol
3511 5112 3577 5167 de
3612 5110 3761 5177 cola,

2184 5214 2422 5269 videbitis
2449 5212 2641 5282 Regem
2669 5227 2880 5281 regum;
2910 5211 2967 5266 in
3001 5208 3323 5280 quibusdam
3358 5204 3638 5262 codicibus
3662 5202 3764 5259 ba»

2184 5303 2341 5358 betur
2370 5302 2628 5370 scriptum
2652 5320 2667 5357 :
2696 5301 3056 5370 procedentem
3079 5316 3113 5353 a
3141 5297 3307 5353 Patre
3331 5306 3583 5367 tanquam
3607 5310 3762 5365 spon-
