4024 5370
206 396 360 461 1H9

1179 396 1269 452 ne
1308 394 1519 454 mnu
1557 390 1937 454 PSALM.‘ET
1974 353 2180 452 CANT;
2219 348 2488 454 nonUL.

3343 386 3485 439 1150

211 500 575 582 processitdo
599 506 840 564 thalamo
865 521 996 576 suo;
1038 508 1160 565 ideo
1181 512 1383 567 rectius
1407 512 1656 567 canitur:
1714 509 1805 566 γε-
1831 515 1883 573 Α
1908 512 2161 581 pertinet,
2211 510 2443 583 ideoque
2473 507 2678 566 rectius
2719 505 2828 564 dici
2865 509 3083 579 poterat
3120 518 3134 558 :
3182 500 3480 560 Innovatnr

213 600 409 659 debitis
459 600 649 672 Regem
674 618 849 673 regunt
884 604 1243 673 procedentem
1272 622 1304 660 a
1337 604 1511 660 Matre
1552 614 1803 678 tanquam

154 699 165 757 ξ
210 709 465 763 sponsum
495 694 562 747 de
589 693 821 749 thalamo
855 712 971 751 suo.

288 783 378 841 i0.
420 784 596 851 Nunc,
629 786 758 841 licet
790 796 1122 857 prmpostero
1149 788 1358 855 ordine,
1399 788 1518 844 illas
1564 788 1807 859 antipho-

213 894 321 934 nas
346 880 599 936 convenit
632 882 968 951 conspicere,
1002 898 1122 952 quae
1155 882 1222 937 ad
1252 884 1589 937 invitandum
1617 883 1807 938 Domi-

214 985 356 1027 num
405 972 474 1027 ab
519 970 704 1027 littera
770 972 814 1027 Ο
863 973 1150 1043 incipiunt,
1205 982 1262 1029 et
1312 974 1391 1028 sic
1438 990 1534 1043 per
1560 973 1805 1029 ordinem

214 1062 461 1134 ejusdem
492 1064 685 1121 litteris
712 1065 935 1120 vadunt.
972 1065 1104 1120 Nam
1153 1066 1295 1122 sicut
1341 1068 1609 1122 sancitum
1657 1075 1741 1122 est
1777 1082 1808 1123 a

216 1154 424 1211 sanctis
460 1153 734 1221 Patribus,
780 1156 870 1210 ille
912 1157 1265 1228 peroptabilis
1301 1159 1517 1212 Domini
1544 1159 1809 1215 adventus

215 1249 386 1304 trium
410 1249 874 1305 hebdomadarum
898 1267 1126 1308 numero
1143 1261 1270 1308 ante
1287 1254 1577 1307 adventum
1597 1251 1810 1308 Domini

216 1350 303 1397 est
332 1344 685 1408 constitutus,
739 1360 861 1414 qua:
904 1360 1000 1415 per
1031 1344 1270 1416 singulos
1317 1346 1434 1400 dies
1474 1345 1642 1401 variis
1670 1346 1812 1400 anti-

216 1434 522 1505 phonarum
544 1435 834 1491 cantilenis
854 1447 979 1492 sunt
1000 1440 1330 1509 praescriptas
1343 1450 1395 1494 et
1412 1440 1808 1510 praeordinataa.

220 1523 329 1581 Sed
369 1535 423 1581 et
449 1526 550 1580 tria
580 1526 749 1582 cilicia
776 1544 871 1599 per
894 1530 1135 1601 singulas
1163 1532 1325 1587 trium
1348 1532 1813 1588 hebdomadarum

219 1612 534 1671 Dominicas
563 1626 689 1672 sunt
737 1620 1063 1687 constituta,
1094 1630 1149 1677 et
1194 1622 1322 1693 quia
1373 1621 1515 1678 idem
1548 1622 1813 1677 terminus

220 1706 486 1763 adventus
516 1707 730 1763 Domini
769 1724 798 1763 a
828 1712 1015 1780 quinta
1054 1712 1171 1767 Kal.
1206 1714 1523 1769 Decembris
1556 1731 1730 1786 usque
1758 1715 1814 1770 in

219 1797 406 1855 Nonas
434 1797 674 1867 ejusdem
709 1802 910 1856 mensis
944 1803 1082 1858 solet
1107 1804 1357 1869 extendi,
1384 1820 1453 1859 ex
1486 1805 1573 1860 his
1600 1806 1811 1874 diebus,

1911 612 2135 668 natura;
2166 601 2311 657 velut
2335 600 2658 671 quibusdam
2698 598 2875 670 placet
2904 615 2919 654 :
2951 596 3238 652 Innovator
3284 602 3489 650 natura

1909 692 2052 748 Deus
2076 694 2231 748 homo
2252 695 2426 764 factus
2450 705 2545 750 est.

1980 786 2115 843 Illud
2165 788 2607 857 responsorium:
2640 786 2708 840 In
2752 783 3005 839 columbis
3051 780 3220 852 specie
3258 777 3490 851 Spiritus

1910 890 2125 936 sanctus
2152 881 2292 935 uisus
2322 889 2417 945 est,
2474 879 2706 934 Paterna
2756 894 2857 933 vos:
2907 875 3093 931 audita
3135 885 3253 929 est:
3287 872 3389 927 Hic
3415 877 3493 926 est

1911 971 2085 1028 Filius
2122 991 2264 1028 meus
2316 973 2555 1037 dilectus,
2597 973 2653 1026 in
2697 988 2798 1038 quo
2828 958 2956 1026 mihi
2999 970 3125 1024 bene
3176 965 3493 1037 complacui,

1912 1066 2003 1121 ubi
2062 1066 2248 1121 ﬁnitur
2302 1074 2356 1120 et
2403 1064 2748 1130 terminatur,
2800 1073 2858 1120 et
2915 1062 3135 1134 quidam
3190 1058 3493 1129 adjiciunt:

1912 1162 2099 1231 Ipsum
2137 1161 2353 1224 audite;
2382 1176 2503 1232 qua:
2541 1174 2644 1215 vox
2667 1174 2773 1214 non
2817 1159 2869 1213 in
2903 1158 3228 1228 baptismate
3268 1162 3354 1210 est
3402 1165 3501 1210 au-

1914 1256 2048 1320 dita,
2078 1256 2169 1310 sed
2204 1256 2256 1310 in
2296 1232 2499 1320 monte,
2533 1254 2625 1309 ubi
2678 1253 3097 1324 transﬁguratus
3136 1249 3414 1311 Dominus,
3462 1260 3497 1301 α

1912 1346 2075 1402 Patre
2105 1357 2187 1403 est
2214 1348 2451 1419 prolata,
2482 1354 2538 1402 et
2576 1347 2698 1404 ideo
2736 1346 2865 1402 huic
2896 1344 3241 1415 responsorio
3274 1357 3383 1399 non
3413 1345 3499 1397 est

1916 1438 2232 1510 copulanda.

1985 1532 2072 1585 11.
2114 1531 2266 1587 Nunc
2304 1532 2468 1604 igitur
2500 1531 2871 1588 necessarium
2898 1530 3112 1585 videtur
3145 1527 3348 1600 aliquid
3384 1535 3501 1582 trao

1915 1623 2168 1680 ctandum
2193 1625 2260 1680 de
2288 1624 2650 1692 solemnitate,
2674 1620 3230 1696 quae-Septuagesima
3262 1617 3503 1689 praetitu-

1915 1724 2082 1790 latur,
2137 1736 2257 1794 quae
2307 1720 2374 1776 ad
2416 1734 2703 1790 vesperam
2732 1716 2923 1788 incipit
2951 1724 3007 1770 et
3051 1721 3243 1772 contra
3290 1724 3500 1768 morem

1919 1814 2349 1873 ecclesiasticum
2377 1811 2445 1867 ad
2491 1810 2787 1866 matutinas
2813 1806 3031 1865 desinit.
3061 1806 3228 1877 Igitur
3250 1818 3509 1874 quaecun-

221 1906 346 1962 (ἰυω
370 1892 438 1947 de
481 1901 673 1962 (Ιυονίίι
702 1894 1044 1951 “ebdomada
1072 1905 1519 1967 SUPBPCI‘BSCUM,
1549 1913 1688 1954 "nus
1723 1906 1817 1954 θυι
1846 1886 1893 1949 Β
1918 1925 2023 1981 quc
2076 1909 2397 1965 festivitates
2460 1906 2775 1962 solemniter
2825 1904 2893 1960 ad
2943 1900 3326 1958 celebrandum
3380 1901 3507 1951 sunt

222 1986 341 2042 duo
355 1986 474 2042 dies
502 1988 587 2043 vel
616 1997 753 2055 tres,
778 1989 861 2045 vel
884 1990 1173 2061 aliquando
1203 1992 1410 2063 integra
1450 1991 1811 2059 hebdomada,

222 2076 430 2147 placuit
455 2080 822 2149 antiphonarii
844 2082 1144 2137 ordinatori
1166 2097 1263 2153 per
1283 2082 1524 2154 singulas
1544 2091 1733 2138 noctes
1758 2082 1813 2138 in

220 2170 316 2228 illa
336 2180 530 2244 quarta
555 2174 916 2241 hebdomada,
942 2191 1067 2231 cum
1089 2191 1501 2247 supercrescere
1524 2177 1683 2241 solet,
1700 2192 1815 2232 ma-

222 2265 677 2321 tutinaloslaudes
699 2282 1024 2336 componere
1051 2275 1106 2323 et
1134 2266 1199 2321 ad
1224 2267 1815 2338 vespertinaleslaudes

223 2357 295 2413 ad
323 2356 660 2413 invitandum
688 2358 861 2415 Deum
884 2360 1209 2430 antiphonas
1242 2362 1517 2429 ordinare,
1549 2361 1816 2433 incipiens

223 2466 257 2506 a
286 2450 586 2520 Dominica,
615 2462 671 2509 et
699 2457 1023 2526 perveniens
1052 2473 1225 2528 usque
1251 2457 1318 2512 ad
1348 2466 1559 2513 sextam
1594 2457 1814 2513 feriam.

222 2541 406 2599 Prima
437 2547 732 2618 antiphona
760 2550 839 2605 sic
862 2550 1082 2621 incipit:
1115 2549 1160 2605 0
1180 2550 1474 2622 Sapientia,
1499 2569 1617 2623 qua:
1641 2568 1706 2606 ea:
1729 2568 1817 2608 ore

221 2633 483 2689 Altissimi
523 2638 764 2706 prodisti,
814 2641 1197 2696 concluditur:
1246 2641 1372 2696 Veni
1413 2643 1481 2696 ad
1525 2644 1818 2698 docendum

223 2739 321 2778 nos
355 2726 495 2779 viam
528 2729 859 2796 prudentiw;
886 2734 1150 2798 secunda,
1187 2733 1232 2787 0
1270 2733 1479 2786 Adonai
1500 2749 1519 2799 ;
1549 2733 1729 2799 tertia,
1771 2730 1817 2787 ο

229 2813 407 2869 Radix
456 2816 639 2885 Iesse;
694 2832 911 2891 quarta,
964 2820 1010 2875 0
1045 2823 1203 2877 clavis
1250 2823 1452 2890 David;
1506 2823 1729 2893 quinta,
1772 2821 1817 2878 0

224 2904 445 2977 Oriens,
491 2911 739 2981 splendor
788 2914 921 2967 lucis
967 2925 1219 2982 (sternar;
1250 2924 1427 2980 sexta,
1482 2912 1527 2969 0
1558 2915 1672 2969 Rea:
1696 2931 1820 2986 gen-

223 3000 403 3069 tium;
438 3003 690 3072 septima,
725 3004 769 3058 0
796 3005 1131 3074 Emmanuel,
1161 3023 1280 3078 quae
1317 3023 1507 3063 omnes
1548 3024 1644 3079 per
1688 3007 1822 3063 illud

222 3095 455 3149 verbum
483 3096 595 3150 veni
626 3096 680 3150 in
725 3096 832 3153 ﬁne
875 3098 1219 3155 clauduntur.
1279 3100 1427 3168 Quas
1481 3102 1603 3156 ideo
1631 3109 1821 3157 notare.

225 3182 443 3250 curavi,
487 3191 549 3238 ut
591 3194 780 3255 aperte
810 3187 1033 3242 daretur
1084 3187 1309 3261 intelligi
1343 3189 1464 3244 illas
1494 3189 1639 3245 solas
1676 3204 1817 3257 esse,

226 3288 355 3344 quae
384 3273 707 3345 regulariter
737 3292 801 3331 ac
831 3287 979 3333 recte
1011 3259 1325 3348 compositae
1354 3280 1608 3335 videntur
1637 3280 1704 3334 ad
1727 3280 1821 3337 ad-
1847 3259 1894 3324 ο

224 3374 455 3423 ventum
480 3366 817 3423 Dominicum
841 3368 1178 3424 invitandum
1204 3370 1499 3440 pertinere.
1524 3370 1632 3427 lllte
1661 3385 1818 3439 vero,

227 3474 355 3530 quae
401 3460 468 3515 ad
520 3460 716 3515 harum
762 3461 1173 3518 similitudinem
1227 3463 1593 3533 modulantur,
1636 3474 1821 3522 utrum

230 3565 401 3607 sensu
425 3561 482 3607 et
514 3553 696 3609 verbis
728 3555 1075 3622 conveniant,
1107 3555 1202 3625 qui
1226 3555 1497 3612 voluerint
1523 3558 1745 3614 videant
1767 3564 1859 3614 et'

232 3644 567 3716 intelligant.

305 3736 366 3792 In
391 3738 481 3793 illa
510 3739 829 3810 antiphona,
855 3759 975 3814 quae
1000 3746 1216 3801 canitur
1242 3746 1299 3803 in
1326 3756 1522 3804 octava
1563 3747 1779 3804 Domini
1807 3764 1820 3803 :

234 3827 481 3884 Mirabile
504 3834 807 3902 mysterium
830 3835 1134 3891 declaratur
1156 3838 1331 3905 hodie,
1372 3839 1635 3910 scriptum
1667 3840 1825 3894 inve-

235 3922 461 3977 nimus:
509 3923 826 3980 innovantur
868 3938 1112 3996 naturae;
1141 3939 1197 3985 et
1226 3932 1414 3986 mirari
1443 3947 1656 4003 nequeo
1705 3946 1827 4003 qua

238 4015 347 4071 illa:
371 4017 483 4072 sint
506 4027 717 4075 naturae
744 4037 866 4092 quae
903 4023 1160 4079 dicuntur
1188 4026 1477 4084 innovatae.
1520 4027 1656 4082 Nam
1686 4027 1830 4085 Deus

240 4121 310 4165 sx
343 4105 646 4165 substantia
676 4111 851 4167 Patris
892 4123 1021 4170 ante
1059 4116 1256 4172 saecula
1299 4118 1536 4189 genitus,
1571 4120 1732 4174 homo
1760 4133 1831 4175 ex

239 4202 547 4258 substantia
575 4205 764 4261 matris
792 4205 847 4261 in
873 4207 1071 4263 saeculo
1099 4218 1259 4265 natus
1292 4211 1542 4281 apparuit
1569 4211 1712 4266 inter
1732 4211 1834 4267 bo-

239 4296 417 4353 mines
441 4312 604 4355 verus
630 4299 772 4355 Deus
802 4309 858 4357 et
882 4317 1045 4359 verus
1076 4303 1260 4370 homo,
1290 4302 1593 4360 subsistens
1618 4304 1673 4358 in
1701 4304 1832 4360 dua-

239 4392 344 4448 bus
367 4394 599 4461 naturis,
629 4394 680 4449 id
709 4403 793 4451 est
826 4395 1007 4451 divina
1034 4405 1087 4452 et
1113 4397 1372 4464 humana,
1403 4406 1459 4453 et
1482 4398 1534 4453 in
1557 4412 1665 4452 una
1707 4412 1833 4470 per-

241 4498 397 4540 sona.
429 4484 584 4540 Unde
613 4487 693 4542 sic
729 4487 959 4558 legimus
1004 4490 1060 4543 in
1108 4491 1341 4559 quadam
1372 4491 1578 4562 synodo
1617 4491 1673 4545 in
1702 4491 1835 4546 civi-

246 4588 363 4636 tate
388 4579 638 4651 Spalensi
664 4582 1017 4656 [Hispalensi]
1045 4585 1232 4639 habita
1258 4601 1271 4639 :
1313 4603 1332 4635 ‹
1362 4583 1417 4640 Si
1444 4585 1565 4655 quis
1592 4584 1757 4657 igitur
1777 4584 1833 4641 in

241 4672 475 4729 Domino
500 4683 686 4731 nostro
715 4676 839 4732 Jesu
870 4677 1089 4732 Christo
1135 4684 1228 4732 aut
1270 4677 1403 4733 duas
1452 4687 1699 4744 naturas,
1740 4685 1835 4732 aut

244 4785 413 4828 unam
433 4769 666 4826 noluerit
686 4772 907 4828 credere
932 4787 996 4827 ac
1023 4772 1641 4843 praedicarepersonam,
1670 4770 1755 4829 vel
1791 4773 1838 4831 si

247 4861 372 4932 quis
402 4860 638 4917 noluerit
682 4864 927 4921 conﬁteri
976 4865 1226 4920 eumdem
1259 4865 1426 4919 Deum
1457 4874 1620 4935 atque
1656 4863 1835 4919 homi-

246 4969 394 5023 nem,
425 4955 480 5011 id
526 4965 609 5011 est
635 4955 874 5015 Verbum
917 4960 1256 5016 incarnatum
1290 4959 1358 5015 de
1397 4957 1567 5014 Maria
1601 4958 1833 5031 virgine,

246 5062 346 5119 pro
384 5057 573 5106 nostra
622 5050 793 5107 salute
837 5052 1109 5109 veraciter
1146 5063 1361 5119 natum,
1402 5060 1616 5108 tantum
1663 5068 1693 5106 a
1740 5067 1837 5108 ca-

247 5141 445 5198 tholica
496 5141 605 5198 ﬁde
650 5143 1063 5213 reprehenditur
1097 5161 1162 5203 ac
1204 5149 1620 5203 demonstratur
1649 5154 1836 5201 extra-

248 5248 377 5260 οιΑ-αι.
429 5242 487 5260 Ι..
526 5247 863 5260 ηιιΛκλκδηκι-

896 5233 1280 5260 “Λ1¹ΑΜυιδξμᾼῗ-
1324 5237 1575 5260 ιιι-ηςΑηΑΛ

1915 1999 2248 2064 constitutae,
2282 2014 2312 2052 a
2353 1997 2523 2068 priori
2554 2010 2780 2067 vespera
2810 1992 2985 2049 solent
3014 1990 3281 2054 inchoari,
3318 1995 3374 2043 et
3410 1999 3508 2057 per

1915 2100 2208 2147 nocturnas
2238 2101 2293 2144 et
2318 2088 2613 2142 matutinas
2652 2088 2817 2141 horas
2864 2099 2961 2155 per
3008 2082 3285 2154 regulares
3338 2078 3506 2135 totius

1916 2183 2025 2238 dici
2065 2196 2261 2238 cursus
2287 2178 2638 2243 conveniunt,
2667 2186 2718 2233 et
2758 2177 2838 2232 sic
2864 2176 2931 2230 ad
2966 2171 3261 2231 secundam
3308 2182 3507 2239 vespe-

1917 2287 2033 2330 ram
2075 2272 2406 2344 pertingant.
2450 2269 2575 2324 Haec
2625 2268 2739 2324 sola
2786 2282 2939 2333 vero,
2987 2274 3049 2321 ut
3085 2279 3249 2335 supra
3300 2260 3507 2318 dictum

1918 2373 2020 2431 est,
2050 2365 2117 2419 ad
2144 2378 2426 2433 vesperam
2456 2360 2670 2431 incipit,
2700 2367 2755 2416 et
2784 2360 2877 2415 vix
2909 2359 2975 2414 ad
3006 2357 3302 2414 matutinas
3344 2354 3511 2410 horas

1916 2455 2183 2527 pervenit.
2214 2453 2356 2509 Hinc
2380 2452 2671 2522 conjicitur
2700 2450 2843 2521 quod
2885 2448 3052 2519 aliqui
3094 2445 3375 2503 dulcedine
3419 2457 3508 2499 ca-

1918 2563 2066 2605 norae
2094 2547 2269 2602 laudis
2295 2544 2481 2601 attacti
2500 2545 2646 2600 hunc
2671 2543 2961 2599 terminum
2986 2539 3267 2612 posuerint
3290 2534 3508 2593 alleluia

1920 2639 2298 2697 modulationi.
2347 2637 2503 2695 Unde
2550 2638 2715 2709 hujus
2749 2633 2999 2692 nocturni
3044 2631 3204 2688 ollicii
3242 2638 3434 2684 auctor
3478 2640 3512 2683 a

1922 2733 2250 2805 quibusdam
2282 2730 2721 2802 reprehenditur,
2756 2744 2822 2784 eo
2850 2726 2994 2798 quod
3018 2726 3136 2781 sine
3172 2736 3343 2779 sacrae
3364 2718 3511 2776 Scri-

1921 2835 2095 2898 pturae
2126 2825 2437 2882 testimonio
2482 2824 2551 2879 ad
2589 2823 2763 2895 ipsum
2789 2820 3003 2876 alleluia
3032 2816 3187 2889 quasi
3217 2812 3511 2885 quamdam

1921 2934 2214 2992 personam
2246 2918 2573 2989 alloquendo
2612 2914 2772 2971 talem
2813 2913 3036 2969 musicae
3076 2908 3360 2966 cantilena;
3389 2920 3516 2960 nar-

1924 3014 2191 3069 rationem
2238 3011 2506 3068 studuerit
2532 3017 2845 3066 contexere.
2895 3006 3003 3063 Sed
3034 3018 3135 3059 nos
3158 3018 3244 3071 ea,
3294 3014 3415 3073 quae
3441 3013 3512 3056 ex

1925 3108 2254 3164 authentieis
2285 3106 2581 3178 Scripturis
2623 3104 2806 3176 aliquo
2830 3102 2992 3158 modo
3014 3108 3227 3171 sumpta
3256 3095 3516 3169 cognovi-

1927 3215 2067 3267 mus,
2096 3199 2325 3255 reticere
2358 3198 2624 3253 nolumus.
2667 3194 2802 3251 Nam
2830 3195 2886 3250 in
2922 3192 3061 3248 libro
3092 3190 3341 3247 Iudicum
3371 3185 3510 3258 legi-

1925 3308 2046 3349 mus
2079 3292 2219 3363 quod
2254 3292 2473 3363 quidam
2504 3303 2765 3362 generum
2790 3303 2949 3344 suum
2982 3282 3255 3357 proﬁcisci
3281 3279 3513 3351 cupien-

1923 3392 2037 3441 tem
2079 3386 2155 3439 ita
2202 3384 2269 3439 sit
2313 3381 2616 3438 allocutus:
2651 3379 2942 3435 Considera
3008 3378 3147 3448 quod
3170 3374 3280 3429 dies
3331 3370 3399 3427 ad
3431 3384 3518 3424 οισι

1925 3496 2106 3534 casum
2136 3478 2385 3533 declivior
2412 3478 2477 3532 sit
2508 3487 2558 3531 et
2589 3475 2896 3548 propinquet
2927 3472 2996 3527 ad
3024 3484 3307 3542 vesperam,
3361 3479 3519 3521 mane

1926 3571 2067 3643 apud
2096 3587 2176 3624 me
2190 3571 2348 3625 etiam
2376 3569 2550 3635 hodie,
2581 3578 2627 3622 et
2654 3567 2757 3621 duc
2785 3567 2965 3620 lectum
2991 3566 3152 3629 client,
3179 3572 3227 3618 et
3249 3576 3367 3616 cras
3394 3574 3521 3629 pro-

1925 3662 2195 3734 ﬁcisceris,
2229 3670 2284 3714 ut
2326 3660 2490 3715 vadas
2516 3659 2571 3713 in
2622 3658 2835 3712 domum
2883 3665 3050 3711 tuam.
3104 3652 3182 3708 Ex
3233 3649 3522 3707 occasione

1930 3756 2097 3827 hujus
2127 3752 2411 3809 sententiae
2442 3765 2669 3807 exorsus
2697 3758 2780 3805 est
2806 3748 2886 3803 sic
2919 3746 2987 3802 ad
3037 3743 3256 3799 alleluia
3296 3740 3519 3796 dicere:

1930 3845 2091 3901 Mane
2119 3844 2261 3916 apud
2293 3861 2387 3899 nos
2416 3841 2570 3897 hodie
2609 3849 2665 3897 et
2716 3849 2912 3897 caetera
2941 3852 3062 3909 quae
3092 3842 3412 3908 sequuntur.
3462 3831 3521 3887 lu

1928 3941 2070 3998 libro
2101 3938 2396 4011 Sapientiae
2422 3937 2653 4008 legimus
2686 3954 2699 3990 :
2743 3932 2788 3989 0
2818 3951 2976 4006 quam
3013 3929 3235 4005 pulchra
3263 3938 3339 3985 est
3378 3936 3523 3982 casta

1929 4035 2197 4109 generatio
2229 4049 2348 4087 cum
2375 4030 2649 4086 claritate!
2665 4026 2979 4083 immortalis
3008 4032 3084 4080 est
3107 4023 3244 4078 enim
3267 4016 3525 4109 memoria

1931 4106 2105 4192 illius,
2133 4125 2383 4195 quoniam
2410 4131 2458 4176 et
2488 4120 2628 4192 apud
2655 4119 2833 4175 Deum,
2853 4126 2977 4170 nota
3006 4124 3082 4169 est
3110 4122 3159 4169 et
3185 4110 3326 4182 apud
3356 4106 3526 4165 homi-

1937 4237 2049 4275 nes.
2090 4215 2223 4272 Cum
2259 4231 2489 4287 prtesens
2526 4221 2624 4277 est,
2662 4210 2942 4265 imitantur
2967 4204 3115 4260 illam
3150 4213 3197 4259 et
3222 4200 3526 4260 desiderant

1932 4329 2070 4381 eam,
2124 4326 2242 4365 cum
2290 4325 2347 4364 se
2385 4304 2658 4381 eduxerit,
2713 4311 2761 4358 et
2815 4303 2873 4356 in
2911 4307 3220 4371 perpetuum
3271 4300 3527 4351 coronata

1936 4379 2245 4472 triumphat.
2290 4400 2358 4455 Et
2382 4379 2446 4454 'in
2477 4398 2668 4454 eodem
2703 4395 2845 4451 libro
2890 4411 2903 4448 :
2959 4392 3253 4449 Delectatio
3294 4390 3430 4446 bona
3472 4385 3530 4441 in

1938 4498 2180 4568 operibus
2207 4512 2462 4551 manuum
2491 4493 2658 4558 illius,
2690 4493 2935 4546 honestas
2978 4489 3091 4544 sine
3124 4486 3437 4556 defectione.
3464 4479 3537 4541 El

1938 4587 2165 4643 Tobiam
2214 4585 2446 4658 legimus
2491 4584 2559 4640 ad
2610 4596 2839 4639 uxorem
2880 4581 2946 4636 de
2993 4578 3106 4634 ﬁlio
3136 4592 3240 4634 suo
3284 4575 3529 4631 dixisse:

1946 4680 2113 4738 Credo
2142 4680 2280 4736 enim
2303 4680 2555 4753 quoniam
2586 4676 2805 4749 angelus
2836 4675 2933 4729 Dei
2970 4674 3137 4739 bonus
3158 4670 3434 4727 comitetur
3460 4666 3533 4733 ei,

1946 4787 1994 4833 et
2023 4777 2149 4832 bene
2178 4776 2423 4847 disponat
2455 4772 2656 4839 omnia,
2680 4787 2821 4842 qua:
2866 4771 3009 4824 circa
3048 4769 3219 4839 ipsum
3263 4768 3537 4833 geruntur,

1943 4872 2020 4926 ita
2049 4879 2104 4925 ut
2133 4886 2252 4924 cum
2275 4868 2471 4938 gaudio
2498 4873 2790 4921 revertatur
2819 4862 2889 4916 ad
2914 4876 3029 4914 nos.
3082 4855 3219 4913 lllud
3247 4864 3544 4921 responso-

1946 4966 2089 5020 rium
2121 4982 2133 5017 :
2173 4961 2228 5017 Μ
2234 4945 2596 5032 ιιιίὶριὶεεηιιιτ
2617 4976 2650 5013 a
2675 4956 2904 5011 Domino
2930 4952 3059 5005 anni
3089 4950 3192 5015 tui,
3221 4947 3291 5002 de
3315 4944 3555 5014 parabo-

1948 5058 2012 5115 lis
2039 5054 2348 5114 Salomonis
2378 5069 2449 5109 ex
2476 5051 2765 5108 occasione
2790 5045 2955 5115 hujus
2986 5040 3258 5097 sermonis
3288 5034 3569 5102 scriptum

1946 5168 2066 5209 esse
2094 5148 2409 5206 credimus:
2436 5145 2598 5208 Audi,
2629 5139 2709 5211 ﬁli
2736 5141 2830 5205 mi,
2885 5145 2935 5190 et
2973 5136 3186 5207 suscipe
3212 5128 3366 5186 verba
3419 5144 3579 5203 mea,

2949 5225 3095 5260 quinm
3149 5216 3418 5260 οηηίρηΙδΙη
3479 5223 3587 5260 Ἰδ-

2259 5244 2436 5260 ----ι....
2466 5233 2555 5260 HL:
2592 5230 2716 5260 una;
2760 5230 2914 5260 uillu-
