4024 5370
144 261 317 321 1155
1125 255 1215 312 DE
1256 253 1465 313 VARIA
1502 254 1754 313 PSALM.

1795 253 1886 314 ET
1921 249 2126 312 CANT.
2164 248 2425 312 MODUL.
3292 262 3431 323 1154

216 374 362 447 gati,
409 371 540 430 venit
579 369 756 439 Iesus,
799 368 951 428 stetit
995 365 1154 427 Jesus
1188 368 1241 425 in
1286 369 1489 437 medio,
1526 375 1583 424 et
1608 367 1744 424 dixit
1772 376 1822 434 Α
1920 363 2120 421 tionem
2173 383 2371 435 meam,
2422 378 2477 424 ct
2522 375 2781 425 converte
2834 367 3035 425 luctum
3088 385 3333 433 nostrum
3380 382 3432 437 in

220 469 309 523 eis
340 465 506 522 :Pax.

139 560 197 635 η.
239 560 340 616 isti
371 566 498 614 sunt
525 558 685 630 Agni.
726 534 789 628 γέ
812 557 871 612 ιη
894 542 1203 627 conspectu
1224 554 1362 627 Agni
1391 553 1578 610 amicti
1615 563 1745 611 sunt

219 648 383 708 stolis
408 649 565 716 albis,
600 656 655 705 et
682 648 875 721 palma:
904 647 958 703 in
996 645 1242 703 manibus
1256 660 1467 702 eorum.
1496 643 1673 729 Modo.

137 763 196 837 ἡ.
242 762 327 819 De
386 775 482 817 ore
528 760 832 832 prudentis.
899 760 956 830 7.
1010 758 1289 830 Sapientia
1344 757 1639 831 requiescit
1688 757 1744 813 in

166 896 171 899 τ
219 856 391 914 corde
417 856 553 926 ejus,
581 864 637 911 et
661 853 946 926 prudentia
974 853 1027 909 in
1056 867 1311 907 sermone
1338 851 1475 921 ejus.
1504 850 1706 907 Favus.

140 948 197 1023 ἡ.
240 947 487 1007 Locutus
511 946 761 1017 est.7.Et
788 945 1107 1002 sustulitme
1125 945 1180 1001 in
1207 944 1402 1017 spiritu
1422 943 1478 1001 in
1509 952 1745 1000 montem

115 1036 125 1125 ξ
166 1086 171 1099 .
220 1041 484 1115 magnum
516 1048 570 1096 et
595 1039 785 1096 altum.
813 1038 882 1094 Et
912 1038 1042 1093 vidi.

116 1135 201 1208 ,ιι
243 1133 381 1191 Hac
402 1141 487 1191 est
513 1131 873 1189 Hierusalem.
915 1130 969 1200 7.
1002 1131 1180 1187 Porta:
1208 1127 1325 1199 ejus
1352 1144 1462 1185 non
1489 1128 1748 1186 clauden-

164 1254 175 1261 η
217 1239 311 1287 tur
328 1245 436 1302 per
463 1228 642 1296 diem;
672 1243 780 1284 nox
806 1227 952 1284 enim
984 1242 1092 1283 non
1122 1229 1230 1283 erit
1252 1226 1308 1282 in
1339 1242 1424 1283 ea.
1459 1225 1527 1294 ρ.

144 1342 199 1416 ἢ.
241 1341 363 1398 Non
389 1341 764 1398 conturbelur.
795 1341 850 1410 7.
875 1340 988 1413 Ego
1012 1339 1218 1412 rogabo
1237 1338 1479 1409 Patrem,
1499 1348 1557 1397 et
1579 1340 1745 1398 alium

216 1435 570 1492 Paracletum
602 1434 752 1491 dabit
779 1432 954 1489 vobis.
982 1432 1071 1488 Et.

144 1529 201 1603 ἢ.
242 1528 577 1600 Priusquam
610 1534 684 1583 te.
725 1525 781 1596 7.
808 1523 972 1583 Posui
1000 1522 1165 1582 verba
1193 1539 1311 1582 mea
1338 1524 1390 1581 in
1415 1538 1510 1581 ore
1539 1533 1647 1580 tuo.
1680 1523 1747 1581 Et

214 1629 367 1678 ante.

141 1714 197 1787 ἤ.
238 1714 568 1770 Praecursor
615 1709 849 1768 Domini.
895 1709 952 1779 7.
1007 1706 1107 1764 llic
1150 1715 1235 1765 est
1284 1708 1430 1764 enim
1480 1707 1746 1779 propheta

213 1815 271 1863 et
298 1806 595 1877 plusquam
618 1803 909 1876 propheta,
942 1801 1084 1857 sicut
1105 1798 1361 1855 Salvator
1388 1799 1488 1855 ait.
1534 1797 1674 1855 Non.

143 1898 196 1972 ἡ.
236 1896 384 1955 Puer
413 1911 591 1963 meus,
620 1895 677 1965 7.
707 1893 976 1950 Liberabo
1005 1902 1058 1949 te
1082 1891 1149 1948 de
1176 1907 1340 1947 manu
1363 1892 1748 1965 pessimorum,

160 2002 163 2007 ‘
215 1998 275 2047 et
296 2004 493 2047 eruam
528 1997 581 2044 te
604 1987 673 2044 de
697 2001 861 2041 manu
888 1984 1134 2040 fortium.

144 2083 201 2158 ἢ.
241 2083 287 2142 0
314 2082 630 2155 Hippolyte,
655 2081 702 2137 si
729 2064 931 2135 credis.
969 2077 1049 2157 7.1
1077 2074 1134 2131 Si
1158 2075 1342 2143 dictis,
1369 2077 1577 2148 inquit,
1602 2076 1749 2133 facta

219 2188 571 2248 compensas,
594 2172 789 2228 faciam
816 2169 961 2243 quod
987 2168 1249 2236 hortaris,
1275 2168 1365 2224 cui
1390 2170 1583 2225 beatus
1602 2169 1749 2225 Lau-

216 2267 432 2326 rentius
453 2266 612 2324 dixit.
636 2264 723 2321 Et.

147 2380 202 2454 tl.
241 2380 344 2438 llic
382 2389 471 2438 est
511 2380 615 2436 vir.
655 2380 711 2450 7.
740 2378 1089 2436 Strinxerunt
1112 2377 1358 2450 corporis
1383 2381 1627 2436 membra
1653 2395 1750 2451 po-

162 2482 166 2487 '
217 2473 323 2530 sita
374 2473 433 2529 in
484 2471 779 2540 craticula,
825 2469 1240 2542 subiicientibus
1280 2487 1482 2543 prunas
1520 2472 1751 2529 insultat

219 2564 384 2621 levita
408 2562 638 2621 Christi.
670 2563 755 2647 Q.
852 2622 853 2625 η

149 2678 205 2753 ἡ.
241 2677 300 2734 ln
331 2687 632 2750 conspectu
668 2675 931 2748 gentium.
972 2677 1023 2746 7.
1056 2676 1286 2732 Cantate
1314 2677 1543 2733 Domino
1572 2676 1751 2734 canti-

223 2784 351 2826 cum
380 2784 605 2835 novum,
639 2768 778 2825 bene
804 2766 1017 2838 psallite
1042 2768 1092 2823 ei
1123 2768 1179 2823 in
1204 2766 1546 2838 jubilatione.
1576 2768 1646 2824 A.

151 2879 203 2951 ἡ.
244 2878 290 2938 Ο
320 2881 547 2937 beatum
575 2878 774 2935 virum.
814 2878 870 2948 7.
901 2876 1084 2934 Oculis
1105 2894 1171 2936 ac
1195 2880 1447 2936 manibus
1473 2880 1527 2936 in
1553 2879 1752 2939 coelum

220 2986 450 3042 semper
478 2970 755 3037 intentus,
789 2969 1055 3027 invictum
1097 2970 1167 3027 ab
1211 2972 1462 3031 oratione
1486 2972 1745 3046 spiritum

196 3120 199 3125 .
221 3082 333 3133 non
366 3065 675 3123 relaxabat.
706 3065 772 3135 Q.

154 3179 205 3252 ἢ.
247 3181 291 3238 0
322 3182 489 3239 beata
510 3180 749 3237 Carcilia.
789 3181 845 3252 7.
873 3180 1040 3240 Beata
1070 3197 1131 3240 es
1152 3183 1305 3256 virgo
1333 3191 1388 3240 et
1415 3183 1672 3254 gloriosa,
1695 3192 1754 3242 et
1776 3159 1824 3223 θ

154 3298 159 3301 τ
222 3274 551 3332 benedictus
580 3289 761 3332 sermo
786 3277 900 3333 oris
937 3277 1035 3332 tui.
1066 3276 1213 3345 Quae.

155 3385 210 3457 ἡ.
249 3386 421 3462 Virgo
444 3389 702 3462 gloriosa.
741 3392 798 3461 7.
826 3391 1017 3449 Cilicio
1041 3393 1257 3450 Caecilia
1290 3396 1537 3454 membra
1561 3400 1753 3457 doma-

227 3477 339 3545 bat,
376 3480 553 3536 Deum
586 3482 878 3553 gemitibus
902 3484 1182 3540 exorabat.
1215 3486 1301 3541 Et.

159 3593 212 3665 Ii).
252 3593 447 3652 Cilicio
473 3576 708 3653 Caecilia.
752 3595 807 3667 7.
843 3598 969 3653 Non
997 3600 1179 3656 diebus
1207 3618 1374 3675 neque
1413 3620 1585 3675 usque
1629 3605 1759 3661 divi-

230 3690 331 3743 nis.
362 3687 696 3746 Tiburtium.

160 3782 215 3851 ἢ.
253 3782 420 3840 Beata
448 3784 688 3842 Cmcilia.
721 3787 775 3856 7.
809 3786 964 3844 Sicut
996 3789 1142 3844 enim
1188 3806 1342 3847 amor
1385 3790 1478 3846 Dei
1527 3790 1755 3850 fratrem

230 3884 379 3933 tuum
420 3879 557 3935 mihi
604 3879 889 3955 conjugem
933 3882 1099 3951 fecit,
1149 3875 1320 3941 ita‘te
1377 3885 1512 3941 mihi
1554 3902 1757 3960 cogna-

232 3977 364 4024 tum.
407 3970 476 4040 ρ.
496 4010 510 4021 .

164 4059 220 4129 ἢ.
258 4059 473 4118 Caecilia
521 4080 611 4121 me
655 4065 822 4121 misit.
855 4067 1225 4137 7.1nveuieus
1266 4067 1588 4125 Valerianus
1618 4086 1755 4142 pau-

235 4165 392 4220 peres
416 4153 556 4210 dixit
588 4172 601 4209 :
634 4154 915 4212 Ostendite
939 4159 1071 4213 mihi
1096 4168 1348 4215 sanctum
1378 4160 1679 4216 Urbanum.

168 4241 221 4312 ἡ.
259 4244 459 4302 Dilexit
485 4248 782 4306 Andream.
814 4251 868 4321 7.
897 4251 1075 4324 Elegit
1105 4268 1230 4309 eum
1277 4252 1539 4310 Dominus
1566 4262 1622 4310 et
1652 4255 1754 4312 ho-

176 4384 181 4389 .
238 4351 451 4401 nestum
483 4345 615 4402 fecit
637 4346 807 4402 illum.
843 4347 1037 4417 Quem.
1214 4332 1219 4337 ’

174 4428 226 4499 ἡ.
266 4431 573 4503 Exaudisti,
607 4436 854 4497 Domine.
899 4439 956 4510 7.
981 4440 1232 4508 Domine,
1269 4442 1363 4512 qui
1390 4442 1636 4499 custodis
1660 4457 1759 4514 pa-

243 4532 388 4581 ctum
413 4536 470 4583 et
504 4528 936 4587 misericordiam
986 4533 1162 4589 servis
1194 4531 1319 4599 tuis,
1347 4533 1441 4606 qui
1478 4533 1759 4592 ambulant

246 4629 427 4675 coram
454 4628 508 4676 te
536 4622 590 4678 in
621 4630 731 4682 tote
752 4625 917 4682 corde
945 4641 1066 4683 suo.
1090 4624 1225 4683 Ben.
1316 4688 1321 4691 λ

164 4702 234 4779 ,ῆι
270 4708 514 4782 Domine,
550 4713 597 4771 si
619 4730 937 4774 conversus.
973 4718 1030 4789 7.
1064 4717 1123 4774 Si
1165 4718 1476 4790 peccaverit
1503 4719 1559 4775 in
1584 4728 1635 4776 te
1654 4736 1758 4793 po-

232 4801 402 4871 .pulus
434 4813 557 4865 tuus
583 4818 642 4866 et
690 4824 985 4868 conversus
1034 4813 1207 4885 egerit
1243 4812 1644 4884 paenitentiam,
1666 4830 1760 4874 ve-

249 4891 403 4952 niens
435 4900 673 4956 oraverit
700 4902 755 4957 in
783 4901 903 4960 loco
924 4903 1049 4959 isto.
1076 4903 1196 4962 Lib.

181 4981 235 5053 ιῆ.
270 4984 482 5047 Initium
510 4995 808 5067 sapientiae.
846 4998 903 5067 7.
958 4997 1187 5059 Dilectio
1214 4999 1361 5058 illius
1390 5004 1637 5061 custodia
1679 5006 1758 5063 le-

253 5089 376 5220 Ig‘um
430 5091 542 5152 est,
604 5087 732 5159 quia
780 5086 960 5146 omnis
1002 5093 1272 5163 sapientia
1298 5094 1465 5151 timor
1517 5096 1756 5156 Domini.

298 5170 453 5220 auda.
624 5216 627 5219 .

298 5170 453 5227 auda.

188 5253 238 5323 ti.
278 5257 439 5329 Peto,
487 5265 727 5327 Domine.
754 5269 1025 5344 7..Omnia
1062 5272 1274 5344 judicia
1316 5283 1407 5331 tua
1428 5277 1574 5348 jnsla
1603 5288 1755 5348 sunt,

1920 459 2204 530 gaudium.

1843 548 1899 621 ἡ.
1940 549 2102 622 Spem
2152 552 2206 606 in
2230 550 2416 607 alium.
2449 553 2504 623 7.
2534 552 2783 621 Domine,
2821 554 2965 613 Deus
3021 558 3143 616 οωιὶ
3166 572 3220 618 et
3244 572 3428 636 terrae,

1925 643 2136 714 respice
2157 643 2225 699 ad
2251 643 2615 702 humilitatem
2646 655 2910 704 nostram.
2939 648 3005 718 ρ.

1842 735 1898 807 ἢ.
1940 734 2055 791 Tua
2086 743 2169 791 est
2220 736 2487 807 potentia.
2511 737 2566 807 7.
2602 737 2829 796 Creator
2855 744 3098 801 omnium
3125 745 3289 817 Deus,
3325 758 3434 809 ter-

1916 827 2089 884 ribilis
2107 836 2161 883 et
2187 826 2367 897 fortis,
2391 827 2570 899 justus
2598 840 2653 886 et
2674 833 3009 894 misericors.

1842 920 1898 990 ιῆ.
1940 918 2044 985 'l‘u,
2101 918 2328 976 Domine
2365 922 2766 981 universorum.
2822 928 2879 998 7.
2917 928 3021 997 Tu,
3064 932 3317 1004 Domine,
3347 939 3435 995 cui

1914 1012 2205 1071 humilium
2257 1023 2784 1076 et-mansuetorum
2835 1020 3041 1096 placuit
3102 1028 3438 1101 deprecatio.

1850 1132 1860 1145 ι
1924 1106 2060 1163 Con.

1763 1262 1768 1271 .
1844 1199 1901 1270 ἡ.
1942 1199 2288 1274 Disrumpam
2337 1204 2574 1261 vincula.
2607 1206 2662 1277 7.
2707 1206 2976 1267 Revertar
3001 1215 3067 1270 ad
3096 1215 3441 1276 Hierusalem

1919 1295 1971 1350 in
2005 1295 2405 1365 misericordia,
2431 1301 2624 1358 domus
2645 1317 2765 1358 mea
2788 1304 3148 1364 aedilicabitur
3171 1310 3225 1366 in
3257 1328 3340 1367 ea.
3374 1313 3442 1374 E.

1845 1392 1901 1462 ἡ.
1944 1392 2102 1449 Muro
2133 1402 2225 1448 tuo
2278 1394 2463 1467 inexp.
2490 1395 2545 1466 7.
2573 1396 2715 1454 Erue
2746 1414 2846 1455 nos
2892 1401 2947 1456 in
2971 1401 3306 1463 mirabilibus
3338 1408 3445 1466 tuis

1918 1493 1973 1540 et
1999 1485 2064 1541 da
2096 1485 2323 1557 gloriam
2348 1486 2558 1543 nomini
2592 1497 2708 1545 tuo.
2733 1488 2949 1548 Libera.

1845 1571 2207 1645 ti.Civitatem
2231 1576 2419 1632 istam.
2444 1577 2500 1646 7.
2515 1577 2812 1634 Avertatur
2842 1578 2998 1637 furor
3016 1591 3163 1653 tuus,
3192 1583 3443 1657 Domine,

1928 1680 1957 1719 a
1984 1666 2185 1737 populo
2208 1674 2300 1722 tuo
2320 1675 2377 1723 et
2397 1683 2429 1723 a
2458 1668 2681 1725 civitate
2709 1680 2896 1729 sancta
2930 1684 3038 1729 tua.
3070 1674 3299 1732 Exaudi.

1777 1794 1825 1855 Β
1850 1761 1907 1832 ἡ.
1950 1759 2054 1829 Qui
2097 1760 2362 1817 cmlorum
2396 1762 2664 1820 contines.
2693 1765 2749 1835 7.
2782 1765 2900 1824 Non
2935 1769 3080 1825 enim
3104 1770 3158 1826 in
3180 1771 3447 1844 justitica-

1929 1855 2170 1912 tionibus
2218 1855 2423 1914 nostris
2450 1858 2852 1928 prosternimus
2876 1878 3071 1933 preces
3101 1873 3225 1923 ante
3247 1866 3444 1927 faciem

1872 1934 1875 1937 ’
1931 1958 2106 2017 tuam,
2156 1951 2251 2007 sed
2280 1951 2334 2008 in
2360 1952 2811 2013 miserationibus
2842 1958 2950 2015 tuis
2980 1959 3187 2017 multis.
3214 1961 3443 2021 Exaudi.
3486 1960 3487 1963 “

1923 2044 2012 2098 15.
2046 2044 2193 2099 inter
2223 2045 2339 2100 hmc
2380 2046 2661 2102 sciendum
2688 2049 2836 2119 quia,
2871 2051 2974 2107 etsi
3009 2052 3228 2124 quidam
3255 2070 3446 2115 versus

1851 2148 1976 2191 cum
2003 2136 2117 2192 suis
2155 2139 2519 2207 responsoriis
2564 2143 2921 2211 conveniunt,
2956 2162 3024 2203 ex
3051 2148 3219 2204 nimia
3266 2160 3445 2208 tamen

1850 2227 2215 2296 assiduitate,
2270 2246 2378 2301 qua
2422 2232 2627 2303 saepius
2676 2246 2991 2306 ponuntur,
3040 2242 3444 2312 quodammodo

1852 2319 2144 2389 vilescunt,
2170 2330 2225 2377 et
2252 2321 2529 2380 fastidium
2558 2326 2844 2399 ingerunt;
2859 2331 3005 2388 sicut
3035 2342 3165 2390 sunt
3194 2351 3211 2391 :
3241 2336 3384 2394 Deus
3411 2355 3445 2393 a

1850 2407 2053 2465 Libano
2088 2412 2289 2480 veniet;
2332 2431 2365 2469 a
2393 2414 2523 2471 solis
2551 2404 2711 2485 ortu;
2733 2421 2824 2491 qui
2870 2424 3005 2494 regis
3034 2423 3229 2494 Israel,
3267 2428 3449 2485 multi-

1851 2515 1959 2572 que
1981 2501 2378 2575 hujuscemodi.
2402 2506 2557 2565 Unde
2580 2517 2635 2566 et
2657 2527 2758 2568 nos
2780 2527 2888 2569 non
2913 2514 3089 2571 solum
3116 2532 3211 2575 eos
3229 2534 3444 2589 versus,

1853 2609 1992 2667 quos
2037 2597 2094 2653 in
2142 2601 2612 2683 emendatioribus
2633 2604 3045 2679 Antiphonariis
3074 2609 3318 2669 invenire
3349 2628 3447 2687 po-

1855 2688 2079 2758 tuimus,
2107 2694 2511 2752 emendationis
2540 2711 2706 2753 causa
2725 2700 3027 2770 posuimus,
3062 2716 3249 2759 verum
3278 2705 3445 2763 etiam

1854 2782 1993 2840 alios
2045 2799 2144 2855 pro
2202 2780 2589 2860 superioribus
2627 2792 2842 2849 noviter
2895 2794 3146 2852 conditos
3184 2796 3449 2855 adnotare

1855 2878 2190 2935 curavimus.
2225 2878 2321 2936 llle
2346 2895 2561 2951 versus,
2618 2885 2710 2956 qui
2741 2886 2809 2943 ad
2849 2885 2981 2944 illud
3036 2892 3446 2961 responsorium

1853 2969 2111 3041 pertinet,
2171 2972 2317 3043 quod
2358 2974 2415 3028 in
2469 2976 2659 3031 sudore
2692 2976 2863 3033 vultus
2894 2980 2972 3034 tui
3000 2980 3233 3048 canitur,
3257 2981 3350 3053 qui
3373 2982 3449 3039 ita

1853 3060 2067 3117 orditur
2093 3062 2195 3133 7.:
2255 3062 2363 3119 Pro
2410 3082 2471 3121 eo
2513 3067 2654 3138 quod
2694 3068 2917 3124 obediin
2952 3072 3063 3126 voci
3093 3074 3275 3128 uxoris
3320 3083 3443 3142 tuae,

1856 3152 2077 3224 quidam
2135 3164 2360 3212 cantant
2386 3157 2664 3230 plusquam
2691 3176 2802 3228 me;
2830 3177 2954 3218 cum
3002 3165 3208 3221 rectius
3237 3165 3449 3222 dicatur

1854 3246 2132 3320 plusquam
2159 3265 2308 3316 mere,
2339 3249 2392 3305 id
2425 3260 2508 3307 est
2530 3253 2701 3325 magis
2745 3254 2979 3312 deberes
3017 3272 3149 3314 mea:
3175 3258 3296 3314 voci
3322 3259 3448 3316 obe-

1855 3340 1974 3397 dire
2018 3356 2181 3412 quam
2223 3341 2344 3399 voci
2398 3344 2588 3401 uxoris
2647 3354 2769 3401 tum.
2812 3346 2907 3404 llle
2950 3363 3181 3405 versus:
3215 3348 3449 3423 Cumque

1854 3431 2066 3488 nbiisset
2114 3433 2296 3489 Ruben
2353 3436 2423 3490 ad
2448 3446 2663 3507 puteum
2692 3447 2740 3492 et
2786 3455 2890 3493 non
2936 3440 3213 3496 invenisset
3241 3457 3384 3508 eum,
3415 3456 3448 3498 a

1855 3525 2184 3594 quibusdam
2220 3526 2530 3582 modulatur
2559 3546 2573 3583 :
2602 3526 2896 3600 Scissisqne
2945 3532 3202 3597 vestibus;
3228 3533 3322 3588 sed
3349 3548 3449 3604 que

1857 3613 2172 3683 coniunctio
2234 3616 2307 3670 ibi
2334 3615 2605 3688 superﬂua
2655 3627 2764 3686 est,
2794 3629 2851 3675 ct
2897 3622 3072 3692 magis
3122 3621 3449 3694 regulariter

1855 3707 2059 3764 dicitur
2084 3727 2097 3763 :
2122 3706 2312 3765 Scissis
2337 3711 2561 3769 vestibus
2587 3730 2803 3785 pergens
2834 3715 2905 3769 ad
2924 3716 3139 3786 fratres,
3170 3720 3266 3773 ait.

1929 3800 2121 3856 Restat
2145 3801 2325 3858 adhuc
2372 3819 2539 3859 unum
2572 3807 3003 3876 responsorium,
3035 3811 3339 3880 quodmihi
3366 3813 3448 3870 vi-

1859 3892 2018 3949 detur
2048 3909 2154 3949 non
2176 3898 2641 3966 prtetereundum,
2668 3902 2810 3970 quod
2840 3901 3018 3958 taliter
3040 3903 3235 3976 incipit
3264 3922 3279 3961 :
3308 3906 3449 3962 Dum

1858 3986 2215 4042 deambularet
2246 3982 2505 4046 Dominus
2533 3993 2589 4047 in
2616 3994 2898 4063 paradiso;
2923 3996 3009 4051 cui
3035 4012 3225 4054 versus
3249 4013 3450 4070 suppo-

1857 4080 2007 4136 nitur
2040 4101 2052 4137 :
2081 4082 2316 4150 Domine,
2348 4089 2552 4143 audivi
2597 4091 2842 4146 auditum
2892 4103 3040 4147 tuum
3079 4102 3126 4147 et
3174 4092 3348 4147 timui.
3375 4091 3446 4149 Et

1860 4176 2173 4249 adjungitur
2231 4182 2375 4250 quod
2419 4181 2473 4236 in
2536 4181 2791 4241 Habacuc
2844 4187 3107 4257 propheta
3156 4186 3444 4242 habetur:

1860 4267 2198 4327 Consideravi
2252 4291 2409 4345 opera
2459 4285 2552 4330 tua
2604 4286 2655 4331 et
2703 4280 2905 4350 expavi,
2954 4296 3079 4336 cum
3123 4280 3329 4337 rectius
3359 4280 3450 4337 illa

1861 4361 2026 4419 dictio
2050 4364 2497 4438 subsequeretur,
2527 4384 2649 4439 qum
2678 4371 2732 4426 in
2769 4372 2968 4428 Genesi
2997 4371 3196 4445 legitur
3224 4391 3237 4428 :
3266 4373 3452 4428 Domi-

1861 4469 1945 4521 ne,
1979 4456 2161 4511 audivi
2203 4460 2446 4512 auditum
2475 4469 2624 4514 tuum
2647 4470 2695 4516 et
2737 4462 2890 4516 timui
2917 4479 2977 4539 eo
3004 4463 3143 4537 quod
3166 4464 3341 4518 nudus
3372 4480 3456 4519 es-

1783 4540 1839 4605 D
1865 4567 1996 4619 sem,
2028 4562 2075 4608 et
2103 4552 2355 4610 abscondi
2407 4574 2507 4613 me.
2544 4556 2655 4614 Nec
2681 4560 3122 4630 praetereundum
3146 4559 3290 4630 quod
3315 4559 3457 4614 Deus

1865 4643 2140 4713 perditum
2170 4645 2449 4703 hominem
2490 4650 2557 4704 ad
2580 4665 2772 4705 auram
2805 4660 2929 4722 post
2957 4650 3243 4706 meridiem
3261 4649 3460 4720 quaesi—

1864 4735 1947 4790 vit
1972 4750 2036 4791 ac
2063 4738 2267 4793 nudum
2301 4739 2523 4811 reperit.
2558 4740 2616 4797 ln
2639 4742 2872 4798 meridie
2894 4742 3033 4798 solet
3061 4740 3139 4797 sol
3162 4738 3463 4797 ferventior

1864 4841 2010 4895 esse,
2048 4837 2106 4885 et
2149 4832 2495 4901 postmodum
2555 4833 2611 4890 in
2654 4849 2851 4891 auram
2907 4833 3202 4889 declinare.
3246 4830 3471 4891 Primus

1865 4920 2033 4980 homo
2079 4937 2109 4977 a
2154 4923 2369 4981 fervore
2415 4923 2561 4981 Solis
2608 4923 2841 4994 iustitia:
2900 4922 3129 4987 defecit,
3172 4922 3391 4991 quando
3417 4922 3479 4980 iu

1864 5030 2059 5074 amore
2109 5014 2420 5072 Conditoris
2468 5031 2574 5071 non
2602 5017 2786 5082 stetit;
2823 5013 2899 5068 ad
2938 5028 3132 5072 auram
3160 5019 3297 5080 post
3315 5014 3490 5072 tueri-

1864 5112 2017 5172 diem
2062 5109 2381 5175 declinavit,
2409 5109 2627 5181 quando
2674 5109 2735 5165 in
2782 5106 3048 5180 perﬁdiae
3099 5102 3317 5173 culpam
3349 5105 3494 5164 ruit.

1842 5202 1984 5263 .Sed
2018 5216 2118 5258 nos
2160 5201 2343 5256 divino
2369 5215 2558 5255 amore
2606 5199 2919 5264 ferventes,
2944 5210 3183 5269 semper
3210 5202 3363 5252 veste
3389 5212 3503 5256 nu—

1863 5293 2030 5364 ptiali
2058 5288 2229 5345 induti
2257 5289 2597 5370 incedentes,
2635 5290 2928 5347 cmlestem
2971 5288 3251 5361 Sponsum
3282 5298 3508 5354 quaera.
