4024 5370
587 366 731 428 1155

1653 371 1994 432 BERNONIS
2031 346 2323 431 ABBArts
2357 371 2750 446 AUGIENSIS,

3719 386 3862 446 1156

582 507 3854 544 ww

1039 622 1205 717 DE
1262 622 1809 719 CONSONA
1880 622 2477 717 TONORUM
2558 627 3405 723 DIVERSITATE.

1690 778 1798 839 Ea:
1838 796 1949 839 ms.
1995 777 2121 839 Sun
2147 775 2429 839 Gallensi
2471 795 2699 841 οοωυο.

640 951 823 1009 Besso
845 947 1016 1020 gratia
1070 945 1185 1011 Dei,
1216 944 1326 1001 etsi
1363 959 1473 1000 non
1515 943 1733 1009 merito,
1770 950 1949 997 tamen
1978 942 2156 998 cilicio

573 1044 733 1111 abba,
781 1042 1149 1101 dilectissimis
1198 1041 1253 1096 in
1310 1038 1527 1095 Christo
1569 1036 1695 1092 ﬁliis
1739 1035 2064 1091 Puncmnno
2094 1042 2150 1091 et

570 1134 849 1203 Kenuuco,
891 1150 997 1189 una
1023 1149 1145 1189 cum
1178 1129 1391 1187 czeteris
1416 1131 1467 1185 in
1494 1128 1904 1191 Dominicarum
1936 1128 2146 1183 schola-

567 1248 688 1290 rum
709 1230 991 1305 gymnasio
1016 1228 1203 1297 Augit'e
1247 1224 1587 1289 vacantibus,
1625 1223 1690 1277 de
1714 1223 1915 1276 virtute
1950 1223 2001 1276 in
2031 1222 2147 1276 vir-

567 1332 737 1380 tutem
781 1321 968 1378 diatim
1021 1318 1308 1391 prolicere,
1344 1323 1402 1372 ut
1430 1317 1603 1372 Deum
1638 1314 1863 1371 deorum
1915 1314 1970 1368 in
2017 1312 2148 1369 Sion

563 1415 782 1474 valeant
806 1413 1149 1485 conspicere.

636 1528 815 1585 Vestri
869 1541 1096 1599 precum
1146 1525 1408 1581 instantia
1468 1540 1644 1596 nuper
1693 1522 2031 1589 admonitus,
2086 1529 2149 1576 ut

560 1620 824 1696 quosdam
853 1618 1148 1676 versiculos
1170 1635 1334 1690 super
1375 1633 1614 1675 consona
1642 1628 1895 1675 tonorum
1919 1615 2145 1672 diversi-

563 1725 677 1773 tate
705 1715 1038 1787 compositos
1089 1722 1284 1771 vestrae
1313 1713 1627 1785 sagacitatis
1660 1710 1941 1767 industriae
1970 1712 2039 1765 ad
2065 1709 2146 1765 di-

567 1809 826 1867 scendum
855 1810 1260 1874 contraderent,
1301 1821 1409 1861 non
1442 1806 1630 1861 statim
1659 1806 1765 1861 hac
1789 1805 1855 1860 de
1883 1818 2048 1860 causa
2076 1805 2144 1860 ad

560 1901 619 1959 id
642 1899 955 1958 faciendum
1001 1900 1245 1954 animum
1292 1898 1495 1969 appuli,
1524 1899 1649 1968 quia
1673 1897 1900 1952 ridiculo
1927 1911 2142 1952 menon

557 1989 870 2051 defuturum
901 1992 1041 2062 apud
1062 1999 1310 2063 posteros
1330 1990 1559 2057 credidi,
1588 1990 1656 2057 si,
1691 1990 1835 2045 inter
1864 1990 2144 2059 sapientia:

556 2087 840 2143 thesauros
868 2084 1203 2141 abundantes
1224 2098 1288 2139 ac
1315 2083 1619 2138 divinarum
1674 2084 2144 2152 humanarumque

553 2180 860 2237 litterarum
913 2180 1061 2250 larga
1115 2177 1269 2249 copia
1322 2176 1495 2231 instar
1522 2175 1781 2230 torrentis
1829 2173 2139 2242 atlluentes,

553 2286 671 2345 ego,
705 2272 870 2327 totius
898 2270 1222 2342 eloquentia:
1246 2284 1463 2339 expers,
1491 2267 1745 2339 quiddam
1772 2269 1968 2322 mutire
1998 2285 2139 2339 pra:-

2264 943 2450 1013 quitur
2470 953 2715 1014 octavus,
2744 947 2839 1017 qui
2863 949 3097 1019 septimo
3123 951 3405 1023 subditur;
3436 956 3590 1013 unde
3612 967 3675 1013 et
3691 958 3881 1033 plagis

2261 1040 2532 1096 tetrardus
2561 1041 2644 1094 vel
2665 1040 2821 1114 plaga
2852 1043 3079 1099 tetrardi
3102 1054 3347 1102 vocatur.

2327 1131 2571 1201 Denique
2592 1147 2699 1187 non
2733 1134 3010 1190 immerito
3057 1137 3292 1207 primus,
3338 1140 3563 1209 tertius,
3615 1145 3859 1216 quintus,

2253 1224 2519 1293 septimus
2567 1225 2869 1282 authentiei
2902 1229 2988 1284 vel
3026 1230 3357 1303 principales
3399 1235 3688 1306 dicuntur,
3741 1255 3861 1297 cum

2252 1329 2437 1371 eorum
2468 1331 2633 1372 sonus
2664 1318 2736 1373 sit
2764 1318 2944 1384 altior,
2986 1336 3250 1381 ascensus
3278 1326 3553 1396 superior.
3584 1328 3759 1397 Nam,
3789 1332 3859 1386 si-

2250 1410 2762 1481 ctutunusquisque
2788 1427 2974 1468 eorum
2998 1429 3029 1468 a
3054 1430 3153 1471 suo
3185 1416 3335 1473 ﬁnali
3366 1418 3664 1492 incipiens,
3695 1435 3861 1480 nove-

2249 1500 2461 1554 narium
2489 1498 2718 1556 limitem
2748 1502 2974 1559 licenter
3005 1507 3353 1565 ascendendo
3408 1512 3714 1585 contingit,
3761 1515 3854 1571 de-

2250 1593 2556 1648 scendendo
2577 1595 2633 1649 in
2656 1595 2759 1650 sibi
2783 1597 3042 1665 vicinum,
3101 1600 3396 1672 aliquando
3426 1620 3607 1677 usque
3659 1607 3731 1662 ad
3760 1618 3861 1665 ter-

2250 1683 2380 1737 tium
2408 1698 2599 1738 sonum
2618 1686 2887 1757 pervenit,
2914 1689 2989 1745 ita
3012 1689 3299 1749 inferiores
3314 1694 3369 1749 in
3399 1697 3663 1767 quintum
3694 1716 3857 1770 usque

2249 1777 2566 1844 ascendunt,
2601 1779 2656 1833 in
2683 1792 2939 1851 quartum
2953 1798 3086 1841 vero
3106 1800 3299 1842 sonum
3317 1785 3688 1847 descendunt.
3708 1791 3854 1850 L‘nde

2247 1878 2303 1926 et
2325 1870 2380 1926 lti
2406 1870 2717 1939 inferiores,
2752 1874 2961 1930 scilicet
2988 1877 3283 1945 secundus,
3335 1888 3593 1950 quartus,
3644 1893 3848 1951 sextus,

2247 1972 2494 2030 octavus,
2522 1979 2555 2017 a
2580 1965 2979 2036 superioribus,
3006 1969 3151 2025 velut
3201 1970 3459 2041 discipuli
3484 1988 3514 2027 a
3547 1973 3851 2046 magistris,

2248 2073 2315 2113 ex
2346 2065 2462 2113 toto
2488 2074 2597 2113 non
2621 2060 2906 2126 recedunt,
2941 2061 3037 2116 sed
3081 2063 3322 2133 quodam
3376 2064 3559 2121 vicino
3592 2081 3850 2123 sonorum

2247 2158 2437 2207 tenore
2484 2149 2753 2222 adiuncti,
2786 2154 3082 2223 quamdam
3111 2156 3197 2211 sui
3228 2158 3591 2228 discipulatus
3618 2158 3851 2217 formam

2249 2241 2315 2297 ad
2341 2242 2651 2312 superiores
2682 2245 3049 2314 praetendunt,
3093 2248 3223 2303 dum
3258 2258 3315 2304 et
3340 2265 3610 2307 ascensus
3638 2266 3847 2319 eorum,

553 2379 847 2433 sumerem,
876 2364 1132 2436 illamque
1154 2364 1483 2422 sententiam
1514 2363 1645 2419 mihi
1661 2378 1817 2419 nosse
1839 2362 2005 2433 objici
2031 2377 2134 2418 non

2251 2340 2307 2387 ut
2331 2349 2495 2403 supra
2512 2337 2953 2405 praenotavimus,
2983 2337 3045 2392 tit
3069 2338 3287 2396 brevior
3306 2348 3363 2396 et
3387 2341 3695 2398 descensus
3715 2342 3847 2400 infe-

550 2455 825 2516 immerito
856 2457 1051 2528 expavi
1078 2472 1092 2510 :

675 2560 732 2612 in
754 2533 926 2612 silvam
950 2573 1014 2611 ne
1038 2559 1169 2622 ligna
1202 2557 1351 2622 feras,
1387 2564 1441 2611 et
1465 2560 1512 2608 in
1536 2570 1674 2609 mare
1700 2560 1883 2621 pisces.

620 2643 728 2702 Sed
752 2660 967 2700 rursum
988 2643 1137 2699 illam
1161 2643 1377 2700 Domini
1405 2643 1733 2698 sententiam
1756 2640 2138 2708 considerans,

545 2756 668 2816 quae
692 2741 768 2796 ait
800 2754 816 2794 :
849 2738 953 2806 Qui
989 2740 1167 2809 petita
1193 2748 1262 2804 te,
1308 2738 1379 2793 da
1430 2737 1500 2804 ei,
1528 2747 1577 2793 et
1615 2736 1806 2792 volenti
1853 2753 1887 2790 a
1930 2745 1977 2790 te
2020 2751 2136 2789 mu-

543 2845 685 2891 tuart
718 2850 781 2888 ne
808 2833 1082 2898 auertaris,
1114 2831 1220 2887 etsi
1267 2845 1375 2887 non
1404 2839 1464 2884 ut
1497 2829 1827 2899 petentibus,
1862 2827 2053 2884 saltem
2081 2834 2142 2883 ut

544 2934 794 2981 mutuum
843 2923 948 2978 sibi
1005 2921 1257 2992 praestari
1299 2920 1651 2985 volentibus,
1704 2920 1924 2990 penitus
1976 2912 2189 2975 dene-W

545 3030 677 3088 gare
733 3028 1076 3085 nequaquam
1127 3028 1248 3067 sum
1291 3027 1479 3079 ausus,
1512 3026 1622 3066 non
1670 3026 1868 3080 parum
1908 3008 2139 3065 faenoris

543 3120 631 3161 me
675 3119 904 3174 sperans
956 3102 1375 3174 acquisiturum,
1411 3100 1479 3168 si,
1524 3116 1627 3171 pro
1667 3100 1900 3157 verbosa
1923 3098 2009 3154 vel
2039 3116 2138 3154 un-

542 3198 829 3270 decunque
875 3196 1143 3267 acquisita
1215 3192 1719 3265 compositiunculae
1790 3191 2131 3264 garrulitate,

543 3289 704 3345 docta
737 3289 1050 3346 domesticae
1090 3287 1414 3361 eloquentiae
1439 3295 1635 3345 vestrae
1660 3301 1875 3343 merear
1901 3286 2133 3359 partici-

538 3382 661 3454 pari
690 3381 1012 3438 sobrietate.
1042 3432 1049 3437 .

607 3496 784 3569 Igitur
826 3504 951 3552 octo
1000 3494 1147 3552 tonis
1193 3491 1546 3552 manifestum
1572 3500 1657 3550 est
1700 3492 1968 3550 musicam
1993 3507 2128 3549 con-

535 3587 754 3657 sistere,
796 3602 897 3661 per
931 3602 1072 3659 quos
1113 3586 1339 3643 musicae
1380 3584 1768 3643 modulationis
1825 3598 2129 3642 consonan-

533 3680 647 3749 tia,
674 3695 813 3753 quas
859 3695 1006 3737 nunc
1052 3679 1275 3735 interim
1324 3678 1614 3735 brevitatis
1666 3678 1848 3735 studio
1903 3684 2121 3747 praeter-

537 3774 703 3839 imus,
751 3775 927 3831 amica
958 3774 1193 3845 quadam
1236 3789 1351 3830 sua:
1406 3771 1808 3842 coniunctionis
1865 3771 2127 3828 alIinitate

534 3865 639 3923 sibi
663 3866 899 3923 invicem
924 3864 1178 3922 videntur
1200 3865 1557 3921 concordare.
1587 3864 1831 3932 Quorum
1854 3866 1998 3935 apud
2024 3880 2126 3922 nos

532 3959 774 4026 nomina,
809 3974 840 4014 a
884 3958 1062 4030 primo
1097 3972 1270 4032 usque
1322 3965 1603 4025 octavum,
1658 3974 1728 4014 ex
1777 3958 1988 4015 ordinis
2039 3959 2124 4014 sui

531 4049 861 4107 auctoritate
897 4063 1185 4119 sumpsere
1240 4049 1564 4120 primordia.
1620 4049 1700 4106 Ex
1746 4050 1945 4121 quibus
1985 4066 2122 4122 qua-

532 4149 680 4209 tuor,
707 4140 761 4196 id
796 4148 881 4197 est
907 4141 1140 4213 primus,
1160 4140 1380 4207 tertius,
1407 4141 1656 4213 quintus,
1684 4142 1950 4213 septimus
1973 4140 2122 4197 Grae-

530 4247 596 4290 co
648 4232 866 4304 eloquio
913 4233 1216 4309 authenticj
1266 4241 1555 4300 vocantur,
1600 4248 1666 4289 eo
1711 4235 1858 4306 quod
1882 4235 2118 4304 caeteris,

529 4322 785 4382 videlicet
808 4326 1076 4393 secundo,
1108 4334 1329 4396 quarto,
1371 4336 1550 4394 sexto,
1574 4333 1769 4383 octavo
1793 4327 1953 4398 quasi
1982 4341 2121 4398 qua-

531 4413 657 4470 dam
709 4417 1015 4488 magisterii
1048 4418 1377 4474 auctoritate
1413 4432 1652 4490 praeesse
1680 4418 1999 4485 vidcantur;
2032 4434 2121 4474 au-

529 4505 835 4564 thenticum
879 4523 1117 4579 namque
1146 4521 1415 4566 auctorem
1451 4512 1569 4567 sive
1593 4512 1906 4583 magistrum
1934 4519 2116 4568 sonat.

529 4598 688 4658 Unde
713 4599 860 4656 sicut
905 4591 1219 4673 superiores
1253 4604 1554 4660 authentici
1606 4616 1893 4672 vocantur,
1924 4606 2000 4662 ita
2030 4607 2115 4661 in-

522 4693 761 4752 feriores
802 4693 997 4769 plagae,
1052 4697 1213 4767 quasi
1257 4704 1441 4770 partes
1478 4713 1549 4754 ex
1581 4697 1753 4755 latere
1775 4699 2117 4770 superiorum

521 4788 908 4860 procedentes,
941 4787 1224 4844 dicuntur.

594 4907 713 4975 Qua
739 4907 952 4964 ratione
978 4906 1211 4980 contigit
1236 4914 1318 4975 ut,
1355 4906 1450 4978 qui
1476 4909 1753 4964 communi
1795 4908 2117 4966 Latinorum

521 4998 800 5059 locutione
834 5003 1034 5059 dicitur
1056 5002 1271 5074 primus
1299 5000 1371 5059 ab
1395 5002 1557 5075 hujus
1608 5005 1746 5061 artis
1798 5005 2116 5077 magisterio

523 5091 750 5152 imbutis
768 5097 1084 5152 nominetur
1105 5097 1454 5154 authenticus
1472 5106 1688 5168 pretus,
1728 5100 1883 5168 quasi
1904 5102 2114 5168 primus
2146 5141 2193 5168 η

2240 2439 2378 2483 ιἰοτ.

2314 2518 2543 2578 Omissis
2600 2521 2767 2594 igitur
2805 2524 3142 2595 singulorum
3192 2536 3444 2585 tonorum
3471 2528 3804 2588 diﬂ‘erentiis
3827 2572 3844 2601 ,

2243 2628 2364 2684 qua?
2392 2630 2492 2685 pro
2530 2616 2747 2672 diversa
2798 2619 3078 2675 doctorum
3121 2624 3517 2683 consuetudine
3571 2627 3845 2700 aliquibus

2243 2707 2299 2763 in
2322 2708 2522 2764 notulis
2552 2724 2743 2780 parum
2772 2712 2904 2781 quid
2935 2714 3251 2772 discordare
3272 2717 3556 2788 videntur,
3612 2720 3843 2793 singulis

2242 2807 2454 2856 tantum
2482 2802 2771 2859 versiculis
2800 2806 3160 2877 principalem
3206 2808 3291 2864 sui
3339 2811 3555 2868 sonitus
3597 2820 3845 2869 tenorem

2242 2904 2354 2951 tam
2397 2896 2452 2950 in
2500 2897 2813 2967 antiphonis
2859 2915 3021 2970 quam
3082 2899 3137 2955 in
3194 2904 3563 2972 responsoriis
3613 2904 3846 2976 exempli

2240 3002 2405 3047 causa
2438 2990 2803 3063 adiunximus.
2830 2993 3057 3065 Insuper
3099 3004 3155 3050 et
3199 2994 3336 3052 alios
3375 2996 3620 3066 ejusdem
3647 2998 3845 3069 regula

2237 3096 2428 3139 versus
2459 3082 2525 3137 ad
2581 3084 2839 3141 introitus
2883 3092 2938 3141 et
2984 3089 3400 3146 communiones
3448 3091 3797 3160 pertinentes
3824 3132 3841 3161 ,

2237 3191 2360 3232 cum
2396 3176 2510 3233 suis
2534 3186 2715 3233 tamen
2744 3177 3091 3250 dilferentiis,
3116 3183 3245 3254 quia
3271 3184 3565 3255 pauciores
3599 3195 3737 3244 sunt
3783 3194 3838 3245 et

2236 3270 2544 3339 certiores,
2618 3271 3018 3330 nihilomninus
3074 3275 3442 3346 superaddere
3501 3282 3841 3337 curavimus.

2235 3359 2387 3428 Quod
2417 3361 2464 3417 si
2495 3361 2816 3419 charitatem
2844 3372 3082 3421 vestram
3115 3366 3455 3427 diﬂ‘erentias
3494 3371 3617 3429 sive
3641 3371 3840 3430 diﬁni-

2232 3458 2413 3516 tiones
2441 3462 2867 3533 antipltonarum
2917 3464 3149 3522 delectat
3194 3476 3382 3524 vestro
3432 3484 3592 3526 more
3635 3470 3836 3528 subne-

2234 3558 2403 3619 ctere,
2445 3561 2532 3607 sat
2564 3553 2782 3623 placere
2825 3554 2981 3611 nobis
3014 3557 3232 3613 scitote.
3264 3555 3535 3613 Caeterum
3580 3559 3837 3617 obedien-

2233 3643 2364 3699 tiam
2391 3654 2630 3701 vestram
2661 3648 2884 3705 omnino
2914 3658 3224 3716 contestor,
3286 3658 3560 3721 quatenus
3608 3653 3730 3709 hac
3771 3668 3839 3710 eo

2155 3747 2200 3810 ρ
2232 3734 2517 3793 cbaritatis
2549 3736 2746 3794 aﬂ‘cctu
2769 3756 2879 3811 quo
2902 3757 2934 3796 a
2967 3757 3055 3797 me
3075 3749 3204 3797 sunt
3235 3743 3540 3814 composita
3562 3744 3833 3817 suscipia-

2231 3826 2318 3892 tis,
2351 3829 2568 3900 meique
2594 3840 2780 3902 utpote
2807 3832 2934 3888 boni
2968 3834 3063 3889 lilii
3091 3833 3174 3889 sui
3203 3834 3378 3903 patris
3422 3837 3751 3895 memoriam
3772 3837 3832 3896 ίι

2229 3918 2446 3979 Christo
2474 3924 2744 3981 habeatis.
2786 3926 2992 3983 Valete.

2571 4017 2789 4075 Pntuuu
2820 4035 3070 4083 QUERITE
3105 4019 3334 4077 Bessus
3364 4019 3487 4076 Dm.

2298 4107 2503 4166 Gloria.
2558 4108 2886 4166 Stratiorum
2934 4113 3120 4168 Amen.
3169 4112 3307 4168 Ecce
3356 4129 3547 4167 nomen
3589 4111 3831 4169 Domini.

2224 4204 2454 4274 Angelus
2472 4204 2707 4259 Domini.
2739 4204 3033 4277 Antequam
3055 4204 3409 4260 convenirent.
3438 4200 3631 4261 Gloria
3652 4202 3829 4275 Patri,

2223 4305 2270 4350 et
2294 4292 2458 4363 Filio,
2488 4309 2535 4351 et
2570 4296 2802 4367 Spiritui
2831 4307 3033 4352 sancto.
3057 4296 3224 4352 Beata
3244 4314 3321 4363 es,
3345 4295 3547 4351 Maria.

2512 4388 2800 4444 Secusnuu
2839 4404 3021 4445 AUTEII
3050 4404 3225 4444 eritth
3262 4401 3363 4443 zsr
3392 4402 3539 4443 num.

2295 4477 2498 4534 Gloria.
2527 4477 2878 4534 chulorum.
2914 4481 3100 4536 Amen.
3146 4480 3297 4534 Juste
3349 4489 3399 4534 et
3444 4479 3530 4549 pie
3572 4495 3829 4536 vivamus.

2222 4570 2566 4646 Archangele.
2596 4574 2891 4649 Assumpsit
2934 4573 3113 4629 Iesus.
3144 4570 3329 4628 Gloria
3358 4569 3539 4637 Patri,
3580 4583 3633 4628 et
3664 4570 3831 4642 Filio,

2221 4676 2269 4721 et
2300 4666 2527 4739 Spiritui
2563 4679 2769 4736 sancto,
2810 4665 2963 4735 Veni,
2994 4667 3179 4724 electa.

2390 4758 2601 4814 Teum
2636 4774 2754 4815 mes
2794 4776 2914 4828 esr,
2953 4774 3094 4826 quon
3135 4772 3255 4815 nae
3293 4772 3465 4815 non
3502 4773 3667 4816 sum.

2293 4847 2500 4905 Gloria.
2537 4848 2888 4906 chulorum.
2925 4848 3112 4907 Amen.
3163 4849 3409 4916 Domine,
3440 4850 3685 4921 probasti
3720 4862 3827 4907 ne.

2222 4939 2468 5005 Domine,
2519 4958 2634 5012 spes
2668 4938 3009 4997 Sanctorum.
3067 4939 3305 4997 Claudus
3355 4940 3593 5012 quidam.
3646 4936 3827 4996 Gloria

2222 5028 2397 5101 Patri,
2429 5041 2478 5087 et
2503 5032 2671 5101 Filio,
2704 5046 2751 5089 et
2780 5034 3010 5107 Spiritui
3029 5043 3235 5090 sancta.
3268 5032 3442 5088 Hodie
3462 5035 3592 5089 nata
3622 5041 3723 5089 est.

2574 5128 2795 5168 Πιγιιὶτι
2836 5145 3031 5168 vrrnu
3066 5143 3230 5168 vrnn'r
3261 5141 3324 5168 an
3348 5141 3464 5168 sane,
