4024 5370
239 365 388 429 1157

539 488 720 545 Ssx-rs
742 504 884 547 non
904 506 1058 548 ssnrr
1088 506 1252 548 surae
1271 509 1507 552 pureuu.

296 579 502 635 talaria.
558 579 913 641 Steculerum.
971 584 1156 640 Amen.
1222 586 1535 657 Aidi/ic‘avit
1582 586 1811 660 Moyses.

217 669 376 726 Alias
399 688 535 727 oves.
579 672 891 730 Benedictus
910 673 1189 732 Dominus.
1218 674 1399 733 Gloria
1428 675 1602 746 Patri,
1628 689 1677 734 et
1716 677 1814 735 Fi-

221 759 320 829 lio,
351 773 399 817 et
428 762 655 834 Spiritui
676 776 880 821 sancto.
911 766 1078 823 Beata
1098 785 1174 822 es.

363 852 579 910 SEPTEI
613 868 750 912 suns
790 871 1030 914 SPIBI'I'US
1078 874 1220 914 sum
1263 876 1513 917 runouuu
1545 861 1663 917 Dm.

288 942 496 1002 Gloria.
562 948 913 1007 Sa'culorum.
962 953 1149 1008 'Amen.
1207 952 1543 1012 Hierusalem
1594 956 1806 1028 respice'

210 1031 489 1106 Sapientia
510 1041 795 1111 aedificavit
824 1043 925 1099 sibi
944 1044 1176 1100 domum.
1209 1046 1326 1101 Hoc
1340 1047 1462 1118 jam
1492 1051 1663 1104 tertio.
1688 1045 1813 1110 Glo.

211 1132 291 1186 ria
324 1129 503 1203 Patri,
527 1141 579 1189 et
606 1131 770 1203 Filio,
800 1145 847 1191 et
878 1134 1099 1206 Spiritui
1122 1148 1324 1195 sancto.
1367 1136 1625 1198 Gloriosa:
1682 1141 1803 1197 Vir-

203 1225 366 1296 ginis.

641 1317 789 1377 Ουτο
811 1335 943 1378 sum
964 1338 1371 1381 BEATITUDINES.

275 1406 485 1466 Gloria.
511 1408 859 1468 Steculorum.
886 1415 1071 1472 Amen.
1099 1415 1799 1487 AngelieorumJustorum

200 1502 422 1559 animae.
454 1503 642 1573 Amen,
667 1521 821 1562 amen
842 1507 959 1562 dico
989 1508 1153 1565 vobis.
1204 1508 1379 1565 Malos
1424 1511 1560 1568 male
1597 1513 1799 1583 perdet.

200 1595 425 1651 Adorna
481 1596 794 1653 thalamum.
846 1598 989 1656 Deus
1036 1601 1275 1674 adjuvat.
1322 1602 1520 1659 Beatus
1571 1605 1650 1659 vir
1698 1606 1789 1678 qui

197 1688 411 1759 suffert.
447 1685 507 1743 Si
532 1689 674 1760 ignes
703 1689 883 1744 adhib.
916 1688 1096 1746 Gloria
1120 1691 1292 1762 Patri,
1321 1704 1369 1749 et
1399 1692 1564 1763 Filio,
1600 1704 1649 1751 et
1671 1695 1795 1768 Spi-

197 1780 324 1836 ritui
351 1793 560 1836 sancto.
588 1780 809 1837 Beatam
828 1798 909 1839 me
928 1783 1119 1839 dicent.

514 1868 699 1928 Gloria
721 1870 896 1929 Patri.
927 1873 1276 1931 Steculorum.
1307 1877 1494 1934 Amen.

266 1963 456 2020 Primo
478 1978 579 2036 pro
605 1963 841 2022 culmine
865 1974 968 2022 tua:
989 1981 1233 2038 quaerere
1253 1969 1500 2040 justitiae,
1538 1970 1788 2042 Domine,

194 2058 309 2117 veri
349 2057 551 2116 summi
583 2073 802 2131 quoque
843 2059 1023 2117 lumen
1067 2061 1158 2118 fac
1191 2072 1321 2133 nos;
1364 2065 1598 2137 petimus
1635 2077 1696 2125 ut
1733 2068 1791 2125 in

193 2151 335 2209 caelo
363 2165 584 2221 semper
621 2152 718 2209 tibi
736 2152 1052 2223 jubilemus.
1081 2155 1277 2211 Amen.

260 2243 482 2311 Rorate,
504 2244 639 2302 caeli.
671 2244 1030 2317 Suscepimus.
1054 2244 1409 2308 Gaudeamus.
1436 2251 1787 2310 Saecularum.

190 2338 379 2394 Amen.
435 2335 673 2394 Gaudete
714 2338 772 2394 in
795 2337 1041 2394 Domino.
1086 2337 1300 2397 Etenim
1345 2344 1609 2401 sederunt.
1665 2344 1788 2402 Sta-

190 2430 291 2484 tuit
318 2429 369 2485 ei
388 2428 674 2484 Dominus.
698 2428 884 2485 Amen.
919 2430 1180 2488 Dominus
1233 2433 1399 2490 dabit.
1454 2434 1592 2493 Ecce
1619 2438 1784 2510 virgo.

204 2519 459 2581 Viderunt
487 2540 682 2582 omnes.
707 2525 891 2582 Gloria
915 2526 1095 2597 Patri,
1116 2535 1227 2586 etc.

593 2615 799 2673 Gloria.
829 2617 1172 2676 Saeculorum.
1209 2623 1397 2679 Amen.

260 2708 689 2782 Secundumque
716 2709 854 2782 legis
880 2710 1110 2766 verbum
1141 2722 1349 2779 mutua,
1381 2728 1490 2784 quo
1536 2714 1783 2773 dilectio-

189 2817 311 2859 nem
335 2804 435 2881 Dei
459 2812 514 2859 et
538 2802 793 2874 proximi,
820 2802 1059 2872 Christe,
1103 2806 1375 2862 mandasti
1405 2807 1609 2876 colere,
1661 2825 1782 2881 quae

187 2908 286 2965 per
319 2878 442 2953 haec
477 2895 706 2967 geminae
749 2894 1113 2953 observantiae
1153 2908 1424 2971 praecepta
1469 2878 1775 2962 reddamus.

186 2988 383 3043 Amen.

267 3077 399 3133 Veni
424 3088 471 3133 et
486 3079 715 3134 ostende.
752 3078 968 3135 Vultum
990 3091 1158 3138 tuum.
1185 3081 1324 3140 Ecce
1342 3086 1569 3144 advenit.
1592 3090 1775 3147 Amen.

188 3171 548 3227 Hierusalem.
576 3172 723 3230 Exiit
744 3190 936 3230 sermo.
960 3173 1217 3231 Dominus
1242 3176 1421 3235 Iesus.
1464 3177 1649 3237 Gloria
1667 3179 1779 3239 Pa-

186 3268 275 3336 tri,
298 3275 408 3324 etc.

427 3342 443 3351 ’
578 3360 786 3419 Gloria.
816 3361 1169 3421 Saculorum.
1196 3366 1384 3421 Amen.

256 3451 449 3512 Tertia
488 3455 674 3524 tedie,
703 3456 922 3515 Christe
945 3496 963 3525 ,
1020 3473 1344 3531 resurgere,
1381 3461 1586 3518 mundo
1634 3461 1780 3521 ferre

188 3542 367 3602 lumen
398 3547 692 3604 credimus.
722 3548 768 3606 Ο
797 3549 965 3617 alma,
1008 3549 1094 3607 fac
1128 3566 1230 3607 nos
1275 3560 1333 3608 et
1371 3561 1521 3609 tuum
1561 3570 1780 3628 semper

186 3633 408 3695 laudare
434 3654 661 3709 nomen,
691 3649 748 3698 et
774 3642 830 3698 in
850 3643 1046 3715 patriae
1072 3652 1129 3702 te
1154 3652 1374 3702 aeternae
1398 3647 1619 3720 regione
1657 3664 1779 3705 cer-

186 3739 381 3787 nentes
410 3732 621 3790 sedere.
660 3734 857 3792 Amen.
1682 3737 1691 3749 ’

254 3820 371 3893 Ego
394 3832 597 3880 autem.
652 3823 924 3896 Confessio
973 3838 1025 3884 et
1071 3828 1425 3901 pulchritudo.
1471 3830 1775 3900 Repleatur.

186 3914 368 3997 Amen.
393 3915 595 3974 Beatus
635 3934 838 3977 servus.
897 3916 1136 3979 Christus
1181 3939 1477 3996 resurgens.
1504 3922 1773 3997 ,Gustate.

187 3996 368 4063 Gloria
391 4006 571 4079 Patri,
600 4019 710 4069 etc.

302 4089 399 4098 ’ω
574 4100 780 4160 Gloria.
811 4103 1166 4164 chulorum.
1196 4108 1383 4166 Arnen.

256 4187 467 4259 Quarta
497 4201 553 4252 te
577 4196 759 4254 noctis
821 4196 1041 4257 Christe
1097 4198 1284 4272 vigilia
1323 4199 1605 4275 discipulis
1645 4202 1776 4262 dare

198 4356 1747 4391 ~—_—__—_—

1670 383 2057 444 EPISTOLE.
2106 377 2112 382 ’

1837 499 1892 561 Α
1915 498 2139 555 caeleste
2161 501 2402 563 solamen
2437 521 2539 565 nos
2565 506 2798 567 humiles
2832 508 3094 582 fatentes,
3125 520 3180 571 te
3206 527 3487 585 canentes,

1728 1839 1734 1845 ’
1819 1875 1870 1938 B

3350 401 3493 462 1158

1914 594 2221 664 laudantes,
2255 607 2467 671 tuaeque
2511 617 2709 659 nomen
2755 606 3012 677 potentiae
3061 622 3165 666 nos
3216 619 3491 682 quaternae

1915 694 2020 742 tuae
2047 689 2370 762 evangelica:
2394 693 2544 750 vocis
2564 695 2631 751 da
2654 710 2986 772 cognoscere
3013 702 3310 760 munimen.

1982 776 2156 851 Prope
2182 792 2310 837 esto.
2342 782 2651 843 Sacerdotes
2671 789 2769 843 tui.
2815 787 2999 846 Omnis
3044 800 3206 848 terra.
3254 792 3492 852 Saecula-

1913 890 2049 928 rum.
2077 876 2256 930 Amen.
2293 870 2600 933 Resurrexi.
2648 878 3037 937 Misericordia.
3083 881 3155 938 In
3206 883 3489 943 voluntate.

1910 966 2094 1023 Amen.
2118 966 2363 1025 Exsulta.
2390 969 2649 1029 Vidimus.
2678 971 2806 1030 Feci
2814 975 3100 1046 judicium.
3117 975 3299 1033 Gloria
3315 974 3485 1036 Patri.

2291 1061 2497 1120 Gloria.
2525 1062 2872 1124 Saeculorum.
2912 1071 3098 1126 Amen.

1964 1151 2212 1224 Quinque
2229 1161 2303 1220 tu,
2321 1154 2569 1222 Domine,
2584 1155 2640 1211 in
2662 1158 2859 1215 cretum
2879 1160 3141 1233 virgines,
3155 1170 3209 1221 te
3221 1164 3490 1237 recipere,

1911 1244 2163 1315 dignatus
2194 1261 2254 1302 es
2291 1245 2466 1317 plebis
2510 1254 2617 1303 tute
2662 1248 2844 1307 verbis
2887 1253 3172 1323 revelare,
3219 1255 3391 1328 signis
3434 1263 3491 1313 et

1905 1340 2210 1397 ostendere.
2242 1341 2443 1398 Sensus
2462 1357 2590 1400 ecce
2610 1352 2829 1400 nostros
2850 1344 2907 1400 in
2950 1353 3004 1402 te
3027 1360 3337 1418 precamur,
3370 1340 3483 1406 Do-

1903 1432 2073 1501 mine,
2104 1441 2157 1489 te
2197 1432 2500 1505 disponere.
2542 1432 2834 1507 Loquebar.
2865 1433 3332 1495 Circumdederunt
3380 1456 3482 1497 me.

1901 1525 2129 1595 Laetare,
2162 1526 2517 1583 Hierusalem.
2546 1526 2794 1599 Domine,
2821 1528 2877 1583 in
2898 1537 3012 1584 tua.
3044 1529 3230 1586 Amen.
3260 1530 3488 1589 Domine

1900 1620 2183 1691 refugium.
2241 1617 2411 1675 Verba
2463 1636 2599 1675 mea.
2649 1618 2787 1676 Ecce
2832 1619 2996 1676 Deus.
3048 1620 3236 1677 Amen.
3284 1620 3483 1680 Servits

1899 1714 2146 1771 Domino.
2191 1713 2381 1770 Justus
2422 1712 2701 1770 Dominus.
2750 1710 2919 1786 Signa
2962 1730 3070 1770 eos.
3133 1711 3317 1771 Gloria
3371 1711 3485 1772 Pa-

1898 1810 1987 1878 tri,
2018 1819 2124 1867 etc.
2854 1860 2864 1872 .

2280 1898 2485 1956 Gloria.
2517 1898 2866 1958 Steculorum.
2902 1900 3092 1960 Amen.

1964 1995 2133 2052 Sexta
2158 2004 2264 2052 tua:
2286 2035 2303 2063 ,
2345 1994 2564 2052 Christe
2591 2035 2607 2064 ,
2636 1995 2944 2066 praesentiae
2990 1998 3298 2069 corporalis
3335 1991 3473 2058 hora

1890 2088 2218 2158 resplendet,
2243 2087 2451 2144 fontem
2478 2087 2736 2143 Ecclesiae
2764 2087 2930 2143 vitam
2970 2090 3148 2147 tribue
3193 2092 3480 2151 salientem

1885 2192 2042 2249 aquae
2060 2178 2217 2245 vivae,
2232 2177 2449 2235 fervore
2468 2191 2687 2249 quoque
2700 2175 2875 2249 plena:
2894 2178 3082 2250 gratim
3101 2179 3242 2238 hanc
3264 2196 3480 2255 semper

1887 2268 2148 2327 accende.

1956 2360 2131 2416 Hodie
2154 2362 2347 2417 scietis.
2371 2360 2443 2417 In
2477 2362 2670 2419 medio.
2699 2362 2867 2431 Quasi
2892 2367 3050 2423 modo
3071 2369 3251 2439 geniti.
3274 2370 3468 2430 Amen.

1884 2453 2097 2524 Diﬂ‘usa
2122 2462 2196 2509 est
2214 2454 2409 2525 gratia.
2437 2453 2506 2509 In
2528 2454 2916 2525 splendoribus.
2963 2454 3178 2516 Pascha
3206 2471 3471 2521 nostrum.

1885 2544 2068 2603 Gloria
2094 2544 2271 2615 Patri,
2306 2554 2411 2603 etc.

2290 2636 2492 2695 Gloria.
2513 2637 2862 2698 Steeulorum.
2883 2642 3070 2700 Amen.

1955 2731 2371 2804 Septemplicem
2416 2742 2468 2790 te
2514 2749 2659 2791 nunc
2701 2750 2920 2807 quoque
2949 2736 3107 2793 nobis
3153 2737 3347 2797 adesse
3370 2739 3464 2798 de-

1881 2824 2160 2896 poscimus
2180 2865 2198 2894 ,
2229 2824 2371 2880 alme
2415 2824 2698 2882 Paraclete
2723 2866 2740 2893 ,
2771 2836 2973 2884 nostrae
3007 2838 3219 2886 mentes
3248 2839 3308 2888 ut
3361 2830 3468 2891 tua'

1882 2918 2071 2990 gratiae
2098 2933 2314 2990 semper
2330 2919 2635 2977 exuberent
2656 2921 2902 2993 pertecto
2942 2939 3209 2992 munere;
3242 2941 3474 2997 quaeque

1881 3018 2080 3067 nocent
2106 3010 2411 3083 exstingue,
2435 3020 2493 3067 et
2511 3020 2729 3082 cuncta,
2753 3028 2875 3084 qua:
2894 3013 3206 3085 proﬁciunt,
3225 3017 3467 3074 accende

1880 3119 2098 3176 semper
2124 3105 2330 3162 amoris
2359 3106 2524 3177 igne:

1951 3193 2099 3252 Puer
2134 3208 2289 3253 natus
2334 3206 2431 3254 est.
2488 3194 2671 3255 Venite
2702 3239 2718 3267 ,
2751 3200 3026 3257 benedicti.
3066 3198 3181 3255 Viri
3228 3199 3462 3258 Galiloei.

1884 3287 2067 3344 Amen.
2090 3288 2262 3344 Dicite
2297 3288 2671 3360 pusillanimis.
2702 3289 2847 3348 Tolle
2888 3309 3131 3363 puerum.
3158 3291 3362 3349 Factus
3393 3300 3471 3351 est

1881 3387 2103 3450 repente.
2134 3378 2281 3436 Glor.
2304 3379 2484 3447 Patri,
2505 3389 2611 3438 etc.

2273 3465 2477 3527 Gloria.
2509 3471 2859 3529 chulorum.
2886 3474 3074 3530 Amen.

1953 3562 2108 3631 Octo,
2136 3562 2223 3633 pie
2242 3561 2478 3630 Christe,
2512 3562 2689 3620 lucide
2710 3603 2726 3631 ,
2762 3564 3128 3623 heatitudines
3150 3565 3472 3639 evangelica

1882 3654 2069 3726 gratim
2095 3652 2238 3725 plebi
2271 3662 2373 3707 tuae
2402 3652 2583 3724 praebe
2604 3654 2908 3726 benignus,
2946 3665 3003 3712 et
3044 3657 3290 3715 clemens
3331 3673 3471 3714 sem-

1884 3751 2093 3808 alterna
2113 3749 2303 3821 requie
2328 3748 2513 3806 refove
2533 3748 2649 3807 sine
2684 3749 2793 3806 line
2815 3744 3103 3808 credentes
3128 3753 3184 3808 in
3219 3754 3291 3808 te.

1952 3845 2035 3900 Ad
2057 3854 2105 3901 te
2128 3845 2313 3912 levavi,
2342 3845 2566 3903 Domine
2589 3887 2605 3914 ,
2650 3862 2712 3903 ne
2755 3846 2926 3918 longe.
2969 3845 3201 3919 Spiritus
3224 3847 3466 3906 Domini.

1881 3935 2066 3992 Anien.
2096 3936 2387 3992 Laetabitur
2398 3937 2596 4008 justus.
2637 3935 2906 3994 Invocavit
2927 3953 3030 3994 me.
3060 3937 3332 4006 Probasti,
3355 3938 3467 3995 Do-

1867 4016 2038 4085 'vnine.
2067 4028 2253 4084 Amen.
2290 4026 2453 4084 Video
2495 4030 2670 4087 ccelos.
2700 4027 3053 4102 Responsum.
3094 4028 3214 4087 Hoc
3251 4045 3465 4102 corpus.

1882 4117 2067 4177 Gloria
2103 4119 2279 4191 Patri,
2311 4130 2421 4180 etc.

1252 4530 2401 4695 BERNONIS

898 4820 1501 4940 ABBATIS
1615 4823 2095 4944 AUGIZE
2211 4816 2765 4952 DIVITIS

1268 5117 1277 5124 ·
1347 5070 2216 5216 ΕΡΙΞΤΟΙΛΕ.
