4024 5370
545 340 689 403 1159

1622 300 1972 406 suaseras
2005 347 2298 405 ABBATIS
2338 348 2703 410 AUGIENSIS

3688 354 3821 411 1160

544 460 776 526 tissime,
815 458 983 516 semel
1015 460 1307 531 aspiratus,
1339 477 1639 534 nunquam,
1682 464 1728 519 si
1771 471 1955 534 posset
1992 464 2131 531 ﬁeri,
2160 467 2210 528 Α
2238 466 2564 537 quandoque
2586 466 2788 537 perfrui
2828 474 3167 522 mererentur
3189 465 3393 522 visione
3415 442 3821 537 Redemptoris.

542 551 933 625 iucundissima
1002 553 1197 609 harum
1267 555 1587 611 assiduitate
1650 556 1844 613 vellem
1902 557 2126 627 privari.

545 641 687 701 Hine
744 644 876 699 mihi
912 646 1030 700 dies
1088 653 1380 715 noctesque
1422 646 1515 701 tali
1566 648 1820 703 aestuanti
1860 647 2131 705 desiderio

545 738 692 796 nulla
723 753 810 795 res
845 739 1127 811 refrigerio
1155 754 1273 797 esse
1301 741 1498 811 poterit
1527 741 1652 808 alia,
1695 741 1799 797 nisi
1837 741 1951 797 sola
1978 749 2134 811 opta-

546 831 743 888 tissimi
769 831 951 888 vultus
979 833 1055 889 tui
1083 834 1391 905 przesentia.
1422 834 1595 905 Quam
1624 833 1749 905 quia
1780 851 1923 891 nunc
1945 850 2130 891 coram

546 939 791 997 nequeo,
838 927 1029 982 saltem
1073 928 1425 998 praesentium
1454 927 1756 984 litterarum
1782 926 1957 983 oliicio
1993 928 2133 984 inte-

547 1018 655 1074 rim
691 1017 889 1086 saluto,
936 1019 1185 1090 interque
1219 1019 1507 1076 eharitatis
1549 1013 1774 1077 vulnera
1815 1019 2128 1091 (vulnerata,

547 1109 725 1181 inquit
746 1106 1255 1181 Sponsa,charitate
1291 1128 1384 1181 ego
1429 1111 1567 1183 sum)
1596 1112 1971 1181 hujuscemodi
1998 1126 2132 1168 voce

544 1212 673 1279 utor
721 1219 842 1260 cum
874 1204 1161 1260 Psalmista
1189 1221 1203 1258 :
1242 1202 1372 1271 Quis
1400 1203 1546 1258 dabit
1592 1204 1721 1258 mihi
1769 1221 1967 1275 pennas
1997 1204 2132 1258 sicut

536 1292 819 1362 ‘columbte,
841 1303 892 1350 et
919 1294 1103 1350 volabo
1124 1302 1173 1349 et
1205 1295 1521 1365 requiescam
1536 1294 1562 1348 ?
1590 1293 1707 1362 Quo
1743 1294 1847 1351 nisi
1866 1289 1987 1351 sub
2008 1310 2130 1349 um-

540 1380 643 1443 bra
673 1386 927 1443 culminis
958 1387 1074 1442 tui?
1104 1387 1197 1443 ubi
1235 1387 1283 1443 si
1313 1403 1436 1444 eum
1464 1387 1798 1459 passeribus,
1829 1387 1882 1444 id
1915 1397 2019 1454 est,
2042 1404 2133 1444 ve-

543 1478 625 1535 ris
646 1477 850 1535 Christi
881 1466 1239 1549 pauperibus,
1277 1494 1420 1535 nune
1462 1479 1792 1536 nidiﬁcando
1824 1480 2132 1550 requiesce-

542 1583 798 1645 rem,_me
817 1570 1142 1642 quandoque
1177 1585 1245 1626 ex
1267 1585 1454 1627 eorum
1484 1586 1714 1628 numero
1744 1570 1984 1627 futurum
2009 1585 2133 1627 esse

541 1680 652 1721 non
692 1664 1038 1735 desperarem
1080 1666 1148 1721 de
1177 1666 1373 1737 quibus
1402 1667 1572 1723 lsaias
1613 1666 1855 1737 loquitur
1896 1666 2125 1723 dicens:

540 1755 725 1813 Sancti
746 1757 836 1828 qui
858 1764 1070 1827 sperant
1094 1759 1148 1813 in
1180 1759 1406 1816 Domino
1441 1760 1717 1815 mutabunt
1742 1760 2127 1830 fortitudinem,

2303 556 2361 610 ln
2405 555 2562 625 hujus
2615 558 2801 628 itaque
2848 560 2998 628 pacis
3042 557 3385 636 studio-dum
3442 558 3691 613 animum
3732 574 3823 614 ve-

2228 657 2403 705 strum
2437 661 2549 705 tum
2589 650 2906 721 populorum
2939 650 3103 718 fama,
3140 666 3261 706 cum
3294 651 3408 721 ipsa
3455 666 3644 707 rerum
3672 668 3829 722 expe-

2231 739 2451 807 rientia,
2480 740 2747 797 intentum
2770 757 2893 798 esse
2920 743 3288 813 cognovimus,
3326 743 3626 799 immensas
3662 743 3826 814 largi-

2233 832 2336 888 tori
2393 834 2636 889 omnium
2689 835 2895 905 gratias
2939 835 3247 900 referimus,
3294 835 3388 906 qui
3446 837 3512 891 de
3558 838 3831 891 virtutum

2230 932 2536 980 vestrarum
2566 926 2811 997 profectu
2844 937 2994 984 tanto
3022 928 3243 984 uberius
3264 928 3627 999 gratulamur,
3662 943 3832 998 quan-

2234 1024 2290 1072 to
2306 1031 2407 1087 per
2431 1033 2574 1073 vera:
2606 1018 2892 1075 charitatis
2916 1017 3167 1076 effectum
3206 1020 3373 1075 menti
3400 1029 3601 1076 vestra:
3624 1020 3832 1075 arctius
3900 1014 3911 1027 '

2232 1109 2468 1165 amando
2493 1109 2830 1181 colligamur.
2871 1110 3023 1167 Unde
3058 1127 3156 1182 per
3184 1111 3284 1167 has
3313 1111 3715 1168 beatitudinem
3740 1127 3832 1167 ve-

2233 1190 2404 1255 Stram
2432 1199 2643 1256 litteras
2674 1202 2899 1256 nimium
2927 1202 3248 1266 salutantes,
3272 1201 3832 1260 sollicitecuravimus

2234 1290 2546 1359 admonere,
2579 1300 2847 1362 quatenus
2869 1294 3073 1348 bonum
3099 1293 3270 1363 pacis,
3311 1293 3455 1363 quod
3487 1296 3738 1350 exterius
3777 1294 3833 1351 in

2234 1382 2438 1437 mundo
2486 1383 2795 1438 necessario
2835 1384 3021 1456 agitis,
3055 1384 3203 1439 circa
3249 1384 3582 1440 domesticos
3609 1399 3832 1455 quoque

2236 1474 2362 1557 ﬁdei
2390 1476 2463 1532 ob
2491 1460 2739 1546 quietem.
2768 1464 3049 1533 servorum
3078 1462 3134 1534 et
3182 1478 3507 1534 ancillarum
3540 1480 3641 1535 Dei
3687 1480 3828 1535 inte-

2233 1567 2349 1622 rius
2380 1583 2637 1626 exercere
2686 1585 2795 1625 non
2827 1570 3135 1642 negligatis,
3173 1586 3280 1642 quo
3306 1587 3405 1642 per
3432 1573 3678 1643 ipsorum
3716 1588 3829 1629 me-

2233 1657 2341 1712 rita
2364 1657 2818 1716 intercessionem
2842 1663 3168 1735 quandoque
3187 1663 3475 1735 pervenire
3501 1664 3739 1721 valeatis
3758 1665 3830 1720 ad

2222 1760 2400 1819 regna
2428 1750 2696 1820 polorum.
2874 1778 2884 1786 -
2922 1778 2926 1784 ι
2988 1782 2991 1783 ν

538 1857 806 1903 assument
830 1865 1027 1920 pennas
1052 1858 1108 1904 ut
1138 1850 1352 1922 aquifte,
1389 1850 1633 1907 volabunt
1658 1860 1706 1907 et
1734 1868 1839 1907 non
1862 1852 2121 1921 deﬁcient.
2152 1841 2204 1906 Β
2305 1840 2411 1898 Sed
2437 1844 2553 1900 haec
2582 1844 2800 1903 interim
2827 1848 3143 1905 omittentes
3172 1849 3488 1905 intimamus
3520 1865 3650 1921 qua:
3671 1849 3827 1905 nobis

537 1940 615 1997 De
646 1957 875 2013 quorum
910 1932 1139 2015 cellegio
1168 1953 1249 2011 tu,
1280 1944 1373 2015 qui
1399 1960 1459 2001 es
1488 1937 1645 2001 dulce
1688 1938 1853 2001 decus
1880 1955 2128 2001 nostrum

537 2033 885 2104 omniumque
903 2034 1150 2090 diadema
1185 2034 1581 2093 monachorum
1609 2035 1976 2093 indubitanter
2002 2037 2127 2093 exi-

536 2132 708 2191 stens,
729 2125 843 2196 jam
870 2126 1071 2197 spretis
1096 2128 1286 2183 mundi
1330 2127 1489 2198 hujus
1535 2128 1839 2195 desideriis,
1873 2143 1997 2185 eum
2041 2128 2127 2185 his

532 2214 603 2271 de
626 2215 822 2287 quibus
868 2215 1074 2271 dictum
1119 2210 1204 2273 est
1232 2235 1245 2270 :
1270 2216 1431 2273 Ibunt
1456 2218 1520 2273 de
1561 2218 1749 2273 virtute
1777 2219 1834 2273 in
1859 2218 2123 2287 virtutem,

510 2307 911 2366 fortitudinem
940 2310 1163 2366 mutasti
1209 2309 1323 2381 jam
1350 2311 1499 2368 velut
1525 2310 1706 2381 aquila
1730 2311 2123 2379 reviviscendo,

532 2394 764 2470 sumptis
784 2398 1044 2470 virtutum
1075 2400 1268 2470 pennis
1302 2401 1371 2456 ad
1407 2400 1516 2457 alta
1566 2400 1781 2470 volasti,
1806 2417 1909 2457 nec
1958 2402 2013 2457 in
2042 2402 2125 2457 in-

529 2491 793 2550 ﬁrmitate
828 2488 1117 2565 corporea
1152 2492 1435 2560 deﬁciens,
1481 2494 1575 2549 sed
1604 2493 1784 2564 potius
1811 2497 1935 2549 enm
1978 2493 2123 2564 Apo-

529 2585 674 2642 stolo
710 2583 1002 2657 proﬁciens
1046 2593 1102 2640 et
1145 2584 1333 2641 dicens
1372 2602 1385 2639 :
1419 2583 1648 2651 Quando
1696 2583 1961 2653 inﬁrmor,
1998 2576 2121 2639 tunc

528 2674 719 2747 fortior
740 2692 880 2732 sum.
918 2676 988 2733 Et
1009 2676 1137 2748 quia
1170 2675 1314 2732 illius
1344 2675 1541 2730 divinae
1564 2675 1944 2747 promissionis
1974 2690 2122 2731 eom-

526 2784 628 2842 pos
654 2771 891 2827 existere
913 2770 1184 2837 meruisti,
1207 2785 1329 2841 quae
1363 2768 1497 2825 dicit
1530 2787 1544 2821 :
1580 2766 1869 2823 Sustollam
1891 2776 1940 2823 te
1966 2784 2122 2837 super

524 2860 858 2917 altitudinem
878 2870 1051 2928 terra),
1078 2875 1184 2927 me,
1218 2873 1421 2931 quaeso,
1456 2859 1523 2915 ad
1547 2870 1601 2915 te
1621 2850 2120 2916 sicexclamantem

522 2952 719 3009 exaudi
750 2970 764 3007 :
814 2951 985 3007 Trafie
1019 2969 1101 3008 me
1144 2962 1257 3023 post
1311 2963 1379 3021 te,
1415 2963 1685 3023 quatenus
1737 2952 1793 3007 in
1815 2950 1985 3006 odore
2020 2966 2119 3006 un-

523 3053 847 3115 guentorum
892 3052 1108 3100 tuorum
1140 3059 1228 3100 me
1254 3055 1532 3111 currente,
1567 3044 1660 3100 illa
1686 3045 2007 3101 haereditate
2035 3055 2116 3102 te-

524 3149 651 3191 cum
691 3149 907 3190 merear
944 3134 1287 3206 participari,
1340 3148 1504 3204 quam
1563 3134 1823 3190 Dominus
1862 3134 2116 3205 dignatus

2233 1932 2518 2004 adjaceant
2568 1936 3062 2017 incommoditates.
3123 1938 3258 1996 Nam
3310 1940 3576 1998 noveritis
3640 1941 3828 1996 multis

2230 2030 2548 2086 aemulorum
2582 2031 2794 2088 insidiis
2844 2049 2944 2090 nos
2990 2043 3200 2105 patere,
3236 2034 3329 2105 qui
3367 2034 3595 2090 omnino
3620 2021 3826 2105 quietis

2230 2112 2431 2177 noétra:
2457 2121 2638 2177 studio
2690 2122 2958 2190 invident,
2999 2124 3075 2180 ita
3118 2134 3176 2179 ut
3204 2126 3351 2181 omni
3399 2125 3536 2181 artis
3604 2126 3826 2198 ingenio

2229 2209 2528 2278 elaborent,
2554 2212 2598 2268 si
2626 2228 2736 2283 quo
2765 2214 2926 2270 modo
2947 2216 3066 2286 pias
3098 2230 3163 2272 ac
3198 2213 3482 2288 religiosas
3506 2216 3695 2289 regia:
3712 2233 3826 2272 ma.

2222 2302 2440 2372 jestatis
2464 2320 2624 2361 aures
2654 2306 2893 2364 sinistris
2925 2309 3235 2365 rumoribus
3282 2310 3349 2366 de
3388 2301 3557 2366 nobis
3597 2312 3825 2367 nostris

2227 2381 2333 2464 que
2361 2395 2672 2451 mentiendo
2701 2397 2909 2466 possint
2937 2388 3178 2464 inficere,
3207 2407 3263 2454 et
3286 2398 3546 2469 quiddam
3571 2399 3641 2455 de
3664 2400 3825 2456 rebus

2227 2486 2298 2543 ad
2327 2496 2573 2544 nostrum
2599 2504 2755 2545 usum
2780 2492 3178 2561 pertinentibus
3210 2507 3429 2563 quoquo
3460 2492 3629 2548 modo
3657 2493 3823 2549 inteh

2225 2581 2427 2651 eiperc,
2461 2590 2519 2637 ut
2551 2583 2703 2639 vobis
2734 2597 2803 2638 ex
2839 2574 2995 2656 parte
3028 2594 3247 2641 constat
3272 2582 3629 2643 manifestum
3659 2601 3820 2654 esse;

2224 2682 2303 2739 et,
2346 2674 2493 2745 quod
2551 2690 2771 2746 gravrus
2811 2677 2936 2733 imis
2988 2679 3261 2735 viscerum
3302 2680 3560 2752 suspiriis
3601 2690 3692 2737 est
3738 2682 3819 2737 in-

2224 2767 2654 2838 gemiscendum,
2701 2770 2759 2826 hi
2819 2772 3088 2843 praecipue
3124 2772 3178 2828 in
3229 2773 3332 2830 hac
3369 2783 3527 2845 parte
3570 2776 3821 2831 videntur

2222 2859 2510 2927 notabiles,
2553 2862 2643 2932 qui
2679 2862 2781 2919 sub
2827 2864 3016 2919 habitu
3069 2866 3437 2921 venerationis
3473 2867 3819 2937 speeietenus

2220 2953 2563 3021 praetendunt
2594 2953 2822 3009 formam
2868 2946 3200 3012 sanctitatis;
3252 2957 3416 3024 Quia,
3461 2957 3510 3013 si
3549 2957 3820 3013 veraciter

2220 3049 2409 3099 eorum
2438 3043 2701 3101 interiora
2730 3061 2941 3103 morum
2974 3048 3245 3120 probitate
3287 3049 3661 3107 exterioribus
3691 3066 3818 3108 con-

2216 3136 2532 3204 cordarent,
2562 3130 2905 3209 nequaquam
2945 3141 3117 3195 adhuc
3152 3156 3248 3210 per
3277 3140 3465 3195 vitimu
3505 3143 3711 3197 saeculo
3756 3142 3815 3196 ﬁ-

520 3230 608 3282 est
636 3219 731 3277 tibi
776 3221 1025 3292 polliceri
1057 3238 1071 3279 :
1096 3221 1168 3277 Et
1199 3221 1336 3277 dabo
1367 3222 1485 3290 tibi,
1523 3221 1723 3293 inquit,
1756 3224 2117 3278 ntereditatem
2146 3222 2194 3288 C
2224 3226 2345 3282 dem
2373 3237 2674 3284 servarent.
2706 3221 2904 3285 Verum
2927 3227 3301 3303 cujuscunque
3351 3231 3463 3287 sint
3493 3229 3707 3288 ordinis
3734 3236 3814 3289 vel

517 3313 688 3375 Iacob
712 3315 881 3385 patris
908 3315 1007 3370 tui.

1087 3431 1424 3490 EPISTOLA
1479 3432 1562 3489 ll.‘

516 3541 589 3590 ΑΒ
631 3542 884 3588 GERONBI
951 3543 1047 3587 8Εο
1101 3544 1341 3585 JEBONEI
1386 3541 1843 3587 ARCHIEPIﬁCOPUII
1901 3542 2112 3587 ιιλςυε-

1150 3617 1215 3659 BU
1222 3615 1482 3657 RBENSEI.
2014 3624 2021 3633 ‘

514 3710 832 3774 Gratulatur
870 3718 919 3774 ei
955 3734 1137 3789 pacem
1175 3714 1414 3789 imperii,
1457 3718 1889 3788 commendatque
1928 3734 2113 3773 mona-

584 3789 733 3861 sterii
759 3789 850 3861 sui
872 3805 977 3855 res,
1006 3806 1069 3844 ac
1107 3789 1316 3861 regulas
1341 3790 1699 3859 episcopatum
1728 3798 1907 3843 sancte
1936 3789 2111 3843 admi-

586 3859 853 3916 nistrandi
875 3861 1111 3931 exponit.

585 3963 819 4030 Domino
850 3971 1167 4044 apostolicae
1215 3972 1495 4045 dignitatis
1523 3973 1679 4043 apice
1728 3971 2017 4028 sublimato
2040 3971 2107 4029 (ἓ.

510 4061 1036 4137 Parthenopolitano
1091 4050 1526 4137 archiepiscopo,
1565 4064 1628 4120 Β.
1674 4064 1773 4120 Dei
1820 4062 2008 4119 Matris
2046 4078 2110 4119 ac

514 4156 757 4234 Virginis
806 4176 1018 4229 servus,
1077 4161 1283 4217 intima:
1316 4158 1622 4217 devotionis
1667 4144 1897 4227 cultum,
1925 4156 2107 4229 perfe-

512 4260 726 4323 ctaque
754 4252 883 4309 ﬁdei
915 4251 1227 4324 integritate
1257 4251 1542 4308 refertum.

512 4352 541 4401 ι.
585 4343 828 4402 Gloriam
876 4344 1055 4402 laudis
1089 4344 1201 4403 Deo
1239 4345 1417 4417 angeli
1465 4344 1663 4401 merito
1707 4343 2027 4401 cecinerunt
2052 4344 2105 4400 in

513 4438 769 4507 excelsis,
796 4440 1013 4511 quando
1041 4455 1216 4513 nuper
1248 4439 1560 4496 hominibus
1580 4440 1741 4496 bona:
1786 4436 2103 4502 voluntatis,

514 4542 615 4602 per
654 4537 852 4584 vestras
887 4529 1268 4586 sollicitudinis
1322 4545 1512 4586 curam
1563 4530 1683 4601 ipso
1723 4536 1945 4584 auctore
1992 4527 2106 4583 Deo

2220 3318 2568 3387 conditionis,
2598 3321 2805 3378 callidm
2826 3337 2889 3379 ac
2912 3324 3144 3380 inimica:
3164 3339 3351 3380 eorum
3378 3324 3816 3395 tergiversationi

2217 3413 2575 3483 providentiae
2616 3425 2814 3471 vestra:
2856 3415 3101 3488 clypeum
3131 3416 3410 3472 humiliter
3452 3417 3693 3486 petimus
3721 3432 3815 3488 op-

2216 3504 2369 3575 poni,
2397 3520 2466 3561 ne
2494 3506 2714 3577 quidem
2739 3516 2858 3562 arte
2888 3507 3127 3579 maligna
3148 3515 3338 3563 nostra
3360 3507 3503 3579 apud
3523 3507 3812 3564 Dominum

2214 3607 2464 3655 nostrum
2493 3594 2813 3670 possitlaedi
2840 3601 3168 3658 innocentia.

2287 3693 2555 3750 Caeterum
2576 3694 2630 3748 in
2649 3692 2809 3763 hujus
2840 3692 3112 3751 schedulte
3137 3693 3288 3750 calce
3310 3702 3560 3751 nostrum
3598 3710 3814 3766 parum.

2214 3798 2335 3856 per,
2384 3800 2716 3855 quaesumus,
2762 3786 3179 3843 animadvertite
3199 3788 3701 3856 commonitorium,
3734 3798 3815 3845 et-

2212 3878 2262 3933 si
2306 3878 2485 3934 minus
2534 3878 2856 3949 eloquentiae
2906 3879 3068 3936 melle
3106 3880 3376 3951 sapidum.
3428 3878 3612 3937 Nimio
3666 3882 3812 3937 enim

2213 3971 2385 4026 vestri
2417 3970 2622 4026 amoris
2657 3972 2784 4041 igne
2801 3972 3075 4037 succensi,
3100 3971 3255 4027 dulce
3278 3972 3548 4029 habemus
3571 3983 3811 4031 vestram

2213 4061 2417 4117 diutius
2448 4061 2795 4117 clementiam
2818 4060 2992 4129 aﬁ‘ari,
3018 4070 3203 4134 utpote
3220 4062 3378 4132 cujus
3390 4064 3811 4135 jucundissima:

2210 4154 2491 4209 memoriae
2521 4156 2764 4211 suavitas
2792 4171 2858 4211 ex
2890 4155 3065 4226 primo
3084 4156 3412 4225 cognitionis
3439 4166 3647 4214 nostrae
3669 4166 3809 4213 tem-

2208 4238 2342 4318 pore
2392 4263 2422 4301 a
2467 4248 2643 4304 tabula
2697 4248 2879 4306 cordis
2926 4249 3096 4305 nostri
3135 4249 3283 4305 nullo
3326 4249 3619 4306 oblivionis
3664 4250 3809 4322 style

2207 4341 2383 4412 potuit
2406 4341 2630 4397 aboleri.
2662 4341 3115 4412 Congratulamur
3157 4357 3350 4413 nempe
3391 4342 3472 4397 sic
3514 4343 3807 4413 temporali

2206 4442 2407 4489 vestrm
2435 4434 2640 4505 gloriae,
2675 4443 2732 4488 ut
2758 4434 2937 4505 potius
2959 4442 3205 4505 optemus
3233 4448 3328 4489 vos
3353 4432 3531 4490 modis
3549 4434 3807 4490 omnibus

2210 4527 2386 4597 aptari
2438 4526 2756 4582 beatitudini
2808 4534 3104 4595 perpetuae.
3164 4522 3317 4591 Quod
3365 4534 3494 4580 tunc
3534 4524 3700 4597 digne
3742 4525 3808 4581 de

517 4630 726 4679 tantum
755 4623 905 4694 pacis
934 4621 1134 4678 ell'ulsit
1159 4623 1213 4678 in
1244 4624 1427 4680 terris.
1468 4623 1749 4693 Siquidem
1775 4620 1935 4691 hujus
1962 4621 2110 4678 salu-
2131 4606 2187 4668 1)
2212 4619 2367 4675 vobis
2392 4618 2511 4674 ﬁeri
2541 4626 2738 4687 potest,
2768 4617 2813 4672 si
2841 4616 3123 4688 dignitatis
3167 4624 3359 4672 vestra:
3396 4612 3633 4672 ofﬁcium
3679 4616 3807 4671 dili-

515 4716 691 4775 tiferte
716 4715 868 4789 pacis
898 4714 1100 4772 donum
1136 4729 1260 4770 cum
1302 4715 1571 4770 universis
1614 4729 1710 4785 spe
1750 4712 1817 4767 ad
1866 4728 2102 4783 superna

514 4812 862 4872 tendentibus
888 4810 1032 4867 votis
1052 4808 1310 4865 omnibus
1351 4808 1423 4863 sit
1467 4807 1854 4876 adoptandum,
1889 4806 2101 4876 specia-

512 4906 620 4964 lius
647 4916 829 4963 tameu
856 4902 1062 4961 Christi
1081 4898 1479 4967 sacerdotibus,
1505 4898 1800 4960 nonmodo
1821 4898 2102 4969 inquiren-

513 5000 665 5068 dum,
688 5015 875 5056 verum
896 4997 1053 5069 juxta
1079 4994 1384 5052 Psalmistte
1400 5007 1587 5050 vocem
1612 5008 1725 5065 prae
1746 4992 1998 5050 omnibus
2018 5001 2104 5049 est

513 5091 947 5163 persequendum
975 5108 989 5144 :
1016 5088 1256 5161 Inquit'e,
1287 5086 1484 5158 inquit,
1513 5101 1716 5158 pacem,
1754 5094 1802 5140 et
1830 5100 2103 5156 perseque-

514 5199 569 5239 re
595 5200 732 5239 eam.
762 5182 926 5254 Cujus
952 5183 1043 5256 .rei
1092 5197 1200 5237 non
1230 5179 1518 5236 immemor
1542 5178 1830 5251 Apostolus
1859 5177 1939 5233 ait
1964 5192 1980 5231 :
2005 5176 2103 5233 Pa-

515 5290 634 5330 cem
682 5284 740 5330 et
793 5274 1211 5332 sanctimoniam
1261 5270 1574 5339 sequimini,
1623 5272 1744 5328 sine
1804 5284 1910 5340 qua
1942 5282 2102 5324 nemo

2214 4721 2404 4783 genter
2426 4707 2709 4764 attenditis
2732 4725 2746 4775 ;
2771 4708 2815 4763 si
2840 4708 3053 4779 qualem
3072 4707 3381 4778 episcopum
3406 4716 3661 4778 oporteat
3683 4720 3806 4764 esse

2213 4799 2508 4879 apostolica
2558 4799 2814 4865 lectione,
2847 4799 2995 4870 vigili
3046 4797 3396 4854 meditatione
3442 4798 3803 4869 perquiritis;

2210 4894 2259 4950 si
2290 4894 2344 4949 iu
2374 4891 2599 4955 mundo,
2631 4891 2723 4961 qui
2764 4890 2820 4944 in
2868 4888 3105 4959 maligno
3150 4888 3360 4958 positus
3396 4895 3501 4953 est,
3557 4888 3807 4959 corporis

2210 4985 2343 5041 estis
2370 4982 2722 5047 necessitate,
2748 4981 2803 5035 in
2832 4972 3146 5036 etelestibus
3173 4986 3357 5034 autem
3402 4978 3805 5034 convcrsamini

2206 5080 2406 5137 mentis
2462 5073 2945 5145 contemplatione,
3007 5083 3065 5128 ut
3116 5071 3337 5142 possitis
3390 5071 3523 5126 illud
3557 5071 3805 5145 Apostoli
3888 5142 3897 5151 _

2204 5170 2544 5243 proclamare
2571 5183 2585 5220 :
2624 5163 2825 5220 Nostra
2854 5174 3027 5218 autem
3054 5163 3382 5217 conversatio
3407 5162 3463 5216 in
3492 5162 3639 5217 caelis
3658 5172 3756 5217 est.

2276 5264 2504 5335 Oportet
2534 5259 2699 5313 etiam
2729 5266 2788 5311 ut
2812 5257 3070 5312 talentum
3102 5255 3287 5326 Regia:
3330 5254 3722 5311 familiaritatis
3748 5256 3801 5310 in
