  <div class='ocr_page' id='page_1' title='image "/cluster/home/n/w/nwhite01/storage/ocr_20150623/142/hvd.32044015471808/586.png"; bbox 0 0 4024 5370; ppageno 0'>
   <div class='ocr_carea' id='block_1_1' title="bbox 251 327 391 399">
    <p class='ocr_par' dir='ltr' id='par_1_1' title="bbox 251 327 391 399">
     <span class='ocr_line' id='line_1_1' title="bbox 251 327 391 399; baseline -0.029 0"><span class='ocrx_word' id='word_1_1' title='bbox 251 327 391 399; x_wconf 67' lang='lat' dir='ltr'><strong>tibi</strong></span> 
     </span>
    </p>
   </div>
   <div class='ocr_carea' id='block_1_2' title="bbox 1674 325 2057 391">
    <p class='ocr_par' dir='ltr' id='par_1_2' title="bbox 1674 325 2057 391">
     <span class='ocr_line' id='line_1_2' title="bbox 1674 325 2057 391; baseline -0.008 0"><span class='ocrx_word' id='word_1_2' title='bbox 1674 325 2057 391; x_wconf 61' lang='lat' dir='ltr'><strong>EPISTOLE.</strong></span> 
     </span>
    </p>
   </div>
   <div class='ocr_carea' id='block_1_3' title="bbox 3354 330 3494 391">
    <p class='ocr_par' dir='ltr' id='par_1_3' title="bbox 3354 330 3494 391">
     <span class='ocr_line' id='line_1_3' title="bbox 3354 330 3494 391; baseline 0.007 -1"><span class='ocrx_word' id='word_1_3' title='bbox 3354 330 3494 391; x_wconf 67' lang='lat'><strong>“9!</strong></span> 
     </span>
    </p>
   </div>
   <div class='ocr_carea' id='block_1_4' title="bbox 247 439 3496 518">
    <p class='ocr_par' dir='ltr' id='par_1_4' title="bbox 247 439 3496 518">
     <span class='ocr_line' id='line_1_4' title="bbox 247 439 3496 518; baseline -0.003 -7"><span class='ocrx_word' id='word_1_4' title='bbox 247 445 565 511; x_wconf 85' lang='lat' dir='ltr'><strong>instantiam</strong></span> <span class='ocrx_word' id='word_1_5' title='bbox 585 452 747 506; x_wconf 88' lang='lat' dir='ltr'><strong>nocte</strong></span> <span class='ocrx_word' id='word_1_6' title='bbox 770 444 1082 505; x_wconf 75' lang='lat' dir='ltr'><strong>resumatis.</strong></span> <span class='ocrx_word' id='word_1_7' title='bbox 1108 443 1372 518; x_wconf 79' lang='lat' dir='ltr'><strong>itemque,</strong></span> <span class='ocrx_word' id='word_1_8' title='bbox 1396 442 1828 501; x_wconf 85' lang='lat' dir='ltr'><strong>redeuntemane</strong></span> <span class='ocrx_word' id='word_1_9' title='bbox 1850 444 1906 509; x_wconf 74' lang='grc' dir='ltr'><strong>Α</strong></span> <span class='ocrx_word' id='word_1_10' title='bbox 1927 456 1989 499; x_wconf 89' lang='lat' dir='ltr'><strong>se</strong></span> <span class='ocrx_word' id='word_1_11' title='bbox 2033 439 2182 499; x_wconf 90' lang='lat' dir='ltr'><strong>velut</strong></span> <span class='ocrx_word' id='word_1_12' title='bbox 2224 441 2501 514; x_wconf 86' lang='lat' dir='ltr'><strong>speculum</strong></span> <span class='ocrx_word' id='word_1_13' title='bbox 2534 440 2848 513; x_wconf 89' lang='lat' dir='ltr'><strong>lnspiciendl</strong></span> <span class='ocrx_word' id='word_1_14' title='bbox 2887 440 3136 501; x_wconf 87' lang='lat' dir='ltr'><strong>omnibus</strong></span> <span class='ocrx_word' id='word_1_15' title='bbox 3166 445 3394 515; x_wconf 60' lang='lat' dir='ltr'><strong>praebet,</strong></span> <span class='ocrx_word' id='word_1_16' title='bbox 3435 447 3496 506; x_wconf 84' lang='lat' dir='ltr'><strong>in</strong></span> 
     </span>
    </p>
   </div>
   <div class='ocr_carea' id='block_1_5' title="bbox 250 528 1819 611">
    <p class='ocr_par' dir='ltr' id='par_1_5' title="bbox 250 528 1819 611">
     <span class='ocr_line' id='line_1_5' title="bbox 250 528 1819 611; baseline -0.006 -11"><span class='ocrx_word' id='word_1_17' title='bbox 250 540 529 607; x_wconf 85' lang='lat' dir='ltr'><strong>diluculo,</strong></span> <span class='ocrx_word' id='word_1_18' title='bbox 593 539 909 611; x_wconf 74' lang='lat' dir='ltr'><strong>priusquam</strong></span> <span class='ocrx_word' id='word_1_19' title='bbox 964 537 1240 608; x_wconf 88' lang='lat' dir='ltr'><strong>quidpiam</strong></span> <span class='ocrx_word' id='word_1_20' title='bbox 1286 536 1468 607; x_wconf 91' lang='lat' dir='ltr'><strong>operis</strong></span> <span class='ocrx_word' id='word_1_21' title='bbox 1516 528 1819 607; x_wconf 78' lang='lat' dir='ltr'><strong>incipiatis,</strong></span> 
     </span>
    </p>
   </div>
   <div class='ocr_carea' id='block_1_6' title="bbox 249 624 1820 699">
    <p class='ocr_par' dir='ltr' id='par_1_6' title="bbox 249 624 1820 699">
     <span class='ocr_line' id='line_1_6' title="bbox 249 624 1820 699; baseline -0.005 -12"><span class='ocrx_word' id='word_1_22' title='bbox 249 630 473 687; x_wconf 90' lang='lat' dir='ltr'><strong>lectioni</strong></span> <span class='ocrx_word' id='word_1_23' title='bbox 504 628 700 685; x_wconf 67' lang='lat' dir='ltr'><strong>divinae</strong></span> <span class='ocrx_word' id='word_1_24' title='bbox 730 642 950 699; x_wconf 83' lang='lat' dir='ltr'><strong>operam</strong></span> <span class='ocrx_word' id='word_1_25' title='bbox 1001 628 1160 693; x_wconf 88' lang='lat' dir='ltr'><strong>detis,</strong></span> <span class='ocrx_word' id='word_1_26' title='bbox 1186 634 1453 697; x_wconf 90' lang='lat' dir='ltr'><strong>quatenus</strong></span> <span class='ocrx_word' id='word_1_27' title='bbox 1489 625 1595 691; x_wconf 90' lang='lat' dir='ltr'><strong>his,</strong></span> <span class='ocrx_word' id='word_1_28' title='bbox 1629 624 1820 680; x_wconf 91' lang='lat' dir='ltr'><strong>lectio—</strong></span> 
     </span>
    </p>
   </div>
   <div class='ocr_carea' id='block_1_7' title="bbox 249 710 1823 785">
    <p class='ocr_par' dir='ltr' id='par_1_7' title="bbox 249 710 1823 785">
     <span class='ocr_line' id='line_1_7' title="bbox 249 710 1823 785; baseline -0.006 -10"><span class='ocrx_word' id='word_1_29' title='bbox 249 720 339 775; x_wconf 86' lang='lat' dir='ltr'><strong>nis</strong></span> <span class='ocrx_word' id='word_1_30' title='bbox 365 717 616 773; x_wconf 81' lang='lat' dir='ltr'><strong>videlicet</strong></span> <span class='ocrx_word' id='word_1_31' title='bbox 636 716 691 771; x_wconf 90' lang='lat' dir='ltr'><strong>in</strong></span> <span class='ocrx_word' id='word_1_32' title='bbox 718 729 897 782; x_wconf 89' lang='lat' dir='ltr'><strong>mane,</strong></span> <span class='ocrx_word' id='word_1_33' title='bbox 928 715 1193 771; x_wconf 89' lang='lat' dir='ltr'><strong>orationis</strong></span> <span class='ocrx_word' id='word_1_34' title='bbox 1227 714 1282 769; x_wconf 90' lang='lat' dir='ltr'><strong>in</strong></span> <span class='ocrx_word' id='word_1_35' title='bbox 1309 727 1554 785; x_wconf 89' lang='lat' dir='ltr'><strong>vespere,</strong></span> <span class='ocrx_word' id='word_1_36' title='bbox 1585 710 1823 767; x_wconf 83' lang='lat' dir='ltr'><strong>vicissim</strong></span> 
     </span>
    </p>
   </div>
   <div class='ocr_carea' id='block_1_8' title="bbox 251 801 1825 876">
    <p class='ocr_par' dir='ltr' id='par_1_8' title="bbox 251 801 1825 876">
     <span class='ocr_line' id='line_1_8' title="bbox 251 801 1825 876; baseline -0.006 -11"><span class='ocrx_word' id='word_1_37' title='bbox 251 808 448 865; x_wconf 86' lang='lat' dir='ltr'><strong>studiis</strong></span> <span class='ocrx_word' id='word_1_38' title='bbox 470 804 775 873; x_wconf 84' lang='lat' dir='ltr'><strong>exercitati,</strong></span> <span class='ocrx_word' id='word_1_39' title='bbox 817 819 883 861; x_wconf 87' lang='lat' dir='ltr'><strong>ea</strong></span> <span class='ocrx_word' id='word_1_40' title='bbox 910 819 1030 876; x_wconf 64' lang='lat' dir='ltr'><strong>qua:</strong></span> <span class='ocrx_word' id='word_1_41' title='bbox 1057 806 1112 860; x_wconf 91' lang='lat' dir='ltr'><strong>in</strong></span> <span class='ocrx_word' id='word_1_42' title='bbox 1153 803 1333 860; x_wconf 91' lang='lat' dir='ltr'><strong>medio</strong></span> <span class='ocrx_word' id='word_1_43' title='bbox 1367 801 1661 859; x_wconf 89' lang='lat' dir='ltr'><strong>actualium</strong></span> <span class='ocrx_word' id='word_1_44' title='bbox 1696 815 1825 873; x_wconf 71' lang='grc' dir='ltr'><strong>ορθ-</strong></span> 
     </span>
    </p>
   </div>
   <div class='ocr_carea' id='block_1_9' title="bbox 250 893 1821 969">
    <p class='ocr_par' dir='ltr' id='par_1_9' title="bbox 250 893 1821 969">
     <span class='ocr_line' id='line_1_9' title="bbox 250 893 1821 969; baseline -0.004 -14"><span class='ocrx_word' id='word_1_45' title='bbox 250 913 373 955; x_wconf 89' lang='lat' dir='ltr'><strong>rum</strong></span> <span class='ocrx_word' id='word_1_46' title='bbox 398 903 613 969; x_wconf 77' lang='lat' dir='ltr'><strong>negotia</strong></span> <span class='ocrx_word' id='word_1_47' title='bbox 640 905 948 964; x_wconf 79' lang='lat' dir='ltr'><strong>versantur,</strong></span> <span class='ocrx_word' id='word_1_48' title='bbox 974 896 1031 953; x_wconf 91' lang='lat' dir='ltr'><strong>in</strong></span> <span class='ocrx_word' id='word_1_49' title='bbox 1058 896 1147 952; x_wconf 90' lang='lat' dir='ltr'><strong>die</strong></span> <span class='ocrx_word' id='word_1_50' title='bbox 1166 895 1393 967; x_wconf 90' lang='lat' dir='ltr'><strong>puriori,</strong></span> <span class='ocrx_word' id='word_1_51' title='bbox 1431 895 1626 951; x_wconf 90' lang='lat' dir='ltr'><strong>mentis</strong></span> <span class='ocrx_word' id='word_1_52' title='bbox 1645 893 1821 960; x_wconf 90' lang='lat' dir='ltr'><strong>oculo,</strong></span> 
     </span>
    </p>
   </div>
   <div class='ocr_carea' id='block_1_10' title="bbox 248 986 1340 1058">
    <p class='ocr_par' dir='ltr' id='par_1_10' title="bbox 248 986 1340 1058">
     <span class='ocr_line' id='line_1_10' title="bbox 248 986 1340 1058; baseline -0.001 -14"><span class='ocrx_word' id='word_1_53' title='bbox 248 987 466 1044; x_wconf 85' lang='lat' dir='ltr'><strong>Christo</strong></span> <span class='ocrx_word' id='word_1_54' title='bbox 493 986 730 1058; x_wconf 85' lang='lat' dir='ltr'><strong>auspice,</strong></span> <span class='ocrx_word' id='word_1_55' title='bbox 759 986 986 1045; x_wconf 79' lang='lat' dir='ltr'><strong>valeatis</strong></span> <span class='ocrx_word' id='word_1_56' title='bbox 1011 988 1340 1043; x_wconf 86' lang='lat' dir='ltr'><strong>discernere.</strong></span> 
     </span>
    </p>
   </div>
   <div class='ocr_carea' id='block_1_11' title="bbox 320 1074 1825 1148">
    <p class='ocr_par' dir='ltr' id='par_1_11' title="bbox 320 1074 1825 1148">
     <span class='ocr_line' id='line_1_11' title="bbox 320 1074 1825 1148; baseline -0.001 -17"><span class='ocrx_word' id='word_1_57' title='bbox 320 1078 394 1133; x_wconf 84' lang='lat' dir='ltr'><strong>At</strong></span> <span class='ocrx_word' id='word_1_58' title='bbox 419 1077 544 1148; x_wconf 86' lang='lat' dir='ltr'><strong>quia</strong></span> <span class='ocrx_word' id='word_1_59' title='bbox 577 1091 683 1133; x_wconf 91' lang='lat' dir='ltr'><strong>non</strong></span> <span class='ocrx_word' id='word_1_60' title='bbox 707 1084 793 1133; x_wconf 88' lang='lat' dir='ltr'><strong>est</strong></span> <span class='ocrx_word' id='word_1_61' title='bbox 818 1077 874 1133; x_wconf 91' lang='lat' dir='ltr'><strong>in</strong></span> <span class='ocrx_word' id='word_1_62' title='bbox 909 1078 1128 1134; x_wconf 82' lang='lat' dir='ltr'><strong>homine</strong></span> <span class='ocrx_word' id='word_1_63' title='bbox 1152 1076 1237 1131; x_wconf 90' lang='lat' dir='ltr'><strong>via</strong></span> <span class='ocrx_word' id='word_1_64' title='bbox 1261 1077 1398 1147; x_wconf 87' lang='lat' dir='ltr'><strong>eius,</strong></span> <span class='ocrx_word' id='word_1_65' title='bbox 1413 1075 1507 1132; x_wconf 92' lang='lat' dir='ltr'><strong>sed</strong></span> <span class='ocrx_word' id='word_1_66' title='bbox 1533 1090 1564 1131; x_wconf 90' lang='lat' dir='ltr'><strong>a</strong></span> <span class='ocrx_word' id='word_1_67' title='bbox 1597 1074 1825 1130; x_wconf 90' lang='lat' dir='ltr'><strong>Domino</strong></span> 
     </span>
    </p>
   </div>
   <div class='ocr_carea' id='block_1_12' title="bbox 252 1167 1827 1242">
    <p class='ocr_par' dir='ltr' id='par_1_12' title="bbox 252 1167 1827 1242">
     <span class='ocr_line' id='line_1_12' title="bbox 252 1167 1827 1242; baseline -0.003 -16"><span class='ocrx_word' id='word_1_68' title='bbox 252 1170 561 1242; x_wconf 89' lang='lat' dir='ltr'><strong>diriguntur</strong></span> <span class='ocrx_word' id='word_1_69' title='bbox 598 1184 815 1242; x_wconf 86' lang='lat' dir='ltr'><strong>gressus</strong></span> <span class='ocrx_word' id='word_1_70' title='bbox 852 1168 988 1239; x_wconf 83' lang='lat' dir='ltr'><strong>ejus,</strong></span> <span class='ocrx_word' id='word_1_71' title='bbox 1033 1169 1149 1241; x_wconf 89' lang='lat' dir='ltr'><strong>ipse</strong></span> <span class='ocrx_word' id='word_1_72' title='bbox 1176 1169 1394 1225; x_wconf 86' lang='lat' dir='ltr'><strong>assidua</strong></span> <span class='ocrx_word' id='word_1_73' title='bbox 1435 1182 1597 1239; x_wconf 86' lang='lat' dir='ltr'><strong>prece</strong></span> <span class='ocrx_word' id='word_1_74' title='bbox 1626 1167 1692 1223; x_wconf 89' lang='lat' dir='ltr'><strong>ad</strong></span> <span class='ocrx_word' id='word_1_75' title='bbox 1731 1180 1827 1223; x_wconf 91' lang='lat' dir='ltr'><strong>cor</strong></span> 
     </span>
    </p>
   </div>
   <div class='ocr_carea' id='block_1_13' title="bbox 252 1257 1828 1334">
    <p class='ocr_par' dir='ltr' id='par_1_13' title="bbox 252 1257 1828 1334">
     <span class='ocr_line' id='line_1_13' title="bbox 252 1257 1828 1334; baseline -0.004 -17"><span class='ocrx_word' id='word_1_76' title='bbox 252 1262 604 1334; x_wconf 90' lang='lat' dir='ltr'><strong>signandum,</strong></span> <span class='ocrx_word' id='word_1_77' title='bbox 637 1270 694 1317; x_wconf 90' lang='lat' dir='ltr'><strong>et</strong></span> <span class='ocrx_word' id='word_1_78' title='bbox 720 1262 789 1319; x_wconf 86' lang='lat' dir='ltr'><strong>ad</strong></span> <span class='ocrx_word' id='word_1_79' title='bbox 832 1275 1055 1333; x_wconf 89' lang='lat' dir='ltr'><strong>gressus</strong></span> <span class='ocrx_word' id='word_1_80' title='bbox 1091 1274 1317 1332; x_wconf 89' lang='lat' dir='ltr'><strong>operum</strong></span> <span class='ocrx_word' id='word_1_81' title='bbox 1366 1257 1705 1330; x_wconf 90' lang='lat' dir='ltr'><strong>dirigendum</strong></span> <span class='ocrx_word' id='word_1_82' title='bbox 1746 1264 1828 1313; x_wconf 88' lang='lat' dir='ltr'><strong>est</strong></span> 
     </span>
    </p>
   </div>
   <div class='ocr_carea' id='block_1_14' title="bbox 252 1351 1828 1424">
    <p class='ocr_par' dir='ltr' id='par_1_14' title="bbox 252 1351 1828 1424">
     <span class='ocr_line' id='line_1_14' title="bbox 252 1351 1828 1424; baseline -0.004 -14"><span class='ocrx_word' id='word_1_83' title='bbox 252 1353 586 1419; x_wconf 89' lang='lat' dir='ltr'><strong>invitandus,</strong></span> <span class='ocrx_word' id='word_1_84' title='bbox 612 1352 705 1424; x_wconf 89' lang='lat' dir='ltr'><strong>qui</strong></span> <span class='ocrx_word' id='word_1_85' title='bbox 734 1352 790 1408; x_wconf 94' lang='lat' dir='ltr'><strong>in</strong></span> <span class='ocrx_word' id='word_1_86' title='bbox 817 1351 1430 1409; x_wconf 87' lang='lat' dir='ltr'><strong>Canticis.Canticorum</strong></span> <span class='ocrx_word' id='word_1_87' title='bbox 1461 1364 1673 1421; x_wconf 67' lang='lat' dir='ltr'><strong>sponsae</strong></span> <span class='ocrx_word' id='word_1_88' title='bbox 1694 1363 1828 1415; x_wconf 66' lang='lat' dir='ltr'><strong>suae,</strong></span> 
     </span>
    </p>
   </div>
   <div class='ocr_carea' id='block_1_15' title="bbox 254 1443 1833 1517">
    <p class='ocr_par' dir='ltr' id='par_1_15' title="bbox 254 1443 1833 1517">
     <span class='ocr_line' id='line_1_15' title="bbox 254 1443 1833 1517; baseline -0.002 -16"><span class='ocrx_word' id='word_1_89' title='bbox 254 1456 457 1503; x_wconf 74' lang='lat' dir='ltr'><strong>sancta:</strong></span> <span class='ocrx_word' id='word_1_90' title='bbox 489 1445 738 1502; x_wconf 87' lang='lat' dir='ltr'><strong>videlicet</strong></span> <span class='ocrx_word' id='word_1_91' title='bbox 784 1446 997 1511; x_wconf 65' lang='lat' dir='ltr'><strong>animae,</strong></span> <span class='ocrx_word' id='word_1_92' title='bbox 1038 1445 1305 1502; x_wconf 88' lang='lat' dir='ltr'><strong>hortando</strong></span> <span class='ocrx_word' id='word_1_93' title='bbox 1342 1443 1596 1517; x_wconf 90' lang='lat' dir='ltr'><strong>dignatus</strong></span> <span class='ocrx_word' id='word_1_94' title='bbox 1638 1452 1722 1499; x_wconf 89' lang='lat' dir='ltr'><strong>est</strong></span> <span class='ocrx_word' id='word_1_95' title='bbox 1751 1443 1833 1499; x_wconf 90' lang='lat' dir='ltr'><strong>di-</strong></span> 
     </span>
    </p>
   </div>
   <div class='ocr_carea' id='block_1_16' title="bbox 253 1533 1832 1606">
    <p class='ocr_par' dir='ltr' id='par_1_16' title="bbox 253 1533 1832 1606">
     <span class='ocr_line' id='line_1_16' title="bbox 253 1533 1832 1606; baseline -0.004 -14"><span class='ocrx_word' id='word_1_96' title='bbox 253 1549 419 1592; x_wconf 84' lang='lat' dir='ltr'><strong>cere:</strong></span> <span class='ocrx_word' id='word_1_97' title='bbox 464 1533 611 1590; x_wconf 79' lang='lat' dir='ltr'><strong>Pone</strong></span> <span class='ocrx_word' id='word_1_98' title='bbox 656 1551 738 1590; x_wconf 84' lang='lat' dir='ltr'><strong>me</strong></span> <span class='ocrx_word' id='word_1_99' title='bbox 777 1544 834 1589; x_wconf 87' lang='lat' dir='ltr'><strong>ut</strong></span> <span class='ocrx_word' id='word_1_100' title='bbox 875 1534 1199 1606; x_wconf 73' lang='lat' dir='ltr'><strong>signaculum</strong></span> <span class='ocrx_word' id='word_1_101' title='bbox 1233 1548 1388 1605; x_wconf 86' lang='lat' dir='ltr'><strong>super</strong></span> <span class='ocrx_word' id='word_1_102' title='bbox 1436 1549 1527 1587; x_wconf 89' lang='lat' dir='ltr'><strong>cor</strong></span> <span class='ocrx_word' id='word_1_103' title='bbox 1558 1543 1726 1599; x_wconf 89' lang='lat' dir='ltr'><strong>tuum,</strong></span> <span class='ocrx_word' id='word_1_104' title='bbox 1773 1541 1832 1586; x_wconf 89' lang='lat' dir='ltr'><strong>ut</strong></span> 
     </span>
    </p>
   </div>
   <div class='ocr_carea' id='block_1_17' title="bbox 252 1623 1835 1697">
    <p class='ocr_par' dir='ltr' id='par_1_17' title="bbox 252 1623 1835 1697">
     <span class='ocr_line' id='line_1_17' title="bbox 252 1623 1835 1697; baseline -0.001 -18"><span class='ocrx_word' id='word_1_105' title='bbox 252 1624 583 1697; x_wconf 71' lang='lat' dir='ltr'><strong>signaculum</strong></span> <span class='ocrx_word' id='word_1_106' title='bbox 623 1639 780 1695; x_wconf 84' lang='lat' dir='ltr'><strong>super</strong></span> <span class='ocrx_word' id='word_1_107' title='bbox 817 1624 1087 1680; x_wconf 76' lang='lat' dir='ltr'><strong>brachium</strong></span> <span class='ocrx_word' id='word_1_108' title='bbox 1112 1634 1295 1691; x_wconf 81' lang='lat' dir='ltr'><strong>tuum,</strong></span> <span class='ocrx_word' id='word_1_109' title='bbox 1344 1631 1407 1679; x_wconf 87' lang='lat' dir='ltr'><strong>ut</strong></span> <span class='ocrx_word' id='word_1_110' title='bbox 1449 1623 1699 1679; x_wconf 78' lang='lat' dir='ltr'><strong>videlicet</strong></span> <span class='ocrx_word' id='word_1_111' title='bbox 1736 1638 1835 1694; x_wconf 88' lang='lat' dir='ltr'><strong>per</strong></span> 
     </span>
    </p>
   </div>
   <div class='ocr_carea' id='block_1_18' title="bbox 1923 531 3495 605">
    <p class='ocr_par' dir='ltr' id='par_1_18' title="bbox 1923 531 3495 605">
     <span class='ocr_line' id='line_1_18' title="bbox 1923 531 3495 605; baseline 0.005 -19"><span class='ocrx_word' id='word_1_112' title='bbox 1923 546 2029 602; x_wconf 88' lang='lat' dir='ltr'><strong>qua</strong></span> <span class='ocrx_word' id='word_1_113' title='bbox 2070 532 2205 588; x_wconf 87' lang='lat' dir='ltr'><strong>ﬁdes</strong></span> <span class='ocrx_word' id='word_1_114' title='bbox 2240 532 2670 602; x_wconf 88' lang='lat' dir='ltr'><strong>patriarcharum</strong></span> <span class='ocrx_word' id='word_1_115' title='bbox 2700 531 2887 604; x_wconf 91' lang='lat' dir='ltr'><strong>fulget,</strong></span> <span class='ocrx_word' id='word_1_116' title='bbox 2936 546 3059 602; x_wconf 85' lang='lat' dir='ltr'><strong>spes</strong></span> <span class='ocrx_word' id='word_1_117' title='bbox 3108 535 3495 605; x_wconf 84' lang='lat' dir='ltr'><strong>prophetarum</strong></span> 
     </span>
    </p>
   </div>
   <div class='ocr_carea' id='block_1_19' title="bbox 1922 620 3495 694">
    <p class='ocr_par' dir='ltr' id='par_1_19' title="bbox 1922 620 3495 694">
     <span class='ocr_line' id='line_1_19' title="bbox 1922 620 3495 694; baseline 0.002 -18"><span class='ocrx_word' id='word_1_118' title='bbox 1922 620 2189 691; x_wconf 79' lang='lat' dir='ltr'><strong>Splendet,</strong></span> <span class='ocrx_word' id='word_1_119' title='bbox 2221 621 2459 678; x_wconf 88' lang='lat' dir='ltr'><strong>charitas</strong></span> <span class='ocrx_word' id='word_1_120' title='bbox 2484 620 2846 691; x_wconf 88' lang='lat' dir='ltr'><strong>apostolorum</strong></span> <span class='ocrx_word' id='word_1_121' title='bbox 2869 622 3273 692; x_wconf 86' lang='lat' dir='ltr'><strong>supereminens</strong></span> <span class='ocrx_word' id='word_1_122' title='bbox 3306 622 3495 694; x_wconf 81' lang='lat' dir='ltr'><strong>pollet,</strong></span> 
     </span>
    </p>
   </div>
   <div class='ocr_carea' id='block_1_20' title="bbox 1923 712 3494 783">
    <p class='ocr_par' dir='ltr' id='par_1_20' title="bbox 1923 712 3494 783">
     <span class='ocr_line' id='line_1_20' title="bbox 1923 712 3494 783; baseline 0.001 -14"><span class='ocrx_word' id='word_1_123' title='bbox 1923 728 1987 769; x_wconf 90' lang='lat' dir='ltr'><strong>ac</strong></span> <span class='ocrx_word' id='word_1_124' title='bbox 2007 726 2105 783; x_wconf 91' lang='lat' dir='ltr'><strong>per</strong></span> <span class='ocrx_word' id='word_1_125' title='bbox 2129 713 2233 768; x_wconf 91' lang='lat' dir='ltr'><strong>hoc</strong></span> <span class='ocrx_word' id='word_1_126' title='bbox 2257 712 2369 768; x_wconf 87' lang='lat' dir='ltr'><strong>Deo</strong></span> <span class='ocrx_word' id='word_1_127' title='bbox 2392 713 2683 769; x_wconf 80' lang='lat' dir='ltr'><strong>auxiliante</strong></span> <span class='ocrx_word' id='word_1_128' title='bbox 2706 728 2829 769; x_wconf 89' lang='lat' dir='ltr'><strong>cum</strong></span> <span class='ocrx_word' id='word_1_129' title='bbox 2858 712 3029 769; x_wconf 88' lang='lat' dir='ltr'><strong>David</strong></span> <span class='ocrx_word' id='word_1_130' title='bbox 3062 712 3278 771; x_wconf 84' lang='lat' dir='ltr'><strong>fortiter</strong></span> <span class='ocrx_word' id='word_1_131' title='bbox 3317 713 3494 771; x_wconf 85' lang='lat' dir='ltr'><strong>vindi-</strong></span> 
     </span>
    </p>
   </div>
   <div class='ocr_carea' id='block_1_21' title="bbox 1924 803 3499 876">
    <p class='ocr_par' dir='ltr' id='par_1_21' title="bbox 1924 803 3499 876">
     <span class='ocr_line' id='line_1_21' title="bbox 1924 803 3499 876; baseline 0.002 -16"><span class='ocrx_word' id='word_1_132' title='bbox 1924 804 2063 860; x_wconf 87' lang='lat' dir='ltr'><strong>catis</strong></span> <span class='ocrx_word' id='word_1_133' title='bbox 2114 818 2299 873; x_wconf 89' lang='lat' dir='ltr'><strong>regna,</strong></span> <span class='ocrx_word' id='word_1_134' title='bbox 2350 812 2565 860; x_wconf 90' lang='lat' dir='ltr'><strong>etcum</strong></span> <span class='ocrx_word' id='word_1_135' title='bbox 2609 803 2895 862; x_wconf 91' lang='lat' dir='ltr'><strong>Salomone</strong></span> <span class='ocrx_word' id='word_1_136' title='bbox 2940 804 3164 875; x_wconf 87' lang='lat' dir='ltr'><strong>paciﬁce</strong></span> <span class='ocrx_word' id='word_1_137' title='bbox 3188 804 3499 876; x_wconf 76' lang='lat' dir='ltr'><strong>gubernatis</strong></span> 
     </span>
    </p>
   </div>
   <div class='ocr_carea' id='block_1_22' title="bbox 1924 892 3499 965">
    <p class='ocr_par' dir='ltr' id='par_1_22' title="bbox 1924 892 3499 965">
     <span class='ocr_line' id='line_1_22' title="bbox 1924 892 3499 965; baseline 0.003 -18"><span class='ocrx_word' id='word_1_138' title='bbox 1924 892 2171 963; x_wconf 87' lang='lat' dir='ltr'><strong>imperia.</strong></span> <span class='ocrx_word' id='word_1_139' title='bbox 2223 893 2374 961; x_wconf 87' lang='lat' dir='ltr'><strong>Quod</strong></span> <span class='ocrx_word' id='word_1_140' title='bbox 2425 894 2493 961; x_wconf 89' lang='lat' dir='ltr'><strong>si,</strong></span> <span class='ocrx_word' id='word_1_141' title='bbox 2526 893 2702 950; x_wconf 88' lang='lat' dir='ltr'><strong>adhuc</strong></span> <span class='ocrx_word' id='word_1_142' title='bbox 2743 895 2800 950; x_wconf 91' lang='lat' dir='ltr'><strong>in</strong></span> <span class='ocrx_word' id='word_1_143' title='bbox 2823 894 3106 965; x_wconf 70' lang='lat' dir='ltr'><strong>praesentis</strong></span> <span class='ocrx_word' id='word_1_144' title='bbox 3154 893 3335 950; x_wconf 62' lang='lat' dir='ltr'><strong>seaculi</strong></span> <span class='ocrx_word' id='word_1_145' title='bbox 3383 896 3499 952; x_wconf 87' lang='lat' dir='ltr'><strong>salo</strong></span> 
     </span>
    </p>
   </div>
   <div class='ocr_carea' id='block_1_23' title="bbox 1924 982 3498 1055">
    <p class='ocr_par' dir='ltr' id='par_1_23' title="bbox 1924 982 3498 1055">
     <span class='ocr_line' id='line_1_23' title="bbox 1924 982 3498 1055; baseline 0.003 -17"><span class='ocrx_word' id='word_1_146' title='bbox 1924 982 2267 1052; x_wconf 85' lang='lat' dir='ltr'><strong>fluctuantes,</strong></span> <span class='ocrx_word' id='word_1_147' title='bbox 2310 984 2492 1041; x_wconf 90' lang='lat' dir='ltr'><strong>varios</strong></span> <span class='ocrx_word' id='word_1_148' title='bbox 2535 985 2799 1044; x_wconf 87' lang='lat' dir='ltr'><strong>bellorum</strong></span> <span class='ocrx_word' id='word_1_149' title='bbox 2829 993 3055 1042; x_wconf 83' lang='lat' dir='ltr'><strong>eventus</strong></span> <span class='ocrx_word' id='word_1_150' title='bbox 3099 985 3400 1055; x_wconf 89' lang='lat' dir='ltr'><strong>sustinetis,</strong></span> <span class='ocrx_word' id='word_1_151' title='bbox 3444 995 3498 1043; x_wconf 92' lang='lat' dir='ltr'><strong>et</strong></span> 
     </span>
    </p>
   </div>
   <div class='ocr_carea' id='block_1_24' title="bbox 1920 1072 3503 1146">
    <p class='ocr_par' dir='ltr' id='par_1_24' title="bbox 1920 1072 3503 1146">
     <span class='ocr_line' id='line_1_24' title="bbox 1920 1072 3503 1146; baseline 0.003 -18"><span class='ocrx_word' id='word_1_152' title='bbox 1920 1072 2073 1144; x_wconf 76' lang='lat' dir='ltr'><strong>iuxta</strong></span> <span class='ocrx_word' id='word_1_153' title='bbox 2107 1074 2235 1131; x_wconf 90' lang='lat' dir='ltr'><strong>illud</strong></span> <span class='ocrx_word' id='word_1_154' title='bbox 2261 1073 2429 1131; x_wconf 82' lang='lat' dir='ltr'><strong>Jacoh</strong></span> <span class='ocrx_word' id='word_1_155' title='bbox 2457 1075 2780 1145; x_wconf 67' lang='lat' dir='ltr'><strong>patriarcha:</strong></span> <span class='ocrx_word' id='word_1_156' title='bbox 2816 1076 3103 1132; x_wconf 87' lang='lat' dir='ltr'><strong>videantur</strong></span> <span class='ocrx_word' id='word_1_157' title='bbox 3144 1090 3239 1132; x_wconf 81' lang='lat' dir='ltr'><strong>vos</strong></span> <span class='ocrx_word' id='word_1_158' title='bbox 3280 1090 3503 1146; x_wconf 81' lang='lat' dir='ltr'><strong>exaspe-</strong></span> 
     </span>
    </p>
   </div>
   <div class='ocr_carea' id='block_1_25' title="bbox 1928 1164 3497 1238">
    <p class='ocr_par' dir='ltr' id='par_1_25' title="bbox 1928 1164 3497 1238">
     <span class='ocr_line' id='line_1_25' title="bbox 1928 1164 3497 1238; baseline 0.002 -19"><span class='ocrx_word' id='word_1_159' title='bbox 1928 1180 2050 1219; x_wconf 77' lang='lat' dir='ltr'><strong>rare</strong></span> <span class='ocrx_word' id='word_1_160' title='bbox 2107 1173 2163 1220; x_wconf 93' lang='lat' dir='ltr'><strong>et</strong></span> <span class='ocrx_word' id='word_1_161' title='bbox 2215 1164 2460 1235; x_wconf 88' lang='lat' dir='ltr'><strong>iurgari,</strong></span> <span class='ocrx_word' id='word_1_162' title='bbox 2524 1165 2906 1235; x_wconf 89' lang='lat' dir='ltr'><strong>invideantque</strong></span> <span class='ocrx_word' id='word_1_163' title='bbox 2963 1166 3223 1221; x_wconf 85' lang='lat' dir='ltr'><strong>habentes</strong></span> <span class='ocrx_word' id='word_1_164' title='bbox 3280 1166 3497 1238; x_wconf 88' lang='lat' dir='ltr'><strong>iacula,</strong></span> 
     </span>
    </p>
   </div>
   <div class='ocr_carea' id='block_1_26' title="bbox 1918 1253 3506 1329">
    <p class='ocr_par' dir='ltr' id='par_1_26' title="bbox 1918 1253 3506 1329">
     <span class='ocr_line' id='line_1_26' title="bbox 1918 1253 3506 1329; baseline 0.004 -22"><span class='ocrx_word' id='word_1_165' title='bbox 1918 1255 2144 1309; x_wconf 80' lang='lat' dir='ltr'><strong>venient</strong></span> <span class='ocrx_word' id='word_1_166' title='bbox 2193 1264 2374 1311; x_wconf 85' lang='lat' dir='ltr'><strong>autem</strong></span> <span class='ocrx_word' id='word_1_167' title='bbox 2402 1255 2518 1311; x_wconf 89' lang='lat' dir='ltr'><strong>dies</strong></span> <span class='ocrx_word' id='word_1_168' title='bbox 2560 1255 2615 1310; x_wconf 93' lang='lat' dir='ltr'><strong>in</strong></span> <span class='ocrx_word' id='word_1_169' title='bbox 2671 1255 2887 1325; x_wconf 86' lang='lat' dir='ltr'><strong>quibus,</strong></span> <span class='ocrx_word' id='word_1_170' title='bbox 2940 1253 3097 1323; x_wconf 78' lang='lat' dir='ltr'><strong>iuxta</strong></span> <span class='ocrx_word' id='word_1_171' title='bbox 3130 1257 3377 1313; x_wconf 89' lang='lat' dir='ltr'><strong>eumdem</strong></span> <span class='ocrx_word' id='word_1_172' title='bbox 3414 1272 3506 1329; x_wconf 81' lang='lat' dir='ltr'><strong>pa-</strong></span> 
     </span>
    </p>
   </div>
   <div class='ocr_carea' id='block_1_27' title="bbox 1930 1343 3505 1416">
    <p class='ocr_par' dir='ltr' id='par_1_27' title="bbox 1930 1343 3505 1416">
     <span class='ocr_line' id='line_1_27' title="bbox 1930 1343 3505 1416; baseline 0.001 -17"><span class='ocrx_word' id='word_1_173' title='bbox 1930 1344 2244 1412; x_wconf 88' lang='lat' dir='ltr'><strong>triarcham,</strong></span> <span class='ocrx_word' id='word_1_174' title='bbox 2273 1345 2463 1401; x_wconf 81' lang='lat' dir='ltr'><strong>sedebit</strong></span> <span class='ocrx_word' id='word_1_175' title='bbox 2490 1346 2543 1400; x_wconf 87' lang='lat' dir='ltr'><strong>in</strong></span> <span class='ocrx_word' id='word_1_176' title='bbox 2563 1345 2708 1416; x_wconf 79' lang='lat' dir='ltr'><strong>forti,</strong></span> <span class='ocrx_word' id='word_1_177' title='bbox 2744 1344 2796 1401; x_wconf 92' lang='lat' dir='ltr'><strong>id</strong></span> <span class='ocrx_word' id='word_1_178' title='bbox 2813 1352 2897 1400; x_wconf 90' lang='lat' dir='ltr'><strong>est</strong></span> <span class='ocrx_word' id='word_1_179' title='bbox 2923 1343 2977 1399; x_wconf 93' lang='lat' dir='ltr'><strong>in</strong></span> <span class='ocrx_word' id='word_1_180' title='bbox 2991 1344 3121 1412; x_wconf 87' lang='lat' dir='ltr'><strong>Deo,</strong></span> <span class='ocrx_word' id='word_1_181' title='bbox 3136 1362 3289 1400; x_wconf 88' lang='lat' dir='ltr'><strong>arcus</strong></span> <span class='ocrx_word' id='word_1_182' title='bbox 3302 1356 3505 1414; x_wconf 86' lang='lat' dir='ltr'><strong>vester,</strong></span> 
     </span>
    </p>
   </div>
   <div class='ocr_carea' id='block_1_28' title="bbox 1928 1433 3507 1491">
    <p class='ocr_par' dir='ltr' id='par_1_28' title="bbox 1928 1433 3507 1491">
     <span class='ocr_line' id='line_1_28' title="bbox 1928 1433 3507 1491; baseline 0.002 -3"><span class='ocrx_word' id='word_1_183' title='bbox 1928 1442 1977 1488; x_wconf 86' lang='lat' dir='ltr'><strong>et</strong></span> <span class='ocrx_word' id='word_1_184' title='bbox 2026 1434 2282 1489; x_wconf 85' lang='lat' dir='ltr'><strong>dissoluta</strong></span> <span class='ocrx_word' id='word_1_185' title='bbox 2328 1442 2489 1490; x_wconf 87' lang='lat' dir='ltr'><strong>erunt</strong></span> <span class='ocrx_word' id='word_1_186' title='bbox 2538 1433 2743 1489; x_wconf 80' lang='lat' dir='ltr'><strong>uincula</strong></span> <span class='ocrx_word' id='word_1_187' title='bbox 2790 1433 3117 1489; x_wconf 76' lang='lat' dir='ltr'><strong>brachiorum</strong></span> <span class='ocrx_word' id='word_1_188' title='bbox 3160 1443 3209 1489; x_wconf 87' lang='lat' dir='ltr'><strong>et</strong></span> <span class='ocrx_word' id='word_1_189' title='bbox 3254 1451 3507 1491; x_wconf 85' lang='lat' dir='ltr'><strong>manuum</strong></span> 
     </span>
    </p>
   </div>
   <div class='ocr_carea' id='block_1_29' title="bbox 1932 1523 3510 1599">
    <p class='ocr_par' dir='ltr' id='par_1_29' title="bbox 1932 1523 3510 1599">
     <span class='ocr_line' id='line_1_29' title="bbox 1932 1523 3510 1599; baseline 0.003 -20"><span class='ocrx_word' id='word_1_190' title='bbox 1932 1523 2145 1580; x_wconf 88' lang='lat' dir='ltr'><strong>illorum</strong></span> <span class='ocrx_word' id='word_1_191' title='bbox 2177 1541 2269 1596; x_wconf 86' lang='lat' dir='ltr'><strong>per</strong></span> <span class='ocrx_word' id='word_1_192' title='bbox 2295 1541 2483 1581; x_wconf 89' lang='lat' dir='ltr'><strong>manus</strong></span> <span class='ocrx_word' id='word_1_193' title='bbox 2508 1534 2738 1597; x_wconf 88' lang='lat' dir='ltr'><strong>potentes</strong></span> <span class='ocrx_word' id='word_1_194' title='bbox 2762 1525 2950 1581; x_wconf 74' lang='lat' dir='ltr'><strong>Iacob.</strong></span> <span class='ocrx_word' id='word_1_195' title='bbox 2979 1524 3115 1594; x_wconf 84' lang='lat' dir='ltr'><strong>Quia</strong></span> <span class='ocrx_word' id='word_1_196' title='bbox 3135 1528 3384 1598; x_wconf 89' lang='lat' dir='ltr'><strong>quamvis</strong></span> <span class='ocrx_word' id='word_1_197' title='bbox 3410 1541 3510 1599; x_wconf 90' lang='lat' dir='ltr'><strong>per</strong></span> 
     </span>
    </p>
   </div>
   <div class='ocr_carea' id='block_1_30' title="bbox 1933 1615 3513 1687">
    <p class='ocr_par' dir='ltr' id='par_1_30' title="bbox 1933 1615 3513 1687">
     <span class='ocr_line' id='line_1_30' title="bbox 1933 1615 3513 1687; baseline 0.001 -15"><span class='ocrx_word' id='word_1_198' title='bbox 1933 1616 2082 1672; x_wconf 89' lang='lat' dir='ltr'><strong>orbis</strong></span> <span class='ocrx_word' id='word_1_199' title='bbox 2140 1624 2410 1672; x_wconf 89' lang='lat' dir='ltr'><strong>terrarum</strong></span> <span class='ocrx_word' id='word_1_200' title='bbox 2461 1617 2636 1687; x_wconf 89' lang='lat' dir='ltr'><strong>spatia</strong></span> <span class='ocrx_word' id='word_1_201' title='bbox 2685 1615 2799 1686; x_wconf 90' lang='lat' dir='ltr'><strong>iam</strong></span> <span class='ocrx_word' id='word_1_202' title='bbox 2858 1630 3003 1672; x_wconf 87' lang='lat' dir='ltr'><strong>nunc</strong></span> <span class='ocrx_word' id='word_1_203' title='bbox 3044 1617 3302 1687; x_wconf 89' lang='lat' dir='ltr'><strong>triumphi</strong></span> <span class='ocrx_word' id='word_1_204' title='bbox 3343 1618 3513 1675; x_wconf 81' lang='lat' dir='ltr'><strong>vestri</strong></span> 
     </span>
    </p>
   </div>
   <div class='ocr_carea' id='block_1_31' title="bbox 255 1708 3515 1785">
    <p class='ocr_par' dir='ltr' id='par_1_31' title="bbox 255 1708 3515 1785">
     <span class='ocr_line' id='line_1_31' title="bbox 255 1708 3515 1785; baseline -0 -15"><span class='ocrx_word' id='word_1_205' title='bbox 255 1715 437 1771; x_wconf 88' lang='lat' dir='ltr'><strong>cordis</strong></span> <span class='ocrx_word' id='word_1_206' title='bbox 468 1714 844 1784; x_wconf 85' lang='lat' dir='ltr'><strong>cogitationem</strong></span> <span class='ocrx_word' id='word_1_207' title='bbox 875 1714 1021 1771; x_wconf 88' lang='lat' dir='ltr'><strong>intus</strong></span> <span class='ocrx_word' id='word_1_208' title='bbox 1046 1715 1119 1772; x_wconf 88' lang='lat' dir='ltr'><strong>sit</strong></span> <span class='ocrx_word' id='word_1_209' title='bbox 1141 1714 1381 1770; x_wconf 88' lang='lat' dir='ltr'><strong>charitas</strong></span> <span class='ocrx_word' id='word_1_210' title='bbox 1414 1712 1483 1768; x_wconf 89' lang='lat' dir='ltr'><strong>de</strong></span> <span class='ocrx_word' id='word_1_211' title='bbox 1509 1714 1674 1770; x_wconf 89' lang='lat' dir='ltr'><strong>corde</strong></span> <span class='ocrx_word' id='word_1_212' title='bbox 1698 1728 1835 1785; x_wconf 93' lang='lat' dir='ltr'><strong>puro</strong></span> <span class='ocrx_word' id='word_1_213' title='bbox 1936 1708 2136 1779; x_wconf 80' lang='lat' dir='ltr'><strong>ubique</strong></span> <span class='ocrx_word' id='word_1_214' title='bbox 2176 1708 2498 1780; x_wconf 62' lang='lat' dir='ltr'><strong>praedicetur</strong></span> <span class='ocrx_word' id='word_1_215' title='bbox 2522 1708 2767 1775; x_wconf 80' lang='lat' dir='ltr'><strong>Victoria,</strong></span> <span class='ocrx_word' id='word_1_216' title='bbox 2798 1716 3038 1765; x_wconf 80' lang='lat' dir='ltr'><strong>attamen</strong></span> <span class='ocrx_word' id='word_1_217' title='bbox 3078 1709 3331 1781; x_wconf 70' lang='lat' dir='ltr'><strong>perfecta:</strong></span> <span class='ocrx_word' id='word_1_218' title='bbox 3362 1711 3515 1782; x_wconf 80' lang='lat' dir='ltr'><strong>pacis</strong></span> 
     </span>
    </p>
   </div>
   <div class='ocr_carea' id='block_1_32' title="bbox 254 1789 3515 1875">
    <p class='ocr_par' dir='ltr' id='par_1_32' title="bbox 254 1789 3515 1875">
     <span class='ocr_line' id='line_1_32' title="bbox 254 1789 3515 1875; baseline 0.001 -16"><span class='ocrx_word' id='word_1_219' title='bbox 254 1813 313 1859; x_wconf 81' lang='lat' dir='ltr'><strong>et</strong></span> <span class='ocrx_word' id='word_1_220' title='bbox 344 1804 674 1861; x_wconf 85' lang='lat' dir='ltr'><strong>conscientia</strong></span> <span class='ocrx_word' id='word_1_221' title='bbox 699 1804 841 1861; x_wconf 90' lang='lat' dir='ltr'><strong>bona</strong></span> <span class='ocrx_word' id='word_1_222' title='bbox 877 1812 933 1860; x_wconf 90' lang='lat' dir='ltr'><strong>et</strong></span> <span class='ocrx_word' id='word_1_223' title='bbox 961 1802 1068 1860; x_wconf 89' lang='lat' dir='ltr'><strong>ﬁde</strong></span> <span class='ocrx_word' id='word_1_224' title='bbox 1100 1819 1209 1859; x_wconf 93' lang='lat' dir='ltr'><strong>non</strong></span> <span class='ocrx_word' id='word_1_225' title='bbox 1231 1802 1379 1868; x_wconf 88' lang='lat' dir='ltr'><strong>ﬁcta,</strong></span> <span class='ocrx_word' id='word_1_226' title='bbox 1405 1811 1461 1857; x_wconf 90' lang='lat' dir='ltr'><strong>et</strong></span> <span class='ocrx_word' id='word_1_227' title='bbox 1483 1799 1617 1858; x_wconf 89' lang='lat' dir='ltr'><strong>foris</strong></span> <span class='ocrx_word' id='word_1_228' title='bbox 1641 1804 1830 1859; x_wconf 86' lang='lat' dir='ltr'><strong>eadem</strong></span> <span class='ocrx_word' id='word_1_229' title='bbox 1861 1789 1907 1850; x_wconf 85' lang='grc' dir='ltr'><strong>Β</strong></span> <span class='ocrx_word' id='word_1_230' title='bbox 1934 1802 2077 1859; x_wconf 91' lang='lat' dir='ltr'><strong>dono</strong></span> <span class='ocrx_word' id='word_1_231' title='bbox 2122 1803 2342 1859; x_wconf 90' lang='lat' dir='ltr'><strong>uberius</strong></span> <span class='ocrx_word' id='word_1_232' title='bbox 2387 1802 2654 1860; x_wconf 84' lang='lat' dir='ltr'><strong>habebitis</strong></span> <span class='ocrx_word' id='word_1_233' title='bbox 2690 1803 2915 1874; x_wconf 78' lang='lat' dir='ltr'><strong>perfrui,</strong></span> <span class='ocrx_word' id='word_1_234' title='bbox 2958 1802 3176 1875; x_wconf 90' lang='lat' dir='ltr'><strong>quando</strong></span> <span class='ocrx_word' id='word_1_235' title='bbox 3213 1803 3515 1875; x_wconf 87' lang='lat' dir='ltr'><strong>subiugatis</strong></span> 
     </span>
    </p>
   </div>
   <div class='ocr_carea' id='block_1_33' title="bbox 253 1894 1833 1966">
    <p class='ocr_par' dir='ltr' id='par_1_33' title="bbox 253 1894 1833 1966">
     <span class='ocr_line' id='line_1_33' title="bbox 253 1894 1833 1966; baseline 0 -15"><span class='ocrx_word' id='word_1_236' title='bbox 253 1895 440 1951; x_wconf 90' lang='lat' dir='ltr'><strong>cordis</strong></span> <span class='ocrx_word' id='word_1_237' title='bbox 493 1895 705 1951; x_wconf 89' lang='lat' dir='ltr'><strong>devotio</strong></span> <span class='ocrx_word' id='word_1_238' title='bbox 746 1903 1079 1951; x_wconf 85' lang='lat' dir='ltr'><strong>monstretur</strong></span> <span class='ocrx_word' id='word_1_239' title='bbox 1119 1894 1172 1950; x_wconf 92' lang='lat' dir='ltr'><strong>in</strong></span> <span class='ocrx_word' id='word_1_240' title='bbox 1214 1896 1585 1966; x_wconf 79' lang='lat' dir='ltr'><strong>proximorum</strong></span> <span class='ocrx_word' id='word_1_241' title='bbox 1632 1895 1833 1952; x_wconf 88' lang='lat' dir='ltr'><strong>conde-</strong></span> 
     </span>
    </p>
   </div>
   <div class='ocr_carea' id='block_1_34' title="bbox 256 1985 1833 2057">
    <p class='ocr_par' dir='ltr' id='par_1_34' title="bbox 256 1985 1833 2057">
     <span class='ocr_line' id='line_1_34' title="bbox 256 1985 1833 2057; baseline 0.001 -15"><span class='ocrx_word' id='word_1_242' title='bbox 256 1985 549 2042; x_wconf 85' lang='lat' dir='ltr'><strong>scensione</strong></span> <span class='ocrx_word' id='word_1_243' title='bbox 570 2000 668 2057; x_wconf 87' lang='lat' dir='ltr'><strong>per</strong></span> <span class='ocrx_word' id='word_1_244' title='bbox 690 1985 888 2041; x_wconf 86' lang='lat' dir='ltr'><strong>bonam</strong></span> <span class='ocrx_word' id='word_1_245' title='bbox 912 1986 1311 2053; x_wconf 87' lang='lat' dir='ltr'><strong>operationem,</strong></span> <span class='ocrx_word' id='word_1_246' title='bbox 1343 1995 1403 2041; x_wconf 86' lang='lat' dir='ltr'><strong>ut</strong></span> <span class='ocrx_word' id='word_1_247' title='bbox 1431 2002 1498 2044; x_wconf 80' lang='lat' dir='ltr'><strong>ex</strong></span> <span class='ocrx_word' id='word_1_248' title='bbox 1523 1986 1679 2043; x_wconf 89' lang='lat' dir='ltr'><strong>bonis</strong></span> <span class='ocrx_word' id='word_1_249' title='bbox 1703 2000 1833 2057; x_wconf 86' lang='lat' dir='ltr'><strong>ope-</strong></span> 
     </span>
    </p>
   </div>
   <div class='ocr_carea' id='block_1_35' title="bbox 259 2073 1838 2146">
    <p class='ocr_par' dir='ltr' id='par_1_35' title="bbox 259 2073 1838 2146">
     <span class='ocr_line' id='line_1_35' title="bbox 259 2073 1838 2146; baseline 0.001 -16"><span class='ocrx_word' id='word_1_250' title='bbox 259 2073 414 2130; x_wconf 87' lang='lat' dir='ltr'><strong>ribus</strong></span> <span class='ocrx_word' id='word_1_251' title='bbox 437 2089 534 2131; x_wconf 89' lang='lat' dir='ltr'><strong>vos</strong></span> <span class='ocrx_word' id='word_1_252' title='bbox 559 2073 967 2131; x_wconf 86' lang='lat' dir='ltr'><strong>considerantes</strong></span> <span class='ocrx_word' id='word_1_253' title='bbox 994 2074 1301 2146; x_wconf 89' lang='lat' dir='ltr'><strong>gloriﬁcent</strong></span> <span class='ocrx_word' id='word_1_254' title='bbox 1340 2074 1561 2132; x_wconf 82' lang='lat' dir='ltr'><strong>Patrem</strong></span> <span class='ocrx_word' id='word_1_255' title='bbox 1599 2086 1838 2133; x_wconf 89' lang='lat' dir='ltr'><strong>vestrum</strong></span> 
     </span>
    </p>
   </div>
   <div class='ocr_carea' id='block_1_36' title="bbox 257 2162 534 2222">
    <p class='ocr_par' dir='ltr' id='par_1_36' title="bbox 257 2162 534 2222">
     <span class='ocr_line' id='line_1_36' title="bbox 257 2162 534 2222; baseline 0.004 -3"><span class='ocrx_word' id='word_1_256' title='bbox 257 2162 319 2219; x_wconf 89' lang='lat' dir='ltr'><strong>in</strong></span> <span class='ocrx_word' id='word_1_257' title='bbox 356 2163 534 2222; x_wconf 76' lang='lat' dir='ltr'><strong>cmlis.</strong></span> 
     </span>
    </p>
   </div>
   <div class='ocr_carea' id='block_1_37' title="bbox 330 2253 1839 2327">
    <p class='ocr_par' dir='ltr' id='par_1_37' title="bbox 330 2253 1839 2327">
     <span class='ocr_line' id='line_1_37' title="bbox 330 2253 1839 2327; baseline 0.001 -18"><span class='ocrx_word' id='word_1_258' title='bbox 330 2253 671 2325; x_wconf 85' lang='lat' dir='ltr'><strong>Huiusmodi,</strong></span> <span class='ocrx_word' id='word_1_259' title='bbox 700 2263 888 2327; x_wconf 84' lang='lat' dir='ltr'><strong>pastor</strong></span> <span class='ocrx_word' id='word_1_260' title='bbox 918 2254 1313 2322; x_wconf 88' lang='lat' dir='ltr'><strong>amantissime,</strong></span> <span class='ocrx_word' id='word_1_261' title='bbox 1360 2254 1654 2327; x_wconf 88' lang='lat' dir='ltr'><strong>signaculis</strong></span> <span class='ocrx_word' id='word_1_262' title='bbox 1692 2253 1839 2310; x_wconf 91' lang='lat' dir='ltr'><strong>intus</strong></span> 
     </span>
    </p>
   </div>
   <div class='ocr_carea' id='block_1_38' title="bbox 258 2344 1839 2418">
    <p class='ocr_par' dir='ltr' id='par_1_38' title="bbox 258 2344 1839 2418">
     <span class='ocr_line' id='line_1_38' title="bbox 258 2344 1839 2418; baseline -0.003 -15"><span class='ocrx_word' id='word_1_263' title='bbox 258 2345 444 2403; x_wconf 84' lang='lat' dir='ltr'><strong>cordis</strong></span> <span class='ocrx_word' id='word_1_264' title='bbox 484 2346 839 2418; x_wconf 84' lang='lat' dir='ltr'><strong>cogitationes</strong></span> <span class='ocrx_word' id='word_1_265' title='bbox 881 2360 947 2402; x_wconf 90' lang='lat' dir='ltr'><strong>ac</strong></span> <span class='ocrx_word' id='word_1_266' title='bbox 998 2345 1199 2402; x_wconf 87' lang='lat' dir='ltr'><strong>deforis</strong></span> <span class='ocrx_word' id='word_1_267' title='bbox 1240 2344 1585 2401; x_wconf 86' lang='lat' dir='ltr'><strong>brachiorum</strong></span> <span class='ocrx_word' id='word_1_268' title='bbox 1627 2352 1839 2401; x_wconf 88' lang='lat' dir='ltr'><strong>vestro-</strong></span> 
     </span>
    </p>
   </div>
   <div class='ocr_carea' id='block_1_39' title="bbox 258 2435 1845 2509">
    <p class='ocr_par' dir='ltr' id='par_1_39' title="bbox 258 2435 1845 2509">
     <span class='ocr_line' id='line_1_39' title="bbox 258 2435 1845 2509; baseline -0.001 -18"><span class='ocrx_word' id='word_1_269' title='bbox 258 2450 386 2491; x_wconf 88' lang='lat' dir='ltr'><strong>rum</strong></span> <span class='ocrx_word' id='word_1_270' title='bbox 412 2451 576 2509; x_wconf 87' lang='lat' dir='ltr'><strong>opera</strong></span> <span class='ocrx_word' id='word_1_271' title='bbox 611 2435 814 2509; x_wconf 89' lang='lat' dir='ltr'><strong>iugiter</strong></span> <span class='ocrx_word' id='word_1_272' title='bbox 855 2436 1088 2508; x_wconf 88' lang='lat' dir='ltr'><strong>signate,</strong></span> <span class='ocrx_word' id='word_1_273' title='bbox 1137 2445 1402 2506; x_wconf 89' lang='lat' dir='ltr'><strong>quatenus</strong></span> <span class='ocrx_word' id='word_1_274' title='bbox 1428 2435 1593 2492; x_wconf 91' lang='lat' dir='ltr'><strong>corde</strong></span> <span class='ocrx_word' id='word_1_275' title='bbox 1639 2444 1695 2490; x_wconf 92' lang='lat' dir='ltr'><strong>et</strong></span> <span class='ocrx_word' id='word_1_276' title='bbox 1724 2449 1845 2490; x_wconf 86' lang='lat' dir='ltr'><strong>cor-</strong></span> 
     </span>
    </p>
   </div>
   <div class='ocr_carea' id='block_1_40' title="bbox 260 2525 1846 2600">
    <p class='ocr_par' dir='ltr' id='par_1_40' title="bbox 260 2525 1846 2600">
     <span class='ocr_line' id='line_1_40' title="bbox 260 2525 1846 2600; baseline -0.002 -18"><span class='ocrx_word' id='word_1_277' title='bbox 260 2542 419 2600; x_wconf 90' lang='lat' dir='ltr'><strong>pore,</strong></span> <span class='ocrx_word' id='word_1_278' title='bbox 457 2528 603 2585; x_wconf 81' lang='lat' dir='ltr'><strong>velut</strong></span> <span class='ocrx_word' id='word_1_279' title='bbox 644 2543 742 2585; x_wconf 86' lang='lat' dir='ltr'><strong>vas</strong></span> <span class='ocrx_word' id='word_1_280' title='bbox 782 2527 1066 2585; x_wconf 89' lang='lat' dir='ltr'><strong>electionis</strong></span> <span class='ocrx_word' id='word_1_281' title='bbox 1095 2528 1411 2583; x_wconf 83' lang='lat' dir='ltr'><strong>mandatum</strong></span> <span class='ocrx_word' id='word_1_282' title='bbox 1458 2535 1621 2597; x_wconf 87' lang='lat' dir='ltr'><strong>atque</strong></span> <span class='ocrx_word' id='word_1_283' title='bbox 1666 2525 1846 2596; x_wconf 86' lang='lat' dir='ltr'><strong>signa-</strong></span> 
     </span>
    </p>
   </div>
   <div class='ocr_carea' id='block_1_41' title="bbox 262 2617 1847 2689">
    <p class='ocr_par' dir='ltr' id='par_1_41' title="bbox 262 2617 1847 2689">
     <span class='ocr_line' id='line_1_41' title="bbox 262 2617 1847 2689; baseline -0.002 -15"><span class='ocrx_word' id='word_1_284' title='bbox 262 2626 407 2687; x_wconf 88' lang='lat' dir='ltr'><strong>tum,</strong></span> <span class='ocrx_word' id='word_1_285' title='bbox 450 2618 580 2675; x_wconf 87' lang='lat' dir='ltr'><strong>illud</strong></span> <span class='ocrx_word' id='word_1_286' title='bbox 616 2619 964 2675; x_wconf 87' lang='lat' dir='ltr'><strong>Zorobabelis</strong></span> <span class='ocrx_word' id='word_1_287' title='bbox 1004 2618 1072 2674; x_wconf 90' lang='lat' dir='ltr'><strong>ad</strong></span> <span class='ocrx_word' id='word_1_288' title='bbox 1116 2633 1215 2675; x_wconf 92' lang='lat' dir='ltr'><strong>vos</strong></span> <span class='ocrx_word' id='word_1_289' title='bbox 1246 2633 1275 2672; x_wconf 90' lang='lat' dir='ltr'><strong>a</strong></span> <span class='ocrx_word' id='word_1_290' title='bbox 1306 2618 1534 2673; x_wconf 90' lang='lat' dir='ltr'><strong>Domino</strong></span> <span class='ocrx_word' id='word_1_291' title='bbox 1580 2617 1847 2689; x_wconf 86' lang='lat' dir='ltr'><strong>dirigatur</strong></span> 
     </span>
    </p>
   </div>
   <div class='ocr_carea' id='block_1_42' title="bbox 260 2710 1847 2781">
    <p class='ocr_par' dir='ltr' id='par_1_42' title="bbox 260 2710 1847 2781">
     <span class='ocr_line' id='line_1_42' title="bbox 260 2710 1847 2781; baseline -0.002 -16"><span class='ocrx_word' id='word_1_292' title='bbox 260 2710 630 2781; x_wconf 87' lang='lat' dir='ltr'><strong>promissum:</strong></span> <span class='ocrx_word' id='word_1_293' title='bbox 679 2712 958 2765; x_wconf 82' lang='lat' dir='ltr'><strong>Assumam</strong></span> <span class='ocrx_word' id='word_1_294' title='bbox 992 2719 1060 2775; x_wconf 89' lang='lat' dir='ltr'><strong>te,</strong></span> <span class='ocrx_word' id='word_1_295' title='bbox 1104 2726 1248 2766; x_wconf 82' lang='lat' dir='ltr'><strong>serve</strong></span> <span class='ocrx_word' id='word_1_296' title='bbox 1284 2726 1450 2777; x_wconf 88' lang='lat' dir='ltr'><strong>meus,</strong></span> <span class='ocrx_word' id='word_1_297' title='bbox 1485 2719 1535 2765; x_wconf 90' lang='lat' dir='ltr'><strong>et</strong></span> <span class='ocrx_word' id='word_1_298' title='bbox 1563 2725 1755 2779; x_wconf 86' lang='lat' dir='ltr'><strong>ponam</strong></span> <span class='ocrx_word' id='word_1_299' title='bbox 1798 2716 1847 2763; x_wconf 90' lang='lat' dir='ltr'><strong>te</strong></span> 
     </span>
    </p>
   </div>
   <div class='ocr_carea' id='block_1_43' title="bbox 258 2798 1663 2873">
    <p class='ocr_par' dir='ltr' id='par_1_43' title="bbox 258 2798 1663 2873">
     <span class='ocr_line' id='line_1_43' title="bbox 258 2798 1663 2873; baseline -0.001 -19"><span class='ocrx_word' id='word_1_300' title='bbox 258 2801 416 2871; x_wconf 69' lang='lat' dir='ltr'><strong>quasi</strong></span> <span class='ocrx_word' id='word_1_301' title='bbox 438 2799 789 2873; x_wconf 80' lang='lat' dir='ltr'><strong>signaculum,</strong></span> <span class='ocrx_word' id='word_1_302' title='bbox 816 2800 940 2871; x_wconf 84' lang='lat' dir='ltr'><strong>quia</strong></span> <span class='ocrx_word' id='word_1_303' title='bbox 968 2798 1097 2871; x_wconf 82' lang='lat' dir='ltr'><strong>elegi</strong></span> <span class='ocrx_word' id='word_1_304' title='bbox 1122 2808 1190 2866; x_wconf 87' lang='lat' dir='ltr'><strong>te,</strong></span> <span class='ocrx_word' id='word_1_305' title='bbox 1231 2799 1360 2854; x_wconf 83' lang='lat' dir='ltr'><strong>dicit</strong></span> <span class='ocrx_word' id='word_1_306' title='bbox 1386 2798 1663 2855; x_wconf 79' lang='lat' dir='ltr'><strong>Dominus.</strong></span> 
     </span>
    </p>
   </div>
   <div class='ocr_carea' id='block_1_44' title="bbox 336 2888 1849 2960">
    <p class='ocr_par' dir='ltr' id='par_1_44' title="bbox 336 2888 1849 2960">
     <span class='ocr_line' id='line_1_44' title="bbox 336 2888 1849 2960; baseline -0.001 -14"><span class='ocrx_word' id='word_1_307' title='bbox 336 2890 539 2947; x_wconf 79' lang='lat' dir='ltr'><strong>Verum</strong></span> <span class='ocrx_word' id='word_1_308' title='bbox 576 2890 831 2960; x_wconf 88' lang='lat' dir='ltr'><strong>quoniam</strong></span> <span class='ocrx_word' id='word_1_309' title='bbox 877 2904 911 2944; x_wconf 91' lang='lat' dir='ltr'><strong>a</strong></span> <span class='ocrx_word' id='word_1_310' title='bbox 962 2889 1106 2945; x_wconf 90' lang='lat' dir='ltr'><strong>bono</strong></span> <span class='ocrx_word' id='word_1_311' title='bbox 1148 2889 1302 2959; x_wconf 90' lang='lat' dir='ltr'><strong>pacis</strong></span> <span class='ocrx_word' id='word_1_312' title='bbox 1351 2889 1515 2959; x_wconf 73' lang='lat' dir='ltr'><strong>cmpit</strong></span> <span class='ocrx_word' id='word_1_313' title='bbox 1565 2888 1849 2945; x_wconf 83' lang='lat' dir='ltr'><strong>exordium</strong></span> 
     </span>
    </p>
   </div>
   <div class='ocr_carea' id='block_1_45' title="bbox 260 2977 1851 3049">
    <p class='ocr_par' dir='ltr' id='par_1_45' title="bbox 260 2977 1851 3049">
     <span class='ocr_line' id='line_1_45' title="bbox 260 2977 1851 3049; baseline -0.002 -12"><span class='ocrx_word' id='word_1_314' title='bbox 260 2990 468 3039; x_wconf 65' lang='lat' dir='ltr'><strong>nostra</strong></span> <span class='ocrx_word' id='word_1_315' title='bbox 496 2980 847 3046; x_wconf 89' lang='lat' dir='ltr'><strong>narrationis,</strong></span> <span class='ocrx_word' id='word_1_316' title='bbox 886 2979 1021 3036; x_wconf 87' lang='lat' dir='ltr'><strong>libet</strong></span> <span class='ocrx_word' id='word_1_317' title='bbox 1064 2979 1120 3035; x_wconf 92' lang='lat' dir='ltr'><strong>in</strong></span> <span class='ocrx_word' id='word_1_318' title='bbox 1162 2977 1409 3049; x_wconf 87' lang='lat' dir='ltr'><strong>eiusdem</strong></span> <span class='ocrx_word' id='word_1_319' title='bbox 1455 2993 1851 3036; x_wconf 90' lang='lat' dir='ltr'><strong>commemora-</strong></span> 
     </span>
    </p>
   </div>
   <div class='ocr_carea' id='block_1_46' title="bbox 264 3069 1865 3142">
    <p class='ocr_par' dir='ltr' id='par_1_46' title="bbox 264 3069 1865 3142">
     <span class='ocr_line' id='line_1_46' title="bbox 264 3069 1865 3142; baseline 0.001 -14"><span class='ocrx_word' id='word_1_320' title='bbox 264 3072 420 3128; x_wconf 89' lang='lat' dir='ltr'><strong>tione</strong></span> <span class='ocrx_word' id='word_1_321' title='bbox 474 3071 639 3128; x_wconf 87' lang='lat' dir='ltr'><strong>ﬁnem</strong></span> <span class='ocrx_word' id='word_1_322' title='bbox 689 3070 927 3127; x_wconf 90' lang='lat' dir='ltr'><strong>sermoni</strong></span> <span class='ocrx_word' id='word_1_323' title='bbox 981 3070 1279 3141; x_wconf 88' lang='lat' dir='ltr'><strong>imponere.</strong></span> <span class='ocrx_word' id='word_1_324' title='bbox 1331 3069 1498 3142; x_wconf 82' lang='lat' dir='ltr'><strong>Igitur</strong></span> <span class='ocrx_word' id='word_1_325' title='bbox 1542 3071 1590 3127; x_wconf 89' lang='lat' dir='ltr'><strong>si</strong></span> <span class='ocrx_word' id='word_1_326' title='bbox 1642 3069 1865 3131; x_wconf 72' lang='lat' dir='ltr'><strong>nomini,</strong></span> 
     </span>
    </p>
   </div>
   <div class='ocr_carea' id='block_1_47' title="bbox 261 3157 1855 3231">
    <p class='ocr_par' dir='ltr' id='par_1_47' title="bbox 261 3157 1855 3231">
     <span class='ocr_line' id='line_1_47' title="bbox 261 3157 1855 3231; baseline 0.001 -17"><span class='ocrx_word' id='word_1_327' title='bbox 261 3167 447 3217; x_wconf 87' lang='lat' dir='ltr'><strong>vestro</strong></span> <span class='ocrx_word' id='word_1_328' title='bbox 489 3158 641 3226; x_wconf 80' lang='lat' dir='ltr'><strong>Jero,</strong></span> <span class='ocrx_word' id='word_1_329' title='bbox 680 3157 854 3214; x_wconf 78' lang='lat' dir='ltr'><strong>Solem</strong></span> <span class='ocrx_word' id='word_1_330' title='bbox 892 3159 1152 3231; x_wconf 89' lang='lat' dir='ltr'><strong>iungatur</strong></span> <span class='ocrx_word' id='word_1_331' title='bbox 1180 3158 1366 3227; x_wconf 89' lang='lat' dir='ltr'><strong>dictio,</strong></span> <span class='ocrx_word' id='word_1_332' title='bbox 1413 3159 1678 3216; x_wconf 87' lang='lat' dir='ltr'><strong>visionem</strong></span> <span class='ocrx_word' id='word_1_333' title='bbox 1704 3160 1855 3231; x_wconf 89' lang='lat' dir='ltr'><strong>pacis</strong></span> 
     </span>
    </p>
   </div>
   <div class='ocr_carea' id='block_1_48' title="bbox 263 3249 1855 3322">
    <p class='ocr_par' dir='ltr' id='par_1_48' title="bbox 263 3249 1855 3322">
     <span class='ocr_line' id='line_1_48' title="bbox 263 3249 1855 3322; baseline 0 -14"><span class='ocrx_word' id='word_1_334' title='bbox 263 3250 509 3308; x_wconf 74' lang='lat' dir='ltr'><strong>indicare</strong></span> <span class='ocrx_word' id='word_1_335' title='bbox 561 3249 776 3307; x_wconf 84' lang='lat' dir='ltr'><strong>videtur</strong></span> <span class='ocrx_word' id='word_1_336' title='bbox 820 3250 1028 3322; x_wconf 87' lang='lat' dir='ltr'><strong>absque</strong></span> <span class='ocrx_word' id='word_1_337' title='bbox 1070 3251 1233 3307; x_wconf 89' lang='lat' dir='ltr'><strong>dubio</strong></span> <span class='ocrx_word' id='word_1_338' title='bbox 1262 3289 1279 3317; x_wconf 94' lang='lat'><strong>,</strong></span> <span class='ocrx_word' id='word_1_339' title='bbox 1337 3264 1447 3306; x_wconf 86' lang='lat' dir='ltr'><strong>una</strong></span> <span class='ocrx_word' id='word_1_340' title='bbox 1499 3250 1763 3307; x_wconf 81' lang='lat' dir='ltr'><strong>duntaxat</strong></span> <span class='ocrx_word' id='word_1_341' title='bbox 1810 3250 1855 3308; x_wconf 92' lang='grc'>0</span> 
     </span>
    </p>
   </div>
   <div class='ocr_carea' id='block_1_49' title="bbox 266 3340 1855 3415">
    <p class='ocr_par' dir='ltr' id='par_1_49' title="bbox 266 3340 1855 3415">
     <span class='ocr_line' id='line_1_49' title="bbox 266 3340 1855 3415; baseline 0 -16"><span class='ocrx_word' id='word_1_342' title='bbox 266 3340 457 3400; x_wconf 83' lang='lat' dir='ltr'><strong>littera</strong></span> <span class='ocrx_word' id='word_1_343' title='bbox 479 3345 551 3401; x_wconf 91' lang='lat' dir='ltr'><strong>ob</strong></span> <span class='ocrx_word' id='word_1_344' title='bbox 588 3354 791 3400; x_wconf 88' lang='lat' dir='ltr'><strong>certam</strong></span> <span class='ocrx_word' id='word_1_345' title='bbox 822 3343 1018 3400; x_wconf 68' lang='lat' dir='ltr'><strong>futuras</strong></span> <span class='ocrx_word' id='word_1_346' title='bbox 1057 3357 1277 3400; x_wconf 71' lang='lat' dir='ltr'><strong>corona:</strong></span> <span class='ocrx_word' id='word_1_347' title='bbox 1308 3342 1758 3415; x_wconf 84' lang='lat' dir='ltr'><strong>significationem</strong></span> <span class='ocrx_word' id='word_1_348' title='bbox 1797 3343 1855 3399; x_wconf 92' lang='lat' dir='ltr'><strong>in</strong></span> 
     </span>
    </p>
   </div>
   <div class='ocr_carea' id='block_1_50' title="bbox 266 3433 1855 3507">
    <p class='ocr_par' dir='ltr' id='par_1_50' title="bbox 266 3433 1855 3507">
     <span class='ocr_line' id='line_1_50' title="bbox 266 3433 1855 3507; baseline -0.004 -13"><span class='ocrx_word' id='word_1_349' title='bbox 266 3436 451 3494; x_wconf 85' lang='lat' dir='ltr'><strong>medio</strong></span> <span class='ocrx_word' id='word_1_350' title='bbox 477 3450 577 3507; x_wconf 90' lang='lat' dir='ltr'><strong>pro</strong></span> <span class='ocrx_word' id='word_1_351' title='bbox 609 3434 654 3491; x_wconf 91' lang='lat' dir='ltr'>U</span> <span class='ocrx_word' id='word_1_352' title='bbox 689 3435 891 3507; x_wconf 89' lang='lat' dir='ltr'><strong>posita,</strong></span> <span class='ocrx_word' id='word_1_353' title='bbox 939 3444 999 3491; x_wconf 92' lang='lat' dir='ltr'><strong>ut</strong></span> <span class='ocrx_word' id='word_1_354' title='bbox 1046 3450 1111 3491; x_wconf 81' lang='lat' dir='ltr'><strong>ex</strong></span> <span class='ocrx_word' id='word_1_355' title='bbox 1162 3436 1268 3491; x_wconf 92' lang='lat' dir='ltr'><strong>hoc</strong></span> <span class='ocrx_word' id='word_1_356' title='bbox 1312 3434 1516 3505; x_wconf 91' lang='lat' dir='ltr'><strong>liquido</strong></span> <span class='ocrx_word' id='word_1_357' title='bbox 1561 3433 1855 3504; x_wconf 87' lang='lat' dir='ltr'><strong>colligatur</strong></span> 
     </span>
    </p>
   </div>
   <div class='ocr_carea' id='block_1_51' title="bbox 268 3526 1854 3598">
    <p class='ocr_par' dir='ltr' id='par_1_51' title="bbox 268 3526 1854 3598">
     <span class='ocr_line' id='line_1_51' title="bbox 268 3526 1854 3598; baseline 0 -17"><span class='ocrx_word' id='word_1_358' title='bbox 268 3526 422 3598; x_wconf 87' lang='lat' dir='ltr'><strong>quia,</strong></span> <span class='ocrx_word' id='word_1_359' title='bbox 445 3526 493 3582; x_wconf 88' lang='lat' dir='ltr'><strong>si</strong></span> <span class='ocrx_word' id='word_1_360' title='bbox 514 3527 775 3583; x_wconf 88' lang='lat' dir='ltr'><strong>sanctitas</strong></span> <span class='ocrx_word' id='word_1_361' title='bbox 801 3536 983 3583; x_wconf 88' lang='lat' dir='ltr'><strong>vestra</strong></span> <span class='ocrx_word' id='word_1_362' title='bbox 1003 3527 1059 3583; x_wconf 90' lang='lat' dir='ltr'><strong>in</strong></span> <span class='ocrx_word' id='word_1_363' title='bbox 1083 3528 1187 3583; x_wconf 90' lang='lat' dir='ltr'><strong>hac</strong></span> <span class='ocrx_word' id='word_1_364' title='bbox 1212 3526 1460 3583; x_wconf 88' lang='lat' dir='ltr'><strong>convalle</strong></span> <span class='ocrx_word' id='word_1_365' title='bbox 1491 3526 1854 3598; x_wconf 86' lang='lat' dir='ltr'><strong>lacrymarum</strong></span> 
     </span>
    </p>
   </div>
   <div class='ocr_carea' id='block_1_52' title="bbox 269 3616 1857 3687">
    <p class='ocr_par' dir='ltr' id='par_1_52' title="bbox 269 3616 1857 3687">
     <span class='ocr_line' id='line_1_52' title="bbox 269 3616 1857 3687; baseline -0.001 -14"><span class='ocrx_word' id='word_1_366' title='bbox 269 3630 375 3687; x_wconf 86' lang='lat' dir='ltr'><strong>pro</strong></span> <span class='ocrx_word' id='word_1_367' title='bbox 412 3630 543 3687; x_wconf 89' lang='lat' dir='ltr'><strong>pace</strong></span> <span class='ocrx_word' id='word_1_368' title='bbox 568 3625 625 3674; x_wconf 92' lang='lat' dir='ltr'><strong>et</strong></span> <span class='ocrx_word' id='word_1_369' title='bbox 668 3618 878 3673; x_wconf 85' lang='lat' dir='ltr'><strong>unitate</strong></span> <span class='ocrx_word' id='word_1_370' title='bbox 905 3616 1185 3675; x_wconf 64' lang='lat' dir='ltr'><strong>catholicae</strong></span> <span class='ocrx_word' id='word_1_371' title='bbox 1211 3618 1402 3674; x_wconf 87' lang='lat' dir='ltr'><strong>matris</strong></span> <span class='ocrx_word' id='word_1_372' title='bbox 1427 3617 1683 3674; x_wconf 70' lang='lat' dir='ltr'><strong>Ecclesiae</strong></span> <span class='ocrx_word' id='word_1_373' title='bbox 1710 3617 1857 3674; x_wconf 86' lang='lat' dir='ltr'><strong>solli-</strong></span> 
     </span>
    </p>
   </div>
   <div class='ocr_carea' id='block_1_53' title="bbox 274 3706 1857 3780">
    <p class='ocr_par' dir='ltr' id='par_1_53' title="bbox 274 3706 1857 3780">
     <span class='ocr_line' id='line_1_53' title="bbox 274 3706 1857 3780; baseline -0.001 -17"><span class='ocrx_word' id='word_1_374' title='bbox 274 3708 386 3763; x_wconf 88' lang='lat' dir='ltr'><strong>cite</strong></span> <span class='ocrx_word' id='word_1_375' title='bbox 427 3708 782 3775; x_wconf 88' lang='lat' dir='ltr'><strong>insudaverit,</strong></span> <span class='ocrx_word' id='word_1_376' title='bbox 830 3708 974 3765; x_wconf 89' lang='lat' dir='ltr'><strong>sicut</strong></span> <span class='ocrx_word' id='word_1_377' title='bbox 1018 3723 1165 3765; x_wconf 90' lang='lat' dir='ltr'><strong>nunc</strong></span> <span class='ocrx_word' id='word_1_378' title='bbox 1195 3707 1347 3780; x_wconf 88' lang='lat' dir='ltr'><strong>pacis</strong></span> <span class='ocrx_word' id='word_1_379' title='bbox 1380 3706 1737 3778; x_wconf 88' lang='lat' dir='ltr'><strong>participatur</strong></span> <span class='ocrx_word' id='word_1_380' title='bbox 1761 3721 1857 3762; x_wconf 80' lang='lat' dir='ltr'><strong>vo-</strong></span> 
     </span>
    </p>
   </div>
   <div class='ocr_carea' id='block_1_54' title="bbox 272 3797 1858 3873">
    <p class='ocr_par' dir='ltr' id='par_1_54' title="bbox 272 3797 1858 3873">
     <span class='ocr_line' id='line_1_54' title="bbox 272 3797 1858 3873; baseline 0.001 -20"><span class='ocrx_word' id='word_1_381' title='bbox 272 3798 489 3866; x_wconf 83' lang='lat' dir='ltr'><strong>cabulo,</strong></span> <span class='ocrx_word' id='word_1_382' title='bbox 522 3800 599 3857; x_wconf 90' lang='lat' dir='ltr'><strong>ita</strong></span> <span class='ocrx_word' id='word_1_383' title='bbox 648 3800 890 3873; x_wconf 87' lang='lat' dir='ltr'><strong>eiusdem</strong></span> <span class='ocrx_word' id='word_1_384' title='bbox 933 3800 1257 3873; x_wconf 81' lang='lat' dir='ltr'><strong>quandooue</strong></span> <span class='ocrx_word' id='word_1_385' title='bbox 1294 3798 1504 3857; x_wconf 86' lang='lat' dir='ltr'><strong>visione</strong></span> <span class='ocrx_word' id='word_1_386' title='bbox 1547 3797 1858 3872; x_wconf 80' lang='lat' dir='ltr'><strong>perfruatur</strong></span> 
     </span>
    </p>
   </div>
   <div class='ocr_carea' id='block_1_55' title="bbox 275 3888 615 3963">
    <p class='ocr_par' dir='ltr' id='par_1_55' title="bbox 275 3888 615 3963">
     <span class='ocr_line' id='line_1_55' title="bbox 275 3888 615 3963; baseline 0.003 -17"><span class='ocrx_word' id='word_1_387' title='bbox 275 3888 336 3946; x_wconf 84' lang='lat' dir='ltr'><strong>in</strong></span> <span class='ocrx_word' id='word_1_388' title='bbox 364 3892 615 3963; x_wconf 66' lang='lat' dir='ltr'><strong>praemio.</strong></span> 
     </span>
    </p>
   </div>
   <div class='ocr_carea' id='block_1_56' title="bbox 832 3982 1303 4042">
    <p class='ocr_par' dir='ltr' id='par_1_56' title="bbox 832 3982 1303 4042">
     <span class='ocr_line' id='line_1_56' title="bbox 832 3982 1303 4042; baseline -0.002 -2"><span class='ocrx_word' id='word_1_389' title='bbox 832 3982 1169 4042; x_wconf 75' lang='lat' dir='ltr'><strong>EPISTOLA</strong></span> <span class='ocrx_word' id='word_1_390' title='bbox 1217 3983 1303 4039; x_wconf 84' lang='lat' dir='ltr'><strong>lli.</strong></span> 
     </span>
    </p>
   </div>
   <div class='ocr_carea' id='block_1_57' title="bbox 604 4088 1534 4132">
    <p class='ocr_par' dir='ltr' id='par_1_57' title="bbox 604 4088 1534 4132">
     <span class='ocr_line' id='line_1_57' title="bbox 604 4088 1534 4132; baseline 0.001 -2"><span class='ocrx_word' id='word_1_391' title='bbox 604 4090 672 4132; x_wconf 71' lang='lat' dir='ltr'><strong>AD</strong></span> <span class='ocrx_word' id='word_1_392' title='bbox 707 4090 1001 4132; x_wconf 68' lang='lat' dir='ltr'><strong>HBINRICUI</strong></span> <span class='ocrx_word' id='word_1_393' title='bbox 1050 4089 1092 4131; x_wconf 83' lang='grc'><strong>11</strong></span> <span class='ocrx_word' id='word_1_394' title='bbox 1130 4088 1534 4131; x_wconf 52' lang='lat' dir='ltr'><strong>IMPERATORI.</strong></span> 
     </span>
    </p>
   </div>
   <div class='ocr_carea' id='block_1_58' title="bbox 279 4162 1859 4247">
    <p class='ocr_par' dir='ltr' id='par_1_58' title="bbox 279 4162 1859 4247">
     <span class='ocr_line' id='line_1_58' title="bbox 279 4162 1859 4247; baseline -0.001 -27"><span class='ocrx_word' id='word_1_395' title='bbox 279 4162 521 4247; x_wconf 73' lang='lat' dir='ltr'><strong>Celebrat</strong></span> <span class='ocrx_word' id='word_1_396' title='bbox 564 4165 959 4247; x_wconf 38' lang='lat' dir='ltr'><strong>ejus‘virtutes,</strong></span> <span class='ocrx_word' id='word_1_397' title='bbox 988 4165 1288 4247; x_wconf 74' lang='lat' dir='ltr'><strong>gratiasque</strong></span> <span class='ocrx_word' id='word_1_398' title='bbox 1327 4166 1374 4220; x_wconf 86' lang='lat' dir='ltr'><strong>ei</strong></span> <span class='ocrx_word' id='word_1_399' title='bbox 1402 4180 1498 4247; x_wconf 70' lang='lat' dir='ltr'><strong>pro</strong></span> <span class='ocrx_word' id='word_1_400' title='bbox 1529 4164 1724 4247; x_wconf 85' lang='lat' dir='ltr'><strong>collata</strong></span> <span class='ocrx_word' id='word_1_401' title='bbox 1759 4164 1859 4219; x_wconf 88' lang='lat' dir='ltr'><strong>sibi</strong></span> 
     </span>
    </p>
   </div>
   <div class='ocr_carea' id='block_1_59' title="bbox 350 4235 1785 4306">
    <p class='ocr_par' dir='ltr' id='par_1_59' title="bbox 350 4235 1785 4306">
     <span class='ocr_line' id='line_1_59' title="bbox 350 4235 1785 4306; baseline -0.001 -16"><span class='ocrx_word' id='word_1_402' title='bbox 350 4235 537 4306; x_wconf 70' lang='lat' dir='ltr'><strong>Augiw</strong></span> <span class='ocrx_word' id='word_1_403' title='bbox 564 4235 879 4306; x_wconf 61' lang='lat' dir='ltr'><strong>praefectura</strong></span> <span class='ocrx_word' id='word_1_404' title='bbox 918 4235 1045 4305; x_wconf 79' lang='lat' dir='ltr'><strong>agit,</strong></span> <span class='ocrx_word' id='word_1_405' title='bbox 1073 4251 1135 4290; x_wconf 89' lang='lat' dir='ltr'><strong>ac</strong></span> <span class='ocrx_word' id='word_1_406' title='bbox 1164 4235 1287 4291; x_wconf 68' lang='lat' dir='ltr'><strong>laeta</strong></span> <span class='ocrx_word' id='word_1_407' title='bbox 1315 4235 1493 4290; x_wconf 85' lang='lat' dir='ltr'><strong>omnia</strong></span> <span class='ocrx_word' id='word_1_408' title='bbox 1523 4245 1785 4305; x_wconf 82' lang='lat' dir='ltr'><strong>precatur.</strong></span> 
     </span>
    </p>
   </div>
   <div class='ocr_carea' id='block_1_60' title="bbox 350 4323 1858 4395">
    <p class='ocr_par' dir='ltr' id='par_1_60' title="bbox 350 4323 1858 4395">
     <span class='ocr_line' id='line_1_60' title="bbox 350 4323 1858 4395; baseline -0.001 -14"><span class='ocrx_word' id='word_1_409' title='bbox 350 4323 581 4381; x_wconf 88' lang='lat' dir='ltr'><strong>Domino</strong></span> <span class='ocrx_word' id='word_1_410' title='bbox 634 4337 755 4391; x_wconf 86' lang='lat' dir='ltr'><strong>suo,</strong></span> <span class='ocrx_word' id='word_1_411' title='bbox 807 4323 1131 4381; x_wconf 68' lang='lat' dir='ltr'><strong>Christianae</strong></span> <span class='ocrx_word' id='word_1_412' title='bbox 1186 4323 1465 4395; x_wconf 88' lang='lat' dir='ltr'><strong>religionis</strong></span> <span class='ocrx_word' id='word_1_413' title='bbox 1512 4325 1858 4395; x_wconf 89' lang='lat' dir='ltr'><strong>propagatori</strong></span> 
     </span>
    </p>
   </div>
   <div class='ocr_carea' id='block_1_61' title="bbox 1936 1891 3515 1963">
    <p class='ocr_par' dir='ltr' id='par_1_61' title="bbox 1936 1891 3515 1963">
     <span class='ocr_line' id='line_1_61' title="bbox 1936 1891 3515 1963; baseline 0.002 -15"><span class='ocrx_word' id='word_1_414' title='bbox 1936 1901 2137 1948; x_wconf 76' lang='lat' dir='ltr'><strong>sanctae</strong></span> <span class='ocrx_word' id='word_1_415' title='bbox 2182 1891 2437 1948; x_wconf 80' lang='lat' dir='ltr'><strong>Ecclesia:</strong></span> <span class='ocrx_word' id='word_1_416' title='bbox 2482 1893 2715 1950; x_wconf 91' lang='lat' dir='ltr'><strong>inimicis</strong></span> <span class='ocrx_word' id='word_1_417' title='bbox 2762 1909 2886 1949; x_wconf 91' lang='lat' dir='ltr'><strong>cum</strong></span> <span class='ocrx_word' id='word_1_418' title='bbox 2939 1893 3137 1963; x_wconf 89' lang='lat' dir='ltr'><strong>populo</strong></span> <span class='ocrx_word' id='word_1_419' title='bbox 3184 1894 3280 1950; x_wconf 89' lang='lat' dir='ltr'><strong>Dei</strong></span> <span class='ocrx_word' id='word_1_420' title='bbox 3326 1894 3515 1951; x_wconf 87' lang='lat' dir='ltr'><strong>audire</strong></span> 
     </span>
    </p>
   </div>
   <div class='ocr_carea' id='block_1_62' title="bbox 1935 1983 3514 2056">
    <p class='ocr_par' dir='ltr' id='par_1_62' title="bbox 1935 1983 3514 2056">
     <span class='ocr_line' id='line_1_62' title="bbox 1935 1983 3514 2056; baseline 0.001 -18"><span class='ocrx_word' id='word_1_421' title='bbox 1935 1983 2201 2052; x_wconf 85' lang='lat' dir='ltr'><strong>potestis:</strong></span> <span class='ocrx_word' id='word_1_422' title='bbox 2241 1983 2497 2039; x_wconf 85' lang='lat' dir='ltr'><strong>Dominus</strong></span> <span class='ocrx_word' id='word_1_423' title='bbox 2537 1984 2785 2056; x_wconf 81' lang='lat' dir='ltr'><strong>pugnabit</strong></span> <span class='ocrx_word' id='word_1_424' title='bbox 2813 2000 2907 2055; x_wconf 84' lang='lat' dir='ltr'><strong>pro</strong></span> <span class='ocrx_word' id='word_1_425' title='bbox 2944 1984 3103 2049; x_wconf 81' lang='lat' dir='ltr'><strong>uobis,</strong></span> <span class='ocrx_word' id='word_1_426' title='bbox 3135 2001 3222 2039; x_wconf 80' lang='lat' dir='ltr'><strong>vos</strong></span> <span class='ocrx_word' id='word_1_427' title='bbox 3257 1986 3514 2041; x_wconf 84' lang='lat' dir='ltr'><strong>tacebitis.</strong></span> 
     </span>
    </p>
   </div>
   <div class='ocr_carea' id='block_1_63' title="bbox 1939 2073 3517 2147">
    <p class='ocr_par' dir='ltr' id='par_1_63' title="bbox 1939 2073 3517 2147">
     <span class='ocr_line' id='line_1_63' title="bbox 1939 2073 3517 2147; baseline 0 -17"><span class='ocrx_word' id='word_1_428' title='bbox 1939 2075 2009 2130; x_wconf 85' lang='lat' dir='ltr'><strong>Et</strong></span> <span class='ocrx_word' id='word_1_429' title='bbox 2056 2075 2148 2129; x_wconf 87' lang='lat' dir='ltr'><strong>illa</strong></span> <span class='ocrx_word' id='word_1_430' title='bbox 2186 2073 2385 2147; x_wconf 84' lang='lat' dir='ltr'><strong>Joseph</strong></span> <span class='ocrx_word' id='word_1_431' title='bbox 2434 2076 2739 2131; x_wconf 87' lang='lat' dir='ltr'><strong>benedictio</strong></span> <span class='ocrx_word' id='word_1_432' title='bbox 2784 2076 2852 2130; x_wconf 91' lang='lat' dir='ltr'><strong>ad</strong></span> <span class='ocrx_word' id='word_1_433' title='bbox 2894 2090 2992 2131; x_wconf 88' lang='lat' dir='ltr'><strong>vos</strong></span> <span class='ocrx_word' id='word_1_434' title='bbox 3043 2075 3338 2145; x_wconf 83' lang='lat' dir='ltr'><strong>dirigetur,</strong></span> <span class='ocrx_word' id='word_1_435' title='bbox 3410 2091 3517 2146; x_wconf 85' lang='lat' dir='ltr'><strong>qua</strong></span> 
     </span>
    </p>
   </div>
   <div class='ocr_carea' id='block_1_64' title="bbox 1941 2164 3520 2235">
    <p class='ocr_par' dir='ltr' id='par_1_64' title="bbox 1941 2164 3520 2235">
     <span class='ocr_line' id='line_1_64' title="bbox 1941 2164 3520 2235; baseline 0 -16"><span class='ocrx_word' id='word_1_436' title='bbox 1941 2164 2177 2220; x_wconf 90' lang='lat' dir='ltr'><strong>dicitur:</strong></span> <span class='ocrx_word' id='word_1_437' title='bbox 2224 2165 2365 2220; x_wconf 84' lang='lat' dir='ltr'><strong>Deus</strong></span> <span class='ocrx_word' id='word_1_438' title='bbox 2405 2165 2569 2235; x_wconf 84' lang='lat' dir='ltr'><strong>patris</strong></span> <span class='ocrx_word' id='word_1_439' title='bbox 2610 2166 2687 2220; x_wconf 92' lang='lat' dir='ltr'><strong>tui</strong></span> <span class='ocrx_word' id='word_1_440' title='bbox 2712 2165 2808 2220; x_wconf 86' lang='lat' dir='ltr'><strong>erit</strong></span> <span class='ocrx_word' id='word_1_441' title='bbox 2836 2164 3050 2235; x_wconf 90' lang='lat' dir='ltr'><strong>adjutor</strong></span> <span class='ocrx_word' id='word_1_442' title='bbox 3073 2173 3217 2231; x_wconf 86' lang='lat' dir='ltr'><strong>tuus,</strong></span> <span class='ocrx_word' id='word_1_443' title='bbox 3255 2174 3303 2219; x_wconf 88' lang='lat' dir='ltr'><strong>et</strong></span> <span class='ocrx_word' id='word_1_444' title='bbox 3334 2164 3520 2220; x_wconf 87' lang='lat' dir='ltr'><strong>Omni-</strong></span> 
     </span>
    </p>
   </div>
   <div class='ocr_carea' id='block_1_65' title="bbox 1939 2253 3518 2328">
    <p class='ocr_par' dir='ltr' id='par_1_65' title="bbox 1939 2253 3518 2328">
     <span class='ocr_line' id='line_1_65' title="bbox 1939 2253 3518 2328; baseline 0.001 -19"><span class='ocrx_word' id='word_1_445' title='bbox 1939 2263 2119 2325; x_wconf 82' lang='lat' dir='ltr'><strong>potens</strong></span> <span class='ocrx_word' id='word_1_446' title='bbox 2167 2254 2424 2310; x_wconf 88' lang='lat' dir='ltr'><strong>benedicet</strong></span> <span class='ocrx_word' id='word_1_447' title='bbox 2451 2256 2562 2309; x_wconf 83' lang='lat' dir='ltr'><strong>tibi.</strong></span> <span class='ocrx_word' id='word_1_448' title='bbox 2592 2253 2744 2311; x_wconf 87' lang='lat' dir='ltr'><strong>Tune</strong></span> <span class='ocrx_word' id='word_1_449' title='bbox 2786 2255 2970 2323; x_wconf 90' lang='lat' dir='ltr'><strong>etiam,</strong></span> <span class='ocrx_word' id='word_1_450' title='bbox 3010 2255 3165 2328; x_wconf 83' lang='lat' dir='ltr'><strong>iuxta</strong></span> <span class='ocrx_word' id='word_1_451' title='bbox 3202 2254 3518 2311; x_wconf 84' lang='lat' dir='ltr'><strong>vaticinium</strong></span> 
     </span>
    </p>
   </div>
   <div class='ocr_carea' id='block_1_66' title="bbox 1941 2345 3519 2418">
    <p class='ocr_par' dir='ltr' id='par_1_66' title="bbox 1941 2345 3519 2418">
     <span class='ocr_line' id='line_1_66' title="bbox 1941 2345 3519 2418; baseline 0.001 -18"><span class='ocrx_word' id='word_1_452' title='bbox 1941 2345 2114 2414; x_wconf 68' lang='lat' dir='ltr'><strong>lsaize,</strong></span> <span class='ocrx_word' id='word_1_453' title='bbox 2155 2346 2433 2418; x_wconf 88' lang='lat' dir='ltr'><strong>quiescere</strong></span> <span class='ocrx_word' id='word_1_454' title='bbox 2466 2345 2628 2402; x_wconf 87' lang='lat' dir='ltr'><strong>faciet</strong></span> <span class='ocrx_word' id='word_1_455' title='bbox 2668 2346 2930 2403; x_wconf 89' lang='lat' dir='ltr'><strong>Dominus</strong></span> <span class='ocrx_word' id='word_1_456' title='bbox 2972 2345 3278 2416; x_wconf 89' lang='lat' dir='ltr'><strong>superbiam</strong></span> <span class='ocrx_word' id='word_1_457' title='bbox 3326 2345 3519 2402; x_wconf 77' lang='lat' dir='ltr'><strong>inﬁde-</strong></span> 
     </span>
    </p>
   </div>
   <div class='ocr_carea' id='block_1_67' title="bbox 1943 2436 3520 2509">
    <p class='ocr_par' dir='ltr' id='par_1_67' title="bbox 1943 2436 3520 2509">
     <span class='ocr_line' id='line_1_67' title="bbox 1943 2436 3520 2509; baseline 0.003 -18"><span class='ocrx_word' id='word_1_458' title='bbox 1943 2436 2098 2504; x_wconf 87' lang='lat' dir='ltr'><strong>lium,</strong></span> <span class='ocrx_word' id='word_1_459' title='bbox 2133 2444 2188 2492; x_wconf 92' lang='lat' dir='ltr'><strong>et</strong></span> <span class='ocrx_word' id='word_1_460' title='bbox 2213 2437 2581 2508; x_wconf 88' lang='lat' dir='ltr'><strong>arrogantium</strong></span> <span class='ocrx_word' id='word_1_461' title='bbox 2611 2436 2830 2493; x_wconf 90' lang='lat' dir='ltr'><strong>fortium</strong></span> <span class='ocrx_word' id='word_1_462' title='bbox 2856 2436 3181 2505; x_wconf 88' lang='lat' dir='ltr'><strong>humiliabit,</strong></span> <span class='ocrx_word' id='word_1_463' title='bbox 3207 2446 3262 2494; x_wconf 90' lang='lat' dir='ltr'><strong>et</strong></span> <span class='ocrx_word' id='word_1_464' title='bbox 3287 2452 3520 2509; x_wconf 89' lang='lat' dir='ltr'><strong>pascen-</strong></span> 
     </span>
    </p>
   </div>
   <div class='ocr_carea' id='block_1_68' title="bbox 1945 2530 3524 2604">
    <p class='ocr_par' dir='ltr' id='par_1_68' title="bbox 1945 2530 3524 2604">
     <span class='ocr_line' id='line_1_68' title="bbox 1945 2530 3524 2604; baseline 0.003 -19"><span class='ocrx_word' id='word_1_465' title='bbox 1945 2538 2033 2585; x_wconf 91' lang='lat' dir='ltr'><strong>tur</strong></span> <span class='ocrx_word' id='word_1_466' title='bbox 2072 2530 2411 2602; x_wconf 88' lang='lat' dir='ltr'><strong>primogeniti</strong></span> <span class='ocrx_word' id='word_1_467' title='bbox 2451 2545 2769 2603; x_wconf 89' lang='lat' dir='ltr'><strong>pauperum,</strong></span> <span class='ocrx_word' id='word_1_468' title='bbox 2809 2539 2866 2590; x_wconf 91' lang='lat' dir='ltr'><strong>et</strong></span> <span class='ocrx_word' id='word_1_469' title='bbox 2909 2546 3175 2604; x_wconf 89' lang='lat' dir='ltr'><strong>pauperes</strong></span> <span class='ocrx_word' id='word_1_470' title='bbox 3204 2531 3524 2589; x_wconf 85' lang='lat' dir='ltr'><strong>ﬁducialiter</strong></span> 
     </span>
    </p>
   </div>
   <div class='ocr_carea' id='block_1_69' title="bbox 1946 2622 3524 2698">
    <p class='ocr_par' dir='ltr' id='par_1_69' title="bbox 1946 2622 3524 2698">
     <span class='ocr_line' id='line_1_69' title="bbox 1946 2622 3524 2698; baseline 0.001 -20"><span class='ocrx_word' id='word_1_471' title='bbox 1946 2632 2126 2695; x_wconf 90' lang='lat' dir='ltr'><strong>agent.</strong></span> <span class='ocrx_word' id='word_1_472' title='bbox 2174 2622 2311 2691; x_wconf 91' lang='lat' dir='ltr'><strong>Quin</strong></span> <span class='ocrx_word' id='word_1_473' title='bbox 2362 2634 2414 2680; x_wconf 91' lang='lat' dir='ltr'><strong>et</strong></span> <span class='ocrx_word' id='word_1_474' title='bbox 2461 2623 2550 2680; x_wconf 91' lang='lat' dir='ltr'><strong>ille</strong></span> <span class='ocrx_word' id='word_1_475' title='bbox 2589 2624 2705 2681; x_wconf 80' lang='lat' dir='ltr'><strong>Rex</strong></span> <span class='ocrx_word' id='word_1_476' title='bbox 2751 2624 2820 2683; x_wconf 91' lang='lat' dir='ltr'><strong>de</strong></span> <span class='ocrx_word' id='word_1_477' title='bbox 2843 2640 2950 2698; x_wconf 88' lang='lat' dir='ltr'><strong>quo</strong></span> <span class='ocrx_word' id='word_1_478' title='bbox 2976 2624 3231 2683; x_wconf 89' lang='lat' dir='ltr'><strong>Salomon</strong></span> <span class='ocrx_word' id='word_1_479' title='bbox 3261 2626 3374 2681; x_wconf 88' lang='lat' dir='ltr'><strong>ait:</strong></span> <span class='ocrx_word' id='word_1_480' title='bbox 3417 2625 3524 2691; x_wconf 88' lang='lat' dir='ltr'><strong>Qui</strong></span> 
     </span>
    </p>
   </div>
   <div class='ocr_carea' id='block_1_70' title="bbox 1945 2716 3629 2790">
    <p class='ocr_par' dir='ltr' id='par_1_70' title="bbox 1945 2716 3629 2790">
     <span class='ocr_line' id='line_1_70' title="bbox 1945 2716 3629 2790; baseline 0.001 -19"><span class='ocrx_word' id='word_1_481' title='bbox 1945 2718 2085 2771; x_wconf 86' lang='lat' dir='ltr'><strong>sedet</strong></span> <span class='ocrx_word' id='word_1_482' title='bbox 2112 2718 2166 2771; x_wconf 85' lang='lat' dir='ltr'><strong>in</strong></span> <span class='ocrx_word' id='word_1_483' title='bbox 2191 2716 2321 2771; x_wconf 85' lang='lat' dir='ltr'><strong>solio</strong></span> <span class='ocrx_word' id='word_1_484' title='bbox 2354 2717 2565 2787; x_wconf 85' lang='lat' dir='ltr'><strong>jttdicii,</strong></span> <span class='ocrx_word' id='word_1_485' title='bbox 2594 2727 2643 2773; x_wconf 88' lang='lat' dir='ltr'><strong>et</strong></span> <span class='ocrx_word' id='word_1_486' title='bbox 2672 2718 2889 2790; x_wconf 84' lang='lat' dir='ltr'><strong>dissipat</strong></span> <span class='ocrx_word' id='word_1_487' title='bbox 2916 2734 3065 2774; x_wconf 88' lang='lat' dir='ltr'><strong>omne</strong></span> <span class='ocrx_word' id='word_1_488' title='bbox 3086 2718 3283 2773; x_wconf 88' lang='lat' dir='ltr'><strong>malum</strong></span> <span class='ocrx_word' id='word_1_489' title='bbox 3330 2717 3526 2773; x_wconf 84' lang='lat' dir='ltr'><strong>intuitu</strong></span> <span class='ocrx_word' id='word_1_490' title='bbox 3624 2744 3629 2749; x_wconf 95' lang='lat'><strong><em>-</em></strong></span> 
     </span>
    </p>
   </div>
   <div class='ocr_carea' id='block_1_71' title="bbox 1946 2811 3526 2881">
    <p class='ocr_par' dir='ltr' id='par_1_71' title="bbox 1946 2811 3526 2881">
     <span class='ocr_line' id='line_1_71' title="bbox 1946 2811 3526 2881; baseline -0.001 -17"><span class='ocrx_word' id='word_1_491' title='bbox 1946 2825 2066 2875; x_wconf 88' lang='lat' dir='ltr'><strong>suo,</strong></span> <span class='ocrx_word' id='word_1_492' title='bbox 2130 2818 2523 2881; x_wconf 89' lang='lat' dir='ltr'><strong>consequenter</strong></span> <span class='ocrx_word' id='word_1_493' title='bbox 2574 2825 2820 2881; x_wconf 67' lang='lat' dir='ltr'><strong>superna:</strong></span> <span class='ocrx_word' id='word_1_494' title='bbox 2863 2811 3226 2867; x_wconf 88' lang='lat' dir='ltr'><strong>miserationis</strong></span> <span class='ocrx_word' id='word_1_495' title='bbox 3281 2816 3526 2880; x_wconf 88' lang='lat' dir='ltr'><strong>respectu</strong></span> 
     </span>
    </p>
   </div>
   <div class='ocr_carea' id='block_1_72' title="bbox 1947 2899 3528 2972">
    <p class='ocr_par' dir='ltr' id='par_1_72' title="bbox 1947 2899 3528 2972">
     <span class='ocr_line' id='line_1_72' title="bbox 1947 2899 3528 2972; baseline 0.001 -17"><span class='ocrx_word' id='word_1_496' title='bbox 1947 2910 2047 2955; x_wconf 85' lang='lat' dir='ltr'><strong>vos</strong></span> <span class='ocrx_word' id='word_1_497' title='bbox 2067 2899 2386 2968; x_wconf 88' lang='lat' dir='ltr'><strong>intuebitur,</strong></span> <span class='ocrx_word' id='word_1_498' title='bbox 2439 2909 2641 2970; x_wconf 90' lang='lat' dir='ltr'><strong>atque,</strong></span> <span class='ocrx_word' id='word_1_499' title='bbox 2675 2900 2965 2972; x_wconf 86' lang='lat' dir='ltr'><strong>tranquilla</strong></span> <span class='ocrx_word' id='word_1_500' title='bbox 3001 2907 3305 2971; x_wconf 85' lang='lat' dir='ltr'><strong>temporum</strong></span> <span class='ocrx_word' id='word_1_501' title='bbox 3348 2899 3528 2970; x_wconf 88' lang='lat' dir='ltr'><strong>quiete</strong></span> 
     </span>
    </p>
   </div>
   <div class='ocr_carea' id='block_1_73' title="bbox 1949 2988 3356 3064">
    <p class='ocr_par' dir='ltr' id='par_1_73' title="bbox 1949 2988 3356 3064">
     <span class='ocr_line' id='line_1_73' title="bbox 1949 2988 3356 3064; baseline -0.002 -17"><span class='ocrx_word' id='word_1_502' title='bbox 1949 3005 2227 3057; x_wconf 88' lang='lat' dir='ltr'><strong>concessa,</strong></span> <span class='ocrx_word' id='word_1_503' title='bbox 2254 3005 2522 3048; x_wconf 86' lang='lat' dir='ltr'><strong>coronare</strong></span> <span class='ocrx_word' id='word_1_504' title='bbox 2546 2990 2856 3064; x_wconf 89' lang='lat' dir='ltr'><strong>dignabitur</strong></span> <span class='ocrx_word' id='word_1_505' title='bbox 2879 2988 3103 3059; x_wconf 69' lang='lat' dir='ltr'><strong>iustitiae</strong></span> <span class='ocrx_word' id='word_1_506' title='bbox 3135 3006 3356 3046; x_wconf 88' lang='lat' dir='ltr'><strong>corona.</strong></span> 
     </span>
    </p>
   </div>
   <div class='ocr_carea' id='block_1_74' title="bbox 2021 3080 3526 3154">
    <p class='ocr_par' dir='ltr' id='par_1_74' title="bbox 2021 3080 3526 3154">
     <span class='ocr_line' id='line_1_74' title="bbox 2021 3080 3526 3154; baseline -0.002 -17"><span class='ocrx_word' id='word_1_507' title='bbox 2021 3082 2168 3137; x_wconf 91' lang='lat' dir='ltr'><strong>Inter</strong></span> <span class='ocrx_word' id='word_1_508' title='bbox 2213 3082 2329 3138; x_wconf 84' lang='lat' dir='ltr'><strong>haec</strong></span> <span class='ocrx_word' id='word_1_509' title='bbox 2373 3095 2473 3154; x_wconf 88' lang='lat' dir='ltr'><strong>ego</strong></span> <span class='ocrx_word' id='word_1_510' title='bbox 2515 3096 2730 3153; x_wconf 86' lang='lat' dir='ltr'><strong>quoque</strong></span> <span class='ocrx_word' id='word_1_511' title='bbox 2777 3081 2998 3138; x_wconf 87' lang='lat' dir='ltr'><strong>humilis</strong></span> <span class='ocrx_word' id='word_1_512' title='bbox 3023 3082 3187 3137; x_wconf 89' lang='lat' dir='ltr'><strong>vestri</strong></span> <span class='ocrx_word' id='word_1_513' title='bbox 3218 3080 3526 3147; x_wconf 83' lang='lat' dir='ltr'><strong>clientulus,</strong></span> 
     </span>
    </p>
   </div>
   <div class='ocr_carea' id='block_1_75' title="bbox 1957 3172 3533 3244">
    <p class='ocr_par' dir='ltr' id='par_1_75' title="bbox 1957 3172 3533 3244">
     <span class='ocr_line' id='line_1_75' title="bbox 1957 3172 3533 3244; baseline -0.001 -15"><span class='ocrx_word' id='word_1_514' title='bbox 1957 3189 2063 3229; x_wconf 91' lang='lat' dir='ltr'><strong>non</strong></span> <span class='ocrx_word' id='word_1_515' title='bbox 2094 3173 2381 3229; x_wconf 91' lang='lat' dir='ltr'><strong>immemor</strong></span> <span class='ocrx_word' id='word_1_516' title='bbox 2403 3173 2789 3230; x_wconf 89' lang='lat' dir='ltr'><strong>beneﬁciorum</strong></span> <span class='ocrx_word' id='word_1_517' title='bbox 2813 3174 3007 3244; x_wconf 89' lang='lat' dir='ltr'><strong>quibus</strong></span> <span class='ocrx_word' id='word_1_518' title='bbox 3035 3188 3142 3239; x_wconf 91' lang='lat' dir='ltr'><strong>me,</strong></span> <span class='ocrx_word' id='word_1_519' title='bbox 3187 3172 3315 3229; x_wconf 92' lang='lat' dir='ltr'><strong>licet</strong></span> <span class='ocrx_word' id='word_1_520' title='bbox 3340 3173 3533 3228; x_wconf 85' lang='lat' dir='ltr'><strong>imme-</strong></span> 
     </span>
    </p>
   </div>
   <div class='ocr_carea' id='block_1_76' title="bbox 1954 3263 3535 3334">
    <p class='ocr_par' dir='ltr' id='par_1_76' title="bbox 1954 3263 3535 3334">
     <span class='ocr_line' id='line_1_76' title="bbox 1954 3263 3535 3334; baseline 0.001 -16"><span class='ocrx_word' id='word_1_521' title='bbox 1954 3263 2140 3331; x_wconf 90' lang='lat' dir='ltr'><strong>ritum,</strong></span> <span class='ocrx_word' id='word_1_522' title='bbox 2188 3264 2254 3320; x_wconf 93' lang='lat' dir='ltr'><strong>de</strong></span> <span class='ocrx_word' id='word_1_523' title='bbox 2280 3264 2616 3334; x_wconf 90' lang='lat' dir='ltr'><strong>paupertatis</strong></span> <span class='ocrx_word' id='word_1_524' title='bbox 2644 3271 2886 3321; x_wconf 90' lang='lat' dir='ltr'><strong>stercore</strong></span> <span class='ocrx_word' id='word_1_525' title='bbox 2929 3264 3178 3321; x_wconf 91' lang='lat' dir='ltr'><strong>voluistis</strong></span> <span class='ocrx_word' id='word_1_526' title='bbox 3203 3264 3431 3334; x_wconf 81' lang='lat' dir='ltr'><strong>erigere,</strong></span> <span class='ocrx_word' id='word_1_527' title='bbox 3476 3272 3535 3321; x_wconf 90' lang='lat' dir='ltr'><strong>et</strong></span> 
     </span>
    </p>
   </div>
   <div class='ocr_carea' id='block_1_77' title="bbox 1953 3352 3532 3425">
    <p class='ocr_par' dir='ltr' id='par_1_77' title="bbox 1953 3352 3532 3425">
     <span class='ocr_line' id='line_1_77' title="bbox 1953 3352 3532 3425; baseline -0.003 -13"><span class='ocrx_word' id='word_1_528' title='bbox 1953 3370 2077 3412; x_wconf 89' lang='lat' dir='ltr'><strong>cum</strong></span> <span class='ocrx_word' id='word_1_529' title='bbox 2134 3352 2467 3425; x_wconf 89' lang='lat' dir='ltr'><strong>principibus</strong></span> <span class='ocrx_word' id='word_1_530' title='bbox 2495 3353 2697 3425; x_wconf 88' lang='lat' dir='ltr'><strong>populi,</strong></span> <span class='ocrx_word' id='word_1_531' title='bbox 2730 3352 2841 3409; x_wconf 90' lang='lat' dir='ltr'><strong>Deo</strong></span> <span class='ocrx_word' id='word_1_532' title='bbox 2893 3358 3138 3422; x_wconf 85' lang='lat' dir='ltr'><strong>auctore,</strong></span> <span class='ocrx_word' id='word_1_533' title='bbox 3188 3352 3244 3408; x_wconf 90' lang='lat' dir='ltr'><strong>in</strong></span> <span class='ocrx_word' id='word_1_534' title='bbox 3299 3354 3532 3422; x_wconf 88' lang='lat' dir='ltr'><strong>quadam</strong></span> 
     </span>
    </p>
   </div>
   <div class='ocr_carea' id='block_1_78' title="bbox 1955 3444 3534 3519">
    <p class='ocr_par' dir='ltr' id='par_1_78' title="bbox 1955 3444 3534 3519">
     <span class='ocr_line' id='line_1_78' title="bbox 1955 3444 3534 3519; baseline -0.003 -17"><span class='ocrx_word' id='word_1_535' title='bbox 1955 3447 2234 3519; x_wconf 88' lang='lat' dir='ltr'><strong>dignitatis</strong></span> <span class='ocrx_word' id='word_1_536' title='bbox 2278 3447 2409 3505; x_wconf 91' lang='lat' dir='ltr'><strong>sede</strong></span> <span class='ocrx_word' id='word_1_537' title='bbox 2455 3446 2757 3512; x_wconf 89' lang='lat' dir='ltr'><strong>collocare,</strong></span> <span class='ocrx_word' id='word_1_538' title='bbox 2808 3461 2932 3502; x_wconf 91' lang='lat' dir='ltr'><strong>eum</strong></span> <span class='ocrx_word' id='word_1_539' title='bbox 2979 3444 3127 3501; x_wconf 90' lang='lat' dir='ltr'><strong>omni</strong></span> <span class='ocrx_word' id='word_1_540' title='bbox 3181 3458 3343 3515; x_wconf 85' lang='lat' dir='ltr'><strong>grege</strong></span> <span class='ocrx_word' id='word_1_541' title='bbox 3401 3444 3534 3498; x_wconf 88' lang='lat' dir='ltr'><strong>mihi</strong></span> 
     </span>
    </p>
   </div>
   <div class='ocr_carea' id='block_1_79' title="bbox 1955 3533 3535 3608">
    <p class='ocr_par' dir='ltr' id='par_1_79' title="bbox 1955 3533 3535 3608">
     <span class='ocr_line' id='line_1_79' title="bbox 1955 3533 3535 3608; baseline -0.003 -14"><span class='ocrx_word' id='word_1_542' title='bbox 1955 3538 2163 3595; x_wconf 88' lang='lat' dir='ltr'><strong>credito</strong></span> <span class='ocrx_word' id='word_1_543' title='bbox 2196 3546 2366 3594; x_wconf 89' lang='lat' dir='ltr'><strong>totam</strong></span> <span class='ocrx_word' id='word_1_544' title='bbox 2392 3552 2542 3608; x_wconf 86' lang='lat' dir='ltr'><strong>spem</strong></span> <span class='ocrx_word' id='word_1_545' title='bbox 2585 3552 2763 3592; x_wconf 87' lang='lat' dir='ltr'><strong>meam</strong></span> <span class='ocrx_word' id='word_1_546' title='bbox 2790 3536 2882 3591; x_wconf 92' lang='lat' dir='ltr'><strong>diu</strong></span> <span class='ocrx_word' id='word_1_547' title='bbox 2907 3544 3174 3605; x_wconf 87' lang='lat' dir='ltr'><strong>noctuque</strong></span> <span class='ocrx_word' id='word_1_548' title='bbox 3199 3534 3252 3588; x_wconf 90' lang='lat' dir='ltr'><strong>in</strong></span> <span class='ocrx_word' id='word_1_549' title='bbox 3283 3533 3535 3604; x_wconf 87' lang='lat' dir='ltr'><strong>precibus</strong></span> 
     </span>
    </p>
   </div>
   <div class='ocr_carea' id='block_1_80' title="bbox 1957 3622 3535 3695">
    <p class='ocr_par' dir='ltr' id='par_1_80' title="bbox 1957 3622 3535 3695">
     <span class='ocr_line' id='line_1_80' title="bbox 1957 3622 3535 3695; baseline -0.004 -14"><span class='ocrx_word' id='word_1_550' title='bbox 1957 3628 2025 3683; x_wconf 90' lang='lat' dir='ltr'><strong>ad</strong></span> <span class='ocrx_word' id='word_1_551' title='bbox 2054 3628 2222 3683; x_wconf 90' lang='lat' dir='ltr'><strong>Deum</strong></span> <span class='ocrx_word' id='word_1_552' title='bbox 2263 3625 2451 3693; x_wconf 87' lang='lat' dir='ltr'><strong>fundo,</strong></span> <span class='ocrx_word' id='word_1_553' title='bbox 2501 3633 2767 3695; x_wconf 90' lang='lat' dir='ltr'><strong>quatenus</strong></span> <span class='ocrx_word' id='word_1_554' title='bbox 2815 3622 3101 3695; x_wconf 79' lang='lat' dir='ltr'><strong>praesentis</strong></span> <span class='ocrx_word' id='word_1_555' title='bbox 3141 3622 3265 3677; x_wconf 67' lang='lat' dir='ltr'><strong>vitm</strong></span> <span class='ocrx_word' id='word_1_556' title='bbox 3311 3634 3535 3692; x_wconf 84' lang='lat' dir='ltr'><strong>prospe-</strong></span> 
     </span>
    </p>
   </div>
   <div class='ocr_carea' id='block_1_81' title="bbox 1955 3714 3538 3783">
    <p class='ocr_par' dir='ltr' id='par_1_81' title="bbox 1955 3714 3538 3783">
     <span class='ocr_line' id='line_1_81' title="bbox 1955 3714 3538 3783; baseline -0.001 -10"><span class='ocrx_word' id='word_1_557' title='bbox 1955 3718 2095 3774; x_wconf 90' lang='lat' dir='ltr'><strong>ritas</strong></span> <span class='ocrx_word' id='word_1_558' title='bbox 2123 3718 2359 3773; x_wconf 89' lang='lat' dir='ltr'><strong>arrideat</strong></span> <span class='ocrx_word' id='word_1_559' title='bbox 2387 3717 2456 3772; x_wconf 93' lang='lat' dir='ltr'><strong>ad</strong></span> <span class='ocrx_word' id='word_1_560' title='bbox 2480 3726 2688 3783; x_wconf 87' lang='lat' dir='ltr'><strong>votum,</strong></span> <span class='ocrx_word' id='word_1_561' title='bbox 2717 3716 2915 3773; x_wconf 67' lang='lat' dir='ltr'><strong>futurae</strong></span> <span class='ocrx_word' id='word_1_562' title='bbox 2936 3714 3285 3771; x_wconf 86' lang='lat' dir='ltr'><strong>beatitudinis</strong></span> <span class='ocrx_word' id='word_1_563' title='bbox 3307 3714 3538 3772; x_wconf 85' lang='lat' dir='ltr'><strong>felicitas</strong></span> 
     </span>
    </p>
   </div>
   <div class='ocr_carea' id='block_1_82' title="bbox 1957 3804 2705 3879">
    <p class='ocr_par' dir='ltr' id='par_1_82' title="bbox 1957 3804 2705 3879">
     <span class='ocr_line' id='line_1_82' title="bbox 1957 3804 2705 3879; baseline 0 -18"><span class='ocrx_word' id='word_1_564' title='bbox 1957 3806 2111 3863; x_wconf 79' lang='lat' dir='ltr'><strong>vobis</strong></span> <span class='ocrx_word' id='word_1_565' title='bbox 2137 3807 2297 3864; x_wconf 73' lang='lat' dir='ltr'><strong>cedat</strong></span> <span class='ocrx_word' id='word_1_566' title='bbox 2308 3804 2375 3862; x_wconf 78' lang='lat' dir='ltr'><strong>iii</strong></span> <span class='ocrx_word' id='word_1_567' title='bbox 2400 3807 2705 3879; x_wconf 62' lang='lat' dir='ltr'><strong>praemium.</strong></span> 
     </span>
    </p>
   </div>
   <div class='ocr_carea' id='block_1_83' title="bbox 2029 3896 3538 3969">
    <p class='ocr_par' dir='ltr' id='par_1_83' title="bbox 2029 3896 3538 3969">
     <span class='ocr_line' id='line_1_83' title="bbox 2029 3896 3538 3969; baseline 0.001 -17"><span class='ocrx_word' id='word_1_568' title='bbox 2029 3898 2107 3953; x_wconf 90' lang='lat' dir='ltr'><strong>De</strong></span> <span class='ocrx_word' id='word_1_569' title='bbox 2146 3896 2373 3968; x_wconf 85' lang='lat' dir='ltr'><strong>paciﬁco</strong></span> <span class='ocrx_word' id='word_1_570' title='bbox 2418 3899 2632 3969; x_wconf 86' lang='lat' dir='ltr'><strong>imperii</strong></span> <span class='ocrx_word' id='word_1_571' title='bbox 2684 3905 2853 3965; x_wconf 86' lang='lat' dir='ltr'><strong>statu,</strong></span> <span class='ocrx_word' id='word_1_572' title='bbox 2904 3897 2971 3953; x_wconf 89' lang='lat' dir='ltr'><strong>de</strong></span> <span class='ocrx_word' id='word_1_573' title='bbox 3019 3897 3171 3954; x_wconf 88' lang='lat' dir='ltr'><strong>vario</strong></span> <span class='ocrx_word' id='word_1_574' title='bbox 3225 3897 3538 3968; x_wconf 89' lang='lat' dir='ltr'><strong>procinctus</strong></span> 
     </span>
    </p>
   </div>
   <div class='ocr_carea' id='block_1_84' title="bbox 1956 3987 3539 4060">
    <p class='ocr_par' dir='ltr' id='par_1_84' title="bbox 1956 3987 3539 4060">
     <span class='ocr_line' id='line_1_84' title="bbox 1956 3987 3539 4060; baseline 0.001 -19"><span class='ocrx_word' id='word_1_575' title='bbox 1956 3996 2179 4054; x_wconf 84' lang='lat' dir='ltr'><strong>eventu,</strong></span> <span class='ocrx_word' id='word_1_576' title='bbox 2205 3996 2280 4056; x_wconf 85' lang='lat' dir='ltr'><strong>et,</strong></span> <span class='ocrx_word' id='word_1_577' title='bbox 2311 3989 2454 4060; x_wconf 91' lang='lat' dir='ltr'><strong>quod</strong></span> <span class='ocrx_word' id='word_1_578' title='bbox 2490 3988 2576 4044; x_wconf 91' lang='lat' dir='ltr'><strong>his</strong></span> <span class='ocrx_word' id='word_1_579' title='bbox 2606 3988 2857 4045; x_wconf 91' lang='lat' dir='ltr'><strong>omnibus</strong></span> <span class='ocrx_word' id='word_1_580' title='bbox 2884 3988 3057 4060; x_wconf 86' lang='lat' dir='ltr'><strong>maius</strong></span> <span class='ocrx_word' id='word_1_581' title='bbox 3078 3994 3181 4055; x_wconf 90' lang='lat' dir='ltr'><strong>est,</strong></span> <span class='ocrx_word' id='word_1_582' title='bbox 3206 3988 3273 4043; x_wconf 87' lang='lat' dir='ltr'><strong>de</strong></span> <span class='ocrx_word' id='word_1_583' title='bbox 3293 3987 3539 4057; x_wconf 86' lang='lat' dir='ltr'><strong>corporis</strong></span> 
     </span>
    </p>
   </div>
   <div class='ocr_carea' id='block_1_85' title="bbox 1958 4076 3539 4150">
    <p class='ocr_par' dir='ltr' id='par_1_85' title="bbox 1958 4076 3539 4150">
     <span class='ocr_line' id='line_1_85' title="bbox 1958 4076 3539 4150; baseline -0.001 -18"><span class='ocrx_word' id='word_1_584' title='bbox 1958 4079 2261 4148; x_wconf 82' lang='lat' dir='ltr'><strong>animaeque</strong></span> <span class='ocrx_word' id='word_1_585' title='bbox 2289 4087 2483 4135; x_wconf 67' lang='lat' dir='ltr'><strong>vestrae</strong></span> <span class='ocrx_word' id='word_1_586' title='bbox 2524 4079 2717 4147; x_wconf 89' lang='lat' dir='ltr'><strong>salute,</strong></span> <span class='ocrx_word' id='word_1_587' title='bbox 2741 4094 2840 4150; x_wconf 91' lang='lat' dir='ltr'><strong>per</strong></span> <span class='ocrx_word' id='word_1_588' title='bbox 2867 4077 3214 4150; x_wconf 81' lang='lat' dir='ltr'><strong>praesentium</strong></span> <span class='ocrx_word' id='word_1_589' title='bbox 3239 4076 3539 4133; x_wconf 89' lang='lat' dir='ltr'><strong>litterarum</strong></span> 
     </span>
    </p>
   </div>
   <div class='ocr_carea' id='block_1_86' title="bbox 1957 4167 3544 4241">
    <p class='ocr_par' dir='ltr' id='par_1_86' title="bbox 1957 4167 3544 4241">
     <span class='ocr_line' id='line_1_86' title="bbox 1957 4167 3544 4241; baseline 0.003 -20"><span class='ocrx_word' id='word_1_590' title='bbox 1957 4167 2278 4238; x_wconf 89' lang='lat' dir='ltr'><strong>portitorem</strong></span> <span class='ocrx_word' id='word_1_591' title='bbox 2303 4184 2402 4225; x_wconf 92' lang='lat' dir='ltr'><strong>nos</strong></span> <span class='ocrx_word' id='word_1_592' title='bbox 2429 4171 2727 4226; x_wconf 84' lang='lat' dir='ltr'><strong>certiﬁcate</strong></span> <span class='ocrx_word' id='word_1_593' title='bbox 2754 4212 2771 4239; x_wconf 91' lang='lat'><strong>,</strong></span> <span class='ocrx_word' id='word_1_594' title='bbox 2806 4179 3073 4241; x_wconf 90' lang='lat' dir='ltr'><strong>quatenus</strong></span> <span class='ocrx_word' id='word_1_595' title='bbox 3104 4169 3344 4225; x_wconf 90' lang='lat' dir='ltr'><strong>omnium</strong></span> <span class='ocrx_word' id='word_1_596' title='bbox 3374 4169 3544 4225; x_wconf 85' lang='lat' dir='ltr'><strong>bono-</strong></span> 
     </span>
    </p>
   </div>
   <div class='ocr_carea' id='block_1_87' title="bbox 1959 4257 3546 4331">
    <p class='ocr_par' dir='ltr' id='par_1_87' title="bbox 1959 4257 3546 4331">
     <span class='ocr_line' id='line_1_87' title="bbox 1959 4257 3546 4331; baseline 0.002 -21"><span class='ocrx_word' id='word_1_597' title='bbox 1959 4271 2079 4312; x_wconf 89' lang='lat' dir='ltr'><strong>rum</strong></span> <span class='ocrx_word' id='word_1_598' title='bbox 2130 4257 2373 4329; x_wconf 89' lang='lat' dir='ltr'><strong>largitori</strong></span> <span class='ocrx_word' id='word_1_599' title='bbox 2425 4260 2725 4331; x_wconf 84' lang='lat' dir='ltr'><strong>gratiarum</strong></span> <span class='ocrx_word' id='word_1_600' title='bbox 2777 4260 3019 4315; x_wconf 89' lang='lat' dir='ltr'><strong>actiones</strong></span> <span class='ocrx_word' id='word_1_601' title='bbox 3067 4258 3366 4314; x_wconf 82' lang='lat' dir='ltr'><strong>referamus</strong></span> <span class='ocrx_word' id='word_1_602' title='bbox 3414 4257 3546 4313; x_wconf 66' lang='lat' dir='ltr'><strong>laeti.</strong></span> 
     </span>
    </p>
   </div>
   <div class='ocr_carea' id='block_1_88' title="bbox 1960 4346 3549 4419">
    <p class='ocr_par' dir='ltr' id='par_1_88' title="bbox 1960 4346 3549 4419">
     <span class='ocr_line' id='line_1_88' title="bbox 1960 4346 3549 4419; baseline 0.001 -18"><span class='ocrx_word' id='word_1_603' title='bbox 1960 4347 2270 4417; x_wconf 79' lang='lat' dir='ltr'><strong>Augustalis</strong></span> <span class='ocrx_word' id='word_1_604' title='bbox 2290 4349 2503 4419; x_wconf 87' lang='lat' dir='ltr'><strong>imperii</strong></span> <span class='ocrx_word' id='word_1_605' title='bbox 2530 4351 2698 4407; x_wconf 89' lang='lat' dir='ltr'><strong>vestri</strong></span> <span class='ocrx_word' id='word_1_606' title='bbox 2719 4349 3021 4406; x_wconf 90' lang='lat' dir='ltr'><strong>sublimitas</strong></span> <span class='ocrx_word' id='word_1_607' title='bbox 3049 4362 3147 4419; x_wconf 91' lang='lat' dir='ltr'><strong>per</strong></span> <span class='ocrx_word' id='word_1_608' title='bbox 3180 4346 3347 4402; x_wconf 90' lang='lat' dir='ltr'><strong>multa</strong></span> <span class='ocrx_word' id='word_1_609' title='bbox 3376 4361 3549 4402; x_wconf 85' lang='lat' dir='ltr'><strong>anno-</strong></span> 
     </span>
    </p>
   </div>
   <div class='ocr_carea' id='block_1_89' title="bbox 277 4412 3554 4525">
    <p class='ocr_par' dir='ltr' id='par_1_89' title="bbox 277 4412 3554 4525">
     <span class='ocr_line' id='line_1_89' title="bbox 277 4412 3554 4525; baseline -0 -31"><span class='ocrx_word' id='word_1_610' title='bbox 277 4414 603 4525; x_wconf 58' lang='grc' dir='ltr'><strong>ξπίδθάοίον</strong></span> <span class='ocrx_word' id='word_1_611' title='bbox 644 4412 1251 4525; x_wconf 51' lang='grc' dir='ltr'><strong>Ηίῗ¹⁸⁸¹⁶ἶίωξθτ³⁹ξτί</strong></span> <span class='ocrx_word' id='word_1_612' title='bbox 1304 4422 1707 4525; x_wconf 45' lang='grc' dir='ltr'><strong>θξεαδίονπὶηθθ</strong></span> <span class='ocrx_word' id='word_1_613' title='bbox 1749 4428 1859 4525; x_wconf 59' lang='grc' dir='ltr'><strong>¹ξίξξ¹</strong></span> <span class='ocrx_word' id='word_1_614' title='bbox 1892 4454 2088 4525; x_wconf 75' lang='lat' dir='ltr'><strong>Drum</strong></span> <span class='ocrx_word' id='word_1_615' title='bbox 2117 4412 2385 4497; x_wconf 72' lang='lat' dir='ltr'><strong>curricula</strong></span> <span class='ocrx_word' id='word_1_616' title='bbox 2428 4442 2518 4498; x_wconf 89' lang='lat' dir='ltr'><strong>hic</strong></span> <span class='ocrx_word' id='word_1_617' title='bbox 2558 4442 2697 4498; x_wconf 85' lang='lat' dir='ltr'><strong>bene</strong></span> <span class='ocrx_word' id='word_1_618' title='bbox 2725 4442 3000 4513; x_wconf 88' lang='lat' dir='ltr'><strong>regnando</strong></span> <span class='ocrx_word' id='word_1_619' title='bbox 3027 4412 3293 4510; x_wconf 78' lang='lat' dir='ltr'><strong>proficiat,</strong></span> <span class='ocrx_word' id='word_1_620' title='bbox 3345 4447 3403 4491; x_wconf 87' lang='lat' dir='ltr'><strong>ut</strong></span> <span class='ocrx_word' id='word_1_621' title='bbox 3429 4447 3554 4508; x_wconf 89' lang='lat' dir='ltr'><strong>post</strong></span> 
     </span>
    </p>
   </div>
   <div class='ocr_carea' id='block_1_90' title="bbox 282 4502 1867 4575">
    <p class='ocr_par' dir='ltr' id='par_1_90' title="bbox 282 4502 1867 4575">
     <span class='ocr_line' id='line_1_90' title="bbox 282 4502 1867 4575; baseline -0.001 -14"><span class='ocrx_word' id='word_1_622' title='bbox 282 4515 555 4561; x_wconf 84' lang='lat' dir='ltr'><strong>terrarum</strong></span> <span class='ocrx_word' id='word_1_623' title='bbox 588 4505 863 4575; x_wconf 87' lang='lat' dir='ltr'><strong>marisque</strong></span> <span class='ocrx_word' id='word_1_624' title='bbox 890 4504 1130 4571; x_wconf 89' lang='lat' dir='ltr'><strong>domino,</strong></span> <span class='ocrx_word' id='word_1_625' title='bbox 1156 4503 1454 4561; x_wconf 88' lang='lat' dir='ltr'><strong>honoriﬁce</strong></span> <span class='ocrx_word' id='word_1_626' title='bbox 1479 4517 1512 4559; x_wconf 89' lang='lat' dir='ltr'><strong>a</strong></span> <span class='ocrx_word' id='word_1_627' title='bbox 1551 4502 1664 4561; x_wconf 91' lang='lat' dir='ltr'><strong>Deo</strong></span> <span class='ocrx_word' id='word_1_628' title='bbox 1699 4503 1867 4559; x_wconf 86' lang='lat' dir='ltr'><strong>subli-</strong></span> 
     </span>
    </p>
   </div>
   <div class='ocr_carea' id='block_1_91' title="bbox 283 4595 1868 4671">
    <p class='ocr_par' dir='ltr' id='par_1_91' title="bbox 283 4595 1868 4671">
     <span class='ocr_line' id='line_1_91' title="bbox 283 4595 1868 4671; baseline -0.002 -16"><span class='ocrx_word' id='word_1_629' title='bbox 283 4607 432 4655; x_wconf 89' lang='lat' dir='ltr'><strong>mato</strong></span> <span class='ocrx_word' id='word_1_630' title='bbox 466 4608 629 4671; x_wconf 90' lang='lat' dir='ltr'><strong>atque</strong></span> <span class='ocrx_word' id='word_1_631' title='bbox 665 4605 945 4664; x_wconf 86' lang='lat' dir='ltr'><strong>coronato,</strong></span> <span class='ocrx_word' id='word_1_632' title='bbox 977 4597 1170 4665; x_wconf 66' lang='lat' dir='ltr'><strong>Deam,</strong></span> <span class='ocrx_word' id='word_1_633' title='bbox 1194 4611 1417 4653; x_wconf 89' lang='lat' dir='ltr'><strong>suorum</strong></span> <span class='ocrx_word' id='word_1_634' title='bbox 1440 4595 1653 4653; x_wconf 89' lang='lat' dir='ltr'><strong>meritis</strong></span> <span class='ocrx_word' id='word_1_635' title='bbox 1688 4604 1868 4652; x_wconf 78' lang='lat' dir='ltr'><strong>extre-</strong></span> 
     </span>
    </p>
   </div>
   <div class='ocr_carea' id='block_1_92' title="bbox 284 4690 1867 4764">
    <p class='ocr_par' dir='ltr' id='par_1_92' title="bbox 284 4690 1867 4764">
     <span class='ocr_line' id='line_1_92' title="bbox 284 4690 1867 4764; baseline 0.001 -17"><span class='ocrx_word' id='word_1_636' title='bbox 284 4706 428 4758; x_wconf 90' lang='lat' dir='ltr'><strong>mus,</strong></span> <span class='ocrx_word' id='word_1_637' title='bbox 455 4690 772 4748; x_wconf 72' lang='lat' dir='ltr'><strong>humillimae</strong></span> <span class='ocrx_word' id='word_1_638' title='bbox 799 4690 1102 4749; x_wconf 88' lang='lat' dir='ltr'><strong>devotionis</strong></span> <span class='ocrx_word' id='word_1_639' title='bbox 1116 4690 1377 4764; x_wconf 89' lang='lat' dir='ltr'><strong>obsequia</strong></span> <span class='ocrx_word' id='word_1_640' title='bbox 1406 4705 1528 4748; x_wconf 90' lang='lat' dir='ltr'><strong>cum</strong></span> <span class='ocrx_word' id='word_1_641' title='bbox 1555 4691 1867 4749; x_wconf 87' lang='lat' dir='ltr'><strong>orationum</strong></span> 
     </span>
    </p>
   </div>
   <div class='ocr_carea' id='block_1_93' title="bbox 285 4779 847 4836">
    <p class='ocr_par' dir='ltr' id='par_1_93' title="bbox 285 4779 847 4836">
     <span class='ocr_line' id='line_1_93' title="bbox 285 4779 847 4836; baseline -0.007 0"><span class='ocrx_word' id='word_1_642' title='bbox 285 4779 570 4836; x_wconf 88' lang='lat' dir='ltr'><strong>instantia.</strong></span> <span class='ocrx_word' id='word_1_643' title='bbox 842 4782 847 4785; x_wconf 70' lang='grc'><em>“</em></span> 
     </span>
    </p>
   </div>
   <div class='ocr_carea' id='block_1_94' title="bbox 354 4869 1867 4948">
    <p class='ocr_par' dir='ltr' id='par_1_94' title="bbox 354 4869 1867 4948">
     <span class='ocr_line' id='line_1_94' title="bbox 354 4869 1867 4948; baseline 0.004 -22"><span class='ocrx_word' id='word_1_644' title='bbox 354 4869 487 4928; x_wconf 83' lang='lat' dir='ltr'><strong>Jure</strong></span> <span class='ocrx_word' id='word_1_645' title='bbox 510 4872 775 4931; x_wconf 87' lang='lat' dir='ltr'><strong>immenso</strong></span> <span class='ocrx_word' id='word_1_646' title='bbox 804 4875 984 4932; x_wconf 89' lang='lat' dir='ltr'><strong>cordis</strong></span> <span class='ocrx_word' id='word_1_647' title='bbox 1005 4875 1179 4945; x_wconf 89' lang='lat' dir='ltr'><strong>iubilo</strong></span> <span class='ocrx_word' id='word_1_648' title='bbox 1201 4883 1383 4948; x_wconf 89' lang='lat' dir='ltr'><strong>grates</strong></span> <span class='ocrx_word' id='word_1_649' title='bbox 1417 4890 1600 4932; x_wconf 90' lang='lat' dir='ltr'><strong>rerum</strong></span> <span class='ocrx_word' id='word_1_650' title='bbox 1624 4876 1867 4933; x_wconf 90' lang='lat' dir='ltr'><strong>omnium</strong></span> 
     </span>
    </p>
   </div>
   <div class='ocr_carea' id='block_1_95' title="bbox 285 4963 1875 5039">
    <p class='ocr_par' dir='ltr' id='par_1_95' title="bbox 285 4963 1875 5039">
     <span class='ocr_line' id='line_1_95' title="bbox 285 4963 1875 5039; baseline 0.001 -19"><span class='ocrx_word' id='word_1_651' title='bbox 285 4963 646 5035; x_wconf 86' lang='lat' dir='ltr'><strong>persolvimus</strong></span> <span class='ocrx_word' id='word_1_652' title='bbox 671 4964 918 5032; x_wconf 86' lang='lat' dir='ltr'><strong>Domino,</strong></span> <span class='ocrx_word' id='word_1_653' title='bbox 950 4966 1065 5035; x_wconf 91' lang='lat' dir='ltr'><strong>qui,</strong></span> <span class='ocrx_word' id='word_1_654' title='bbox 1106 4967 1164 5022; x_wconf 89' lang='lat' dir='ltr'><strong>in</strong></span> <span class='ocrx_word' id='word_1_655' title='bbox 1187 4964 1428 5037; x_wconf 68' lang='lat' dir='ltr'><strong>modum:</strong></span> <span class='ocrx_word' id='word_1_656' title='bbox 1445 4965 1674 5023; x_wconf 69' lang='lat' dir='ltr'><strong>excelsa:</strong></span> <span class='ocrx_word' id='word_1_657' title='bbox 1712 4982 1875 5039; x_wconf 89' lang='lat' dir='ltr'><strong>pyra-</strong></span> 
     </span>
    </p>
   </div>
   <div class='ocr_carea' id='block_1_96' title="bbox 287 5053 1877 5129">
    <p class='ocr_par' dir='ltr' id='par_1_96' title="bbox 287 5053 1877 5129">
     <span class='ocr_line' id='line_1_96' title="bbox 287 5053 1877 5129; baseline 0.003 -20"><span class='ocrx_word' id='word_1_658' title='bbox 287 5053 475 5121; x_wconf 89' lang='lat' dir='ltr'><strong>midis,</strong></span> <span class='ocrx_word' id='word_1_659' title='bbox 532 5063 729 5111; x_wconf 70' lang='lat' dir='ltr'><strong>vestrae</strong></span> <span class='ocrx_word' id='word_1_660' title='bbox 768 5056 1045 5127; x_wconf 90' lang='lat' dir='ltr'><strong>dignitatis</strong></span> <span class='ocrx_word' id='word_1_661' title='bbox 1099 5056 1557 5129; x_wconf 87' lang='lat' dir='ltr'><strong>magniﬁcentiam</strong></span> <span class='ocrx_word' id='word_1_662' title='bbox 1607 5058 1877 5114; x_wconf 87' lang='lat' dir='ltr'><strong>universis</strong></span> 
     </span>
    </p>
   </div>
   <div class='ocr_carea' id='block_1_97' title="bbox 288 5143 1876 5217">
    <p class='ocr_par' dir='ltr' id='par_1_97' title="bbox 288 5143 1876 5217">
     <span class='ocr_line' id='line_1_97' title="bbox 288 5143 1876 5217; baseline 0.002 -18"><span class='ocrx_word' id='word_1_663' title='bbox 288 5143 719 5215; x_wconf 81' lang='lat' dir='ltr'><strong>superescellere</strong></span> <span class='ocrx_word' id='word_1_664' title='bbox 748 5143 875 5201; x_wconf 86' lang='lat' dir='ltr'><strong>fecit</strong></span> <span class='ocrx_word' id='word_1_665' title='bbox 898 5144 1096 5217; x_wconf 85' lang='lat' dir='ltr'><strong>regnis.</strong></span> <span class='ocrx_word' id='word_1_666' title='bbox 1120 5145 1249 5215; x_wconf 66' lang='lat' dir='ltr'><strong>Quae</strong></span> <span class='ocrx_word' id='word_1_667' title='bbox 1274 5162 1382 5203; x_wconf 94' lang='lat' dir='ltr'><strong>non</strong></span> <span class='ocrx_word' id='word_1_668' title='bbox 1413 5146 1686 5204; x_wconf 88' lang='lat' dir='ltr'><strong>immerito</strong></span> <span class='ocrx_word' id='word_1_669' title='bbox 1712 5147 1876 5217; x_wconf 86' lang='lat' dir='ltr'><strong>huius</strong></span> 
     </span>
    </p>
   </div>
   <div class='ocr_carea' id='block_1_98' title="bbox 287 5234 1876 5309">
    <p class='ocr_par' dir='ltr' id='par_1_98' title="bbox 287 5234 1876 5309">
     <span class='ocr_line' id='line_1_98' title="bbox 287 5234 1876 5309; baseline 0.004 -21"><span class='ocrx_word' id='word_1_670' title='bbox 287 5234 640 5306; x_wconf 87' lang='lat' dir='ltr'><strong>pulcherrimi</strong></span> <span class='ocrx_word' id='word_1_671' title='bbox 676 5236 966 5293; x_wconf 90' lang='lat' dir='ltr'><strong>schematis</strong></span> <span class='ocrx_word' id='word_1_672' title='bbox 1012 5235 1192 5292; x_wconf 87' lang='lat' dir='ltr'><strong>decori</strong></span> <span class='ocrx_word' id='word_1_673' title='bbox 1235 5238 1539 5307; x_wconf 90' lang='lat' dir='ltr'><strong>comparari</strong></span> <span class='ocrx_word' id='word_1_674' title='bbox 1564 5254 1724 5309; x_wconf 90' lang='lat' dir='ltr'><strong>posse</strong></span> <span class='ocrx_word' id='word_1_675' title='bbox 1753 5254 1876 5296; x_wconf 91' lang='lat' dir='ltr'><strong>cre-</strong></span> 
     </span>
    </p>
   </div>
   <div class='ocr_carea' id='block_1_99' title="bbox 288 5324 1874 5366">
    <p class='ocr_par' dir='ltr' id='par_1_99' title="bbox 288 5324 1874 5366">
     <span class='ocr_line' id='line_1_99' title="bbox 288 5324 1874 5366; baseline 0 0"><span class='ocrx_word' id='word_1_676' title='bbox 288 5326 436 5366; x_wconf 71' lang='lat' dir='ltr'><strong>dilnr</strong></span> <span class='ocrx_word' id='word_1_677' title='bbox 495 5341 619 5366; x_wconf 70' lang='lat' dir='ltr'><strong>nnm</strong></span> <span class='ocrx_word' id='word_1_678' title='bbox 648 5326 828 5366; x_wconf 69' lang='lat' dir='ltr'><strong>alnrim</strong></span> <span class='ocrx_word' id='word_1_679' title='bbox 851 5334 1043 5366; x_wconf 69' lang='grc' dir='ltr'><strong>προσ-οη)</strong></span> <span class='ocrx_word' id='word_1_680' title='bbox 1071 5324 1207 5366; x_wconf 57' lang='lat' dir='ltr'><strong>ramo</strong></span> <span class='ocrx_word' id='word_1_681' title='bbox 1236 5341 1401 5366; x_wconf 70' lang='lat' dir='ltr'><strong>cnnnr</strong></span> <span class='ocrx_word' id='word_1_682' title='bbox 1426 5340 1651 5366; x_wconf 68' lang='lat' dir='ltr'><strong>nune-Inc</strong></span> <span class='ocrx_word' id='word_1_683' title='bbox 1677 5332 1874 5366; x_wconf 74' lang='grc' dir='ltr'><strong>ιιΙιῖηηο</strong></span> 
     </span>
    </p>
   </div>
   <div class='ocr_carea' id='block_1_100' title="bbox 1970 4524 3558 4607">
    <p class='ocr_par' dir='ltr' id='par_1_100' title="bbox 1970 4524 3558 4607">
     <span class='ocr_line' id='line_1_100' title="bbox 1970 4524 3558 4607; baseline -0.001 -22"><span class='ocrx_word' id='word_1_684' title='bbox 1970 4529 2025 4585; x_wconf 91' lang='lat' dir='ltr'><strong>in</strong></span> <span class='ocrx_word' id='word_1_685' title='bbox 2056 4530 2293 4601; x_wconf 88' lang='lat' dir='ltr'><strong>paradisi</strong></span> <span class='ocrx_word' id='word_1_686' title='bbox 2321 4532 2636 4588; x_wconf 69' lang='lat' dir='ltr'><strong>amoenitate</strong></span> <span class='ocrx_word' id='word_1_687' title='bbox 2662 4545 2886 4607; x_wconf 84' lang='lat' dir='ltr'><strong>operum</strong></span> <span class='ocrx_word' id='word_1_688' title='bbox 2914 4545 3135 4587; x_wconf 90' lang='lat' dir='ltr'><strong>suorum</strong></span> <span class='ocrx_word' id='word_1_689' title='bbox 3165 4528 3401 4585; x_wconf 82' lang='lat' dir='ltr'><strong>fructum</strong></span> <span class='ocrx_word' id='word_1_690' title='bbox 3434 4524 3558 4584; x_wconf 85' lang='lat' dir='ltr'><strong>dul-</strong></span> 
     </span>
    </p>
   </div>
   <div class='ocr_carea' id='block_1_101' title="bbox 1969 4621 2540 4694">
    <p class='ocr_par' dir='ltr' id='par_1_101' title="bbox 1969 4621 2540 4694">
     <span class='ocr_line' id='line_1_101' title="bbox 1969 4621 2540 4694; baseline -0.002 -15"><span class='ocrx_word' id='word_1_691' title='bbox 1969 4621 2107 4679; x_wconf 90' lang='lat' dir='ltr'><strong>citer</strong></span> <span class='ocrx_word' id='word_1_692' title='bbox 2134 4633 2345 4694; x_wconf 90' lang='lat' dir='ltr'><strong>carpat.</strong></span> <span class='ocrx_word' id='word_1_693' title='bbox 2394 4622 2540 4680; x_wconf 83' lang='lat' dir='ltr'><strong>Vale.</strong></span> 
     </span>
    </p>
   </div>
   <div class='ocr_carea' id='block_1_102' title="bbox 2543 4713 2994 4773">
    <p class='ocr_par' dir='ltr' id='par_1_102' title="bbox 2543 4713 2994 4773">
     <span class='ocr_line' id='line_1_102' title="bbox 2543 4713 2994 4773; baseline 0.004 -4"><span class='ocrx_word' id='word_1_694' title='bbox 2543 4713 2876 4773; x_wconf 81' lang='lat' dir='ltr'><strong>EPISTOLA</strong></span> <span class='ocrx_word' id='word_1_695' title='bbox 2906 4717 2994 4772; x_wconf 89' lang='lat' dir='ltr'><strong>IV.</strong></span> 
     </span>
    </p>
   </div>
   <div class='ocr_carea' id='block_1_103' title="bbox 2308 4819 3213 4864">
    <p class='ocr_par' dir='ltr' id='par_1_103' title="bbox 2308 4819 3213 4864">
     <span class='ocr_line' id='line_1_103' title="bbox 2308 4819 3213 4864; baseline 0.001 -6"><span class='ocrx_word' id='word_1_696' title='bbox 2308 4820 2376 4858; x_wconf 68' lang='lat' dir='ltr'><strong>AD</strong></span> <span class='ocrx_word' id='word_1_697' title='bbox 2410 4819 2464 4860; x_wconf 78' lang='lat' dir='ltr'><strong>ll.</strong></span> <span class='ocrx_word' id='word_1_698' title='bbox 2502 4820 2749 4863; x_wconf 69' lang='grc' dir='ltr'><strong>ΔΒΒΔΤΕΙ</strong></span> <span class='ocrx_word' id='word_1_699' title='bbox 2780 4821 2828 4863; x_wconf 83' lang='lat' dir='ltr'><strong>S.</strong></span> <span class='ocrx_word' id='word_1_700' title='bbox 2868 4822 3213 4864; x_wconf 72' lang='lat' dir='ltr'><strong>SALVATORIS.</strong></span> 
     </span>
    </p>
   </div>
   <div class='ocr_carea' id='block_1_104' title="bbox 2046 4892 3493 4966">
    <p class='ocr_par' dir='ltr' id='par_1_104' title="bbox 2046 4892 3493 4966">
     <span class='ocr_line' id='line_1_104' title="bbox 2046 4892 3493 4966; baseline 0.001 -17"><span class='ocrx_word' id='word_1_701' title='bbox 2046 4892 2399 4966; x_wconf 82' lang='lat' dir='ltr'><strong>Profecturus</strong></span> <span class='ocrx_word' id='word_1_702' title='bbox 2429 4893 2509 4947; x_wconf 88' lang='lat' dir='ltr'><strong>illi</strong></span> <span class='ocrx_word' id='word_1_703' title='bbox 2536 4896 2799 4966; x_wconf 82' lang='lat' dir='ltr'><strong>valedicit,</strong></span> <span class='ocrx_word' id='word_1_704' title='bbox 2845 4912 3160 4966; x_wconf 77' lang='lat' dir='ltr'><strong>suorumque</strong></span> <span class='ocrx_word' id='word_1_705' title='bbox 3188 4897 3235 4951; x_wconf 88' lang='lat' dir='ltr'><strong>ei</strong></span> <span class='ocrx_word' id='word_1_706' title='bbox 3264 4895 3493 4964; x_wconf 76' lang='lat' dir='ltr'><strong>fratrum</strong></span> 
     </span>
    </p>
   </div>
   <div class='ocr_carea' id='block_1_105' title="bbox 2411 4964 3115 5020">
    <p class='ocr_par' dir='ltr' id='par_1_105' title="bbox 2411 4964 3115 5020">
     <span class='ocr_line' id='line_1_105' title="bbox 2411 4964 3115 5020; baseline 0.003 -4"><span class='ocrx_word' id='word_1_707' title='bbox 2411 4965 2739 5020; x_wconf 85' lang='lat' dir='ltr'><strong>necessitates</strong></span> <span class='ocrx_word' id='word_1_708' title='bbox 2770 4964 3115 5018; x_wconf 80' lang='lat' dir='ltr'><strong>commendat.</strong></span> 
     </span>
    </p>
   </div>
   <div class='ocr_carea' id='block_1_106' title="bbox 2045 5072 3594 5146">
    <p class='ocr_par' dir='ltr' id='par_1_106' title="bbox 2045 5072 3594 5146">
     <span class='ocr_line' id='line_1_106' title="bbox 2045 5072 3594 5146; baseline -0.003 -14"><span class='ocrx_word' id='word_1_709' title='bbox 2045 5076 2246 5134; x_wconf 84' lang='lat' dir='ltr'><strong>Abbati</strong></span> <span class='ocrx_word' id='word_1_710' title='bbox 2292 5073 2385 5141; x_wconf 82' lang='lat' dir='ltr'><strong>ll.,</strong></span> <span class='ocrx_word' id='word_1_711' title='bbox 2414 5089 2684 5146; x_wconf 63' lang='lat' dir='ltr'><strong>germanae</strong></span> <span class='ocrx_word' id='word_1_712' title='bbox 2713 5073 2991 5129; x_wconf 85' lang='lat' dir='ltr'><strong>charitatis</strong></span> <span class='ocrx_word' id='word_1_713' title='bbox 3037 5072 3239 5130; x_wconf 81' lang='lat' dir='ltr'><strong>affectu</strong></span> <span class='ocrx_word' id='word_1_714' title='bbox 3263 5072 3594 5137; x_wconf 72' lang='lat' dir='ltr'><strong>dulcissimo</strong></span> 
     </span>
    </p>
   </div>
   <div class='ocr_carea' id='block_1_107' title="bbox 1978 5163 3598 5238">
    <p class='ocr_par' dir='ltr' id='par_1_107' title="bbox 1978 5163 3598 5238">
     <span class='ocr_line' id='line_1_107' title="bbox 1978 5163 3598 5238; baseline -0.004 -13"><span class='ocrx_word' id='word_1_715' title='bbox 1978 5168 2296 5238; x_wconf 89' lang='lat' dir='ltr'><strong>coniuncto,</strong></span> <span class='ocrx_word' id='word_1_716' title='bbox 2350 5165 2412 5219; x_wconf 85' lang='grc' dir='ltr'><strong>Β.</strong></span> <span class='ocrx_word' id='word_1_717' title='bbox 2458 5163 2735 5219; x_wconf 88' lang='lat' dir='ltr'><strong>dimidium</strong></span> <span class='ocrx_word' id='word_1_718' title='bbox 2792 5163 2984 5217; x_wconf 70' lang='lat' dir='ltr'><strong>animae</strong></span> <span class='ocrx_word' id='word_1_719' title='bbox 3034 5178 3169 5231; x_wconf 67' lang='lat' dir='ltr'><strong>suae,</strong></span> <span class='ocrx_word' id='word_1_720' title='bbox 3228 5164 3464 5234; x_wconf 89' lang='lat' dir='ltr'><strong>seipsum</strong></span> <span class='ocrx_word' id='word_1_721' title='bbox 3528 5172 3598 5229; x_wconf 72' lang='lat' dir='ltr'><strong>in</strong></span> 
     </span>
    </p>
   </div>
   <div class='ocr_carea' id='block_1_108' title="bbox 1978 5259 2285 5315">
    <p class='ocr_par' dir='ltr' id='par_1_108' title="bbox 1978 5259 2285 5315">
     <span class='ocr_line' id='line_1_108' title="bbox 1978 5259 2285 5315; baseline -0.016 0"><span class='ocrx_word' id='word_1_722' title='bbox 1978 5260 2126 5315; x_wconf 90' lang='lat' dir='ltr'><strong>omni</strong></span> <span class='ocrx_word' id='word_1_723' title='bbox 2154 5259 2285 5315; x_wconf 88' lang='lat' dir='ltr'><strong>ﬁde.</strong></span> 
     </span>
    </p>
   </div>
   <div class='ocr_carea' id='block_1_109' title="bbox 2049 5347 2278 5366">
    <p class='ocr_par' dir='ltr' id='par_1_109' title="bbox 2049 5347 2278 5366">
     <span class='ocr_line' id='line_1_109' title="bbox 2049 5347 2278 5366; baseline 0 0"><span class='ocrx_word' id='word_1_724' title='bbox 2049 5349 2145 5366; x_wconf 70' lang='grc' dir='ltr'><strong>Α.</strong></span> <span class='ocrx_word' id='word_1_725' title='bbox 2220 5347 2278 5366; x_wconf 65' lang='lat' dir='ltr'><strong>-l.</strong></span> 
     </span>
    </p>
   </div>
   <div class='ocr_carea' id='block_1_110' title="bbox 2320 5342 3577 5366">
    <p class='ocr_par' dir='ltr' id='par_1_110' title="bbox 2320 5342 3577 5366">
     <span class='ocr_line' id='line_1_110' title="bbox 2320 5342 3577 5366; baseline 0 0"><span class='ocrx_word' id='word_1_726' title='bbox 2320 5343 2445 5366; x_wconf 72' lang='grc' dir='ltr'><strong>2....ε-</strong></span> <span class='ocrx_word' id='word_1_727' title='bbox 2474 5357 2611 5366; x_wconf 60' lang='grc' dir='ltr'><strong>..Α-α</strong></span> <span class='ocrx_word' id='word_1_728' title='bbox 2642 5343 2880 5366; x_wconf 52' lang='grc' dir='ltr'><strong>ἔαρι-...ξω</strong></span> <span class='ocrx_word' id='word_1_729' title='bbox 2904 5342 3172 5366; x_wconf 56' lang='grc' dir='ltr'><strong>-.-αξ-ξι----</strong></span> <span class='ocrx_word' id='word_1_730' title='bbox 3210 5345 3363 5366; x_wconf 57' lang='grc' dir='ltr'><strong>,ια-,Α</strong></span> <span class='ocrx_word' id='word_1_731' title='bbox 3392 5344 3503 5366; x_wconf 57' lang='grc' dir='ltr'><strong>-.ι-2</strong></span> <span class='ocrx_word' id='word_1_732' title='bbox 3528 5364 3535 5365; x_wconf 36' lang='grc' dir='ltr'><em>κ</em></span> <span class='ocrx_word' id='word_1_733' title='bbox 3561 5354 3577 5366; x_wconf 73' lang='grc' dir='ltr'><strong><em>ο</em></strong></span> 
     </span>
    </p>
   </div>
  </div>
