4024 5370
507 301 649 371 nos

1608 272 1963 350 “assuetus
1999 286 2287 374 Aemus
2320 287 2684 350 AUGlENSlS

3658 284 3796 343 “6d

507 409 649 467 alter
684 407 907 465 alterius
941 419 1111 463 onera
1160 413 1460 478 portamus.
1503 403 1644 475 Ergo
1677 394 1937 472 longioris
1982 404 2101 470 viae,
2134 405 2181 467 Α
2209 420 2352 461 nunc
2387 420 2510 462 cum
2553 404 2721 460 Maria
2761 401 3021 476 Optimam
3060 408 3269 476 partem
3300 400 3502 463 habere
3524 411 3707 460 valeat
3742 403 3795 461 in

493 502 729 561 -.ut’,bene
758 499 918 564 nosti,
946 499 1057 555 iter
1084 506 1426 570 arrepturus,
1458 512 1620 571 agere
1677 497 1815 570 ccepi
1867 497 2101 570 qualiter

502 605 606 645 nec
630 597 686 644 tu
709 604 1026 647 remaneres
1059 605 1090 644 a
1117 604 1204 646 me
1250 589 1592 657 insalutatus,
1628 606 1727 647 nec
1762 605 1862 661 ego
1895 592 2099 646 abirem

507 697 539 736 a
594 688 648 736 te
696 679 1007 736 indonatus.
1050 681 1389 751 Quapropter
1434 680 1621 752 accipe
1669 680 1766 736 has
1814 680 2102 747 litterulas,

505 772 626 827 vice
681 769 845 826 amici
899 770 1168 839 directas,
1223 785 1344 841 qua:
1405 780 1459 827 et
1509 771 1854 828 salutationis
1899 786 1967 827 cx
2019 787 2105 828 me

505 859 740 917 oflleium
795 861 1082 933 expleant,
1138 870 1193 917 et
1241 861 1376 916 mihi
1428 862 1482 917 in
1541 870 1704 918 tantae
1760 863 2106 920 necessitatis

506 952 738 1010 articulo
765 953 1062 1010 constituto
1090 965 1410 1010 succurrere
1451 962 1505 1009 te
1529 954 1920 1010 commonitum
1972 953 2097 1010 red-

506 1042 678 1100 dant:
722 1059 829 1101 non
856 1060 962 1115 quo
992 1060 1134 1100 nunc
1156 1045 1372 1100 demum
1408 1044 1732 1100 beneficium
1754 1043 1948 1117 jungat
1969 1059 2105 1115 quos

500 1135 616 1205 jam
646 1137 773 1193 olim
811 1137 1166 1194 beneﬁcentia
1215 1136 1589 1207 copulaverat,
1635 1140 1752 1200 sed,
1795 1136 1948 1208 juxta
1976 1135 2108 1193 illud

508 1227 781 1299 A'p'ostoli,
835 1241 900 1281 ex
946 1226 1259 1298 aequalitate
1285 1236 1467 1282 vestra
1498 1226 1833 1281 abundantia
1863 1233 2103 1281 nostram

511 1319 761 1391 suppleat
795 1319 1059 1389 inopiam,
1114 1328 1172 1373 ut
1218 1329 1273 1374 et
1320 1328 1506 1374 nostra
1550 1317 1880 1374 abundantia
1911 1327 2107 1373 vestra:

506 1409 750 1481 (quando
778 1409 1063 1465 attamen?
1104 1410 1207 1465 etsi
1248 1408 1321 1464 ita
1369 1408 1684 1479 loquimur;
1729 1408 1923 1464 divites
1963 1406 2107 1461 enim

506 1501 659 1573 esus)
715 1500 912 1572 inapize
935 1501 1009 1557 sit
1033 1499 1483 1572 supplementum.
1523 1498 1805 1569 Alioquin,
1882 1507 1941 1554 ut
1984 1495 2107 1551 Tul-

506 1596 612 1652 lius
650 1595 764 1662 ait,
820 1595 975 1650 nimis
1023 1595 1209 1665 exigue
1258 1601 1332 1648 est
1385 1602 1432 1647 et
1497 1591 1703 1646 exiliter
1751 1591 1819 1644 ad
1876 1588 2106 1644 calculos

505 1705 692 1765 uocare
729 1688 1036 1753 amicitiam,
1092 1698 1150 1741 ut
1191 1704 1291 1758 par
1340 1687 1405 1742 sit
1472 1686 1608 1740 ratio
1675 1691 2003 1754 acceptorum
2055 1689 2106 1736 et

2206 499 2447 556 Christo.
2484 496 2646 554 Vobis
2678 498 2862 568 itaque
2907 497 2962 553 iu
3007 514 3171 554 unum
3222 496 3570 572 congregatis
3597 500 3655 555 et
3677 508 3797 558 meo

2205 591 2423 662 spiritu,
2478 588 2724 647 fraterne
2754 605 3010 662 rogamus
3033 601 3090 646 ut
3116 591 3403 648 continuos
3432 593 3663 664 triginta
3683 594 3799 652 dies

2206 683 2560 754 computetis,
2583 698 2648 739 ex
2678 683 2874 754 quibus
2898 682 3077 738 nullus
3103 683 3470 739 intermitatur
3488 684 3626 757 quin
3657 686 3799 743 salu-

2210 775 2349 831 taris
2379 775 2559 831 hostia
2587 790 2688 846 pro
2715 775 2956 846 ejusdem
3004 773 3191 831 fratris
3237 775 3418 831 anima
3462 775 3799 843 immoletur,

2206 882 2331 924 cum
2362 866 2582 923 totidem
2623 865 2894 937 psalteriis
2919 873 2975 920 et
3002 865 3220 936 vigiliis,
3250 866 3323 921 ita
3350 875 3411 921 ut
3436 866 3490 921 in
3513 867 3695 938 prima
3715 867 3800 924 die

2206 968 2497 1030 pascantur
2525 972 2791 1030 pauperes
2810 956 2872 1022 C,
2904 957 2959 1012 in
2990 956 3150 1012 tertia
3176 955 3283 1022 CC,
3311 958 3363 1011 in
3390 958 3627 1027 septima
3649 957 3797 1022 CCC,
3880 955 3898 980 ⁵

2208 1053 2263 1109 in
2293 1053 2566 1108 tricesima
2597 1047 2789 1116 CCCC,
2826 1057 2886 1105 ut
2910 1049 3068 1119 hujus
3095 1049 3413 1106 millenarite
3441 1049 3799 1120 perfectionis

2206 1156 2419 1199 summa
2468 1141 2540 1195 ibi
2580 1139 2676 1195 fiat
2706 1139 2954 1196 remissio
2980 1138 3163 1210 plena,
3202 1140 3291 1194 ubi
3330 1142 3518 1196 melior
3569 1151 3652 1196 est
3692 1141 3801 1197 dies

2207 1253 2313 1290 una
2338 1236 2393 1291 in
2416 1234 2567 1290 atriis
2598 1234 2813 1290 Domini
2839 1251 2997 1305 super
3034 1235 3224 1290 millia.
3264 1236 3430 1293 Vobis
3456 1252 3590 1294 vero
3620 1236 3805 1293 fratri-

2210 1325 2312 1381 bus
2350 1328 2577 1395 uostris,
2622 1341 2724 1383 nec
2770 1342 2877 1382 non
2908 1335 2963 1383 et
2999 1326 3214 1383 clericis
3247 1342 3345 1396 per
3384 1328 3553 1385 cellas
3585 1338 3806 1386 nostras

2220 1419 2556 1486 constitutis,
2585 1419 2641 1474 in
2671 1419 3001 1491 supradictis
3028 1418 3474 1491 quatuoddicbus
3503 1436 3801 1494 congruam

2208 1522 2267 1568 et
2293 1513 2709 1570 convenientem
2751 1528 2850 1584 pro
2898 1512 3182 1569 cbaritatis
3226 1511 3403 1569 ofﬁcio
3447 1514 3802 1570 refectionem

2209 1605 2392 1675 parari
2420 1610 2745 1661 'ceusemus.
2794 1604 2965 1676 ilujus
3012 1604 3386 1676 dispositionis
3425 1604 3801 1660 ordinatorem

2207 1711 2271 1752 ac
2299 1696 2634 1767 provisorem
2666 1696 2944 1751 dominum
2991 1694 3334 1751 Tiethaldum
3363 1709 3487 1751 esse
3523 1694 3797 1760 volumus,

506 1784 787 1845 datorum;
815 1780 995 1847 ditior,
1030 1778 1299 1850 inquiens,
1354 1779 1483 1833 milii
1544 1785 1592 1832 et
1648 1775 1940 1847 afﬂuentior
1972 1773 2099 1828 vitle-

2209 1786 2295 1841 cui
2324 1786 2489 1842 etiam
2523 1784 2747 1841 fratrem
2781 1785 3081 1844 Alawieum
3111 1801 3221 1842 una
3252 1800 3376 1842 cum
3426 1786 3515 1841 his
3543 1785 3642 1856 qui
3670 1783 3801 1842 foris

506 1881 596 1929 tur
655 1891 765 1929 esse
830 1889 948 1928 vera
1017 1871 1249 1926 amicitia
1292 1912 1308 1938 ,
1375 1886 1465 1924 nec
1527 1869 1798 1924 observare
1870 1866 2107 1922 restricte

454 1960 463 1965 ”
505 1984 570 2021 ne
588 1966 707 2037 plus
732 1966 915 2021 reddat
937 1981 1097 2036 quam
1121 1964 1395 2036 acceperit.
1423 1962 1610 2034 Neque
1631 1960 1778 2016 enim
1804 1958 2105 2016 verendum

507 2069 595 2114 est
625 2076 693 2116 ne
719 2060 851 2132 quid
880 2059 1119 2127 excidat,
1149 2067 1244 2114 aut
1274 2074 1342 2115 ne
1370 2056 1499 2129 quid
1548 2056 1601 2112 in
1650 2065 1849 2111 terram
1879 2053 2102 2121 defluat,

505 2162 601 2208 aut
629 2168 711 2209 ‘ne
754 2152 874 2223 plus
916 2168 1072 2223 aequo
1098 2152 1316 2223 quidem
1351 2151 1403 2206 in
1433 2149 1674 2206 amicitia
1698 2147 1811 2218 jam
1842 2161 2106 2219 congera-

508 2255 617 2300 tur.
645 2242 818 2316 Hujus
847 2244 1012 2314 igitur
1034 2259 1242 2300 memor
1266 2245 1422 2311 dicti,
1447 2244 1500 2299 iu
1526 2242 1670 2300 omni
1698 2242 1952 2298 amicitia:
1982 2241 2103 2297 the-

506 2352 669 2394 sauro
689 2335 824 2392 nihil
864 2336 1159 2407 reperiens,
1191 2335 1334 2407 quod
1365 2335 1496 2391 mihi
1541 2334 1758 2405 quidem
1810 2333 2104 2403 pretiosius

502 2427 738 2489 videtur,
765 2424 1031 2496 meipsum
1073 2412 1165 2482 tibi
1204 2426 1358 2482 trado
1403 2428 1456 2480 in
1492 2426 1788 2482 omnibus:
1833 2439 1942 2497 quo
1978 2440 2096 2478 mu-

502 2530 637 2573 nere
681 2516 837 2587 (non)
868 2514 1084 2588 ambigo
1130 2524 1182 2572 te
1205 2517 1553 2588 potissimum
1600 2515 1706 2571 frui
1744 2514 1907 2577 velle,
1951 2521 2105 2575 utet

499 2625 603 2683 ego
629 2609 751 2680 pari
797 2608 956 2665 modo
990 2615 1041 2663 te
1071 2606 1227 2663 fruar
1267 2609 1322 2664 in
1354 2607 1604 2664 Domino.
1651 2605 1806 2665 Unde
1843 2606 1983 2661 inter
2013 2620 2100 2661 sa-

501 2718 599 2761 cra
635 2702 926 2758 missarum
967 2700 1229 2756 solemnia
1266 2700 1685 2770 arationumque
1730 2698 2008 2762 libamina,
2041 2704 2101 2751 ut

502 2811 604 2866 ego
655 2794 752 2859 tui,
803 2802 878 2858 tu,
927 2807 1080 2865 rogo,
1127 2792 1203 2848 sis
1251 2806 1459 2848 memor
1496 2790 1623 2856 mei,
1657 2789 1915 2857 omnique
1947 2787 2099 2859 gregi

391 2933 402 2945 .
501 2886 680 2942 sancti
712 2885 1013 2941 Salvatoris
1046 2884 1143 2940 tibi
1190 2884 1420 2950 credito,
1464 2874 1716 2951 congruae
1759 2878 2099 2935 salutationis

500 2976 675 3032 verbo
710 2991 778 3031 ex
814 2991 900 3030 me
926 2973 1230 3044 praemisso,
1258 2986 1366 3042 quo
1395 2970 1680 3026 cbaritatis
1715 2968 1910 3023 affectu
1947 2976 2102 3037 pote-

504 3068 604 3131 ris,
643 3082 727 3123 me
791 3076 1116 3137 nostrosque
1172 3076 1364 3118 omnes
1421 3060 1799 3116 commendare
1857 3057 2094 3114 curabis.

499 3158 656 3216 Vale.

1077 3243 1414 3303 EPlSTOLA
1458 3243 1498 3299 V

1088 3355 1156 3396 AD
1205 3353 1513 3395 AUGIENSES.

502 3430 705 3496 Statuit
755 3434 882 3506 quid
927 3450 960 3488 α
1006 3432 1116 3487 suis
1145 3447 1252 3506 pro
1295 3429 1533 3506 defuncti
1578 3426 1816 3506 ﬂeinrici
1850 3425 2094 3482 monachi

786 3507 967 3561 anima
1013 3500 1240 3575 amplius
1281 3500 1680 3573 persolvendum
1721 3500 1810 3553 sit.

564 3619 781 3685 BERNO,
819 3616 916 3673 Dei
964 3613 1150 3672 Matris
1197 3628 1408 3680 servus,
1459 3610 1812 3683 Augiensium
1861 3608 2093 3665 fratrum

493 3708 722 3781 collegio
750 3724 937 3767 veram
970 3707 1317 3765 dilectionem
1349 3707 1403 3760 iu
1434 3704 1673 3760 Christo.

572 3800 762 3869 Qualis
785 3814 917 3872 erga
962 3814 1048 3855 me
1090 3799 1146 3854 in
1194 3796 1622 3870 prtecordiorum
1666 3804 1975 3852 vestrorum
2010 3808 2093 3850 se-

495 3895 665 3951 cretis
693 3893 923 3951 affectus
952 3901 1189 3958 maneat,
1221 3891 1528 3947 litterarum
1559 3897 1870 3944 vestrarum
1913 3873 2095 3942 textus

496 3985 635 4042 satis
669 3983 962 4039 intimavit.
992 3981 1096 4051 Qui
1121 3981 1269 4047 licet,
1313 3978 1544 4046 mellita,
1571 3986 1631 4033 ut
1659 3978 1740 4033 sic
1765 3977 1971 4034 dictum
1999 3976 2109 4042 sit,

497 4074 788 4131 dulcediue
827 4080 972 4130 totus
1016 4070 1349 4134 redundans,
1380 4068 1447 4124 de
1490 4076 1669 4124 vestra
1709 4065 2093 4138 prosperitate,

495 4165 717 4239 Deoque
748 4164 910 4237 digna
939 4160 1359 4219 conversatione
1402 4158 1630 4214 multum
1660 4173 1762 4215 nos
1786 4157 2097 4214 laztilleave-

493 4258 590 4326 rit,
620 4262 729 4316 non
770 4273 960 4330 parum
991 4254 1269 4311 mmstitite
1300 4254 1451 4310 cordi
1488 4253 1738 4326 ingessit,
1775 4252 1994 4324 quando
2020 4252 2095 4307 la-

495 4350 847 4407 mentabilem
894 4345 1081 4403 fratris
1126 4346 1299 4402 nostri
1344 4344 1584 4402 lleinriei
1635 4345 1842 4402 obitum
1883 4345 1951 4400 ad
1981 4359 2094 4400 me-

495 4439 731 4497 moriam
782 4437 1081 4501 revocavit,
1114 4449 1278 4507 quem
1308 4451 1414 4491 non
1464 4444 1574 4491 tam
1622 4444 1898 4492 mortuum
1946 4434 2095 4505 luge-

495 4547 640 4599 mus,
686 4540 876 4603 utpote
917 4545 1078 4601 quem
1108 4527 1396 4585 mortalem
1425 4528 1756 4595 sciebamus,
1783 4541 1945 4598 quam
1975 4534 2086 4581 tam

496 4625 699 4693 subito,
728 4624 868 4680 heu!
904 4621 1061 4679 nobis
1104 4621 1343 4677 ablatum
1391 4618 1659 4676 dolemus.
1711 4618 1912 4675 Verum
1960 4615 2089 4686 quia

468 4734 643 4774 -uuuc
678 4716 875 4789 magis,
908 4727 970 4771 ut
1011 4713 1295 4786 cujusdam
1342 4720 1467 4768 utar
1512 4709 1716 4777 verbis,
1755 4718 1968 4782 tempus
2007 4717 2091 4765 est

499 4810 726 4867 medela:
756 4823 922 4887 quam
953 4805 1211 4881 querclte,
1234 4810 1614 4877 abstergantur
1642 4800 1898 4873 lacrymis
1915 4815 2091 4872 gente,

498 4901 765 4958 abscedat
784 4903 997 4969 luctus,
1045 4901 1223 4972 fugiat
1269 4897 1424 4954 dolor
1469 4905 1525 4953 et
1551 4896 1806 4969 gemitus,
1840 4897 1914 4954 sit
1942 4896 2097 4953 nobis

496 5003 552 5050 et
581 4994 657 5049 illi
684 4994 739 5049 in
765 4995 1040 5051 communi
1075 4989 1380 5049 consolatio
1406 4986 1634 5044 Christi.
1717 4997 1727 5005 '

571 5086 679 5142 Pro
737 5084 855 5155 ejus
903 5098 1041 5140 vero
1095 5082 1296 5141 auium
1362 5079 1731 5147 absolutione,
1785 5093 2096 5151 quanquam

503 5178 726 5236 solitum
774 5193 838 5233 ac
878 5179 1134 5234 humanae
1160 5174 1297 5232 sorti
1348 5174 1592 5232 debitum
1644 5187 1752 5230 non
1781 5172 2091 5233 dubitemus

500 5284 602 5325 vos
622 5271 736 5341 jam
765 5269 1067 5339 explevisse
1099 5264 1357 5332 olIicium,
1398 5264 1600 5337 aliquid
1632 5272 1813 5320 tamen
1841 5278 2090 5321 necessa~

2123 4485 2174 4544 D

2208 1885 2334 1933 sunt
2360 1875 2808 1934 ministerialibus
2833 1876 3131 1948 adjutorem
3161 1877 3502 1949 deputamus.
3534 1874 3659 1937 Val.

2488 1962 2493 1966 ’
2777 1967 3112 2026 EPISTOLA
3143 1969 3232 2026 Vl.

2613 2077 2681 2117 AD
2720 2077 3076 2119 BUBCBARDUH
3113 2078 3383 2119 ABBATEI.

2315 2152 2409 2209 Illi
2432 2153 2630 2210 obitum
2651 2153 2870 2210 Henrici
2893 2156 3135 2211 monachi
3157 2156 3434 2229 Augiensis
3457 2158 3693 2213 nuntiat.

2280 2244 2449 2303 Unice
2478 2244 2674 2301 dilecto
2702 2246 2883 2302 abbati
2921 2246 3268 2314 Buucmuno,
3312 2248 3397 2313 Β..
3429 2248 3795 2320 cuculligero—

2205 2352 2326 2392 rum
2355 2336 2564 2392 meritis
2586 2345 2888 2406 extremus,
2932 2338 3241 2397 indiscreta:
3270 2340 3394 2397 fidei
3430 2342 3652 2413 pignus.

2272 2427 2426 2484 Licet
2448 2427 2743 2498 apostolica
2767 2429 3092 2486 auctoritate
3113 2431 3179 2487 de
3200 2432 3489 2489 charorum
3510 2433 3794 2491 ianristo

2203 2519 2589 2575 dormientium
2635 2520 2831 2592 (obitu)
2884 2523 3274 2594 prohibeamur
3301 2525 3642 2592 contristari,
3679 2525 3795 2595 pie—

2205 2609 2333 2666 tatis
2362 2620 2540 2665 tameu
2569 2608 2797 2667 affectus
2821 2613 2888 2668 ad
2923 2611 3168 2670 dolorem
3194 2614 3401 2671 excitat
3438 2627 3653 2685 pectus.
3683 2614 3793 2671 Sed

2203 2716 2477 2774 congruus
2502 2702 2557 2757 in
2587 2703 2832 2774 utrisque
2860 2704 3052 2761 modus
3078 2714 3162 2763 est
3187 2707 3490 2774 habendus,
3520 2714 3794 2779 quatenus

2203 2794 2270 2850 de
2298 2793 2446 2849 illata
2470 2795 2663 2851 mortis
2685 2795 3002 2853 conditione
3036 2796 3117 2854 sic
3159 2798 3333 2869 pietas
3364 2809 3524 2871 cogat
3549 2798 3704 2865 flere,
3732 2810 3794 2854 ut

2203 2888 2270 2944 de
2299 2887 2480 2943 futura
2505 2888 2678 2944 beatae
2709 2888 3134 2946 immortalitatis
3158 2888 3329 2961 gloria
3358 2905 3481 2961 spes
3522 2890 3792 2946 conducat

2203 2979 2269 3034 ad
2292 2978 2553 3049 gaudere.
2575 2978 2727 3046 Quod
2760 2995 2905 3037 nunc
2946 2980 3011 3038 de
3037 2980 3344 3037 charissimi
3387 2979 3576 3037 fratris
3618 2979 3791 3037 nostri

2204 3068 2441 3124 Heinrici
2465 3069 2710 3139 corporis
2737 3071 3073 3142 depositione
3101 3071 3410 3128 necessario
3440 3070 3599 3128 nobis
3627 3085 3791 3142 agen-

2121 3135 2166 3198 C
2197 3157 2325 3213 dum
2351 3171 2475 3213 esse
2508 3135 3263 3230 creditarum-quandoquidem
3288 3158 3544 3231 lacrymis
3566 3135 3693 3214 eum
3720 3159 3791 3214 ad

2198 3263 2297 3304 nos
2335 3262 2595 3305 revocare
2620 3249 2849 3311 ulterius
2874 3264 2983 3305 non
3042 3265 3350 3321 possumus,
3405 3264 3529 3306 cum
3577 3251 3784 3319 utique,

2196 3341 2242 3396 si
2297 3342 2402 3397 hoc
2458 3342 2780 3413 prodesset,
2831 3340 2960 3398 sola:
3002 3342 3213 3400 Domini
3255 3342 3525 3412 imprimis
3569 3356 3671 3412 pro
3703 3340 3789 3397 sui

2200 3433 2490 3491 clementia
2558 3435 2812 3507 lacrymze
2878 3434 3123 3491 sufﬁcere
3181 3442 3423 3506 possent.
3491 3432 3604 3490 Pro
3678 3448 3784 3505 quo

2197 3526 2364 3583 etiam
2410 3527 2590 3583 omnis
2637 3540 2776 3598 pene
2805 3526 3003 3583 cohors
3032 3524 3271 3596 palatina
3306 3525 3474 3597 gemit
3511 3524 3787 3594 trahitque

2194 3621 2458 3692 suspiria.’
2498 3619 2841 3691 Quapropter
2888 3627 3171 3690 tergantur
3238 3617 3532 3689 lacrymaz,
3592 3631 3783 3688 preces

2194 3729 2295 3785 pro
2381 3712 2500 3784 ejus
2562 3713 2753 3784 requie
2818 3712 2885 3769 ad
2942 3712 3109 3768 Deum
3176 3710 3473 3767 fundantur
3529 3710 3780 3766 assiduae.

2196 3800 2313 3859 Non
2356 3804 2428 3860 sit
2484 3802 2792 3859 consolatio
2838 3801 3154 3860 abscondita
3204 3802 3274 3858 ab
3320 3801 3497 3858 oculis
3545 3800 3779 3863 nostris;

2194 3895 2321 3966 quia
2350 3894 2463 3966 ipse
2492 3894 2584 3962 qui
2614 3893 2805 3951 mortis
2831 3909 2997 3951 venas
3025 3894 3269 3960 siccavit,
3302 3902 3358 3949 et
3377 3891 3652 3948 infernum
3681 3892 3783 3961 iter

2194 3984 2382 4042 fratris
2408 3985 2740 4042 dividentem
2770 3985 3059 4056 confregit,
3089 3984 3264 4051 illum,
3293 3994 3350 4039 ut
3379 3997 3687 4053 speramus,
3716 3983 3782 4038 de

2195 4079 2373 4136 medio
2400 4078 2712 4136 mortalium
2736 4079 2857 4135 ideo
2881 4078 3082 4149 eripuit
3105 4086 3165 4133 ut
3199 4083 3372 4134 morte
3397 4075 3567 4131 vitam
3594 4073 3782 4129 melio-

2195 4186 2309 4228 rem
2337 4179 2720 4228 commutaret.
2746 4169 2975 4240 Ideoque
2997 4174 3257 4241 pereunte
3282 4165 3505 4221 tristitia
3527 4164 3782 4221 succedat

2195 4265 2404 4331 laetitia,
2429 4263 2667 4319 maxime
2689 4277 2833 4328 cum,
2858 4261 3148 4317 Salomone
3176 4268 3333 4327 teste,
3362 4257 3551 4312 melior
3574 4256 3648 4312 sit
3672 4256 3780 4311 dies

2200 4354 2384 4410 mortis
2412 4354 2497 4410 die
2527 4353 2851 4408 nativitatis:
2878 4350 3008 4422 quia
3052 4350 3308 4406 nimirum
3354 4362 3480 4403 cum
3529 4356 3783 4417 peccator

2199 4446 2449 4513 moritur;
2475 4458 2703 4516 peccare
2725 4440 2841 4512 jam
2864 4440 3074 4499 desistit
3085 4442 3266 4511 justus
3290 4451 3423 4494 vero
3452 4438 3506 4492 in
3530 4437 3783 4491 memoria

2199 4548 2396 4595 eterna
2416 4537 2535 4605 erit,
2559 4548 2606 4592 et
2638 4537 2703 4592 ab
2735 4534 3004 4591 auditione
3031 4531 3173 4588 mala
3201 4547 3307 4586 non
3333 4529 3535 4586 timebit

2267 4629 2424 4686 Hunc
2445 4630 2632 4702 igitur,
2661 4628 2734 4685 mi
2756 4623 3127 4699 praecordialis
3179 4636 3348 4685 amor,
3399 4618 3696 4692 omnigena
3733 4627 3785 4675 te

2197 4735 2358 4795 prece
2386 4721 2648 4791 deprecor
2703 4728 2781 4785 ut,
2815 4719 2943 4790 quia
2978 4714 3148 4773 nostri
3171 4713 3372 4769 amoris
3400 4712 3784 4768 mediastinum

2199 4820 2445 4870 nontam
2486 4809 2820 4881 perdidimus
2848 4823 3012 4879 quam
3062 4814 3191 4861 ante
3219 4818 3317 4861 nos
3353 4803 3421 4859 ad
3460 4802 3785 4858 Creatorem

2201 4900 2597 4973 prazmisimus,
2628 4901 2824 4955 amodo
2855 4899 2910 4954 in
2940 4909 3218 4970 germana:
3244 4892 3531 4949 cbaritatis
3567 4889 3786 4947 vinculo

2200 4994 2432 5065 ligemur
2454 4990 2695 5056 arctius;
2728 5000 2790 5045 ut
2820 5003 2929 5045 non
2964 4988 3076 5057 jam
3100 4987 3230 5052 duo,
3254 4984 3348 5041 sed
3370 4997 3538 5039 unum
3566 4994 3788 5053 semper

2198 5086 2447 5141 vivamus
2477 5080 2533 5137 in
2552 5081 2788 5138 Christo.
2818 5079 2970 5137 Vale.

2745 5196 3085 5255 EPISTOLA
3131 5194 3240 5250 γυ.

2694 5308 2763 5349 ΑΒ
2838 5308 2895 5348 ll.
2969 5302 3280 5346 EPISCOPUI.
