4024 5370
304 365 444 423 “65

1713 356 2098 417 EPISTOLE.

3401 336 3425 421 ἰ
3445 368 3545 426 me

373 479 432 534 Si
485 483 728 533 veterum
775 473 863 531 illa
911 460 1179 532 sententia
1232 473 1541 539 constabit,
1588 469 1875 528 amicorum
1904 479 1952 536 Α
1977 481 2104 539 eeps
2133 481 2318 540 regum
2368 481 2524 524 erras.
2560 465 2714 522 Unde
2753 464 2817 521 de
2845 465 3060 538 (morte)
3092 465 3398 523 charissrmi
3424 485 3545 524 ser-

303 571 521 644 (omnia)
551 587 660 626 esse
689 570 1015 634 communia,
1054 567 1402 624 nihilominus
1423 567 1601 623 omnia
1631 573 1687 622 et
1707 565 1874 636 ipsius

300 660 551 716 amicitiae
574 659 720 729 jura,
753 672 874 728 qua:
903 657 995 727 qui
1034 655 1266 721 amittit,
1305 653 1428 724 jure
1470 654 1629 710 amici
1677 667 1872 709 nomen

300 737 524 822 perdit:
527 747 957 817 quandoquidem
1005 745 1148 800 illius
1185 745 1424 800 animum
1471 760 1576 800 non
1617 743 1872 810 custodit,

300 841 416 913 qui,
456 850 514 894 ut
539 839 738 894 usitato
760 837 1038 906 cujusdam
1067 847 1188 892 utar
1213 839 1399 903 verbo,
1425 847 1506 893 est
1532 839 1579 892 ei
1603 837 1734 892 alter
1755 852 1872 906 ego.

304 932 428 988 Non
447 931 612 996 enim,
627 938 684 984 ut
709 939 832 984 tuus
854 929 929 983 ait
950 929 1176 995 Tullius,
1193 929 1721 994 debetamicitiarum,
1739 929 1871 981 sicut

301 1021 526 1076 aliarum
543 1037 714 1074 rerum
729 1038 838 1076 esse
850 1023 1081 1075 satietas.
1099 1019 1262 1085 Tuus,
1275 1035 1377 1074 non
1396 1030 1578 1084 vester,
1596 1019 1714 1074 ideo
1732 1018 1871 1083 dixi,

300 1111 452 1183 quia,
478 1111 624 1166 salva
649 1112 865 1166 interim
894 1127 1135 1167 seorsum
1165 1111 1488 1177 reverentia,
1521 1125 1624 1164 non
1650 1119 1709 1163 ut
1732 1121 1876 1164 nunc

299 1202 631 1271 episcopum,
659 1203 752 1257 sed
784 1210 842 1256 ut
877 1202 1145 1271 quondam
1171 1201 1404 1256 amicum
1451 1210 1502 1254 te
1540 1200 1702 1254 statui
1744 1199 1875 1253 allo-

296 1290 589 1359 quendum.
603 1288 1298 1360 Cujusvoeabulioﬂiciiquc
1317 1289 1541 1360 pariter,
1557 1299 1615 1343 ut
1639 1289 1769 1342 mihi
1788 1288 1872 1341 vi-

298 1380 428 1433 dere
449 1379 651 1442 videor,
683 1378 904 1444 oblitus,
927 1394 1094 1435 novos
1115 1380 1374 1449 quosdam
1411 1379 1616 1433 moliris
1639 1377 1826 1434 modos
1857 1395 1870 1432 :

296 1483 421 1522 eum
442 1509 456 1531 ,
481 1467 634 1537 juxta
657 1471 898 1538 prredicti
916 1469 1283 1525 familiaristui
1304 1468 1626 1524 sententiam
1645 1509 1660 1534 ,
1698 1477 1876 1524 veter-

298 1558 434 1612 rima
449 1573 694 1629 quaeque,
722 1569 865 1614 utea
888 1560 1010 1614 vina
1039 1576 1160 1630 qua:
1185 1569 1503 1616 vetustatem
1527 1559 1731 1626 ferunt,
1753 1575 1874 1616 esse

298 1647 499 1702 debent
525 1651 847 1705 suavissima
868 1665 1211 1722 ;vcrmnque,
1227 1651 1518 1706 secundum
1542 1651 1708 1722 ipsius
1722 1651 1872 1706 testi-

295 1741 562 1807 monium,
587 1741 715 1797 illud
736 1744 806 1798 sit
840 1743 979 1812 quod
1006 1743 1224 1808 dicitur,
1267 1743 1465 1798 multos
1501 1744 1709 1798 modios
1745 1741 1874 1798 salis

1973 561 2178 616 vatoris
2207 560 2379 616 nostri
2417 559 2560 630 regis
2579 568 2634 614 et
2661 557 3002 628 imperatoris
3029 557 3094 612 Η.
3121 559 3337 615 tandem
3367 574 3542 630 quan-

1975 654 2358 724 tulumeunque
2386 652 2533 709 velut
2572 651 2858 716 consolati,
2904 651 3001 706 has
3031 651 3192 707 etiam
3233 653 3541 708 consolato-

1974 745 2085 800 rias
2118 745 2328 799 litteras
2367 751 2560 799 vestra:
2611 743 2906 798 direximus
2960 742 3261 808 sanctitati,
3315 742 3546 800 sollicite

1974 837 2323 892 admonentes
2359 842 2468 890 tam
2499 833 2616 902 ejus
2646 833 2804 904 digne
2852 833 3168 888 memoriam
3211 848 3426 905 semper
3450 835 3546 889 ha-

1973 931 2124 995 bere,
2151 945 2310 1000 quam
2354 930 2518 985 etiam
2559 929 2625 983 de
2668 928 2817 998 regni
2865 928 3030 982 vestri
3069 936 3212 983 statu
3242 942 3347 981 non
3381 927 3548 995 negli-

1973 1036 2116 1090 gere.
2142 1022 2293 1090 Quod
2326 1030 2450 1076 tunc
2479 1031 2626 1075 recte
2654 1019 2849 1082 facitis,
2882 1021 2926 1073 si
2953 1019 3132 1074 minus
3155 1019 3462 1090 prrecipites
3483 1019 3540 1073 in

1973 1115 2211 1171 consiliis
2261 1115 2456 1170 vestris
2489 1113 2775 1169 festinatis.
2809 1113 2973 1168 Decet
3017 1128 3128 1173 vos,
3159 1121 3217 1167 ut
3252 1112 3546 1183 sapientes,

1975 1205 2122 1273 regni
2176 1203 2343 1258 vestri
2395 1209 2711 1272 exspectare
2768 1211 3072 1266 consortes,
3101 1210 3369 1272 quatenus
3400 1216 3546 1256 nunc

1973 1296 2166 1350 iterum
2197 1294 2357 1349 unius
2410 1293 2554 1364 regis
2584 1308 2711 1348 cara
2738 1291 2928 1362 jungat
2957 1293 3211 1356 societas,
3258 1299 3406 1360 regat
3453 1306 3550 1344 au-

1973 1385 2216 1448 ctoritas,
2265 1383 2528 1455 gloriosos
2578 1383 2767 1439 reddat
2817 1381 3073 1446 civilitas,
3106 1396 3242 1450 quos
3287 1389 3550 1437 hactenus

1974 1474 2118 1529 nulla
2145 1473 2354 1544 Alpium
2386 1474 2561 1543 potuit
2587 1486 2839 1543 separare
2877 1472 3162 1541 asperitas,
3206 1485 3307 1527 nec
3333 1470 3548 1541 publica

1975 1575 2066 1617 aut
2109 1563 2317 1633 privata
2370 1577 2656 1618 causarum
2731 1569 3093 1630 sequestrare.
3150 1559 3349 1614 Sciatis
3403 1559 3549 1613 enim

1972 1655 2245 1726 publicum
2278 1662 2606 1711 conventum
2659 1653 2900 1707 omnium
2951 1661 3197 1708 nostrum
3232 1652 3373 1722 prid.
3410 1650 3546 1705 Non.

1974 1745 2122 1814 Sept.
2153 1758 2273 1798 esse
2297 1744 2452 1813 juxta
2475 1741 2748 1807 Rhenum,
2771 1741 2822 1794 in
2844 1741 2964 1796 loco
2985 1742 3074 1810 qui
3100 1741 3297 1796 dicitur
3319 1740 3547 1803 Kambe.

296 1833 459 1889 simul
487 1834 721 1890 edendos
741 1848 880 1901 esse,
909 1845 968 1889 ut
992 1836 1240 1890 amicitia:
1261 1851 1455 1892 munus
1479 1835 1749 1905 expletum
1779 1835 1870 1889 sit.
1907 1823 1946 1880 Β
1977 1835 2089 1901 ubi,
2119 1835 2163 1890 si
2188 1833 2313 1904 quid
2340 1832 2586 1887 utilitatis
2603 1832 2832 1886 Domino
2855 1832 3144 1902 adjuvante
3173 1847 3340 1902 regno
3363 1840 3551 1886 nostro

369 1925 478 1981 Nos
507 1942 637 1982 vero
661 1929 905 1997 quamvis
947 1927 1172 1982 multum
1221 1928 1478 1998 temporis
1519 1927 1574 1981 in
1618 1927 1872 1981 amicitia:

296 2017 697 2087 vetustatejam
737 2019 1088 2088 explevimus,
1120 2019 1357 2075 nondum
1386 2027 1564 2072 tamen
1594 2017 1680 2071 vel
1716 2018 1873 2071 unius

299 2110 556 2174 sextarii,
586 2125 654 2164 ne
680 2110 855 2164 dicam
913 2110 1104 2172 modii,
1135 2123 1400 2164 summam
1464 2109 1517 2162 in
1567 2107 1872 2176 hujusmodi

294 2203 583 2258 vetustatis
608 2204 991 2259 consuetudine
1023 2202 1475 2270 consumpsimus.
1510 2201 1577 2254 Et
1622 2211 1698 2266 tu,
1728 2200 1873 2255 velut

287 2289 405 2360 jam
430 2302 538 2348 tam
573 2294 812 2349 honestze
845 2293 1061 2348 virtutis
1097 2306 1319 2345 munere
1339 2290 1575 2346 officiose
1603 2292 1746 2345 inter
1773 2304 1872 2344 nos

299 2381 537 2451 expleto,
570 2382 641 2435 ita
673 2394 724 2436 te
772 2382 951 2436 subito
985 2381 1051 2435 ab
1094 2379 1410 2438 affabilitate
1455 2380 1757 2440 subtrahis,
1815 2387 1874 2433 ut

300 2485 403 2524 nec
435 2470 657 2524 salutari
691 2487 720 2525 a
749 2485 833 2524 me
854 2470 1112 2540 patiaris?
1135 2469 1274 2540 Ergo
1298 2478 1576 2539 postquam
1598 2485 1788 2539 nuper,
1822 2479 1873 2524 te

303 2559 563 2623 abeunte,
591 2560 886 2629 praelibatis
917 2559 1115 2614 osculis
1146 2544 1526 2615 valefacientes
1545 2561 1612 2614 ab
1642 2560 1872 2614 invicem

293 2648 668 2716 discessimus,
700 2651 1004 2720 sponsionis
1035 2660 1138 2705 tuae
1163 2653 1349 2717 verba,
1405 2653 1598 2722 quibus
1629 2663 1680 2708 te
1712 2655 1762 2709 in
1789 2669 1873 2708 re-

293 2739 560 2792 vertendo
590 2754 676 2794 me
715 2739 1052 2808 potissinmm
1096 2741 1455 2809 expetiturum
1495 2744 1867 2812 promittebas,

292 2828 450 2883 velut
475 2829 847 2884 dulcissimum
873 2830 1064 2900 pignus
1105 2831 1157 2883 in
1189 2845 1316 2886 arca
1346 2832 1522 2886 cordis
1561 2834 1868 2898 servabam,

292 2918 385 2972 die
411 2928 677 2989 noctuque
717 2919 784 2974 ad
828 2919 1222 2988 optatissimum
1270 2921 1474 2976 reditus
1503 2923 1577 2976 tui
1625 2926 1869 2978 nuntium

292 3022 594 3076 suspensus
620 3008 927 3074 manebant,
947 3025 1068 3064 cum
1092 3024 1219 3065 ecce.
1245 3011 1422 3067 subito
1454 3027 1575 3066 cum
1602 3022 1725 3067 voto
1747 3031 1870 3086 gra-

273 3098 572 3153 tulationis
595 3097 914 3168 legationem
944 3101 1200 3170 suscipio,
1225 3116 1344 3170 quze
1369 3102 1500 3156 mihi
1525 3101 1753 3170 iniunxit
1775 3107 1868 3160 tibi

1974 1924 2134 1979 fuerit
2177 1932 2588 1995 perlractatum,
2637 1923 2792 1978 vobis
2833 1936 3046 1992 quoque
3090 1923 3193 1977 erit
3222 1921 3547 1993 proficuum.

1972 2020 2106 2074 Nam
2132 2018 2311 2074 omnia
2341 2026 2547 2083 nostra,
2593 2024 2768 2071 vestra
2807 2033 2821 2069 :
2853 2024 2935 2079 ut,
2965 2029 3117 2069 versa
3166 2016 3314 2082 vice,
3362 2015 3546 2069 omnia

1971 2121 2170 2175 vestra,
2203 2119 2406 2164 nostra.

2042 2201 2137 2264 Te,
2170 2200 2368 2271 inclyta
2394 2199 2566 2264 ltalia,
2595 2213 2751 2254 soror
2791 2196 2993 2253 salutat
3035 2197 3285 2262 Francia,
3312 2196 3548 2252 suadens

1971 2291 2193 2346 unitatis
2223 2290 2446 2356 foedera,
2465 2291 2641 2360 quoad
2669 2288 2839 2344 libare
2869 2297 3052 2343 mutua
3091 2287 3317 2342 valeatis
3339 2286 3544 2350 oscula,

1971 2395 2031 2440 ut
2061 2385 2199 2439 Deus
2225 2388 2373 2454 pacis
2402 2392 2456 2439 et
2481 2381 2864 2438 consolationis
2891 2381 3148 2436 velociter
3173 2387 3423 2436 conterat
3443 2379 3546 2434 Sa~

1973 2487 2155 2532 tanam
2181 2475 2279 2531 sub
2300 2475 2527 2546 pedibus
2547 2473 2762 2528 vestris.
2782 2472 2873 2527 Sic
2892 2473 3036 2527 enim
3061 2473 3202 2527 inter
3227 2486 3324 2526 vos
3348 2470 3549 2526 sociale

1970 2568 2167 2624 bonum
2191 2567 2420 2622 firmiter
2447 2564 2740 2629 constabit,
2768 2563 2812 2618 si
2839 2563 2969 2617 illud
2999 2563 3281 2632 antiquum
3305 2569 3546 2616 vestrum

1970 2660 2108 2714 idem
2131 2657 2255 2714 velle
2281 2675 2344 2712 ac
2371 2655 2508 2710 nolle
2536 2654 2682 2710 nullo
2727 2654 2888 2709 modo
2931 2653 3200 2708 titubabit.
3235 2650 3386 2707 Hanc
3411 2650 3550 2704 ami-

1971 2752 2113 2807 cirire
2156 2751 2328 2820 legem
2384 2758 2579 2804 natura
2618 2747 2763 2802 velut
2812 2746 3080 2817 quoddam
3110 2743 3445 2808 solidarium,
3478 2756 3544 2797 ex

1971 2857 2076 2910 quo
2099 2841 2277 2896 Caroli
2303 2847 2606 2910 coeperunt,
2633 2836 2856 2892 Ottones
2881 2837 2934 2890 iu
2962 2834 3218 2890 lleinrico
3243 2833 3544 2897 desierunt,

1969 2932 2124 2986 vobis
2151 2947 2260 3002 pra:
2286 2931 2539 2986 omnibus
2580 2929 2851 2986 contradit
2891 2943 3105 2994 munus,
3136 2939 3196 2982 ut
3222 2927 3377 2997 quasi
3406 2941 3546 2982 unus

1973 3022 2185 3076 animus
2211 3030 2354 3076 esset
2383 3021 2435 3074 in
2465 3021 2622 3076 vobis
2648 3019 2912 3090 pluribus.

2042 3111 2380 3182 Quapropter
2405 3112 2548 3177 agite
2583 3110 2846 3175 consulte,
2889 3109 2978 3179 jus
3012 3110 3263 3165 amicitiae
3311 3117 3544 3174 servate,

293 3205 583 3246 occurrere
614 3190 699 3244 die
721 3191 1030 3244 constituto.
1069 3190 1195 3256 Sed,
1222 3207 1329 3262 quo
1375 3191 1485 3247 fato
1535 3195 1738 3261 nescio,
1777 3211 1871 3265 spe

1974 3206 2148 3276 magni
2179 3205 2386 3260 consilii
2422 3204 2670 3276 angelum
2718 3212 3057 3274 exspectate,
3109 3204 3235 3273 quia
3279 3203 3542 3272 scriptum

293 3280 584 3334 frustratus
613 3293 822 3334 maneo.
858 3280 966 3350 Ego
1001 3279 1270 3350 pessulum
1312 3282 1434 3336 ostii
1475 3282 1580 3336 mei
1623 3283 1677 3336 in
1707 3285 1870 3339 corde

277 3369 394 3424 tibi
423 3369 618 3423 dilecto
649 3371 864 3439 aperui;
894 3380 949 3423 at
979 3379 1032 3424 tu
1063 3370 1432 3427 declinaveras
1455 3382 1619 3442 atque.
1641 3375 1871 3429 transie-

291 3474 387 3516 ras
408 3499 424 3523 ,
455 3461 693 3530 mihique
719 3461 1006 3516 insalutato
1029 3477 1125 3531 pro
1147 3463 1390 3532 vestigiis
1420 3465 1618 3518 amoris
1641 3465 1870 3535 relique-

298 3565 392 3604 ras
417 3551 662 3605 stimulos
691 3551 912 3614 doloris,
935 3567 1056 3606 cum
1089 3568 1188 3623 ego
1217 3567 1372 3606 versa
1404 3554 1519 3609 vice
1545 3569 1642 3622 per
1674 3555 1870 3625 glacies

300 3649 360 3694 et
393 3655 580 3710 aquas,
612 3643 813 3695 amoris
843 3641 918 3694 tui
947 3641 1067 3710 igne
1092 3656 1401 3705 succensus,
1434 3643 1500 3696 ad
1533 3653 1584 3697 te
1637 3645 1871 3699 transire

281 3747 474 3788 essem
505 3741 756 3802 paratus;
796 3741 851 3786 ut
881 3733 933 3787 in
963 3749 1048 3788 me
1075 3733 1251 3788 studio
1272 3741 1327 3788 et
1350 3733 1523 3790 olIicio
1551 3735 1869 3792 benevolen-

302 3825 393 3879 tia:
429 3825 742 3893 impleretur
785 3825 924 3894 quod
981 3825 1216 3880 dicitur:
1255 3827 1414 3896 Aqua:
1444 3826 1620 3882 multa:
1648 3844 1748 3881 non
1770 3843 1865 3896 po-

292 3924 507 3969 tuerunt
555 3916 880 3986 exstinguere
929 3915 1257 3983 charitatem,
1293 3933 1385 3972 nec
1408 3919 1624 3988 [lumina
1651 3919 1867 3974 obruent

293 4007 465 4062 illam.

367 4101 708 4172 Quapropter
731 4111 894 4173 graue
922 4103 1308 4160 vicissitudinis
1345 4121 1539 4161 munus
1567 4092 1764 4161 amico-
1783 4090 1867 4161 reo

294 4195 491 4265 pende,
519 4201 678 4264 teque
725 4195 856 4250 mihi
911 4196 977 4250 ad
1032 4196 1406 4264 salutandum,
1453 4198 1863 4268 colloquendum

293 4285 814 4356 amplexandumque
847 4296 1013 4342 totum
1046 4288 1206 4343 citius
1234 4289 1510 4356 contrade,
1535 4299 1594 4345 ut
1619 4290 1863 4361 qui,sola

292 4374 440 4430 inter
466 4389 564 4429 nos
588 4375 955 4430 benevolentia
980 4377 1388 4444 interveniente,
1412 4381 1674 4448 coepimus
1697 4381 1864 4450 gratis

292 4479 500 4530 amare,
532 4467 735 4520 arctius
773 4466 828 4520 in
853 4465 1052 4522 Christi
1079 4467 1339 4522 charitate
1371 4467 1642 4524 valeamus
1670 4469 1862 4524 amodo

291 4571 572 4613 cornuum
599 4565 656 4612 et
679 4558 910 4612 animam
936 4573 1097 4612 unam
1128 4558 1344 4614 habere.
1375 4559 1621 4630 Alioquin
1649 4560 1865 4616 attende
1894 4537 1942 4595 θ

292 4648 437 4718 quod
470 4659 524 4700 tu
562 4647 674 4717 ipse
709 4656 938 4703 testatus
966 4664 1025 4703 es
1052 4646 1283 4703 Tullium
1307 4647 1509 4704 dixisse
1546 4668 1559 4702 :
1597 4647 1864 4705 Charitale

286 4738 458 4801 enim,
483 4737 687 4806 inquit,
718 4738 1161 4808 benevolentiaque
1185 4739 1390 4794 sublata
1442 4740 1608 4794 omnis
1639 4750 1713 4794 est
1749 4741 1865 4795 vita:

291 4826 496 4882 sublata
519 4826 849 4896 jucunditas.
874 4829 1023 4884 Vale.

836 4939 1169 4996 EPISTOLA
1209 4941 1338 4996 Vlll.

835 5048 903 5086 AD
931 5047 981 5082 πὶ.
1007 5045 1312 5087 ιεειιεεοιιυιι.

1969 3306 2095 3353 est:
2129 3296 2320 3352 Omnia
2367 3297 2456 3366 [ac
2505 3313 2623 3351 cum
2674 3296 2914 3360 consilio,
2943 3306 2991 3350 et
3037 3306 3152 3369 post
3199 3295 3398 3364 factum
3439 3310 3544 3348 non

1968 3390 2252 3459 poenitebis.
2302 3389 2427 3444 llaec
2469 3389 2631 3444 habui
2679 3403 2850 3458 pauca
2890 3403 3011 3458 qua:
3061 3401 3544 3444 commemorarem

1968 3483 2247 3548 benivole;
2282 3498 2376 3537 vos
2417 3491 2594 3536 autem
2639 3481 2898 3551 suscipite
2945 3481 3136 3536 amice.
3190 3479 3428 3534 Leonem
3456 3492 3548 3532 ve-

1969 3585 2164 3641 strum,
2193 3576 2301 3630 imo
2328 3582 2383 3630 et
2413 3583 2678 3638 nostrum,
2710 3572 3060 3628 fortissimum
3087 3571 3210 3637 fide,
3249 3579 3304 3625 et
3332 3569 3545 3625 Heinri-

1967 3683 2110 3732 cnm,
2141 3667 2316 3719 virum
2353 3667 2573 3735 antiqua
2614 3666 2837 3729 virtute,
2882 3679 2949 3719 ex
2994 3671 3179 3718 nostro
3201 3661 3374 3716 ofﬁcio
3402 3660 3544 3715 salu-

1967 3764 2097 3810 tate.
2126 3754 2418 3826 Propterea
2448 3755 2564 3820 tibi,
2594 3755 2684 3820 A.,
2717 3770 2960 3810 seorsum
2996 3754 3200 3824 gratias
3233 3752 3538 3816 referimus,

1967 3844 2092 3915 quia
2124 3853 2329 3908 nostra,
2357 3859 2421 3900 ac
2445 3845 2489 3900 si
2519 3845 2756 3915 propria,
2793 3843 2890 3918 [te]
2925 3845 3061 3900 tueri
3091 3844 3462 3915 cognovimus.

2515 3956 2843 4014 EPISTOLA
2881 3957 2972 4014 IX.

2493 4066 2560 4104 AD
2597 4065 2651 4105 ﬂ.
2691 4065 3002 4107 εριεοοιιυιι.

1968 4140 2102 4197 Petit
2126 4138 2189 4195 ab
2223 4157 2283 4196 eo
2311 4140 2556 4211 reliquias
2591 4141 2652 4212 S.
2687 4139 2814 4196 Urst'
2847 4141 3118 4212 Martyris,
3156 4140 3311 4212 cujus
3337 4156 3528 4211 corpus

2301 4211 2722 4280 transferendum
2747 4227 2856 4266 esse
2880 4211 3198 4266 inaudierat.

1979 4291 1988 4300 ’
2034 4304 2241 4358 D‘umno
2270 4298 2335 4354 Η.
2366 4300 2665 4356 antistitum
2693 4298 2839 4368 ﬂori,
2879 4299 3400 4372 omnigenarumque
3426 4301 3537 4357 vir-

1967 4398 2138 4443 tutum
2181 4389 2394 4452 decori,
2445 4390 2505 4443 Β.
2547 4389 2640 4444 Dei
2689 4389 2878 4446 Matris
2925 4405 2989 4444 ac
3033 4388 3269 4460 Virginis
3308 4406 3496 4446 servus
3526 4432 3542 4456 ,

1965 4495 2230 4552 omneque
2276 4480 2576 4536 fraternum
2620 4480 2889 4555 Augensis
2933 4481 3165 4538 cmuobii
3215 4482 3536 4554 collegium,

1966 4588 2233 4629 sumntum
2266 4580 2320 4627 et
2349 4573 2663 4629 indeflcicns
2693 4574 2920 4629 bonum.

2038 4662 2094 4718 Si
2126 4664 2252 4732 quid
2279 4662 2419 4718 inter
2455 4663 2692 4718 cmlestis
2720 4663 2859 4719 aulze
2881 4663 3086 4720 milites
3112 4664 3316 4720 distare
3341 4672 3541 4732 potest,

1969 4754 2024 4808 lii
2068 4755 2325 4808 nimirum
2367 4763 2626 4824 przestare
2665 4754 2917 4809 videntur
2971 4755 3064 4823 qui
3127 4769 3223 4825 per
3260 4767 3548 4807 ascensum

1968 4861 2296 4917 purpureum
2342 4845 2407 4900 ad
2461 4844 2590 4899 illud
2639 4860 2864 4899 aureum
2915 4846 3099 4899 nostri
3147 4841 3361 4911 paciﬁci
3408 4842 3550 4911 regis

1970 4940 2255 5009 pervenire
2278 4944 2592 4992 meruerunt
2617 4936 3043 4992 reclinatorium.
3061 4937 3178 4994 llic
3196 4933 3559 5000 apostolorum

1967 5027 2156 5082 limina
2188 5035 2456 5092 teruntur,
2482 5025 2610 5080 hinc
2657 5032 2957 5092 martyrum
2990 5019 3279 5088 suffragia
3301 5017 3574 5082 postulan-
