4024 5370
548 252 688 311 “67

1627 239 1970 302 BERNONIS
2003 239 2296 302 ABBATIS
2331 241 2698 304 AUGIENSIS

537 375 763 439 portate,
788 375 838 422 et
867 362 942 419 sic
961 359 1312 432 adimptebitis
1326 359 1489 433 legem
1511 355 1744 426 Christi;
1775 365 1832 416 et
1852 355 2113 416 Jacobus:
2142 357 2198 421 Α
2289 350 2432 430 ignis
2459 357 2548 416 ille
2585 365 2900 431 perpetuus,
2939 355 3010 416 de
3031 371 3140 431 quo
3175 356 3469 430 legislatori
3507 372 3542 416 a
3570 331 3806 421 Domino

540 458 704 518 Orate
728 472 822 528 pro
851 454 1094 520 invicem,
1121 462 1177 507 ut
1204 451 1500 507 salcemini.

611 550 672 607 Si
710 545 1015 619 hujusmodi
1064 529 1291 601 salvatio
1351 558 1450 616 per
1497 542 1607 601 bos
1661 559 1894 616 quorum
1939 540 2116 599 adhuc

536 656 737 714 corpus
784 637 1149 710 corrumpitur
1199 645 1255 693 et
1307 645 1569 710 aggravat
1613 637 1893 704 animam,
1931 642 2114 708 potest

533 733 856 809 promereri,
900 731 1071 788 multo
1100 728 1272 803 magis
1298 729 1409 787 Deo
1436 737 1661 787 auctore
1689 727 1758 784 ab
1783 728 1866 785 bis
1909 727 2113 785 salvari

535 825 680 896 (nos)
704 821 1053 896 sperandum,
1094 835 1326 893 quorum
1365 821 1559 876 anima:
1595 818 1711 892 jam
1741 834 1865 875 cum
1895 818 2115 875 Christo

533 917 591 973 in
623 914 831 974 colesti
865 913 1142 970 exsultant
1169 911 1361 985 gloria,
1390 912 1482 968 ubi
1507 913 1562 968 in
1581 910 1852 981 justorum
1890 910 2113 966 habita-

530 1006 672 1066 .culis
693 1014 914 1064 resonat
940 1019 1046 1062 vox
1071 1002 1447 1060 exsultationis
1475 1012 1532 1059 et
1573 1003 1787 1060 salutis.
1818 1000 1990 1070 Hujus
2031 1001 2112 1056 rei

532 1098 710 1168 gratia
733 1097 800 1154 ad
827 1105 900 1163 te,
923 1093 1376 1152 reverendissime
1397 1092 1624 1148 Patrum
1647 1133 1662 1157 ,
1692 1091 1966 1148 credimus
2010 1091 2111 1146 has

530 1191 748 1248 litteras
786 1189 1085 1256 destinare,
1110 1201 1209 1261 per
1248 1200 1384 1258 quas
1424 1185 1792 1242 indubitanter
1833 1198 2114 1257 speremus

523 1283 812 1341 charitatis
850 1283 992 1339 dona
1018 1295 1178 1354 posse
1207 1280 1520 1350 impetrare.
1563 1277 1842 1348 Respersit
1876 1290 2113 1346 namque

522 1389 632 1431 stos
657 1374 794 1432 odor
837 1371 1010 1430 dulcis
1046 1371 1204 1427 fama;
1251 1383 1358 1440 qua
1399 1365 1772 1439 comperimus
1796 1380 1894 1422 vos
1935 1363 2111 1421 sancti

527 1481 597 1522 ac
620 1473 704 1521 ter
741 1473 1044 1535 quaterque
1067 1461 1212 1518 beati
1262 1458 1519 1530 martyris
1548 1455 1673 1512 Ursi
1696 1495 1712 1523 ,
1743 1453 1993 1511 videlicet
2020 1467 2114 1525 pao

528 1556 676 1613 troni
704 1555 893 1622 vestri,
927 1552 1168 1626 (corpus)
1196 1549 1338 1606 velle
1363 1547 1684 1616 transferre,
1717 1548 1862 1620 quod
1888 1547 2110 1602 omnino

2217 448 2531 520 pmcipitur
2572 458 2632 505 ut
2677 463 2954 519 nunquam
2983 449 3050 506 de
3095 448 3258 504 altari
3306 449 3552 518 deficiat,
3603 451 3662 507 in
3708 466 3802 508 ara

2215 543 2395 599 cordis
2421 543 2500 599 tui
2537 540 2738 615 jugiter
2763 542 2976 612 ﬂagrat,
3005 557 3074 598 ex
3115 556 3224 613 quo
3255 542 3550 615 thymiama
3591 543 3805 600 devota

2214 633 2477 690 orationis
2530 646 2695 690 suave
2731 633 2993 690 adoletur.
3036 633 3202 706 Cujus
3227 647 3352 707 ego,
3391 635 3535 692 inter
3576 645 3806 694 caeteros

2216 723 2470 780 amicitiae
2507 733 2614 781 tua:
2659 724 2832 793 viros,
2860 725 3029 781 odore
3057 733 3344 793 attractus,
3369 725 3536 782 etiam
3576 726 3624 782 si
3656 726 3804 792 volo.

2215 817 2503 873 immemor
2533 817 2609 873 tui
2640 833 2760 874 esse
2786 832 3016 888 nequeo,
3039 819 3340 890 praesertim
3372 833 3497 876 cum
3524 822 3603 874 tul
3635 820 3804 876 verba

2213 910 2492 981 sapientis,
2512 910 2664 980 juxta
2690 911 2818 966 illud
2851 911 3182 980 Salomonis,
3209 912 3318 968 sint
3357 913 3496 971 apud
3525 927 3618 969 me
3651 914 3805 982 quasi

2217 1000 2353 1056 clari
2401 1003 2455 1056 in
2497 1002 2663 1057 altum
2687 1002 2870 1071 deﬁxi,
2897 1017 3127 1073 quorum
3156 1019 3256 1077 ego
3282 1004 3366 1060 vel
3393 1005 3660 1062 memoria
3691 1005 3806 1076 ipse

2213 1107 2450 1149 recreor.
2497 1094 2666 1165 Igitur
2692 1095 2819 1150 dum
2862 1096 3116 1166 presenti
3145 1112 3288 1156 anno
3317 1097 3556 1154 Coloniae
3600 1114 3803 1156 conve—

2214 1185 2502 1253 nissemus,
2532 1187 2714 1258 ibique
2743 1185 2918 1244 dulcis
2944 1189 3190 1258 quaedam
3215 1191 3281 1248 de
3315 1206 3472 1248 sacra
3510 1190 3802 1263 Scriptura

2212 1274 2356 1332 inter
2393 1290 2493 1333 nos
2541 1277 2727 1333 habita
2775 1287 2920 1335 esset
2947 1279 3183 1346 collatio,
3234 1281 3410 1337 subito
3439 1283 3801 1353 quaestionem

2214 1363 2464 1434 intulisti,
2498 1379 2599 1422 cur
2619 1365 2933 1433 Cassianus,
2957 1368 3049 1438 qui
3070 1369 3136 1424 de
3163 1369 3486 1427 institutione
3513 1373 3805 1430 monacho-

2213 1471 2331 1508 rum
2375 1453 2542 1510 multa
2577 1457 2883 1528 composuit
2931 1445 3108 1524 utilia,
3162 1459 3303 1516 idem
3342 1461 3656 1532 reperiatur
3706 1461 3800 1533 qui

2210 1546 2485 1617 praecipue
2513 1545 2760 1616 ejusdem
2786 1547 3148 1619 reprehensor
3170 1564 3291 1607 esse
3313 1551 3559 1608 videatur
3589 1551 3798 1626 [αροςτ.

527 1647 686 1703 nobis
715 1644 912 1718 gaudio
954 1642 1140 1710 sciatis
1167 1639 1306 1696 fore.
1352 1638 1692 1712 QuaprOpter
1723 1647 1775 1694 te
1796 1677 1812 1704 ,
1838 1637 1955 1709 qui,
1982 1635 2110 1694 fidei
2136 1715 2171 1718 _
2210 1635 2630 1706 reprehensores
2658 1649 2782 1692 esse
2820 1637 3149 1710 videantur].
3189 1637 3335 1696 Ades
3372 1655 3530 1714 ergo,
3552 1641 3801 1701 animad-

526 1715 1002 1804 tnerito'sedisque
1029 1728 1354 1802 episcopalis
1378 1729 1684 1802 privilegio,
1719 1737 1828 1784 tam
1856 1726 2103 1799 praeclari
2135 1715 2183 1775 Β
2211 1738 2428 1784 vertens
2458 1743 2578 1800 qua:
2601 1728 2746 1786 dico.

527 1824 688 1881 ollicii
729 1823 980 1880 minister
1031 1821 1337 1892 praecipuus
1387 1820 1550 1892 digne
1591 1821 1822 1888 existis,
1867 1820 2104 1892 primum

525 1927 873 1985 venerantes,
904 1917 1099 1973 deinde
1128 1923 1357 1973 cunctos
1411 1915 1504 1987 qui
1537 1915 1640 1990 piae
1681 1915 1962 1988 religionis
1983 1924 2104 1972 stu-

522 2010 616 2067 dio
644 2011 712 2066 ad
740 2011 793 2066 id
831 2011 1007 2081 ipsum
1033 1997 1405 2074 conveniunt,
1435 2008 1738 2064 humillimo
1763 2008 1945 2065 cordis
1971 2007 2104 2064 affe-

523 2113 614 2162 ctu
644 2103 960 2169 salutantes,
989 2102 1169 2160 devoti
1200 2115 1456 2174 rogamus
1476 2111 1535 2158 et
1584 2101 1854 2173 supplices
1913 2108 2105 2172 quate-

522 2214 648 2266 nus,
695 2214 795 2270 pro
823 2211 1048 2254 munere
1069 2194 1478 2263 benedictionis,
1519 2207 1828 2250 mereamur
1866 2207 1964 2264 per
2007 2207 2106 2249 vos

525 2291 716 2349 donari
745 2291 1125 2364 tautipatroui
1153 2289 1418 2361 reliquiis.

591 2383 762 2454 Hujus
809 2384 918 2440 voti
948 2383 995 2440 si
1047 2383 1160 2440 Deo
1211 2383 1432 2454 auspice
1482 2391 1760 2454 compotes
1817 2382 2101 2447 fuerimus,

521 2475 665 2533 diem
694 2477 859 2532 etiam
879 2475 1171 2546 passionis,
1194 2474 1280 2530 vel
1303 2474 1349 2531 si
1376 2489 1481 2545 qua
1510 2473 1754 2545 ejusdem
1779 2484 1930 2545 gesta
1961 2488 2106 2528 mar-

520 2569 661 2642 tyris
703 2583 872 2640 penes
903 2584 998 2625 vos
1049 2567 1534 2633 habentur,.nobis
1586 2565 1882 2623 transmitti
1928 2565 2106 2621 modis

518 2662 773 2719 omnibus
796 2662 1135 2733 adoptunus,
1159 2670 1429 2732 quatenus
1451 2675 1598 2716 nunc
1624 2660 1764 2730 apud
1788 2658 2103 2714 memoriam

517 2753 665 2810 beati
691 2753 946 2824 martyris
970 2751 1120 2809 velut
1139 2752 1194 2807 in
1224 2766 1355 2823 agro
1381 2751 1664 2807 Dominico
1694 2749 1856 2806 simul
1895 2749 2104 2805 oratio-

520 2860 652 2902 num
679 2847 887 2902 semina
897 2845 1166 2914 jaciamus
1185 2844 1778 2916 lacrymantes,ut,per
1801 2843 1917 2913 ejus
1939 2842 2106 2898 inter-

522 2936 849 3002 cessionem,
893 2937 948 2991 in
979 2935 1088 2992 fine
1133 2936 1400 2992 bonorum
1427 2950 1652 3006 operum
1683 2932 1989 3004 manipulos
2037 2931 2105 2986 ad

511 3026 802 3084 .ctelestem
825 3041 1009 3084 aream
1031 3035 1310 3095 reportare
1337 3039 1650 3082 mereamur
1674 3034 1922 3080 ovantes.
1947 3020 2100 3077 Vale.

1083 3104 1421 3162 EPISTULA
1466 3105 1537 3160 Χ.

1115 3204 1184 3243 ΔΙ)
1224 3203 1527 3244 CUONONEII.

522 3271 602 3326 Ab
631 3270 726 3327 illo
753 3271 988 3342 ejusdem
1013 3269 1184 3324 sancti
1207 3270 1452 3340 martyris
1477 3267 1601 3324 Ursi
1628 3268 1873 3342 reliquias
1892 3269 2108 3340 expetit.

597 3352 867 3409 Virtutum
910 3352 1047 3418 viro,
1097 3351 1325 3420 ideoque
1354 3349 1626 3407 Cuononis
1652 3352 1874 3407 nomine
1923 3352 2106 3424 digno,

521 3443 584 3498 Β.
614 3453 820 3500 sanctzn
867 3442 1051 3498 Maria:
1095 3458 1309 3514 semper
1347 3443 1573 3514 virginis
1616 3443 1967 3514 mancipium,
1997 3461 2106 3500 una

521 3551 646 3591 cum
671 3534 1088 3607 congregatione
1121 3533 1226 3590 sibi
1269 3533 1499 3596 credita,
1523 3533 1774 3590 fraternae
1821 3535 2108 3593 charitatis

520 3625 731 3681 munia.

595 3712 731 3782 Quia
765 3725 815 3770 te
847 3723 1078 3784 quatuor
1105 3723 1492 3785 quaternarum
1520 3714 1779 3770 virtutum
1815 3714 2108 3786 generibus

521 3803 703 3876 reipsa
725 3805 1048 3877 quadratum
1070 3819 1190 3861 esse
1211 3805 1595 3876 comperimus,
1611 3807 1888 3877 petitionis
1908 3818 2107 3864 nostra:

512 3892 775 3950 .all‘ectum
804 3895 898 3950 tibi
924 3895 1162 3965 pandere
1206 3910 1313 3950 non
1355 3895 1697 3967 ambigimus.
1726 3897 1818 3952 Est
1857 3898 2010 3953 nobis
2051 3899 2106 3954 in

522 3986 772 4057 proximo
802 3985 972 4051 locus,
999 3986 1182 4043 divino
1207 3987 1374 4043 cultui
1405 3991 1690 4060 aptandus,
1722 4007 1880 4062 quem
1923 3992 2106 4063 aliquo

522 4091 654 4134 raro
684 4092 964 4134 sacrarum
991 4079 1340 4150 reliquiarum
1370 4092 1564 4138 ornatu
1589 4085 1776 4139 dotare
1806 4086 2103 4156 cupientes,

523 4167 625 4222 has
653 4167 748 4222 tibi
781 4167 1046 4224 litterulas
1070 4185 1167 4241 per
1190 4170 1411 4228 fratrem
1438 4184 1680 4230 nostrum
1707 4177 1766 4232 P.
1802 4183 2104 4239 transmisi-

517 4271 670 4322 anus,
700 4259 1014 4329 suppliciter
1039 4262 1392 4332 deprecantes
1412 4265 1490 4321 uti
1519 4281 1584 4322 ex
1617 4267 1848 4342 benigno
1871 4273 2107 4330 charita-

521 4349 600 4405 tis
627 4357 730 4405 tua:
756 4368 978 4408 munere
1009 4353 1243 4424 aliquam
1288 4359 1590 4428 portionem
1637 4376 1702 4416 cx
1733 4365 2105 4424 sacratissimo

2277 1817 2656 1887 Cassiodorus,
2682 1835 2750 1875 ex
2776 1828 3030 1877 senatore
3052 1821 3372 1890 monachus,
3398 1822 3486 1878 vir
3516 1823 3574 1879 in
3597 1822 3803 1882 divinis

2205 1917 2262 1966 et
2290 1910 2546 1968 humanis
2573 1910 2770 1968 litteris
2804 1912 3074 1979 eruditus,
3101 1928 3224 1970 cum
3253 1913 3450 1985 psalmi
3472 1915 3802 1988 scxagesimi

2205 2001 2335 2058 noni
2364 2001 2604 2074 primum
2632 2017 2873 2069 versum,
2904 2003 2996 2074 qui
3019 2004 3101 2060 sic
3123 2003 3348 2076 incipit:
3376 2004 3517 2060 Deus
3543 2005 3602 2059 in
3642 2005 3806 2077 adju-

2206 2092 2401 2146 torium
2447 2108 2620 2148 meum
2646 2093 2876 2160 intende,
2904 2094 3266 2166 exposuisset,
3297 2093 3586 2166 adjuuxit:
3615 2114 3636 2149 ι
3666 2093 3803 2167 Sed,

2206 2197 2316 2238 non
2346 2184 2655 2255 sequendus
2685 2184 2741 2239 in
2784 2185 3036 2242 omnibus
3061 2185 3406 2258 generaliter,
3437 2186 3587 2242 hunc
3615 2185 3799 2242 locum

2206 2271 2627 2330 facundissimus
2655 2272 2970 2341 Cassianus,
3003 2274 3059 2331 in
3104 2273 3316 2331 decima
3357 2273 3654 2332 collatione
3680 2275 3801 2346 plu-

2208 2365 2346 2422 rima
2377 2365 2446 2422 de
2484 2363 2725 2436 ejusdem
2770 2381 2964 2423 versus
2997 2366 3158 2438 hujus
3186 2367 3422 2426 utilitate
3464 2367 3800 2437 edisser'ens,

2211 2465 2363 2514 tanto
2388 2459 2596 2514 honore
2621 2457 2990 2524 concelebrat,
3022 2467 3106 2526 ut,
3145 2457 3408 2529 quidquid
3429 2459 3689 2515 monachi
3715 2473 3803 2516 as-

2208 2547 2540 2618 sumpserint
2567 2547 2686 2604 sine
2711 2547 2871 2618 hujus
2902 2547 3153 2605 versiculi
3187 2549 3332 2604 trina
3363 2549 3661 2606 iteratione
3687 2564 3798 2607 non

2211 2640 2490 2696 inchoent.
2525 2659 2544 2694 ι
2599 2641 2734 2698 item
2780 2642 2836 2698 in
2879 2641 2988 2700 alio
3030 2657 3195 2716 Opere
3238 2645 3307 2700 ad
3355 2646 3677 2703 monasterii
3716 2645 3801 2704 sui

2209 2732 2410 2790 fratres
2444 2733 2543 2800 (De
2583 2735 2753 2790 iustit.
2799 2735 2965 2791 divin.
2997 2735 3078 2792 lit.
3126 2752 3178 2793 c.
3217 2736 3367 2810 29.):
3403 2755 3422 2789 ι
3449 2736 3796 2805 Cassianum,

2213 2825 2410 2896 inquit,
2441 2826 2842 2898 presbyterum,
2871 2827 2962 2898 qui
2993 2828 3319 2901 conscripsit
3357 2827 3426 2886 de
3458 2829 3802 2888 institutione

2213 2919 2453 2975 fidelium
2503 2920 2915 2986 monachorum,
2962 2920 3148 2978 sedulo
3191 2920 3369 2993 legite,
3417 2921 3657 2979 libenter
3701 2938 3802 2978 au-

2213 3009 2344 3076 dite,
2375 3009 2464 3080 qui
2502 3010 2644 3074 inter
2674 3009 2834 3066 initia
2861 3010 2978 3082 ipsa
3005 3011 3180 3068 sancti
3213 3011 3480 3082 propositi
3509 3021 3636 3068 octo
3653 3014 3801 3083 prin-

2136 3071 2184 3136 c
2214 3071 2412 3174 cipalia
2449 3101 2579 3157 vitia
2623 3071 2758 3158 dicit
2789 3071 2911 3159 esse
2969 3071 3240 3174 fugienda.
3269 3121 3288 3155 ι
3315 3071 3385 3159 Ὲι
3427 3102 3592 3173 paulo

2221 3210 2240 3244 ‹
2275 3190 2377 3260 Qui
2421 3200 2599 3247 tamen
2655 3191 2724 3247 de
2775 3191 2949 3248 libero
2995 3193 3226 3250 arbitrio
3255 3207 3287 3249 a
3333 3192 3495 3250 beato
3527 3193 3800 3266 Prospero

2207 3279 2330 3352 jure
2353 3281 2602 3351 culpatus
2624 3289 2730 3337 est.
2782 3281 2937 3338 Unde
2968 3296 3251 3340 monemus
3280 3290 3363 3352 ut,
3394 3283 3450 3339 in
3479 3283 3680 3340 talibus
3715 3299 3800 3341 re-

2208 3371 2312 3428 bus
2347 3372 2726 3442 excedentem,
2763 3372 2864 3429 sub
2889 3372 3100 3430 cautela
3124 3374 3301 3446 legere
3328 3376 3595 3432 debeatis.
3635 3376 3803 3445 Cujus

2211 3465 2354 3521 dicta
2403 3465 2590 3522 Victor
2632 3465 3022 3538 Martyritanus
3051 3465 3205 3538 [ϐοά.
3243 3465 3628 3540 Mataritanus]
3669 3468 3801 3523 Afer

2209 3559 2515 3630 episcopus,
2563 3559 2636 3614 ita
2678 3558 2910 3615 Domino
2953 3557 3198 3628 juvante,
3246 3559 3534 3639 purgavit,
3585 3570 3646 3617 et
3680 3575 3800 3631 qua

2213 3653 2396 3708 minus
2419 3660 2578 3708 erant
2605 3651 2836 3719 addidit,
2864 3661 2924 3707 ut
2951 3651 2998 3708 ei
3027 3667 3207 3708 rerum
3239 3651 3467 3708 istarum
3489 3651 3674 3724 palma
3696 3667 3799 3708 me-

2209 3745 2314 3802 rito
2337 3743 2672 3800 conferatur.
2706 3763 2724 3796 ο

2286 3834 2391 3903 Qui
2427 3849 2456 3888 a
2503 3833 2678 3890 tribus
2714 3833 3148 3904 reprehenditur,
3195 3849 3427 3905 quorum
3473 3834 3798 3891 testimoniis

2209 3938 2421 3978 errasse
2443 3923 2808 3989 convincitur,
2838 3921 2964 3976 dum
2990 3921 3347 3979 Cassiodorus
3389 3922 3521 3978 dicit
3547 3924 3796 3980 eumdem

2210 4035 2314 4074 non
2355 4020 2410 4073 in
2447 4019 2686 4073 omnibus
2742 4016 3084 4087 sequendum,
3125 4025 3180 4073 et
3223 4017 3430 4073 beatum
3475 4015 3798 4089 Prospera.

2211 4110 2327 4177 iure
2360 4110 2424 4164 de
2449 4108 2612 4163 libero
2643 4109 2864 4162 arbitrio
2895 4125 3014 4164 eum
3050 4110 3288 4182 culpasse
3323 4111 3578 4177 afﬁrmat,
3611 4120 3669 4167 et
3710 4109 3800 4167 Vi-

2208 4209 2402 4253 ctorem
2439 4199 2737 4268 episcopum
2779 4197 2899 4269 ejus
2941 4198 3081 4253 dicta
3119 4216 3370 4270 purgasse
3395 4199 3693 4256 collaudat.
3732 4198 3802 4257 Β

2209 4299 2472 4360 quantum
2503 4304 2533 4342 a
2574 4287 2770 4359 quibus
2819 4288 2904 4343 vel
2945 4288 3090 4344 unde
3141 4289 3654 4360 reprehenderetur.
3691 4289 3798 4346 hoc

2208 4389 2338 4434 est:
2387 4379 2454 4434 de
2504 4377 2676 4433 libero
2729 4378 2956 4434 arbitrio
3013 4378 3126 4449 jam
3178 4379 3524 4450 aliquatenus
3573 4377 3797 4435 audisti.

526 4453 758 4539 corpore
788 4440 928 4495 beati
959 4441 1083 4539 Ursi
1114 4447 1580 4516 martyrisChristi
1611 4469 1674 4508 ac
1704 4457 1915 4524 patroni
1942 4459 2105 4514 vestri
2134 4447 2187 4509 D
2212 4468 2364 4525 Nunc
2410 4468 2499 4524 ubi
2531 4469 2772 4524 ιοςοιιιιιη
2803 4469 2857 4524 in
2893 4440 3178 4539 εονίῇιυιιῖε
3223 4440 3338 4526 διὶξθ
3383 4471 3676 4528 han-eum
3709 4469 3800 4526 in.

527 4530 687 4586 nobis
721 4531 882 4587 liceat
910 4535 1245 4607 contingere,
1271 4547 1331 4593 ut
1368 4540 1531 4596 simul
1563 4543 1855 4604 habeamus
1880 4551 2022 4606 unde
2050 4550 2104 4607 in

529 4635 816 4679 commune
848 4625 899 4678 in
930 4625 1159 4682 Domino
1189 4643 1404 4702 semper
1429 4635 1782 4703 gaudeamus.

599 4711 708 4769 Nos
733 4729 862 4770 vero
889 4731 987 4787 pro
1016 4716 1320 4786 bujusmodi
1354 4729 1851 4794 recompensatione
1879 4735 2106 4802 promit-

529 4802 694 4860 timus
725 4806 819 4862 tibi
849 4807 1155 4864 indiscretze
1182 4809 1303 4867 fidei
1327 4813 1519 4885 pignus
1540 4817 1753 4874 interim
1772 4820 2105 4893 inviolabile,

530 4896 704 4954 donec
756 4899 930 4969 ipsum
983 4901 1268 4959 Dominum
1319 4907 1550 4976 recipias
1601 4909 1654 4964 in
1705 4916 2007 4983 prmmium,
2061 4919 2108 4974 si

529 5004 675 5044 nunc
702 5006 800 5060 pro
828 4991 946 5062 ejus
970 5009 1155 5051 amore
1200 5006 1389 5053 nostro
1417 4999 1732 5059 satisfacere
1761 5007 1978 5062 curabis
2015 5007 2114 5064 de-

529 5078 750 5137 siderio.

1082 5159 1416 5218 EPISTOLA
1473 5163 1566 5222 XI.

1090 5256 1159 5294 AD
1196 5256 1542 5300 FBIDERICUI.

533 5303 646 5358 Cur
693 5308 978 5370 Cassianus
1029 5319 1251 5370 collator
1299 5340 1331 5370 α
1375 5333 1484 5370 tam
1526 5329 1706 5370 multis
1761 5329 2113 5370 ranrnhnmn-

2207 4577 2360 4618 error
2380 4561 2567 4627 lateat,
2598 4561 2840 4616 charitas
2869 4571 3049 4617 vestra
3091 4561 3382 4632 diligenter
3409 4562 3686 4619 advertat.

2277 4651 2334 4706 lu
2371 4651 2508 4706 libro
2555 4651 2762 4721 ipsius,
2811 4651 2905 4722 qui
2938 4651 3302 4723 praetitulatur
3345 4651 3426 4708 De
3471 4652 3798 4721 protection

2207 4741 2330 4804 Dei,
2363 4739 2654 4796 introducit
2679 4740 2818 4796 idem
2840 4741 3134 4798 Cassianus
3161 4743 3454 4813 quemdam
3479 4741 3795 4800 Chaeremo-

2209 4848 2332 4888 nem
2359 4832 2597 4900 nomine,
2625 4836 2692 4890 de
2716 4834 2888 4905 gratia
2919 4843 2975 4889 et
3022 4834 3195 4891 libero
3237 4835 3469 4892 arbitrio
3499 4835 3795 4906 disputan-

2213 4933 2354 4989 tem,
2395 4921 2550 4990 cujus
2594 4937 2692 4994 per
2734 4925 2917 4979 omnia
2966 4939 3028 4981 se
3071 4927 3334 4996 probasse
3375 4941 3441 4982 ac
3492 4927 3798 4997 suscepisse

2211 5014 2446 5071 ostendit
2470 5016 2816 5072 sententiam.
2846 5015 2948 5072 Ubi
2991 5018 3060 5074 ab
3091 5033 3157 5074 eo
3183 5017 3302 5074 loco
3327 5059 3346 5087 ,
3379 5018 3432 5074 in
3465 5034 3576 5091 quo
3620 5018 3795 5076 dicit:

2214 5106 2374 5161 Adest
2400 5106 2561 5175 igitur
2583 5107 2730 5162 nobis
2770 5107 3197 5179 inseparabiliter
3237 5126 3440 5180 semper
3467 5111 3648 5164 divina
3673 5125 3797 5180 pro.

2214 5197 2388 5262 tectio,
2417 5211 2590 5267 usque
2643 5199 2713 5256 ad
2736 5198 2980 5268 ejusdem
3011 5215 3150 5271 pene
3193 5201 3506 5260 collationis
3545 5201 3731 5267 finem,
3764 5217 3796 5257 a

2217 5287 2466 5343 veritatis
2493 5288 2639 5346 linea
2668 5289 2982 5348 exorbitare
3008 5292 3244 5360 videtur,
3273 5293 3402 5348 dum
3423 5293 3637 5351 alterno
3663 5309 3799 5365 quo-
