4024 5370
322 324 462 383 “69

1756 319 2138 377 EPISTOLE.

3434 327 3573 385 H70

318 458 441 502 rum
467 443 755 502 arbitrium
777 441 1059 516 iustiﬁcet.
1087 443 1241 503 Unde
1278 443 1345 502 de
1368 443 1480 500 Deo
1503 440 1705 498 infert:
1742 458 1761 493 ε
1789 438 1891 509 Qui
1918 442 1970 502 Α
1996 440 2065 498 ad
2091 440 2341 510 salutem,
2370 443 2761 501 incrementum
2786 443 3027 501 tribuens
3052 442 3123 509 ei,
3150 457 3314 515 quam
3344 443 3427 502 vel
3460 445 3574 517 ipse

316 551 443 593 cum
471 537 527 593 in
553 537 711 594 nobis
728 545 909 594 ortum
939 538 1230 609 quemdam
1279 536 1435 593 bona:
1469 533 1765 590 voluntatis
1808 533 1892 589 in-

315 632 576 705 spexerit,
601 632 874 688 illuminat
914 647 1034 688 eam
1076 630 1362 688 confestim
1394 640 1559 701 atque
1579 627 1894 701 |confortat,

314 732 374 781 et
416 725 607 781 incitat
644 725 715 781 ad
761 724 993 781 salutem
1020 765 1036 792 ,
1081 724 1480 781 incrementum
1523 722 1767 778 tribuens
1805 720 1891 787 ei,

313 831 480 888 quam
510 816 597 874 vel
624 818 740 888 ipse
774 817 1078 890 plantavit,
1104 817 1191 873 vel
1231 825 1419 873 nostro
1469 823 1671 872 conatu
1700 813 1896 870 viderit

313 906 583 975 evenisse,
610 916 719 964 etc.
757 927 778 962 ι

384 1007 443 1064 Si
468 1023 601 1066 vero
621 1008 813 1079 obiicis
838 1010 913 1065 nil
936 1009 1049 1081 iam
1073 1007 1511 1081 reprehensionis
1539 1007 1595 1064 in
1620 1006 1714 1064 illo
1738 1022 1895 1079 repe-

312 1096 410 1153 riri
434 1114 615 1171 posse,
639 1115 706 1157 eo
736 1101 880 1173 quod
909 1116 1073 1171 supra
1102 1101 1360 1166 diximus,
1393 1108 1615 1157 auctore
1636 1100 1893 1171 episcOpo

308 1192 559 1248 eumdem
587 1192 931 1248 emendatum
964 1190 1129 1249 fuisse
1151 1192 1488 1249 Cassiodoro
1519 1199 1690 1257 teste,
1730 1206 1893 1247 nove-

308 1284 389 1340 ris
439 1283 589 1339 illum
633 1284 981 1340 emendatum
1036 1297 1207 1355 penes
1248 1299 1349 1339 nos
1393 1283 1616 1339 minime
1660 1282 1888 1350 haberi;

308 1374 454 1432 sicut
494 1390 598 1431 nec
638 1376 754 1446 ipse
800 1374 1156 1432 Cassiodorus
1215 1385 1347 1431 tunc
1399 1374 1661 1445 temporis
1701 1374 1893 1430 habuit

307 1466 525 1535 quando
545 1465 659 1521 haec
682 1465 921 1535 scripsit.
945 1465 1097 1522 Unde
1128 1475 1185 1523 et
1214 1466 1349 1521 dicit
1378 1484 1392 1520 :
1421 1483 1440 1517 ι
1472 1464 1664 1533 Quem,
1694 1465 1891 1521 librum

304 1557 600 1625 videlicet,
638 1558 784 1614 inter
828 1558 965 1614 alios
992 1557 1060 1613 de
1090 1557 1289 1613 Africa:
1329 1557 1574 1629 partibus
1600 1557 1709 1613 cito
1735 1556 1891 1613 nobis

305 1649 582 1707 credimus
602 1664 727 1706 esse
754 1649 1117 1721 dirigendum.
1152 1649 1259 1706 Sed
1288 1665 1405 1714 vos,
1434 1648 1648 1720 inquit,
1677 1649 1890 1705 charis-

304 1740 429 1796 simi
467 1740 702 1807 fratres,
753 1741 864 1796 Deo
902 1741 1130 1811 iuvante
1172 1755 1265 1796 eas
1319 1749 1503 1811 partes
1542 1739 1704 1811 legite
1749 1755 1888 1811 quas

1994 532 2281 603 plantavit,
2332 535 2415 591 vel
2477 545 2665 593 nostro
2715 545 2911 593 conatu
2968 536 3164 592 viderit
3210 536 3522 593 emersisse.
3552 558 3572 592 ι

1995 623 2234 698 (Pnosr.)
2271 625 2392 682 lam
2446 628 2536 684 hic
2573 644 2604 684 a
2658 630 2934 701 praemissa
2992 627 3314 686 ditlinitione
3356 631 3581 687 descen-

1995 720 2163 786 ditur,
2202 722 2423 791 etquod
2450 731 2618 778 totum
2641 722 2829 796 gratia:
2868 723 3046 779 fuerat
3086 723 3296 790 datum,
3327 737 3393 779 ex
3424 733 3581 795 parte

1996 824 2143 867 nunc
2169 808 2345 867 libero
2371 811 2601 869 arbitrio
2627 812 2935 884 deputatur.

2064 899 2126 957 ϐ.
2164 901 2348 959 Tertia
2371 900 2690 960 dimnitione
2710 903 2913 960 dictum
2936 912 3017 960 est
3043 903 3338 976 (CASSIAN.)
3366 919 3382 959 :
3421 923 3439 957 ι
3463 903 3578 960 Nisi

1993 993 2137 1063 quod
2162 993 2215 1049 in
2244 992 2332 1049 bis
2361 995 2614 1051 omnibus
2646 1002 2701 1051 et
2727 995 2900 1066 gratia
2930 995 3024 1052 Dei
3056 1004 3110 1052 et
3139 996 3364 1053 libertas
3390 996 3577 1053 decla-

1993 1094 2147 1142 ratur
2192 1086 2423 1151 arbitrii,
2472 1086 2598 1156 quia
2657 1087 2822 1143 etiam
2870 1087 3142 1144 interdum
3188 1089 3301 1145 suis
3343 1088 3580 1145 motibus

1994 1176 2156 1233 homo
2183 1177 2250 1232 ad
2288 1176 2553 1232 virtutum
2582 1177 2753 1248 possit
2790 1178 3008 1233 extendi
3040 1179 3330 1250 appetitus,
3363 1193 3579 1249 semper

1993 1283 2125 1324 vero
2170 1283 2200 1323 a
2247 1268 2473 1325 Domino
2521 1268 2763 1341 indigeat
2816 1269 3083 1341 adjuvari.
3132 1268 3243 1326 Nec
3279 1270 3422 1325 enim
3453 1286 3579 1327 cum

1991 1359 2223 1417 voluerit
2250 1360 2397 1430 quis,
2427 1360 2663 1415 sanitate
2684 1359 3002 1431 perfruitur,
3032 1368 3125 1415 aut
3147 1361 3212 1417 de
3241 1356 3582 1431 aegritudinis

1991 1450 2180 1507 morbo
2202 1465 2301 1522 per
2321 1451 2532 1507 arbitrii
2561 1451 2643 1506 sui
2674 1451 3001 1508 desiderium
3029 1451 3312 1506 liberatur.
3340 1471 3359 1504 ι
3403 1451 3575 1520 Quasi

1991 1542 2233 1599 medicus
2273 1548 2460 1598 noster
2496 1557 2603 1598 non
2647 1542 2815 1598 etiam
2857 1542 2962 1599 hoc
3006 1542 3172 1599 donet
3214 1542 3478 1600 morbidis
3515 1551 3584 1599 ut

1989 1647 2180 1688 veram
2206 1631 2517 1689 desiderent
2538 1632 2849 1690 sanitatem.

2057 1723 2122 1777 A.
2170 1720 2374 1789 Quarta
2430 1721 2756 1779 diffinitione
2785 1723 2990 1780 dictum
3041 1731 3125 1780 est
3173 1741 3188 1780 :
3230 1742 3250 1778 ι
3281 1722 3351 1780 Ut
3394 1731 3577 1782 autem

305 1830 602 1887 salubriter
622 1832 973 1903 cognoscitur
1011 1831 1102 1887 ille
1142 1831 1413 1895 laudasse,
1450 1848 1469 1883 ι
1502 1830 1609 1887 nisi
1647 1830 1789 1887 forte
1831 1841 1885 1887 tu
1916 1814 1963 1876 Β
1990 1813 2294 1869 “idem”
2324 1812 2545 1879 dare”:
2577 1814 2740 1870 etiam
2788 1830 2889 1886 Per
2929 1822 3139 1871 "illum
3168 1815 3393 1883 bonum.
3424 1815 3575 1887 (ιιιοᾱ

309 1922 462 1977 illum
492 1921 714 1987 habeas,
743 1921 797 1976 in
834 1936 965 1991 quo,
993 1921 1136 1977 inter
1171 1921 1474 1977 odoriferas
1494 1921 1740 1976 suavium
1763 1936 1889 1977 sen-

305 2011 601 2069 tentiarum
666 2025 842 2077 rosas,
899 2010 1084 2081 spinas
1159 2024 1409 2067 errorum
1481 2009 1713 2066 inveniri
1777 2026 1887 2067 non

302 2114 555 2172 metuas;
605 2119 708 2161 nec
751 2104 883 2161 illud
925 2102 1286 2174 Virgilianum
1331 2102 1407 2159 ibi
1456 2112 1617 2176 putes
1662 2102 1889 2161 auribus

302 2193 700 2251 admittendum
732 2210 747 2248 :

365 2343 381 2358 .
419 2343 435 2359 .
469 2343 484 2358 .
517 2306 699 2373 fugite,
721 2318 753 2355 ο
780 2307 943 2371 pueri,
964 2304 1090 2358 latet
1108 2307 1282 2370 anguis
1305 2308 1356 2359 iu
1379 2305 1552 2357 herba.
1627 2288 1642 2297 ’

370 2411 571 2468 Verum
604 2408 997 2466 netfastidium
1040 2409 1233 2466 lectori
1262 2409 1551 2466 videamur
1594 2407 1844 2480 ingerere
1870 2449 1885 2474 ,

301 2501 349 2557 si
376 2502 561 2558 omnia
588 2500 897 2571 huiusmodi
925 2501 1180 2558 falsitatis
1205 2502 1460 2573 dogmata
1490 2502 1544 2558 in
1570 2502 1673 2558 hac
1694 2502 1888 2573 episto-

296 2589 399 2646 lari
449 2592 718 2647 brevitate
775 2592 1025 2649 volumus
1080 2593 1373 2665 detegere,
1430 2594 1702 2666 praecipue
1762 2610 1886 2650 cum

298 2691 491 2739 contra
516 2684 735 2740 easdem
760 2685 1032 2743 haeretica
1056 2687 1342 2757 pravitatis
1382 2687 1614 2757 ineptias
1640 2687 1734 2742 Dei
1760 2702 1884 2758 gra-

296 2758 431 2826 tiam
478 2773 793 2845 impugnare
832 2773 1069 2831 nitentes
1112 2775 1250 2831 liber
1291 2784 1471 2832 exstet
1531 2776 1828 2832 catholicus
1856 2792 1885 2832 a

296 2859 461 2918 beato
492 2858 634 2932 saepe
654 2861 767 2932 jam
805 2863 948 2919 dicto
983 2864 1253 2936 Prospero
1292 2868 1469 2923 editus
1490 2908 1505 2933 ,
1537 2866 1669 2923 libet
1712 2883 1884 2939 pauca

296 2954 366 3009 de
396 2954 579 3010 multis
627 2955 870 3025 ejusdem
916 2957 1107 3026 gratiae
1147 2957 1342 3014 divina:
1381 2958 1680 3015 defensoris
1719 2961 1885 3015 verba

296 3060 503 3116 ponere
529 3085 545 3112 ,
577 3054 637 3100 ut
664 3046 873 3102 clareat
895 3061 963 3103 ex
1011 3048 1241 3104 adverso
1285 3049 1408 3121 quis
1452 3050 1646 3106 horum
1693 3052 1886 3107 merito

297 3130 702 3205 ferat'palmam
732 3151 798 3190 ex
824 3137 927 3192 hoc
953 3138 1271 3194 certaminis
1296 3154 1510 3212 campo.

372 3228 666 3300 Postquam
692 3231 836 3286 enim
863 3232 1056 3288 doctor
1075 3233 1366 3303 praedictus
1391 3234 1446 3289 in
1471 3232 1736 3289 catholica
1762 3234 1883 3291 acie

300 3318 651 3387 constitutus,
701 3320 979 3376 inimicum
1018 3322 1209 3393 gratia;
1254 3322 1351 3379 Dei
1395 3337 1563 3379 sacra;
1591 3322 1889 3395 Scriptura

301 3418 579 3465 armatura
625 3413 980 3483 expugnavit,
1014 3429 1337 3484 murumque
1382 3414 1715 3472 infidelitatis
1760 3416 1884 3476 ﬁdei

308 3501 482 3558 ariete
510 3504 783 3570 contrivit,
812 3513 939 3559 ante
986 3504 1147 3560 finem
1170 3504 1293 3561 libri
1320 3505 1399 3561 sic
1427 3506 1504 3561 ait
1532 3523 1545 3559 :
1578 3524 1596 3559 ι
1626 3505 1886 3564 Necessa-

302 3592 444 3647 rium
493 3608 637 3650 nunc
667 3609 801 3650 sane
833 3595 1069 3663 aestimo,
1115 3604 1241 3653 ante
1283 3596 1687 3653 conclusionem
1731 3599 1911 3655 vola--

298 3684 485 3751 minis,
526 3700 591 3741 ea
620 3702 741 3756 quae.
769 3686 1104 3744 ostendimus
1130 3703 1236 3743 non
1263 3703 1565 3760 congruere
1606 3688 1887 3744 catholicae

297 3776 518 3833 veritati
562 3778 805 3834 breviter
848 3777 1291 3850 coniunctimque
1344 3780 1612 3851 digerere,
1662 3790 1723 3836 ut
1766 3796 1887 3852 qum

303 3866 613 3939 interiectis
652 3870 1098 3940 responsionibus
1146 3872 1352 3928 nostris
1376 3882 1604 3942 possunt
1632 3874 1885 3930 recorda-

299 3957 503 4013 tionem
518 3959 746 4031 legentis
768 3959 1031 4034 efi‘ugere.
1057 3960 1271 4018 fidelius
1288 3962 1448 4019 simul
1475 3963 1702 4020 decursa
1731 3978 1885 4020 reco-

294 4044 499 4103 lantur.
521 4069 541 4103 ι

351 4162 601 4219 A.Prima
618 4179 749 4235 ergo
762 4164 1291 4223 diflinitionedictum
1307 4174 1389 4223 est
1401 4167 1710 4239 (Pnosrsn),
1742 4186 1762 4221 ‹
1775 4183 1880 4225 non

294 4253 474 4309 solum
501 4263 741 4323 actuum,
769 4272 955 4313 verum
992 4260 1157 4314 etiam
1197 4258 1585 4331 cogitationum
1616 4260 1879 4316 bonarum

290 4354 361 4398 ex
407 4343 519 4399 Deo
563 4359 685 4401 esse
728 4346 1077 4418 principium,
1104 4350 1194 4419 qui
1221 4351 1379 4406 nobis
1409 4358 1464 4406 et
1489 4350 1641 4406 initia
1680 4361 1882 4409 sanctae

290 4430 590 4489 voluntatis
631 4434 885 4506 inspirat,
932 4446 987 4491 et
1024 4438 1280 4495 virtutem
1315 4450 1477 4510 atque
1506 4443 1877 4513 operationem

297 4534 489 4577 eorum
515 4536 637 4592 qua:
669 4534 819 4580 recte
859 4526 1108 4595 cupimus
1140 4529 1328 4583 tribuit
1368 4508 1680 4602 peragendi.
1715 4532 1881 4588 Omne
1906 4508 1959 4570 D

297 4610 438 4665 enim
489 4613 673 4667 datum
718 4618 974 4685 optimum
999 4626 1045 4672 et
1074 4634 1224 4673 omne
1249 4618 1450 4675 donum
1477 4622 1761 4691 perfectum
1790 4624 1881 4679 de-

287 4713 499 4754 sursum
539 4710 638 4767 est,
667 4702 983 4759 descendens
1012 4722 1044 4759 α
1071 4704 1234 4761 Patre
1266 4707 1522 4764 luminum
1548 4727 1566 4776 ;
1592 4711 1683 4781 qui
1710 4720 1765 4767 et
1791 4712 1875 4767 in-

286 4787 421 4857 cipit
447 4802 569 4858 qua:
603 4790 744 4846 bona
774 4801 919 4861 sunt,
945 4801 1001 4848 et
1026 4796 1344 4867 exsequitur
1363 4806 1420 4852 et
1449 4810 1793 4857 consummat
1822 4801 1876 4856 in

282 4879 461 4936 nobis.
491 4899 510 4932 ι
541 4881 696 4949 Quod
721 4891 777 4938 et
804 4898 903 4941 nos
929 4863 1486 4959 valde.amplectimur
1510 4892 1872 4951 catholicum-

282 4985 388 5041 que
413 4986 536 5029 esse
566 4973 902 5045 profitemur.
1250 4974 1258 4982 ’

351 5082 420 5138 Β.
470 5082 724 5143 Secunda
774 5088 1094 5146 difﬁnitione
1154 5094 1360 5151 dictum
1417 5107 1540 5153 est:
1572 5099 1867 5176 (Cusum)

288 5197 308 5232 ι
334 5178 507 5238 Adest
535 5182 701 5253 igitur
729 5185 1164 5256 inseparabiliter
1188 5190 1349 5245 nobis
1371 5191 1553 5249 divina
1577 5198 1866 5267 protectio,

275 5279 537 5347 tantaque
566 5284 650 5332 est
675 5293 801 5350 erga
826 5287 1132 5338 creaturam
1161 5283 1339 5356 pietas
1352 5284 1651 5358 Creatoris,
1680 5301 1866 5347 utnon

1992 1908 2257 1965 beneﬁcio
2292 1907 2567 1965 Creatoris
2603 1909 2869 1966 indultum
2904 1918 3011 1974 est,
3047 1923 3437 1979 nonnunquam
3474 1907 3574 1965 bo-

1989 2016 2185 2057 narum
2225 1999 2569 2057 voluntatum
2610 2001 2829 2072 prodire
2879 2002 3164 2073 principia,
3202 2016 3322 2071 quae
3368 2008 3575 2066 tamen,

1990 2091 2097 2148 nisi
2130 2106 2160 2146 a
2184 2090 2415 2148 Domino
2445 2090 2771 2162 dirigantur,
2807 2089 2875 2146 ad
2906 2090 3432 2147 consummationem
3462 2091 3577 2145 v'rr-

1990 2188 2162 2235 tutum
2199 2182 2480 2252 pervenire
2507 2196 2614 2238 non
2645 2191 2891 2255 possunt,
2922 2182 3211 2254 Apostolus
3243 2188 3470 2238 testatus
3491 2191 3576 2238 est

1991 2273 2216 2330 dicens:
2261 2272 2400 2330 Velle
2441 2274 2648 2345 adjacet
2688 2275 2842 2341 mihi,
2880 2276 3126 2345 perﬁcere
3166 2284 3341 2329 autem
3381 2273 3579 2329 bonum.

1988 2377 2092 2417 non
2122 2378 2355 2433 possum.
2387 2381 2406 2415 ι
2442 2361 2606 2430 Quasi
2652 2362 2943 2435 Apostolus
2970 2379 3037 2419 ex
3085 2363 3321 2418 naturali
3352 2362 3583 2429 affectu,

1986 2462 2043 2509 et
2071 2468 2178 2510 non
2222 2467 2286 2508 ex
2330 2454 2518 2525 gratiae
2542 2452 2706 2521 bono,
2744 2454 2941 2510 bonam
2980 2453 3177 2510 habeat
3216 2453 3572 2520 voluntatem,

1988 2546 2080 2617 qui
2110 2546 2396 2619 profitetur
2436 2560 2503 2602 ex
2545 2547 2656 2605 Deo
2696 2547 2799 2606 sibi
2847 2562 2968 2605 esse
3014 2546 3388 2605 sufﬁcientiam
3430 2547 3574 2619 cogi-

1988 2643 2160 2699 tandi.

2059 2732 2259 2802 Quinta
2292 2732 2610 2789 difﬁnitione
2649 2732 2854 2789 dictum
2883 2741 2966 2789 est
2995 2753 3008 2789 :
3050 2749 3070 2785 ο
3108 2732 3175 2788 Ει
3204 2732 3277 2787 ita
3303 2739 3428 2788 sunt
3453 2731 3572 2789 haec

1986 2828 2385 2899 quodammodo
2415 2827 2708 2884 indiscrete
2735 2827 2997 2898 permista
3040 2834 3201 2897 atque
3231 2824 3475 2892 confusa,
3507 2831 3572 2881 ut

1989 2918 2122 2988 quid
2151 2933 2216 2974 ex
2242 2934 2350 2990 quo
2380 2917 2614 2990 pendeat
2642 2918 2788 2973 inter
2816 2917 3015 2975 multos
3048 2932 3240 2988 magna
3271 2916 3569 2988 quaestione

1985 3009 2258 3076 volvatur,
2303 3010 2355 3066 id
2396 3018 2500 3075 est,
2534 3020 2735 3077 utrum,
2780 3010 2908 3080 quia
2953 3008 3166 3065 initium
3196 3010 3351 3066 bona:
3375 3010 3569 3065 volun-

1992 3101 2118 3157 tatis
2138 3100 2553 3172 prmbuerimus,
2579 3101 2903 3159 misereatur
2925 3103 3096 3159 nostri
3124 3102 3296 3171 Deus;
3323 3117 3413 3166 an,
3439 3102 3590 3173 quia

1912 3163 1957 3227 Ο
1987 3193 2136 3251 Deus
2163 3195 2476 3262 miseretur,
2519 3213 2922 3269 consequamur
2947 3200 3102 3256 bona:
3143 3199 3435 3257 voluntatis
3465 3199 3579 3255 ini-7

1988 3284 2144 3339 tium.
2194 3284 2343 3341 Multi
2390 3287 2535 3343 enim
2574 3287 2689 3347 hac
2734 3289 2944 3363 singula
2990 3291 3275 3347 credentes
3320 3306 3386 3347 ac
3417 3291 3569 3362 iusto

1987 3374 2220 3446 amplius
2265 3387 2573 3434 asserentes
2616 3379 2785 3436 variis
2833 3380 3046 3449 sibique
3096 3381 3386 3437 contrariis
3438 3388 3567 3437 sunt

1988 3465 2266 3521 erroribus
2297 3466 2542 3522 involuti.
2575 3468 2633 3523 Si
2667 3470 2811 3525 enim
2844 3470 3141 3527 dixerimus
3168 3480 3415 3528 nostrum
3443 3484 3565 3527 esse

1986 3555 2142 3611 bona:
2168 3557 2493 3627 principium
2519 3559 2833 3625 voluntatis,
2856 3560 2984 3631 quid
3010 3561 3110 3617 fuit
3135 3561 3189 3617 in
3216 3570 3564 3633 persecutore

1987 3646 2179 3713 Paulo,
2214 3647 2344 3717 quid
2395 3648 2449 3703 in
2490 3650 2780 3719 publicano
2829 3650 3098 3717 Matthaeo,
3148 3665 3381 3722 quorum
3420 3666 3564 3707 unus

1988 3752 2184 3794 cruore
2215 3752 2280 3794 ac
2309 3738 2588 3810 suppliciis
2617 3740 2991 3808 innocentum,
3023 3740 3160 3797 alius
3188 3740 3460 3797 violentiis
3499 3755 3565 3796 ac

1986 3830 2193 3900 rapinis
2216 3828 2447 3900 publicis
2468 3830 2735 3887 incubans
2759 3833 3054 3888 attrahitur
3080 3834 3147 3889 ad
3173 3832 3440 3889 salutem?
3465 3831 3575 3891 Sin

1984 3934 2114 3976 vero
2135 3933 2234 3990 pro
2256 3920 2429 3991 gratia
2456 3920 2551 3976 Dei
2580 3936 2797 3993 semper
2817 3922 3076 3994 inspirari
3095 3923 3250 3980 bonae
3271 3922 3575 3980 voluntatis

1984 4009 2249 4082 principia
2290 4010 2606 4077 dixerimus,
2645 4012 2774 4081 quid
2823 4013 2891 4069 de
2927 4012 3137 4069 Zachaai
3174 4012 3296 4079 fide,
3333 4012 3463 4083 quid
3497 4012 3567 4068 de

1984 4100 2130 4157 illius
2148 4102 2351 4172 pietate
2375 4103 2427 4157 in
2452 4116 2615 4158 cruce
2638 4103 2866 4159 latronis
2888 4103 3277 4175 dicemus,qui,
3292 4103 3566 4163 desiderio

1983 4207 2082 4249 suo
2110 4192 2217 4249 vim
2244 4193 2531 4264 quamdam
2563 4194 2745 4264 regnis
2769 4195 3082 4251 cmlestibus
3107 4193 3564 4265 inferentes,spe-

1986 4286 2143 4343 cialia
2194 4286 2496 4342 vocationis
2547 4287 2752 4343 monita
2806 4286 3221 4357 praevenerunt?
3251 4305 3270 4339 ι
3322 4285 3564 4360 (Pnosr.)

1982 4379 2042 4435 lu
2083 4392 2268 4434 errore
2320 4393 2442 4435 esse
2493 4379 2692 4434 dicitur
2749 4387 2803 4434 et
2838 4379 2885 4435 is
2933 4379 3048 4449 qui‘
3074 4393 3139 4434 ex
3192 4378 3367 4451 gratia
3410 4378 3564 4435 nasci

1982 4470 2181 4527 bonam
2208 4467 2560 4537 voluntatem,
2594 4479 2652 4525 et
2688 4468 2735 4525 is
2760 4470 2851 4540 qui
2888 4468 3021 4525 dicit
3052 4470 3284 4541 gratiam
3312 4483 3379 4524 ex
3413 4470 3559 4527 bona

1982 4562 2221 4633 pendere
2277 4560 2584 4629 voluntate;
2652 4571 2707 4618 et
2755 4574 2935 4619 tamen
3007 4571 3240 4635 utraque
3289 4563 3559 4619 sententia

1982 4652 2329 4723 suscipienda
2360 4654 2688 4721 decernitur,
2722 4655 2850 4711 dum
2876 4655 3038 4711 unius
3069 4655 3122 4710 in
3153 4654 3321 4709 Paulo
3345 4663 3402 4710 et
3427 4653 3571 4709 Μαι-

1982 4744 2146 4811 thaso,
2192 4742 2420 4800 alterius
2467 4744 2523 4801 in
2572 4745 2799 4803 Zachaeo
2834 4755 2888 4803 et
2927 4746 3139 4803 latrone
3178 4743 3350 4800 forma
3388 4743 3567 4814 praeﬂ-

1983 4836 2145 4909 gitur.

2051 4925 2217 4982 Sexta
2264 4925 2584 4983 difiinitione
2620 4927 2827 4983 dictum
2873 4934 3001 4981 est:
3051 4921 3344 4996 (Cusum)
3391 4941 3410 4977 ι
3441 4923 3579 4980 Haec

1974 5030 2105 5087 ergo
2133 5018 2262 5083 duo,
2302 5016 2355 5071 id
2382 5025 2466 5072 est
2490 5017 2660 5088 gratia
2706 5015 2791 5071 vel
2833 5013 3065 5069 liberum
3112 5009 3431 5079 arbitrium,
3464 5011 3574 5069 sibi

1975 5108 2194 5179 quidem
2226 5108 2462 5162 invicem
2490 5107 2742 5162 videntur
2763 5105 3029 5173 adversa;
3062 5102 3157 5159 sed
3187 5107 3430 5171 utraque
3457 5118 3582 5161 con-

1976 5200 2206 5254 cordant
2237 5205 2292 5252 et
2342 5205 2628 5265 utramque
2672 5210 2772 5250 nos
2809 5195 3021 5266 pariter
3053 5194 3258 5251 debere
3298 5194 3584 5271 suscipere

1977 5288 2195 5359 pietatis
2225 5286 2440 5341 ratione
2469 5284 2793 5356 colligimus,
2818 5298 2907 5348 ne,
2941 5300 3115 5342 unum
3145 5283 3351 5338 horum
3374 5283 3589 5342 homini
