4024 5370
513 300 648 356 1171

1586 272 1935 351 ‘Bsntvoms
1970 290 2264 350 ABBATlS
2301 291 2667 350 AUGIENSIS

3632 289 3771 347 {173

510 415 812 472 secundum
841 411 1010 481 ipsos,
1036 408 1080 465 sl
1108 407 1352 465 aufertur
1378 407 1608 465 liberum
1632 408 1938 477 arbitrium,
1970 424 2092 466 cum
2118 416 2170 473 Α
2198 408 2287 464 riti
2315 416 2481 474 esset,
2525 407 2571 465 si
2602 407 2655 463 id
2684 407 2738 464 in
2765 423 2833 465 eo
2856 409 3118 467 Dominus
3148 411 3294 485 quod
3331 408 3446 481 Ipse
3475 414 3773 463 uonaverat

490 506 688 581 gratia
714 504 1061 579 praevenitur,
1089 500 1340 559 aufertur
1364 501 1563 576 gratia,
1591 516 1714 560 cum
1745 502 1916 559 libero
1945 501 2088 560 arbi-

512 599 618 655 trio
637 595 985 669 praevenitur.

581 688 821 760 Septima
847 685 1168 743 dilIinitione
1189 685 1390 742 dictum
1419 694 1503 743 est
1533 684 1825 758 (Cusum)
1852 703 1867 740 :
1905 704 1923 737 ι
1952 684 2090 743 Con-

505 780 650 852 cepit
677 794 807 853 ergo
836 779 1010 835 Adam
1054 790 1178 851 post
1214 780 1739 850 praevaricationem,
1771 795 1933 851 quam
1980 796 2085 836 non

506 872 792 940 habuerat,
813 871 1098 928 scientiam
1119 871 1275 939 mali;
1300 871 1425 929 boni
1448 886 1577 928 vero
1597 870 1900 941 scientiam,
1924 886 2084 941 quam

502 971 815 1035 acceperat,
857 979 967 1021 non
1010 963 1236 1021 amisit:
1269 983 1288 1017 ι
1329 963 1571 1036 (Ρκοερ.)
1614 963 1749 1019 Cum
1797 950 2087 1033 utrumque

500 1055 577 1113 sit
603 1054 821 1123 falsum,
852 1055 980 1127 quia
1009 1063 1066 1112 et
1103 1070 1133 1110 a
1166 1065 1369 1126 quanto
1398 1053 1541 1110 malo
1564 1053 1735 1109 Adam
1762 1066 1956 1110 cavere
1984 1053 2084 1108 de-

476 1134 681 1214 beret,
720 1147 834 1204 Deo
876 1154 1129 1203 monente
1162 1144 1487 1218 praedidicit,
1517 1155 1572 1203 et
1611 1145 1665 1200 in
1710 1152 1914 1216 quanto
1942 1145 2085 1209 bono

498 1248 648 1297 esset
679 1238 1029 1307 constitutus,
1059 1239 1187 1296 dum
1215 1232 1433 1296 diabolo
1462 1239 1710 1306 credidit,
1746 1239 1947 1296 oblitus
1973 1247 2078 1294 est.

498 1332 653 1389 Sicut
680 1341 862 1389 autem
895 1332 1130 1405 pessima
1160 1331 1390 1388 scientia
1419 1330 1545 1386 mali
1587 1339 1670 1386 est
1697 1329 1898 1385 malum
1938 1345 2078 1397 esse,

496 1425 572 1481 ita
600 1425 837 1496 pessima
868 1425 1173 1495 ignorantia
1202 1424 1331 1481 boni
1356 1433 1439 1481 est
1463 1423 1664 1480 bonum
1693 1439 1799 1479 non
1830 1438 1971 1480 esse.

566 1515 771 1576 Octava
797 1515 1113 1573 dillinitione
1155 1516 1356 1572 dictum
1397 1524 1479 1572 est
1508 1515 1799 1589 (Casum)
1830 1533 1845 1571 :
1876 1534 1895 1568 ι
1926 1514 2080 1571 Unde

494 1606 799 1664 cavendum
825 1606 981 1662 nobis
1024 1615 1107 1662 est
1132 1621 1203 1661 ne
1249 1606 1320 1661 ita
1351 1606 1416 1661 ad
1445 1605 1614 1661 Deum
1645 1605 1826 1662 omnia
1865 1614 2082 1663 sancto-

494 1714 618 1754 rum
646 1697 842 1773 merita
870 1697 1192 1764 referamus,
1223 1706 1282 1753 ut
1305 1697 1399 1764 nil,
1431 1697 1535 1753 nisi
1568 1698 1709 1769 quod
1738 1696 1940 1761 malum
1972 1706 2077 1766 est,

492 1791 747 1847 humana:
770 1770 979 1846 natura:
1001 1791 1357 1848 ascribamus.
1384 1810 1402 1842 ι
1431 1790 1672 1863 (.Pnose.)
1694 1788 1857 1856 Quasi
1885 1798 2079 1847 natura
2111 1764 2154 1827 Β

491 1893 619 1941 ante
646 1883 874 1956 gratiam
893 1898 999 1939 non
1024 1883 1096 1939 sit
1125 1883 1177 1939 in
1207 1883 1575 1950 damnatione,
1608 1899 1714 1941 non
1744 1883 1813 1948 sit
1838 1883 1893 1939 in
1918 1884 2077 1943 caeci-

491 1986 625 2045 tate,
655 1991 766 2033 non
793 1976 864 2033 sit
910 1977 965 2032 in
1008 1975 1253 2045 vulnere,
1289 1985 1384 2033 aut
1434 1990 1541 2035 non
1586 1977 1756 2048 gratis
1797 1975 2078 2048 justiﬁcati

491 2067 622 2134 sint,
647 2082 878 2138 quorum
909 2067 1033 2122 inde
1061 2075 1188 2124 sunt
1212 2065 1431 2132 merita,
1463 2065 1607 2121 unde
1628 2065 1860 2137 justitia.

562 2157 716 2216 Nona
764 2157 1083 2215 dillinitioue
1127 2157 1330 2214 dictum
1370 2165 1454 2212 est
1484 2156 1778 2229 (Cassam)
1810 2174 1824 2212 :
1864 2177 1882 2209 ι
1914 2156 2079 2213 Dubi-

491 2253 595 2310 tari
626 2267 757 2325 ergo
784 2268 892 2308 non
923 2260 1101 2324 potest
1129 2252 1307 2307 inesse
1335 2250 1483 2311 omni
1528 2250 1724 2305 animae
1755 2250 2078 2305 naturaliter

484 2346 744 2400 virtutum
788 2346 1019 2412 semina,
1050 2342 1316 2400 beneﬁcio
1352 2342 1632 2399 Creatoris
1667 2343 1891 2401 inserta.
1945 2342 2072 2411 Sed,

484 2439 588 2495 nisi
639 2439 756 2495 haec
799 2437 1155 2510 opitulatione
1205 2436 1297 2490 Dei
1334 2434 1537 2491 fuerint
1581 2435 1839 2501 excitata,
1876 2435 1944 2490 ad
1989 2436 2074 2499 in-

484 2537 823 2587 crementum
865 2528 1216 2601 perfectionis
1256 2542 1363 2582 non
1409 2535 1663 2597 poterunt
1707 2526 2009 2596 pervenire.
2048 2546 2068 2580 ι

485 2622 729 2694 (-Pnosr.)
776 2621 941 2690 Quasi
993 2622 1060 2679 de
1102 2619 1474 2693 spiritualibus
1520 2620 1679 2677 bonis
1726 2619 1859 2675 nihil
1900 2620 2071 2677 Adam

480 2714 891 2787 praevaricando
917 2715 1235 2786 perdiderit,
1261 2724 1313 2770 et
1338 2713 1511 2774 virtus
1534 2728 1660 2781 non,
1694 2722 1752 2769 ut
1781 2713 2070 2781 habeatur,

480 2806 679 2873 danda,
735 2808 856 2874 sed,
907 2814 965 2862 ut
1013 2804 1227 2861 facilius
1257 2802 1646 2875 perfectionem
1680 2803 2069 2877 apprehendat,

477 2898 745 2955 hortanda
776 2898 867 2954 sit.

553 2989 774 3046 Decima
801 2989 1118 3049 dillinitione
1143 2991 1350 3047 dictum
1378 2999 1463 3047 est
1490 2989 1786 3062 ((ἷΑεειΑΝ.)
1815 3007 1828 3044 :
1867 3009 1886 3043 ι
1914 2989 2067 3059 Quod

483 3081 651 3137 etiam
692 3082 744 3136 in
781 3081 902 3147 Job,
944 3082 1326 3152 probatissimo
1370 3082 1573 3139 athleta
1616 3097 1737 3148 suo,
1776 3098 1900 3136 cum
1942 3096 2064 3136 eum

483 3172 733 3232 diabolus
762 3172 1156 3242 expetisset'ad
1186 3172 1460 3244 singulare
1499 3180 1796 3240 certamen,
1830 3172 2064 3228 divinam

480 3263 716 3337 legimus
743 3263 1047 3337 providisse
1070 3264 1359 3335 iustitiam.
1393 3264 1450 3320 Si
1494 3264 1638 3320 enim
1669 3273 1854 3321 contra
1887 3264 2068 3320 inimi-

482 3370 607 3411 cum
634 3370 740 3413 non
761 3369 862 3417 sua
877 3356 1096 3424 virtute,
1123 3356 1215 3412 sed
1239 3356 1332 3423 Dei
1348 3356 1516 3412 solius
1533 3355 1726 3414 fuisset
1745 3357 1918 3429 gratia
1946 3374 2069 3428 pro-

477 3455 695 3518 tegente
723 3462 1069 3521 congressus,
1092 3457 1166 3511 et,
1191 3447 1395 3518 absque
1426 3447 1534 3504 ulla
1562 3448 1767 3505 virtute
1793 3450 2068 3521 patientia:

478 3552 616 3604 sure,
637 3535 819 3592 divina
849 3546 1055 3593 tantum
1077 3538 1433 3609 opitulatione
1450 3538 1719 3604 sulfultus,
1748 3540 2068 3612 multiplices

479 3628 604 3686 illas
626 3643 692 3686 ac
718 3637 829 3687 tota
852 3629 1059 3695 inimici
1088 3629 1408 3693 crudelitate
1432 3630 1688 3702 quaesitas
1712 3631 2065 3687 tentationum

477 3718 652 3777 moles
673 3732 729 3776 et
749 3721 914 3776 exitia
938 3722 1270 3790 pertulisset,
1286 3722 1556 3793 quomodo
1576 3738 1687 3779 non
1701 3722 1848 3777 illam
1866 3722 2068 3779 calum-

476 3810 687 3865 niosam
712 3810 979 3876 diabolus,
1003 3827 1167 3881 quam
1191 3813 1339 3883 prius
1361 3812 1641 3873 emiserat,
1665 3826 1851 3868 vocem
1876 3812 2066 3869 adver-

474 3913 569 3955 sus
597 3912 720 3954 eum
745 3897 947 3969 justius
978 3901 1229 3957 iterasset
1257 3916 1272 3956 :
1318 3901 1574 3972 Nunquid
1601 3899 1703 3955 Job
1746 3902 1910 3971 gratis
1942 3901 2066 3959 colit

468 3993 644 4049 Deum
662 3995 688 4049 ?
718 3994 909 4055 Nonne
936 4006 994 4051 tu
1025 3997 1235 4054 vallasti
1266 4014 1384 4052 eum
1413 4006 1464 4057 et
1494 3996 1792 4057 universam
1817 3997 2064 4054 substan-

473 4083 602 4139 tiam
621 4084 733 4155 ejus
756 4102 847 4154 per
869 4087 1148 4143 circuitum
1164 4083 1303 4143 ?Sed
1315 4085 1469 4155 aufer
1479 4100 1693 4143 manum
1714 4095 1879 4151 luant,
1896 4085 1953 4139 id
1968 4093 2062 4149 est,

478 4172 591 4227 sine
615 4189 732 4231 eum
762 4191 963 4243 mecum
988 4176 1097 4231 suis
1124 4174 1322 4229 viribus
1351 4175 1635 4241 decertare,
1667 4174 1770 4229 nisi
1799 4175 1855 4229 in
1877 4162 2067 4245 facient

471 4273 620 4316 tuam
652 4264 968 4319 benedixerit
1000 4265 1114 4321 tibi.
1146 4265 1252 4323 Sed
1297 4282 1420 4322 cum
1456 4265 1662 4335 nullam
1694 4264 2065 4336 hujuscemodi

485 4353 885 4421 querimoniam
945 4356 1312 4423 calumniosus
1360 4357 1539 4414 hostis
1582 4366 1707 4428 post
1754 4354 2064 4412 conﬂictum

474 4442 674 4497 audeat
697 4443 920 4512 iterare,
950 4461 1056 4511 non
1089 4447 1207 4517 Dei,
1235 4448 1329 4505 sed
1360 4447 1507 4511 illus
1536 4464 1596 4504 se
1626 4448 1828 4504 victum
1859 4446 2066 4521 viribus

470 4530 781 4587 confitetur.
820 4534 976 4602 Licet
1007 4537 1152 4601 enim
1194 4539 1368 4608 gratia
1399 4537 1495 4597 Dei
1526 4552 1633 4599 non
1676 4538 1735 4602 in
1778 4545 1951 4599 totum
1991 4536 2068 4591 illi

470 4617 709 4676 defuisse
756 4622 1029 4678 credenda
1067 4626 1176 4691 sit,
1237 4635 1442 4682 tantam
1495 4626 1752 4693 tentatori
1816 4626 2067 4696 tentandi

471 4712 665 4768 tribuit
688 4723 1037 4787 potestatem,
1066 4727 1324 4786 quantam
1362 4726 1415 4773 et
1460 4717 1617 4786 illum
1652 4719 1942 4775 resistendi
1972 4736 2065 4785 nu-

386 4840 401 4851 ι
472 4813 629 4859 verat
678 4806 881 4862 habere
936 4807 1214 4863 virtutem.
1245 4828 1264 4861 ι
1302 4808 1560 4882 (Ριιοειδ.)
1611 4809 1668 4865 Si
1717 4811 1861 4866 Deus
1908 4811 2069 4867 scivit

476 4898 858 4963 tantummodo
901 4899 1043 4970 quod
1092 4899 1193 4967 Job
1251 4908 1475 4970 posset,
1515 4917 1621 4957 non
1681 4902 1848 4958 etiam
1898 4901 2067 4957 dona-

478 4988 558 5043 vit
583 4997 642 5045 ut
694 4998 916 5060 posset;
974 4990 1132 5049 testis
1181 4992 1458 5063 patientia:
1504 4991 1643 5063 ejus,
1688 5008 1795 5048 non
1835 4992 2062 5060 auxilia.-

482 5088 568 5133 ter
600 5076 722 5135 fuit.
754 5080 820 5139 Et
847 5080 900 5135 in
928 5096 1036 5152 quo
1062 5081 1170 5136 erit
1220 5098 1592 5151 necessarium
1625 5084 1815 5152 gratiae
1851 5084 2063 5152 adjuto-

2170 499 2532 583 Ipraetulisset.
2554 518 2573 554 ι
2604 499 2844 575 (Ριιοερ.)
2882 500 3082 583 Impius
3109 514 3321 563 sensus,
3343 500 3436 569 qui
3463 507 3619 568 putat
3647 496 3767 552 bea-

2189 591 2386 659 tiorem
2413 606 2535 649 esse
2560 592 2854 659 hominem,
2902 595 2991 649 cui
3034 591 3176 647 Deus
3227 590 3304 647 nil
3344 590 3581 656 dederit,
3610 602 3772 660 quam

2188 685 2273 745 cui
2302 684 2556 742 universa
2585 684 2897 741 contulerit.

2259 798 2588 865 Duodecima
2639 798 2956 861 diﬁinitione
3003 798 3208 855 dictum
3257 806 3338 854 est
3395 795 3699 869 (Cassam)
3751 813 3769 850 :

2193 909 2212 948 ι
2242 890 2369 948 Inde
2395 901 2479 949 est
2501 892 2646 963 quod
2674 901 2897 948 orantes
2923 907 3031 947 non
3056 891 3228 947 solum
3257 899 3650 962 protectorem,
3679 888 3774 944 sed

2185 985 2351 1047 etiam
2392 995 2760 1057 susceptorem
2804 984 3092 1045 Dominum
3139 999 3418 1040 vocamus.
3448 982 3505 1038 in
3535 996 3604 1038 eo
3626 982 3773 1037 enim

2185 1076 2329 1147 quod
2352 1076 2503 1147 prior
2528 1076 2759 1133 advocat
2796 1085 2850 1132 et
2884 1077 3201 1146 ignorantes
3239 1088 3339 1130 nos
3373 1082 3542 1145 atque
3572 1071 3775 1127 invitos

2186 1166 2414 1222 attrahit
2442 1167 2510 1222 ad
2539 1165 2803 1234 salutem,
2848 1175 3124 1238 protector
3160 1173 3325 1236 atque
3371 1164 3627 1221 Salvator
3665 1171 3772 1217 est.

2183 1254 2240 1312 In
2278 1270 2343 1312 eo
2394 1266 2571 1311 autem
2610 1257 2755 1328 quod
2797 1254 3167 1312 annitentibus
3206 1255 3366 1314 nobis
3403 1268 3564 1325 opem
3600 1250 3768 1317 ferre,

2182 1348 2621 1421 refugientesque
2667 1350 2946 1421 suscipere
2974 1364 3040 1404 ac
3069 1348 3281 1403 munire
3323 1346 3634 1411 consuevit,
3677 1358 3773 1400 su-

2182 1450 2400 1511 sceptor
2450 1456 2516 1497 ac
2566 1440 2834 1513 refugium
2885 1441 3220 1497 nominatur.
3254 1458 3273 1492 ι
3314 1438 3590 1512 (Pnosr.)
3634 1434 3776 1491 Huic

2180 1533 2461 1587 sententia:
2503 1532 2551 1588 is
2593 1541 2772 1603 potest
2807 1533 3051 1604 praebere
3106 1546 3451 1595 consensum,
3482 1527 3579 1599 qui
3626 1541 3689 1583 se
3737 1541 3771 1582 ι

2181 1622 2398 1681 Christo
2422 1640 2530 1680 non
2566 1624 2684 1680 vult
2741 1639 2862 1681 esse
2897 1623 3190 1680 salvatum.
3246 1620 3342 1676 llis
3394 1621 3581 1690 itaque
3628 1613 3773 1672 dim.

2180 1717 2478 1783 nitionibus
2525 1717 2631 1774 hoc
2678 1718 2938 1783 docetur,
2993 1716 3099 1771 hoc
3141 1712 3438 1777 scribitur,
3466 1710 3594 1779 [hoc
3657 1705 3773 1762 edi-

2186 1808 2255 1864 tis
2283 1806 2757 1877 disputationibus
2794 1806 3121 1879 prazdicatur
3145 1845 3162 1872 ,
3208 1803 3374 1875 quod,
3415 1800 3592 1857 Adam
3647 1812 3775 1870 pec-

2182 1910 2360 1969 eante,
2404 1902 2584 1961 anima
2615 1901 2734 1974 ejus
2769 1901 2895 1957 lassa
2929 1916 3037 1967 non
3077 1899 3264 1965 fuerit,
3286 1911 3589 1967 sanumqne
3620 1893 3679 1950 in
3705 1907 3772 1949 eo

2181 1992 2443 2048 manserit
2469 1993 2613 2048 unde
2641 1991 2997 2063 peccavitzsi
3023 1990 3243 2063 quidem
3289 1988 3571 2045 scientiam
3615 1984 3771 2048 boni,

2179 2101 2343 2157 quam
2370 2093 2679 2157 acceperat,
2704 2100 2809 2142 non
2833 2084 3109 2148 amiserit,
3142 2097 3245 2139 nec
3266 2081 3541 2163 potuerint
3564 2077 3773 2151 posteri

2179 2176 2296 2246 ejus
2347 2178 2594 2249 perdere,
2649 2176 2806 2247 cujus
2850 2177 3107 2232 damnum
3152 2188 3255 2230 nec
3300 2173 3389 2235 ille
3439 2168 3770 2243 pertulerit;

2180 2271 2360 2326 inesse
2394 2278 2578 2325 autem
2609 2269 2755 2325 omni
2799 2268 2996 2323 anima:
3038 2264 3362 2322 naturaliter
3387 2262 3656 2317 virtutum
3686 2273 3772 2314 se-

2181 2363 2349 2429 mina,
2401 2362 2668 2418 benelicio
2704 2360 2981 2418 Creatoris
3033 2360 3259 2425 inserta,
3315 2365 3378 2412 ut
3422 2354 3616 2427 possit,
3673 2350 3767 2423 qui

2176 2455 2432 2520 voluerit,
2453 2453 2660 2527 judicio
2687 2452 2923 2509 naturali
2965 2451 3057 2507 Dei
3092 2449 3324 2523 gratiam
3366 2444 3674 2518 praevenire
3712 2451 3770 2497 et

2178 2548 2505 2619 adiutorium
2528 2546 2672 2617 ejus,
2695 2561 2804 2618 quo
2825 2544 3040 2600 facilius
3063 2543 3129 2598 ad
3150 2540 3545 2613 perfectionem
3570 2550 3770 2608 perve-

2174 2641 2309 2707 niat,
2336 2627 2671 2711 promereri:
2695 2639 2820 2710 quia
2840 2637 3040 2693 nullius
3062 2636 3132 2692 sit
3159 2634 3336 2690 laudis
3363 2646 3427 2688 ac
3449 2630 3631 2687 meriti
3674 2628 3769 2700 qui

2173 2732 2388 2789 donatis
2401 2732 2579 2799 bonis,
2593 2748 2701 2789 non
2716 2731 3295 2803 propriis,adornatur;
3314 2724 3619 2782 cavendum
3635 2734 3769 2791 quo-

2171 2843 2278 2899 que
2297 2841 2418 2883 esse
2439 2841 2506 2882 ne
2527 2827 2600 2881 ita
2625 2829 2691 2881 ad
2718 2812 2886 2882 Deum
2911 2824 3093 2879 omnia
3115 2829 3431 2879 sanctorum
3450 2815 3649 2873 merita
3684 2827 3769 2868 re-

2170 2918 2417 2975 ferantur
2440 2917 2597 2989 quasi
2643 2933 2740 2988 per
2767 2932 2826 2974 se
2852 2915 2929 2972 nil
2966 2914 3092 2971 boni
3121 2911 3291 2983 possit
3321 2923 3484 2981 agere
3528 2907 3769 2962 humana

2172 3021 2386 3080 natura,
2430 3028 2553 3070 cum
2596 3022 2746 3068 tanta
2783 3011 2857 3067 sit
2895 3011 3155 3065 virtutum
3198 3006 3315 3077 ejus
3357 3001 3680 3073 integritas,
3711 3007 3771 3052 ut

2171 3106 2336 3160 etiam
2363 3105 2538 3175 ipsum
2561 3102 2829 3158 diabolum
2853 3100 3222 3167 smvitiamque
3243 3095 3359 3164 ejus
3382 3109 3553 3163 usque
3579 3091 3649 3146 ad
3674 3106 3771 3146 ex-

2171 3207 2342 3257 trema
2364 3195 2619 3267 supplicia
2644 3195 2761 3249 sine
2783 3191 2985 3249 auxilio
3004 3191 3094 3246 Dei
3117 3189 3297 3259 valeat
3317 3185 3601 3242 dimicare.
3618 3182 3771 3238 Hanc

2171 3295 2350 3341 autem
2408 3285 2822 3356 possibilitatem
2879 3283 2932 3338 in
2983 3280 3236 3335 omnibus
3283 3277 3602 3333 hominibus
3634 3287 3758 3331 esse

2170 3376 2513 3442 naturaliter,
2536 3374 2630 3430 sed
2661 3389 2765 3430 non
2794 3387 2986 3428 omnes
3017 3369 3348 3441 iugcneratis
3375 3367 3482 3423 sibi
3513 3366 3593 3422 uti
3621 3364 3760 3419 velle

2169 3466 2483 3524 virtutibus.
2512 3463 2742 3521 Tantam
2780 3472 2959 3519 autem
2999 3463 3143 3518 circa
3181 3462 3469 3515 universos
3506 3457 3754 3513 homines

2169 3560 2465 3616 bonitatem
2495 3572 2617 3616 esse
2641 3557 2938 3621 Creatoris,
2961 3563 3019 3611 ut
3056 3553 3146 3608 alii
3178 3553 3246 3607 ab
3272 3568 3370 3618 eo,
3401 3552 3530 3623 quia
3560 3557 3755 3621 sponte

2169 3652 2430 3715 veniant,
2481 3649 2851 3719 suscipiantur
2906 3645 3148 3710 laudati;
3208 3642 3298 3698 alii
3352 3651 3570 3706 autem,
3627 3638 3753 3709 quia

2170 3742 2459 3805 resistunt,
2488 3741 2832 3795 attrahuntur
2870 3736 3054 3801 inviti,
3094 3743 3258 3805 atque
3293 3732 3413 3788 ideo
3447 3730 3752 3786 volentium

2169 3840 2471 3902 susceptor,
2503 3829 2801 3886 nolentium
2828 3843 2962 3885 vero
2990 3825 3240 3883 Salvator
3266 3824 3355 3881 sit.
3385 3822 3451 3878 Et
3479 3837 3609 3878 cum
3638 3833 3762 3891 pars

2168 3926 2426 3983 Ecclesiae
2454 3940 2521 3982 ex
2546 3926 2718 3998 gratia
2741 3965 2757 3992 ,
2784 3938 2911 3995 pars
2942 3929 3122 3978 autem
3144 3917 3477 3990 iustiﬁcetur
3507 3912 3757 3978 arbitrio,

2169 4016 2517 4089 gloriosiores
2545 4016 2656 4072 sint
2687 4029 2825 4086 quos
2874 4021 3067 4069 natura
3094 4009 3409 4082 provexerit
3432 4020 3597 4077 quam
3625 4017 3762 4074 quos

2169 4110 2347 4182 gratia
2376 4108 2621 4166 liberarit
2641 4150 2655 4175 ,
2688 4107 2816 4178 quia
2850 4106 2917 4162 ad
2947 4119 3111 4161 omne
3139 4117 3278 4172 opus
3308 4101 3515 4157 bonum
3548 4105 3656 4151 tam
3688 4095 3757 4150 li-

2169 4203 2299 4258 bera
2337 4201 2411 4257 sit
2442 4199 2691 4257 voluntas
2726 4199 2779 4254 in
2817 4197 2948 4253 Adae
2986 4195 3220 4267 posteris
3257 4207 3421 4263 quam
3476 4190 3534 4245 in
3583 4188 3760 4245 Adam

2169 4292 2339 4348 fuerit
2372 4299 2503 4347 antae
2535 4298 2843 4362 peccatum.
2879 4284 3210 4359 (Hucusque
3248 4280 3542 4354 Prosper.)

2240 4401 2366 4458 Haec
2401 4400 2618 4456 interim
2656 4397 2749 4454 tibi
2798 4397 2866 4451 ad
2923 4411 2987 4450 ca
3039 4408 3160 4464 qua:
3197 4388 3580 4461 interrogasti,
3621 4385 3762 4443 dile-

2097 4484 2145 4544 Ι)
2174 4495 2448 4560 ctissime,
2484 4491 2773 4549 sulliciant.
2809 4488 3076 4546 Caeterum
3114 4487 3159 4542 sl
3197 4484 3325 4554 quid
3355 4482 3569 4554 plenius
3598 4493 3764 4552 super

2173 4587 2281 4645 hoc
2308 4601 2470 4643 nosse
2509 4584 2788 4641 desideras
2811 4623 2827 4648 ,
2869 4580 3043 4650 ipsum
3082 4577 3279 4631 librum
3318 4573 3465 4631 beati
3503 4569 3760 4642 Prosperl

2172 4678 2298 4736 inde
2345 4674 2705 4746 compositum
2756 4671 2917 4742 lege,
2985 4677 3040 4723 et
3093 4664 3304 4736 liquido
3376 4660 3761 4733 comprobabis

2170 4772 2527 4838 Cassianum,
2565 4769 2740 4824 virum
2779 4765 2906 4821 licet
2940 4763 2994 4818 in
3038 4760 3159 4815 aliis
3192 4758 3481 4839 probatum
3504 4795 3521 4822 ,
3558 4754 3615 4809 in
3657 4755 3758 4809 bac

2169 4872 2324 4935 parte
2355 4860 2480 4931 jure
2513 4858 2811 4931 culpatum.

2240 4993 2396 5049 Nunc
2433 4991 2599 5062 igitur
2632 4988 2700 5044 ad
2744 4995 2831 5051 te,
2864 4986 2936 5040 mi
2973 4981 3342 5056 praecordialis
3371 4958 3549 5044 amor,
3584 4976 3761 5051 stylus

2167 5094 2435 5151 vertatur,
2486 5092 2580 5151 εει,
2621 5080 2747 5151 quia
2787 5078 2843 5134 in
2883 5077 2990 5145 mei
3025 5074 3266 5147 pectoris
3300 5088 3427 5128 arca
3467 5070 3759 5142 diligenter

2560 5127 2580 5151 ‘
2623 5127 2747 5151 Ὶ““”’“
