4024 5370
266 336 405 393 1173

263 432 303 503 (ί

261 544 382 611 quis
420 544 596 616 diligit
633 549 884 602 mundum
907 591 922 616 ,
961 566 1066 606 non
1102 563 1176 606 est
1214 555 1444 610 Charitas
1478 552 1656 610 Patris
1683 557 1738 610 in
1767 572 1847 610 eo.

263 631 420 689 Felix
476 635 565 690 illa
637 639 972 695 conscientia
1032 656 1152 712 qua:
1202 644 1488 700 mundanae
1537 646 1852 702 substantiae

264 725 561 792 subsidiis,
594 729 714 784 sine
744 731 940 800 quibus
970 732 1084 787 haec
1122 749 1360 804 praesens
1397 736 1506 791 vita
1548 753 1652 793 non
1694 737 1850 793 duci-

265 823 386 881 tur,
423 816 506 872 sic
557 819 734 881 utitur
793 822 863 877 ad
902 838 1059 880 usum
1112 834 1172 880 ut
1212 841 1315 884 non
1355 829 1608 884 abutatur
1657 830 1722 884 ad
1771 829 1854 883 lu-

265 911 446 964 xum!
487 909 621 977 Qua?
658 927 796 982 puro
834 918 1031 973 mentis
1071 918 1268 976 intuitu
1307 922 1552 992 captiosa
1589 923 1854 978 haeretica:

261 997 605 1070 deceptionis
631 1005 935 1073 pratvidens
966 1010 1193 1066 reticula
1222 1053 1237 1078 ,
1271 1012 1540 1070 diabolica
1575 1024 1733 1070 terra:
1762 1030 1854 1070 vo-

267 1089 477 1160 raginis
516 1103 672 1149 cavet
706 1096 976 1164 profunda
1015 1142 1029 1163 ,
1074 1103 1262 1174 sicque
1301 1105 1475 1162 hostis
1509 1107 1684 1162 callidi
1724 1108 1856 1162 insi-

265 1178 424 1247 dias,
449 1196 522 1237 ne
549 1182 784 1241 latenter
809 1187 1080 1260 irrepant,
1103 1193 1382 1264 explorat,
1406 1206 1465 1252 ut
1493 1197 1715 1268 laqueos
1738 1198 1856 1268 ejus

264 1273 488 1338 evadat,
527 1275 668 1330 sicut
704 1277 792 1334 ille
822 1282 913 1350 qui
943 1282 1198 1339 dicebat:
1252 1287 1444 1341 Anima
1490 1299 1668 1343 nostra
1722 1291 1855 1344 sicut

259 1375 452 1428 passer
481 1375 654 1435 erepta
686 1379 760 1423 est
790 1372 854 1426 de
883 1371 1070 1444 laqueo
1102 1379 1442 1443 venantium;
1481 1379 1700 1450 laqueus
1729 1398 1855 1436 con-

264 1452 424 1540 tritus
450 1465 556 1522 est,
587 1468 634 1512 et
666 1477 758 1516 nos
786 1461 992 1520 liberati
1017 1483 1216 1523 sumus.
1250 1469 1589 1540 Adjutorium
1620 1483 1856 1526 nostrum

265 1539 324 1594 in
377 1547 585 1602 nomine
637 1549 868 1608 Domini.
920 1554 1087 1626 Cujus
1133 1539 1403 1627 adjutorio
1447 1560 1685 1616 conlisus
1731 1576 1854 1616 cum

267 1629 426 1687 hoste
459 1639 796 1708 congredere
835 1657 1092 1711 securus,
1136 1647 1239 1703 hoc
1279 1663 1497 1720 semper
1535 1649 1756 1706 volvens
1798 1651 1851 1704 in

265 1721 482 1792 animo,
514 1729 641 1796 quia
680 1745 881 1788 corona
919 1751 1024 1790 non
1066 1737 1165 1793 nisi
1208 1739 1492 1794 certamini
1524 1741 1750 1796 debetur
1779 1741 1856 1796 le-

272 1881 814 1912 Μ

1416 342 1907 404 EPISTOLARUM
1941 299 2386 404 FRaGMENTA.

308 466 427 520 gere
478 455 764 522 mundum,
813 472 972 528 neque
1023 474 1082 514 ea
1121 476 1236 529 qua:
1273 462 1329 517 in
1367 467 1564 520 mundo
1601 473 1742 520 sunt.
1785 463 1844 520 Si
1875 469 1922 530 Α
1950 463 2158 536 gitimo.
2192 464 2348 522 Unde
2376 464 2432 520 in
2462 462 2712 519 rationali
2740 462 2992 534 pectoris
3033 462 3108 517 tui
3150 461 3261 517 sint
3301 467 3538 532 quatuor

3400 339 3540 396 11η

1949 555 2175 610 ordines
2213 554 2452 626 lapidum
2487 552 2692 626 jngiter
2729 551 2956 618 inclusi,
2999 551 3198 624 singuli
3241 549 3409 606 ternis
3446 565 3541 619 pa.

1952 647 2314 704 triareharum
2352 646 2660 703 nominibus
2698 645 2966 716 inscripti,
3005 652 3082 710 ut,
3115 651 3352 712 quatuor
3387 641 3538 711 priu~

1951 737 2208 807 cipalium
2261 737 2524 792 virtutum
2577 735 2897 792 excellentia
2952 734 3280 806 insignitus,
3337 739 3541 786 sanctze

1951 829 2236 885 Trinitatis
2271 829 2431 885 ﬁdem
2462 829 2775 885 conﬁtearis
2803 843 3045 885 securus.
3076 826 3170 882 Sic
3205 825 3378 890 enim,
3411 839 3540 879 san-

1953 929 2162 976 ctorum
2179 921 2399 976 Patrum
2434 921 2777 986 memoriam,
2797 919 2943 975 velut
2971 919 3242 988 quoddam
3272 917 3542 973 bonorum

1952 1027 2174 1082 operum
2209 1013 2396 1080 decus,
2432 1012 2484 1066 in
2515 1011 2826 1067 sanctuario
2853 1011 3091 1082 pectoris
3135 1009 3224 1064 die
3271 1017 3544 1078 noctuque

1955 1101 2236 1173 gestando,
2269 1102 2462 1173 dignus
2489 1101 2602 1156 eris
2633 1101 2723 1171 qui
2755 1100 2823 1156 de
2859 1100 3036 1156 medio
3067 1098 3294 1154 fratrum
3326 1106 3543 1152 tuorum

1955 1195 2176 1266 eligaris
2196 1237 2210 1260 ,
2239 1204 2300 1250 ut
2322 1195 2629 1254 sacerdotio
2655 1209 2841 1252 coram
2870 1196 2980 1252 Deo
3008 1195 3272 1267 fungaris.
3300 1193 3358 1249 in
3387 1194 3545 1264 cujus

1955 1289 2238 1358 dignitatis
2267 1288 2433 1361 gradu
2470 1288 2820 1354 constitutus,
2853 1303 3067 1357 semper
3111 1289 3165 1343 in
3216 1303 3311 1344 ara
3357 1287 3543 1344 cordis

1954 1378 2207 1436 eﬂiciaris
2241 1381 2348 1437 Deo
2382 1381 2598 1436 victima
2629 1379 2913 1445 salutaris,
2940 1379 3158 1435 victima
3187 1379 3302 1435 sale
3328 1379 3547 1450 sapien-

1957 1470 2046 1526 tiae
2075 1470 2295 1527 condita
2316 1513 2332 1536 ,
2363 1479 2529 1542 atque
2559 1472 2681 1542 igne
2711 1469 2946 1541 Spiritus
2971 1471 3143 1525 sancti
3173 1475 3541 1526 concremata.

1956 1561 2033 1616 De
2064 1575 2172 1631 quo
2208 1561 2330 1632 igne
2364 1570 2418 1616 et
2456 1561 2570 1616 sale
2604 1561 2823 1615 videtur
2863 1560 3122 1616 Dominus
3163 1559 3215 1614 in
3253 1558 3543 1630 Evangelio

1956 1653 2196 1709 dixisse:
2232 1653 2415 1708 Omnis
2441 1653 2579 1708 enim
2611 1653 2727 1724 igne
2755 1650 2998 1719 satietur,
3038 1661 3086 1708 et
3124 1653 3294 1709 omnis
3332 1652 3542 1707 victima

1955 1742 2196 1799 salietur.
2237 1741 2384 1800 Vale.
2685 1735 2692 1742 ’

815 1897 2152 1921 M

472 2005 1186 2125 BERNONIS
1300 2013 2301 2132 EPISTOLARUM
2411 2018 3332 2134 FRAGMENTA.

741 2385 810 2426 ΔΙ)
845 2387 1136 2428 "EISRICUH
1180 2386 1374 2428 REGEI.

262 2451 444 2527 [Apud
478 2455 682 2513 Mabill.
719 2460 892 2515 Annal
921 2462 1116 2516 Bcned.
1149 2462 1243 2518 lib.
1279 2479 1430 2527 LvIII,
1463 2481 1518 2518 η.
1544 2463 1635 2525 9|,
1665 2463 1734 2517 ad
1760 2483 1848 2518 an.

338 2525 494 2602 1045,
519 2529 608 2582 ubi
651 2531 1001 2602 fragmentum
1031 2549 1247 2602 sequens
1279 2525 1568 2588 narrationi
1617 2551 1729 2588 sua:
1772 2537 1852 2589 itt-

333 2598 626 2654 termistum
653 2598 840 2665 edidit,
871 2613 924 2655 ut
953 2604 1036 2655 hic
1067 2598 1386 2675 eihibetun]

333 2707 496 2766 Forte
524 2713 700 2768 adhuc
722 2713 920 2786 Turegi
953 2713 1192 2786 (Zurirlt)
1225 2717 1535 2773 morabatur
1561 2718 1848 2775 lleiuricus

262 2814 382 2866 rex,
407 2818 530 2858 cum
560 2805 628 2860 ad
659 2820 780 2861 eum
812 2808 1093 2877 epistolam
1122 2809 1339 2879 scripsit
1365 2809 1542 2866 Bcrno
1566 2812 1852 2884 Augiensis

260 2889 453 2957 abbas,
484 2893 586 2949 sub
611 2895 717 2950 hac
746 2896 1136 2966 inscriptione:
1172 2917 1190 2949 ε
1227 2899 1453 2957 Domino
1488 2917 1629 2966 meo,
1654 2919 1841 2974 rogum

259 2982 642 3050 invictissime,
675 2986 929 3043 lieiurieo
956 2990 1205 3059 paciﬁco,
1233 2991 1551 3048 ortltodoxze
1581 2994 1701 3049 ﬁdei
1733 3012 1850 3066 pro-

256 3073 504 3142 pagatori
535 3073 946 3144 gloriosissimo,
978 3077 1144 3143 Beas,
1175 3079 1300 3135 licet
1331 3083 1648 3138 meritorum
1677 3085 1851 3154 quali-

261 3174 373 3220 tate
421 3167 663 3222 omnium
711 3184 932 3225 suorum
963 3180 1259 3239 extremus,
1309 3178 1501 3232 votiva:
1545 3181 1844 3245 servitutis,

259 3253 597 3327 assiduzeque
615 3260 880 3316 orationis
901 3277 1109 3318 munus.
1150 3283 1168 3316 ι
1195 3264 1250 3318 III
1281 3266 1379 3321 hac
1409 3269 1635 3338 cpistola
1669 3271 1844 3327 Berno

259 3343 574 3402 iieinricum
606 3347 788 3404 laudat
843 3353 986 3422 quod
1015 3353 1176 3409 Petro
1223 3357 1356 3426 regi,
1389 3361 1455 3414 ad
1507 3362 1680 3430 ipsum
1715 3379 1842 3434 sup-

259 3438 476 3509 pliciter
523 3442 872 3514 conlngienti,
921 3448 1096 3503 sinum
1145 3451 1364 3520 pictatis
1406 3456 1746 3523 expandcrit,
1791 3468 1846 3513 et

261 3547 368 3588 non
400 3533 575 3590 solum
605 3537 804 3592 nullam
835 3541 1128 3598 vindictam
1157 3545 1222 3600 de
1252 3546 1336 3600 bis
1381 3564 1500 3617 qua:
1531 3549 1585 3604 in
1619 3566 1676 3606 se
1699 3567 1846 3607 com-

258 3623 486 3680 miserat
520 3629 834 3698 sumpserit,
889 3632 982 3686 sed
1015 3633 1152 3688 miro
1181 3635 1468 3693 cbaritatis
1512 3630 1708 3696 all‘eetu
1759 3642 1842 3696 fo-
1872 3642 1917 3704 C

259 3713 401 3770 verit
427 3731 491 3770 ac
518 3715 744 3785 jnverit,
778 3735 1081 3792 quousque,
1114 3725 1331 3782 Christo
1360 3727 1670 3799 adjuvante,
1720 3748 1843 3788 eum

262 3818 430 3874 regno
459 3821 559 3860 suo
596 3810 940 3866 restituisset.
989 3813 1125 3868 Tum
1177 3816 1377 3872 subdit.
1427 3839 1445 3871 ι
1506 3820 1629 3875 llam
1675 3837 1845 3893 pauca

262 3897 431 3953 habui
462 3916 604 3971 quae,
639 3904 803 3958 vestri
835 3906 1036 3961 amoris
1086 3907 1398 3980 impatiens,
1451 3928 1550 3983 pro
1606 3922 1846 3985 tempore

259 3989 523 4059 dicerem,
557 4004 856 4066 vestrmque
884 3999 1184 4068 majestatis
1213 4003 1547 4059 excellentiae
1599 4005 1844 4061 benivole

259 4081 570 4152 dirigerent.
603 4084 820 4158 Sulnjcci
852 4090 1015 4144 etiam
1046 4106 1324 4149 sermones
1357 4095 1514 4161 duos,
1569 4112 1733 4152 unum
1781 4098 1846 4152 de

258 4173 581 4244 Epiphania,
615 4177 843 4233 alterum
877 4181 942 4235 de
978 4181 1145 4238 Carna
1172 4183 1405 4250 Domini,
1433 4187 1484 4241 in
1514 4201 1622 4258 quo
1641 4187 1843 4258 aliquid

258 4265 326 4319 de
354 4267 698 4336 pamitentia,
738 4272 839 4326 etsi
893 4288 999 4326 non
1033 4283 1090 4327 ut
1127 4275 1310 4342 debui,
1346 4288 1520 4334 tamen
1563 4289 1722 4349 prout
1750 4295 1848 4350 po-

259 4355 360 4420 tui,
392 4357 681 4427 disputavi,
737 4363 1052 4433 supplicitcr
1076 4367 1376 4437 deprecans
1404 4379 1480 4434 ut,
1526 4371 1569 4425 si
1621 4370 1842 4441 dignum

255 4444 502 4514 ducitis,
555 4449 672 4506 illos
733 4453 932 4509 nostris
983 4457 1200 4526 scriptis
1253 4459 1464 4514 adnecti
1510 4459 1765 4528 jubeatis.
1821 4481 1839 4514 ι

257 4535 386 4594 Post
420 4541 517 4594 hos
543 4558 826 4600 sermones
856 4546 1050 4600 iterum
1077 4547 1218 4602 redit
1247 4550 1315 4603 ad
1349 4550 1536 4606 laudes
1567 4551 1841 4616 lleinrici;

254 4627 380 4683 dein
409 4629 520 4699 agit
542 4647 639 4702 pro
671 4617 1049 4707 ilirmingarile
1081 4637 1375 4710 Turegensi
1406 4641 1698 4707 abbatissa,
1726 4659 1845 4712 qua:

255 4720 323 4772 ob
347 4731 593 4792 stuprum
623 4727 789 4797 gradu
822 4729 1121 4785 exciderat.
1161 4753 1177 4783 ι
1219 4732 1369 4800 Dico,
1401 4732 1596 4803 inquit,
1621 4735 1686 4790 de
1719 4735 1844 4790 llir-

255 4813 550 4882 mingarta,
591 4820 863 4885 quondam
899 4821 949 4875 in
979 4821 1192 4892 Turego
1224 4823 1519 4888 abbatissa,
1563 4829 1655 4882 sed
1686 4829 1845 4884 modo

255 4920 350 4974 pro
377 4907 460 4963 sui
485 4907 659 4980 culpa'
678 4915 871 4969 merito
901 4913 1128 4982 dejecta.
1166 4916 1255 4970 Illa
1306 4919 1579 4986 quondam
1634 4921 1842 4976 cmlesti

256 4995 466 5064 Sponso
501 4999 814 5070 conjuncta,
851 5004 978 5060 illud
1014 5007 1169 5064 dulce
1211 5008 1379 5064 divini
1413 5012 1674 5067 carminis
1719 5014 1835 5082 epi-
1869 5002 1914 5060 Ι)

255 5088 573 5146 tlIalaIniuIn
630 5095 806 5164 potuit
861 5083 1084 5150 cantare
1139 5117 1150 5151 :
1201 5098 1480 5154 Osca/etur
1536 5120 1616 5157 me
1665 5103 1842 5158 osculo

253 5182 356 5236 oris
385 5184 489 5238 sui.
546 5183 718 5250 Nunc,
779 5187 924 5241 velut
972 5186 1214 5244 adultera
1267 5195 1322 5242 et
1368 5194 1682 5260 prostituta,
1735 5194 1842 5247 vir-

250 5273 394 5343 ginei
423 5275 636 5332 decoris
664 5281 876 5350 cogitur
898 5276 1090 5332 deﬂere
1117 5280 1472 5336 detrimenta.
1511 5303 1530 5335 ι
1566 5284 1632 5341 Et
1659 5285 1798 5341 infra
1826 5304 1837 5337 :

1887 2284 1930 2343 Β
1959 2298 2219 2340 conversa
2252 2284 2463 2342 laborat
2493 2285 2543 2339 in
2575 2285 2810 2355 gemitu;
2844 2285 2989 2340 lavat
3019 2299 3118 2354 per
3144 2282 3383 2356 singulas
3411 2298 3541 2340 noc-

1959 2384 2040 2430 tes
2067 2375 2264 2433 lcetum
2296 2393 2521 2433 suum...
2558 2376 2794 2433 Accedat
2825 2377 2990 2433 etiam
3023 2377 3234 2433 domnae
3273 2390 3407 2432 mea:
3452 2392 3539 2432 re-

1955 2469 2094 2538 gina:
2122 2469 2288 2542 Agnae
2315 2470 2650 2534 intercessio,
2682 2484 2803 2541 qua;
2832 2469 2973 2540 apud
3017 2485 3114 2525 vos
3160 2470 3230 2526 ob
3261 2469 3358 2525 Dei
3386 2484 3540 2526 amo-

1956 2576 2070 2616 rem
2096 2562 2147 2618 ei
2182 2562 2427 2618 obtineat
2457 2562 2669 2633 pristini
2699 2561 2923 2617 honoris
2947 2560 3479 2632 redintegrationem.
3516 2581 3536 2614 ι

1954 2653 2078 2710 llaec
2107 2656 2300 2726 raptim
2331 2664 2384 2712 et
2425 2654 2656 2728 carptim
2700 2669 2766 2709 ex
2814 2653 3001 2710 codice
3052 2652 3365 2726 Villingensi
3410 2653 3541 2711 olim

1955 2749 2349 2820 excerpsimus.

2717 2838 2779 2893 11.

1955 2928 2164 3001 [Edidit
2197 2929 2423 2985 Martcn.
2456 2929 2550 2983 lib.
2583 2928 2657 2983 De
2690 2931 2854 3001 antiq.
2888 2929 3032 2984 Eccl.
3091 2929 3220 2993 Rit.,
3269 2936 3394 3001 toni.
3417 2927 3540 3001 ⁸Ιν,

2021 3001 2114 3053 tib.
2155 3000 2216 3062 ll,
2266 3017 2380 3067 cap.
2436 3001 2524 3063 15,
2571 3016 2715 3053 nunt.
2771 2997 2828 3064 δέ
2874 3003 2963 3067 qui
3006 3001 3311 3054 inscribitur
3334 2999 3354 3050 .'
3407 2997 3538 3062 Quae

2024 3071 2273 3125 Psalterii
2317 3071 2494 3125 versio
2525 3071 2578 3125 in
2604 3078 2765 3125 cantu
2795 3071 3170 3126 ecclesiastico
3215 3069 3344 3124 olim
3385 3070 3542 3124 adlIia

2021 3142 2150 3197 bila.
2188 3139 2435 3194 Martenii
2462 3141 2830 3212 verba_dantus
2852 3158 2968 3210 qua:
2997 3141 3349 3212 fragmentum
3400 3155 3538 3210 pra:-

2021 3213 2208 3266 cedunt
2231 3221 2278 3266 et
2309 3209 2642 3283 sequuntur.]

2026 3321 2044 3353 ι
2072 3299 2190 3357 Jam
2223 3315 2373 3366 vero,
2397 3315 2518 3357 cum
2547 3301 2729 3371 plures
2771 3301 3078 3358 exstiterint
3133 3301 3381 3359 Psalterii
3409 3317 3534 3358 ver-

1949 3372 2130 3429 siOnes
2159 3372 2416 3444 antiquae,
2449 3372 2669 3444 optabit
2708 3372 2888 3444 forsan
2922 3373 3120 3442 aliquis
3155 3375 3358 3429 rescire
3390 3389 3539 3444 qum-

1950 3459 2074 3497 nam
2106 3443 2447 3510 potissimum
2473 3443 2526 3496 in
2564 3441 2763 3498 divinis
2788 3443 2979 3498 oﬂiciis
3009 3441 3139 3498 olim
3165 3441 3527 3499 adbibita'sit.

1950 3513 2183 3568 Sanctus
2228 3511 2588 3582 Hieronymus
2620 3513 2672 3566 in
2718 3513 2944 3582 epistola
2998 3514 3119 3576 155,
3163 3514 3230 3567 ad
3271 3514 3536 3568 Sunniam

1949 3592 2002 3638 et
2032 3583 2343 3646 Fretellam,
2373 3582 2587 3653 Ascribit
2619 3585 2931 3653 versionem
2979 3584 3317 3653 septuaginta
3368 3583 3539 3638 lnter~

1947 3661 2183 3724 prelum,
2222 3651 2676 3724 rqualis,_iI_Iquit,
2702 3653 2930 3707 habetur
2955 3653 3005 3706 in
3036 3651 3319 3724 Hexa'plis,
3340 3662 3392 3708 et
3416 3668 3535 3722 qua:

1957 3721 1976 3775 ὴ
2016 3724 2069 3778 in
2100 3723 2434 3793 eruditorum
2469 3721 2624 3793 libris
2649 3722 2959 3793 incorrupta
2991 3735 3044 3778 ct
3070 3721 3538 3778 immaculatare-

1953 3813 1971 3846 ι
2009 3802 2350 3856 servatur,...
2385 3791 2774 3864 llierosolyma:
2811 3791 2974 3864 atque
3003 3794 3054 3849 in
3085 3793 3328 3850 Orientis
3354 3793 3541 3855 Eccle-

1953 3883 1972 3917 ί
2007 3865 2101 3919 siis
2143 3883 2160 3915 ι
2192 3863 2490 3918 decantari.
2524 3862 2727 3918 Praeter
2759 3862 2898 3918 hanc
2927 3865 3227 3920 versionem
3277 3864 3380 3918 alia
3431 3878 3538 3918 cx-

1948 3935 2105 3998 stitit,
2133 3933 2376 4004 ejusdem
2410 3933 2745 4004 illieronymi
2787 3934 2992 4004 judicio
3023 3936 3201 3990 minus
3242 3937 3532 4004 castigata.

1947 4021 2066 4074 qua:
2088 4003 2366 4060 dicebatur
2392 4003 2728 4074 Communis,
2757 4003 2990 4072 vulgata,
3013 4015 3068 4061 et
3089 4005 3308 4060 Luciani
3341 4005 3532 4063 editio.

1945 4073 2137 4146 quain
2183 4074 2383 4130 divinis
2426 4073 2766 4146 celebrandis
2813 4075 3059 4132 laudibus
3099 4077 3392 4146 utebantur
3428 4075 3535 4130 lto-

1949 4143 2115 4201 mani.
2144 4146 2468 4200 Accuratam
2497 4143 2640 4198 LXX
2667 4147 2973 4200 versionem
3028 4161 3150 4201 cum
3192 4147 3246 4200 in
3279 4145 3534 4200 Latinum

1948 4231 2252 4272 sermonem
2281 4215 2664 4286 transtulisset,
2691 4213 2912 4284 Vulgata
2930 4217 3258 4286 posthabita,
3281 4218 3534 4269 eamdem

1949 4288 2149 4356 recepit
2177 4285 2418 4340 Ecclesia
2444 4284 2744 4350 Gallicana,
2773 4287 2913 4340 unde
2933 4284 2992 4341 et
3029 4287 3300 4355 Gallicani
3321 4286 3530 4340 Psalte-

1951 4359 2013 4411 rii
2045 4371 2240 4411 nomen
2270 4357 2342 4410 illi
2374 4357 2601 4410 inditum
2634 4364 2736 4410 est.
2770 4357 3086 4413 Audiendns
3115 4368 3198 4412 est
3238 4359 3338 4412 hac
3383 4357 3450 4411 de
3477 4372 3536 4409 re

1949 4427 2247 4482 Wall‘ridus
2278 4427 2331 4481 in
2383 4425 2520 4480 libro
2549 4426 2624 4480 De
2665 4427 2826 4482 rebus
2855 4427 3261 4493 ecclesiasticis,
3311 4443 3440 4496 cap.
3469 4427 3534 4482 15

1947 4500 2048 4552 sub
2083 4498 2243 4551 linem
2271 4515 2283 4551 :
2321 4515 2339 4547 ι
2380 4497 2577 4550 Psalmi
2611 4505 2791 4552 autem
2825 4514 2950 4552 cum
2983 4499 3282 4554 secundum
3313 4509 3532 4566 septum

1955 4584 1974 4620 ι
2045 4569 2155 4622 inta
2185 4567 2516 4636 interpretes
2546 4566 2773 4622 Romani
2802 4569 2979 4624 adhuc
3019 4571 3275 4631 habeant,
3311 4568 3448 4623 Galli
3479 4577 3535 4621 ct

1955 4657 1972 4690 ε
2008 4585 2402 4693 Germanorum
2417 4637 2580 4693 aliaui
2604 4639 2898 4693 secundum
2915 4641 3349 4693 emendationem
3369 4653 3534 4693 uuam

1954 4657 1972 4690 ί
2008 4637 2402 4693 Germanorum
2417 4637 2580 4708 aliqui
2604 4639 2898 4694 secundum
2915 4641 3349 4695 emendationem
3369 4653 3534 4707 quam

1954 4729 1972 4760 r
2010 4709 2372 4780 Hieronymus
2393 4708 2553 4764 Pater
2579 4709 2645 4764 de
2671 4708 3023 4778 Septuaginta
3055 4712 3290 4780 editione
3311 4723 3533 4780 (Ἀψινθ-

1955 4799 1971 4833 I
2007 4781 2132 4845 suit,
2165 4777 2490 4835 Psalterium
2522 4777 2782 4850 cantant;
2811 4795 2972 4850 quam
3011 4779 3306 4848 Gregorius
3360 4777 3535 4830 Turo-

1954 4869 1971 4902 ‹
2012 4850 2198 4906 nensis
2228 4850 2514 4920 episc0pus
2558 4865 2588 4904 a
2628 4849 2883 4904 Patribus
2927 4849 3196 4920 Romanis
3233 4856 3536 4920 mutualant

1955 4940 1974 4973 ι
2013 4923 2065 4976 in
2098 4917 2400 4978 Galliarum
2416 4917 2631 4974 dicitur
2656 4920 2933 4974 Ecclesias
2961 4917 3326 4973 transtulisse.
3366 4936 3382 4967 ›
3434 4917 3536 4970 Ea-

1939 4994 2059 5048 dem
2081 4999 2168 5048 est
2183 4989 2448 5045 Bernouis
2471 4990 2686 5046 abbatis
2710 4988 2996 5056 Augiensis
3022 4986 3318 5051 sententia,
3345 4995 3542 5042 tamet-

1952 5064 1994 5118 si
2021 5064 2086 5117 de
2118 5071 2366 5131 tempore
2394 5075 2500 5128 quo
2528 5061 2641 5131 haec
2675 5060 2912 5131 versiaa
2936 5056 3110 5113 Gallis
3129 5057 3213 5131 sit
3232 5068 3481 5131 recepta,
3514 5074 3546 5112 a

1949 5123 2652 5209 \Va‘ll'rido'dism‘e'pet._Sic
2679 5126 2824 5180 enim
2852 5127 2908 5209 in
2941 5141 3048 5182 ms.
3075 5127 3140 5209 ad
3167 5123 3547 5209 bieginl'ridum

1948 5214 2001 5258 ει
2026 5203 2334 5258 Βριδιιοηειιὶ
2365 5195 2590 5268 cpistola
2624 5211 2792 5266 agens
2833 5197 2899 5250 de
2948 5207 3142 5252 saneto
3175 5195 3548 5268 Hieronymo:

1949 5291 2095 5346 Inter
2131 5299 2324 5345 cratera
2387 5302 2452 5340 ea:
2498 5285 2775 5340 emendata
2820 5289 3155 5357 septuaginta
3197 5282 3555 5359 Inter-premnt
