4024 5370
586 266 722 323 1175

1653 268 1994 329 BERNONIS
2029 272 2319 331 ABBATIS
2338 273 2724 334 .AUGIENSIS

3676 282 3811 338 H76

581 383 727 439 mani
759 390 969 437 cantum
1000 397 1417 453 composuerunt,
1445 385 1689 456 nobisque
1717 401 1867 441 usum
1888 388 2137 443 cantandi
2163 393 2214 453 Α
2239 402 2397 463 cano,
2427 406 2483 445 n.
2510 390 2602 457 22,
2631 391 2904 463 trahitque
2931 395 3000 451 ad
3037 409 3149 451 sua
3191 393 3474 451 sententia:
3520 389 3813 463 conﬁrma.

578 470 1025 527 contradiderunt.
1062 470 1209 526 Unde
1233 473 1420 528 accidit
1446 474 1585 543 quod
1610 475 1764 529 verba
1790 492 1907 547 quae
1932 477 1988 532 in
2001 478 2149 531 diur-

576 561 659 615 nis
680 561 757 615 vel
786 563 1053 617 nocturnis
1100 564 1276 634 ofﬁciis
1325 567 1547 620 canendi
1594 582 1737 621 more
1786 567 2144 638 modulantur,

571 649 1045 719 intermisceantur,
1072 663 1121 708 et
1148 654 1361 724 confuse
1381 658 1569 712 nostris
1593 657 1807 727 psalmis
1823 658 2143 726 inserantur,

576 744 693 791 uta
720 739 895 794 minus
946 743 1124 810 peritis
1151 744 1294 797 haud
1342 744 1497 813 facile
1542 747 1702 815 possit
1746 746 1971 802 discerni
2018 749 2144 816 quid

570 835 764 883 nostri:
790 828 1043 887 Romana:
1065 835 1332 889 conveniat
1366 834 1600 891 editioni.
1626 836 1782 903 Quod
1815 838 1933 908 pius
1979 835 2145 894 Pater

570 932 633 971 ac
646 918 841 986 peritus
869 922 1113 991 magister
1132 924 1362 989 intuens,
1388 935 1489 979 tres
1513 926 1763 981 editiones
1789 927 1844 981 in
1864 943 1967 981 uno
1993 927 2139 981 volu—

568 1005 709 1061 mine
726 1010 1010 1079 composuit
1020 1027 1042 1075 ;
1071 1020 1119 1065 et
1141 1010 1474 1067 Gallicanum
1502 1013 1819 1069 Psalterium
1843 1054 1858 1081 ,
1879 1015 2016 1084 quod
2047 1031 2138 1069 nos

570 1097 828 1163 canimus,
856 1100 1113 1156 ordinavit
1142 1103 1197 1156 in
1225 1119 1332 1157 una
1356 1103 1620 1172 columna,
1651 1106 1708 1160 in
1752 1106 1917 1160 altera
1938 1103 2127 1161 Roma-

568 1200 715 1251 num,
737 1188 793 1242 in
819 1191 973 1244 tertia
1007 1190 1308 1248 Hebreum.

646 1294 666 1328 ι
689 1274 1005 1353 Huiusmodi
1036 1279 1360 1353 Psalterium
1384 1282 1571 1353 triplex
1594 1298 1659 1340 ex
1685 1284 1985 1340 ms.codice
2005 1283 2137 1340 Car-

564 1348 776 1401 notensi
825 1351 1137 1405 monasterii
1182 1353 1354 1407 sancti
1412 1348 1558 1409 Petri
1601 1354 1886 1409 ediderunt
1937 1354 2134 1410 fratres

562 1416 734 1469 nostri
766 1417 818 1471 in
856 1425 999 1473 tomo
1026 1420 1067 1486 l,
1098 1435 1191 1475 seu
1221 1422 1553 1479 Bibliotheca
1582 1423 1762 1478 divina
1790 1424 1962 1479 sancti
2004 1423 2131 1479 Hie-

563 1487 798 1564 ronymi.
830 1486 887 1541 ln
916 1489 1021 1564 hoc
1049 1504 1179 1564 ergo
1204 1491 1456 1564 dissentit
1478 1507 1507 1546 a
1538 1492 1803 1564 Wall'rido
1830 1492 2134 1564 BernoAu-

560 1555 761 1674 ﬂensis
788 1558 930 1625 quod
958 1558 1046 1613 ille
1076 1555 1394 1633 a'Gregorio
1419 1563 1741 1623 Turonensi,
1776 1563 1877 1618 iste
1903 1562 2133 1637 abjpso

616 1638 891 1674 teronvmn
938 1628 1243 1674 versionem
1315 1632 1458 1674 illam
1514 1633 1567 1674 in
1617 1632 1806 1674 liniliic
1862 1633 2128 1674 invmlnm

616 1628 891 1696 ieronymo
938 1628 1269 1685 versionem'
1314 1632 1458 1687 illam
1514 1633 1568 1687 in
1617 1632 1807 1689 Galliis
1860 1628 2128 1688 invectam

563 1690 731 1748 fuisse
755 1690 975 1753 scribat.
1013 1697 1207 1755 Verum
1273 1712 1358 1757 ost
1386 1712 1669 1773 utramque
1695 1702 1984 1758 admissam
2007 1716 2129 1757 con-

567 1763 737 1819 tendit
763 1763 1101 1825 Mabillonius
1128 1769 1184 1825 in
1223 1717 1601 1827 disuuisitione
1643 1773 1709 1827 de
1750 1787 1913 1827 cursu
1961 1770 2128 1827 Galli-

567 1763 737 1819 tendit
763 1763 1101 1825 Mabillouius
1128 1769 1184 1825 in
1223 1763 1601 1843 disquisitione
1643 1773 1709 1828 de
1750 1787 1913 1828 cursu
1961 1770 2128 1828 Galli-

2250 459 2463 535 tionem_
2480 471 2791 535 argumenta
2813 459 3033 535 exgipso
3052 464 3337 535 Gregorio,
3364 463 3615 535 quicum
3643 460 3809 535 pluri-

2246 529 2427 599 busgin
2449 529 2603 597 locis,
2630 533 2863 587 maxime
2890 529 2987 589 lib.
3018 549 3071 598 v,
3102 529 3275 599 cf“,
3316 529 3505 588 et'lib.
3546 547 3624 594 vi,
3676 546 3728 586 c.
3756 534 3808 593 5.

2242 597 2577 655 Psalmorum
2608 602 2902 658 versiculos
2933 597 3157 669 referat,
3181 597 3431 659 versione
3467 617 3497 655 a
3528 600 3807 657 Gallicana

2243 669 2695 745 diversa__utitur._
2734 670 2937 728 Eadem
2987 673 3395 745 argumentandi
3421 672 3643 745 ratione
3670 687 3808 726 non-

2242 737 2373 811 nulli
2418 738 2548 811 o_lim_
2592 741 2926 811 scripserunt
2965 737 3209 798 san'ctum
3252 740 3603 811 Benedictum
3632 757 3805 811 usum

2242 806 2408 879 fuisse
2431 806 3020 879 Psalterio'Gallicano,
3047 813 3125 867 uti
3152 813 3307 867 docet
3335 810 3526 865 Petrus
3543 810 3807 867 Boherius

2240 876 2295 931 in
2319 878 2553 952 secundo
2572 893 2734 949 super
2752 880 2989 952 regulam
3005 876 3196 952 sancti
3224 880 3500 952 Benedicti
3522 879 3809 952 Commen-

2240 947 2400 1031 tario,
2430 947 2890 1031 propterea'guod
2922 950 3216 1031 vsrsiculns
3260 949 3604 1031 psalmorum
3633 951 3806 1004 addu-

2237 1025 2325 1087 cat
2349 1018 2402 1071 in
2426 1017 2608 1087 regula
2645 1017 2924 1074 Gallicano
2948 1019 3210 1075 Psalterio
3228 1017 3447 1075 oinnino
3470 1018 3808 1075 conformes.

2237 1086 2404 1140 Porro
2430 1086 2853 1160 exjsupracitata
2878 1089 3137 1145 Bernonis
3161 1089 3383 1160 epistola
3432 1087 3657 1160 colliges
3683 1088 3813 1160 7R0-

2236 1171 2425 1211 manos
2450 1155 2565 1225 ejus
2579 1155 2853 1228 tempore,
2886 1160 2987 1215 hoc
3012 1168 3096 1215 est
3128 1155 3305 1214 medio
3350 1158 3548 1228 secqu
3563 1155 3812 1228 'undeci-

2235 1239 2347 1296 mo,
2370 1241 2492 1296 sua;
2507 1227 2685 1283 adhuc
2706 1227 2948 1283 ’versioni
2975 1229 3283 1284 adhzesisse.
3312 1227 3474 1296 Atqui
3502 1228 3612 1283 hoc
3652 1227 3808 1282 Psal-

2234 1294 2427 1349 terium
2466 1295 2769 1353 Romanum
2796 1298 2917 1352 usui
2946 1297 3046 1353 fuit
3070 1299 3123 1352 in
3156 1297 3315 1354 Urbis
3339 1294 3589 1353 ecclesiis
3622 1298 3692 1351 ad
3720 1313 3812 1353 us-

2232 1379 2337 1445 que
2355 1364 2436 1421 Pii
2536 1367 2929 1445 Pontificatum,
2956 1365 3110 1437 cujus
3132 1368 3283 1438 jussu
3311 1367 3539 1445 Vulgata
3561 1381 3661 1445 seu
3684 1366 3810 1424 Gal-

2230 1431 2408 1515 licana
2434 1431 2600 1515 editio
2629 1431 3071 1515 ubique_recepta
3101 1431 3203 1501 est,
3225 1431 3679 1515 praeterquaij
3701 1452 3807 1515 una

2232 1502 2416 1559 Romae
2444 1503 2702 1561 Vaticana
2731 1502 3066 1572 ecclesiafet
3089 1502 3244 1563 extra
3286 1502 3486 1561 Urbem
3514 1505 3573 1559 in
3598 1505 3805 1560 Medio-

2230 1572 2460 1656 lanensi,
2512 1584 2911 1656 quaeJutraque
2953 1577 3238 1656 antiquum
3276 1590 3453 1656 suum.
3478 1573 3806 1656 Psalterium

2230 1643 2448 1723 retinet,
2477 1643 2556 1700 uti
2602 1644 2766 1702 etiam
2794 1643 3024 1702 ecclesia
3069 1643 3242 1704 sancti
3289 1644 3456 1701 Marci
3505 1645 3659 1717 apud
3704 1645 3805 1701 Ve-

2235 1721 2435 1770 netias.
2468 1732 2491 1768 ι

594 1918 3786 1948 W

1168 2019 1559 2153 VITA
1653 2018 2213 2153 SANCTI
2300 2022 3181 2155 MEGINRADI

1484 2233 1783 2279 ΕΒΕΜΙΤΒ
1824 2234 1906 2278 ΕΤ
1943 2234 2264 2280 ΜΑιιπιιιε
2307 2236 2474 2279 APUD
2506 2236 2881 2283 Πεινετιοε.

1076 2338 1569 2451 Auctore
1642 2340 2165 2450 Bernone
2233 2340 2628 2449 abbate
2680 2340 3291 2483 Augiensz‘.

857 2524 1106 2600 (Nabim,
1131 2525 1264 2581 Acta
1304 2523 1411 2583 SS.
1464 2522 1600 2581 Szec.
1630 2521 1721 2592 IV,
1750 2530 1892 2595 part.
1919 2521 1986 2590 ll,
2016 2536 2070 2594 p.
2099 2521 2193 2589 63,
2220 2536 2286 2578 ea:
2318 2520 2691 2598 Christophoro
2720 2526 3055 2587 Hartmanno
3084 2538 3133 2586 et
3165 2526 3478 2597 Bollando.)

1364 2763 2346 2861 OBSERVATIONES
2418 2766 2974 2862 PRIEVIJE.

616 2914 1593 2987 l.lnterpiossanctosqueAugiensis
1614 2912 2115 2979 monasteriiviros,
2144 2914 2190 2979 C
2222 2912 2387 2969 Iulum
2450 2913 2753 2972 immutatis
2821 2916 3028 2985 primus
3088 2914 3326 2987 vulgavit
3390 2916 3619 2981 Surius,
3674 2926 3788 2973 tum

547 3024 686 3078 quos
712 3009 767 3064 in
794 3006 973 3063 saeculi
1002 3005 1145 3060 tertii
1173 3015 1325 3074 parte
1348 3005 1584 3060 secunda
1605 3003 2020 3060 commemoravi
2049 3001 2117 3058 ad

546 3097 724 3154 Vitam
761 3098 930 3153 sancti
956 3095 1221 3161 Pirminii,
1250 3094 1424 3150 locum
1452 3094 1615 3150 habet
1656 3096 1710 3150 in
1758 3094 1949 3164 primis
1992 3108 2119 3148 san-

546 3198 669 3245 ctus
696 3186 1035 3258 Meginradus
1074 3200 1166 3240 seu
1206 3184 1553 3257 Meginratus,
1569 3200 1727 3255 quem
1754 3185 1843 3240 alii
1880 3184 2114 3239 Meinra-

544 3278 705 3344 dum,
754 3277 846 3331 alii
893 3285 1148 3345 corrupte
1203 3274 1569 3340 Meinardum,
1611 3274 1971 3330 Meinrardum
2028 3273 2114 3329 vel

544 3369 910 3426 Meinnardum
938 3366 1227 3440 appellant.
1252 3367 1374 3422 Fuit
1403 3368 1451 3422 is
1480 3368 1776 3423 monachus
1802 3366 2033 3437 primum
2057 3365 2111 3421 in

514 3459 715 3530 ~Augia
745 3458 940 3525 insula,
968 3467 1081 3512 tum
1105 3457 1333 3512 eremita
1362 3456 1415 3511 in
1450 3455 1616 3527 Nigra
1647 3454 1790 3511 Silva
1828 3455 1894 3511 ad
1932 3455 2109 3511 lacum

542 3547 892 3615 Turicinum;
933 3548 1259 3617 demumque
1304 3544 1513 3617 Μανίαν
1544 3561 1642 3617 pro
1690 3561 1842 3603 more
1891 3545 2106 3602 illorum

541 3648 843 3710 temporum
868 3640 1062 3696 dictus.
1089 3639 1298 3711 Quippe
1319 3654 1447 3694 usus
1470 3647 1582 3694 tum
1627 3638 1925 3705 obtinebat,
1965 3639 2109 3709 quod

536 3729 663 3785 alibi
674 3730 974 3795 observavi,
988 3738 1046 3785 ut
1061 3729 1301 3800 quisquis
1312 3738 1535 3786 cruenta
1547 3729 1892 3800 morteZvitam
1910 3728 2106 3796 (iniret,

536 3828 741 3891 martyr
773 3820 1130 3891 appellaretur
1152 3821 1545 3892 colereturque,
1561 3821 1606 3876 si
1638 3820 1770 3876 alias
1792 3820 2034 3876 moribus
2054 3828 2110 3876 et

535 3911 648 3966 vita
701 3912 909 3981 integer
953 3912 1161 3970 fuisset.
1212 3913 1522 3985 Meginrado
1573 3929 1694 3984 qua;
1745 3914 1895 3970 necis
1941 3928 2105 3969 causa

536 3998 722 4070 fuerit,
770 4019 877 4060 non
936 4004 1072 4059 satis
1125 4013 1369 4075 apparet.
1421 4004 1540 4059 Non
1590 4003 1696 4059 alia
1735 4018 1865 4060 sane
1890 4002 2108 4059 videtur

536 4106 699 4162 quam
730 4094 846 4150 fera
878 4093 1168 4151 crudelitas
1206 4104 1299 4150 aut
1327 4094 1593 4167 cupiditas
1630 4096 1861 4152 duorum
1886 4095 2107 4151 sicario-

536 4200 681 4254 rum,
705 4188 902 4258 quibus
932 4190 1034 4245 viri
1067 4189 1242 4246 sancti
1284 4190 1413 4255 vita,
1439 4199 1493 4246 et
1523 4190 1705 4247 forsan
1738 4190 1900 4246 etiam
1922 4191 2104 4263 objur-

2220 3001 2586 3060 llartmannus
2615 3005 2670 3059 in
2727 3004 3003 3073 praeclaris
3052 3005 3347 3062 Annalibus
3394 3008 3567 3063 eremi
3616 3008 3789 3065 beata:

2218 3093 2420 3159 Marica,
2449 3094 2679 3164 denique
2728 3092 2967 3151 Joannes
2995 3094 3286 3153 Bollandus
3316 3097 3368 3153 in
3398 3095 3662 3157 Januario
3688 3114 3788 3157 suo

2213 3197 2336 3239 cum
2359 3184 2780 3240 commentariis.

2283 3275 2338 3329 2.
2372 3274 2665 3346 Meginradi
2707 3276 2965 3332 memoria
3012 3277 3214 3334 inserta
3262 3288 3346 3335 est
3397 3277 3557 3335 fastis
3611 3278 3785 3335 sacris

2210 3363 2265 3419 in
2294 3362 2672 3436 Martyrologio
2696 3364 2957 3431 Romano,
2983 3366 3332 3424 Benedictino
3358 3377 3414 3425 et
3440 3369 3565 3424 aliis
3591 3384 3782 3426 recen-

2209 3450 2456 3517 tioribus,
2486 3451 2554 3507 ad
2579 3451 2721 3507 diem
2742 3451 2806 3507 21
2823 3450 3088 3509 Januarii.
3110 3457 3181 3510 At
3211 3454 3264 3510 in
3278 3455 3629 3512 Benedictino
3650 3456 3781 3513 illud

2208 3539 2676 3598 animadversione
2710 3542 2953 3613 dignum,
2984 3545 3129 3615 quod
3153 3545 3497 3617 Meginradus
3542 3548 3777 3604 eremita

2205 3632 2462 3702 praedicto
2487 3632 2573 3689 die
2594 3643 2953 3701 memoretur,
2984 3644 3038 3691 et
3066 3636 3154 3692 die
3184 3637 3248 3691 17
3284 3636 3567 3693 Februarii
3610 3637 3779 3709 legi-

2204 3723 2390 3776 madus
2416 3722 2771 3780 Einsidlensis
2795 3724 2962 3780 abbas
2986 3743 2999 3779 :
3029 3734 3084 3781 et
3105 3726 3247 3796 quod
3273 3725 3561 3783 lienardus
3591 3737 3782 3783 noster

2204 3812 2259 3868 in
2276 3812 2369 3868 lib.
2386 3829 2425 3868 ιι
2438 3813 2884 3870 Observationum
2900 3814 3779 3887 Megimadumvocetconditorem

2205 3904 2437 3959 cmnobii
2458 3904 2831 3971 Einsidlensis,
2852 3907 3037 3963 dicens
3052 3920 3173 3963 eum
3196 3906 3456 3964 claruisse
3474 3908 3543 3962 ad
3572 3922 3777 3962 annum

2204 3995 2716 4068 octingentesimum
2744 3998 3166 4070 sexagesimum,
3190 4006 3251 4054 ut
3270 3998 3427 4055 docet
3464 3997 3682 4053 Mirans
3720 4012 3776 4053 tn

2204 4085 2471 4144 Chronico
2493 4089 2860 4146 Benedictino.
2890 4090 3041 4148 Unus
3082 4092 3224 4147 enim
3268 4091 3519 4161 idemque
3564 4090 3671 4146 fuit
3719 4100 3777 4148 et

2206 4175 2549 4250 Meginradus
2571 4180 2819 4247 eremita,
2862 4189 2917 4235 et
2963 4182 3055 4253 qui
3093 4180 3416 4238 Einsidlensi
3442 4182 3777 4237 monasterio

534 4278 681 4347 gatio
722 4257 909 4349 gravis
955 4290 1092 4337 erat.
1138 4279 1269 4350 Ejus
1312 4280 1490 4337 Vitam
1538 4282 1756 4352 scripsit
1798 4257 2100 4354 anonymus
2126 4257 2464 4342 Ποτίείηθω
2490 4273 2656 4341 dedit.
2684 4272 3017 4345 Mesimadus
3049 4275 3189 4346 apud
3233 4273 3472 4330 Mimum
3517 4283 3774 4345 corrupte

534 4366 773 4435 quidam,
797 4384 957 4439 quem
1000 4369 1417 4441 Christophorus
1463 4370 1850 4440 llartmannus,
1880 4372 2094 4429 Einsid-

534 4455 702 4515 lensis
728 4460 1044 4525 monachus,
1068 4460 1151 4515 vir
1178 4461 1387 4529 doctus,
1416 4462 1717 4518 Bernonem
1748 4476 1869 4518 esse
1889 4461 2100 4531 judica-

530 4544 629 4598 vit.
664 4545 732 4599 Et
758 4560 857 4617 ego
884 4549 1100 4617 quidem
1124 4548 1440 4615 Hartmanni
1470 4549 1794 4619 conjectura:
1818 4551 2034 4619 accedo,
2052 4553 2099 4609 si

535 4632 837 4691 Bernoncm
863 4636 1190 4707 Augiensem
1221 4638 1468 4694 abbatem
1498 4639 1779 4710 intelligat.
1813 4639 1884 4695 Ut
1920 4641 2100 4711 potius

531 4725 763 4781 Bcrnoni
801 4726 1002 4792 abbati,
1023 4741 1186 4797 quam
1224 4726 1466 4783 Bennoni
1500 4728 1648 4784 cellae
1677 4729 1849 4784 sancti
1893 4728 2099 4800 Megin-

533 4818 647 4873 radi
677 4817 913 4874 secundo
944 4816 1131 4874 incola:
1160 4818 1267 4889 (cui
1293 4818 1580 4875 Bollandus
1609 4834 1729 4875 eam
1769 4820 2097 4876 lucubratio-

530 4924 653 4964 nem
681 4909 885 4980 tribuit)
916 4908 1297 4980 assignandum
1339 4917 1542 4980 putem,
1586 4910 1715 4967 illud
1754 4926 1841 4966 me
1893 4921 2091 4978 movet,

529 5001 673 5071 quod
695 5000 941 5059 Bernone
964 5002 1284 5072 abbate,qui
1307 5002 1534 5074 Augiam
1550 5004 1774 5060 rexitab
1788 5018 1929 5059 anno
1954 5004 2090 5063 1008

528 5089 586 5145 in
615 5106 785 5148 annos
819 5094 909 5160 40,
958 5093 1129 5150 sancti
1175 5093 1467 5165 Meginradi
1522 5110 1718 5167 corpus
1769 5097 2002 5153 levatum
2060 5113 2094 5154 e

1076 5197 1105 5218 ο
1135 5183 1179 5220 is:
1217 5182 1319 5220 Ima
1345 5183 1449 5220 ιιίοι-
1476 5183 1527 5212 in

529 5179 739 5216 “1.7.33.2
764 5190 841 5218 aa.
860 5198 873 5217 ι
923 5182 1105 5218 cinnno
1135 5183 1179 5220 is:
1217 5182 1319 5220 hnn
1345 5183 1449 5220 ιιίοι-
1476 5183 1527 5212 in
1558 5193 1866 5224 conﬂant-nm
1902 5200 2090 5226 ntimo-

2199 4362 2520 4432 appellatus.
3234 4412 3235 4415 η

2268 4450 2322 4505 5.
2354 4449 2690 4508 Einsidlense
2716 4467 2909 4524 nempe
2943 4455 3331 4511 monasterium
3368 4454 3650 4512 conditum
3684 4466 3772 4512 est

2198 4557 2264 4599 eo
2289 4543 2344 4597 in
2374 4543 2492 4599 loco
2526 4543 2618 4599 ubi
2672 4553 2893 4599 sanctus
2928 4544 3266 4616 Meginradus
3290 4546 3564 4603 solitarius
3584 4547 3725 4602 vixit
3750 4565 3767 4603 :

2199 4633 2288 4704 qui
2313 4633 2460 4690 locus
2485 4649 2584 4704 per
2610 4650 2780 4690 annos
2826 4635 3103 4691 minimum
3149 4638 3504 4710 quadraginta
3532 4648 3775 4709 quatuor

2200 4724 2271 4779 ab
2317 4725 2464 4781 obitu
2513 4726 2806 4796 Meginradi
2855 4728 3057 4799 absque
3102 4728 3291 4786 colono
3331 4739 3389 4786 et
3446 4731 3596 4786 cultu
3641 4732 3767 4797 fuit,

2201 4818 2498 4886 usquedum
2546 4826 2766 4875 sanctus
2796 4819 2979 4875 Benno
3018 4820 3310 4877 canonicus
3353 4821 3766 4893 Argentinensis

2197 4922 2263 4963 eo
2295 4908 2537 4973 secessit,
2568 4918 2623 4964 et
2648 4910 2925 4965 aediculam
2954 4911 3202 4980 squalore
3234 4923 3290 4968 et
3319 4912 3577 4984 impluvio
3598 4914 3765 4969 colla-

2198 5000 2411 5056 bentem
2444 5000 2647 5056 refecit.
2678 5000 2813 5056 Tum
2853 5012 3072 5059 sanctus
3099 5003 3461 5073 Eberhardus,
3505 5022 3575 5063 ex
3618 5023 3763 5078 pra:-
3808 5052 3811 5055 .

2196 5091 2370 5161 posito
2412 5089 2596 5145 itidem
2638 5090 3015 5162 Argentinensi
3072 5095 3321 5161 eremita,
3367 5096 3763 5152 monasterium

2195 5180 2457 5226 adiunxit-
2486 5182 2652 5226 ahhae
2677 5180 2778 5226 loci
2808 5183 3013 5226 nrimnc
3035 5199 3050 5212 -
3077 5192 3131 5226 ιιι
3164 5186 3417 5226 eapullum
3450 5188 3624 5226 ιιρειιω
3645 5186 3760 5226 Ila-
