4024 5370
241 200 381 257 1177

1305 201 1468 260 VITA
1505 201 1567 259 S.
1607 201 1991 266 MEGINRADI
2030 204 2415 268 MARTYRIS.

3369 207 3512 268 U78

241 319 413 375 fama.
443 313 742 388 Meginraat
771 327 992 384 corpus,
1038 315 1183 388 quod
1210 315 1399 390 Augie
1427 318 1696 390 sepultum
1719 319 1837 378 fue-
1859 332 1913 392 Α
1938 324 2084 382 Cella
2104 327 2274 384 sancti
2296 322 2614 395 Meginradi,
2633 335 2734 378 seu
2763 319 3254 393 Heginradescella,
3283 329 3395 378 tum
3423 342 3516 378 ec-

241 419 350 476 rat,
386 423 452 465 eo
479 417 755 464 revectum
791 414 896 474 est,
926 407 1119 464 saltem
1167 409 1359 482 majori
1388 426 1455 467 ex
1482 421 1658 482 parte,
1684 427 1828 470 anno

241 499 406 570 £059,
439 507 577 556 teste
624 497 936 554 Hermanno
979 497 1296 570 Contracto,
1323 502 1510 574 Augite
1537 503 1826 571 monacho,

239 593 399 664 cujus
429 591 546 648 haec
573 592 738 647 verba
765 607 781 644 :
815 587 1055 648 Ecclesia
1085 593 1229 648 cella:
1254 596 1425 651 sancti
1453 594 1826 668 Meginradittt

238 679 378 738 Idus
405 680 644 737 Octobris
673 680 968 748 dedicatur,
1013 683 1247 756 reliquiis
1285 701 1473 757 corpus
1512 688 1682 743 sancti
1708 687 1828 744 Me-

239 769 475 842 ginradi.
504 770 596 828 Sic
626 771 790 828 habet
813 771 980 828 editio
998 771 1308 844 Canisiana.
1335 775 1645 850 Legendum
1673 787 1824 848 puto,

240 868 296 916 st
320 875 512 931 corpus
555 861 726 916 sancti
775 860 1076 932 Meginradi
1103 865 1160 920 in
1203 881 1320 922 eam
1356 866 1672 924 translatum
1727 879 1827 925 est.

241 950 352 1010 Sed
366 952 548 1010 forsan
569 946 692 1010 cum
723 969 828 1011 non
857 965 1027 1013 totum
1048 973 1269 1030 corpus,
1303 960 1400 1017 sed
1425 976 1553 1032 pars
1572 976 1638 1018 eo
1660 971 1832 1020 trans-

239 1041 352 1099 lata
384 1044 606 1111 fuisset,
639 1047 938 1118 Augienses
962 1049 1301 1120 glossematis
1326 1050 1447 1108 loco
1470 1060 1836 1124 reposuerunt

239 1137 498 1207 reliquiae,
529 1153 597 1194 ne
628 1138 837 1195 scilicet
863 1139 1030 1196 etiam
1077 1142 1257 1213 aliqua
1304 1141 1424 1212 ejus
1460 1152 1618 1214 parte
1644 1158 1835 1201 carere

240 1239 590 1302 putarentur.
627 1231 674 1288 A
723 1239 968 1304 tempore
1009 1235 1184 1292 sancti
1233 1235 1530 1307 Meginradi
1574 1237 1719 1294 dicta
1747 1245 1837 1294 est

1930 417 2091 474 clesia
2113 427 2310 473 sancta
2335 414 2525 470 Maria:
2544 414 2599 468 in
2619 412 2752 468 cella
2782 413 2954 468 sancti
2975 411 3294 483 Meginradi,
3322 420 3375 469 et
3405 429 3518 468 nto-

1929 513 2217 568 nasterium
2236 511 2293 565 in
2316 508 2463 566 Silva
2490 505 2686 578 Nigra,
2707 505 2999 577 aliquando
3023 503 3516 574 Eberhardescella,

1929 606 1998 661 ab
2017 602 2330 661 Eberhardo
2347 600 2581 658 secundo
2595 597 2823 654 eremita
2844 614 2859 665 ;
2886 596 3121 666 denique
3140 597 3521 651 monasterium

1927 693 2115 752 Erenti
2135 709 2228 750 seu
2258 691 2640 756 Eremitarum,
2681 686 2977 744 Teutonice
3005 682 3303 750 Einsidlen,
3329 693 3386 740 et
3410 700 3523 739 mo-

1931 786 2218 841 nasterium
2241 783 2405 838 beata
2426 779 2616 836 Maria
2642 779 2697 834 in
2719 779 2934 845 Eremo,
2960 777 3030 834 ob
3044 777 3248 833 cultum
3273 775 3524 846 Deipara

1931 877 2174 950 Virginis
2199 873 2454 933 continua
2496 871 2960 944 peregrinantium
3004 869 3265 940 religione
3310 867 3382 924 ibi
3413 867 3524 924 ire.

1934 978 2269 1041 quentatum.
2294 964 2682 1022 Monasterium
2715 964 2879 1020 situm
2906 971 2992 1018 est
3037 962 3088 1017 in
3124 960 3348 1018 dioecesi
3375 959 3522 1016 Con-

1934 1059 2220 1118 stantiensi
2249 1057 2394 1113 inter
2415 1053 2732 1126 Tigurinum
2760 1063 2816 1110 et
2841 1053 3246 1109 Lucernensem
3265 1050 3436 1119 lacus,
3467 1049 3523 1105 in

1935 1152 2086 1210 edito
2122 1160 2309 1208 monte
2334 1162 2494 1220 quem
2522 1146 2655 1204 silva
2677 1145 2918 1216 undique
2941 1145 3127 1202 vestit.

1303 1381 1854 1464 PROLOGUS
1908 1380 2420 1463 AUCTOBIS

315 1551 371 1608 ι.
397 1550 654 1609 Dicturus
672 1551 1000 1611 venerabilis
1021 1553 1124 1611 viri
1157 1553 1454 1626 Meginradi
1477 1553 1731 1611 Eremita:
1775 1562 1833 1610 et
1859 1559 1908 1620 Β
1936 1551 2170 1617 litteras,
2201 1550 2302 1606 sub
2327 1565 2437 1622 quo
2465 1549 2662 1606 abbate
2691 1547 3047 1607 monasticam
3100 1552 3268 1608 vitam
3296 1553 3528 1612 subierit

238 1644 503 1716 nartyris
527 1644 837 1716 passionem
861 1655 916 1702 et
941 1647 1172 1714 obitum,
1199 1648 1330 1703 libet
1349 1661 1643 1718 parumper
1671 1631 1830 1703 relie-

240 1746 395 1794 ctere
431 1738 653 1810 stylum,
698 1749 864 1810 atque
917 1755 1026 1811 quo
1079 1749 1320 1812 tempore
1363 1740 1578 1806 doctus,
1617 1739 1733 1805 ubi,
1778 1747 1836 1795 et

238 1826 410 1897 unde,
439 1842 572 1902 quo,
609 1827 698 1886 vel
740 1828 829 1886 cui
879 1829 1112 1888 traditus
1151 1832 1386 1904 primum
1435 1832 1506 1889 ad
1548 1830 1838 1888 discendas

1937 1642 2283 1708 servandam,
2318 1642 2554 1714 qualiter
2585 1641 2748 1696 etiam
2775 1657 2805 1697 a
2834 1641 3074 1699 fraterna
3109 1645 3228 1700 acie
3252 1645 3528 1717 singulare

1941 1746 2220 1794 certamen
2243 1735 2412 1792 eremi
2451 1735 2669 1801 adierit,
2706 1735 2948 1792 breviter
2969 1736 3274 1808 prtelibare.
3315 1736 3531 1810 Regre-

1944 1828 2066 1886 diar
2085 1842 2216 1898 ergo
2241 1827 2310 1883 ad
2341 1825 2550 1899 singula
2571 1841 2693 1898 qua:
2714 1828 2970 1900 proposui
2993 1829 3334 1886 resolvenda.

1363 2007 1906 2124 INCIPIT
1991 2003 2391 2122 VITA.

323 2229 382 2287 2.
426 2228 787 2304 Temporibus
833 2227 1014 2286 Caroli
1064 2227 1444 2302 gioriosissimi
1491 2224 1838 2296 imperatoris

240 2323 610 2393 Francorum,
652 2324 744 2396 qui
775 2324 984 2396 primus
1025 2324 1171 2379 inter
1196 2323 1343 2393 ipsos
1372 2321 1606 2379 Caesaris
1637 2334 1834 2376 nomen

1939 2221 2188 2280 sileensis
2219 2219 2476 2277 Ecclesia:
2503 2221 2702 2293 praesul
2729 2223 2958 2281 exstitit.
2990 2223 3108 2293 Quo
3146 2233 3384 2284 actuosae
3406 2228 3536 2286 vita

1939 2313 2155 2383 negotia
2221 2323 2537 2383 respuente,
2595 2325 2757 2385 atque
2818 2316 2886 2370 ad
2932 2316 3364 2388 contemplativa:
3410 2319 3536 2376 vita;

243 2417 480 2490 “accpit,
529 2417 821 2489 praedictus
861 2417 948 2472 νει·
979 2416 1034 2472 ἰῃ
1070 2416 1389 2472 Alemannia
1441 2425 1600 2471 natus
1641 2422 1746 2478 εει,
1781 2413 1834 2467 in
1863 2428 1910 2493 ο
1940 2402 2401 2474 pulchritudinem
2455 2419 2514 2460 se
2553 2404 2939 2473 transferente,
2989 2406 3248 2477 prmfatus
3287 2409 3536 2466 Erlebal-

242 2523 388 2581 pago
413 2522 574 2580 quem
601 2522 668 2565 ex
697 2507 825 2563 villa
853 2506 1194 2576 Sulichgewe
1222 2506 1336 2579 (47)
1359 2505 1574 2562 vocavit
1594 2502 1834 2576 antiqui-

245 2608 356 2653 tas.
386 2598 649 2654 Parentes
672 2596 785 2669 (i8)
831 2613 960 2653 vero
1007 2597 1124 2668 ejus
1145 2611 1212 2652 ex
1249 2595 1566 2652 Alemannis
1594 2593 1836 2659 fuerunt,

243 2699 466 2744 Illorum
499 2686 785 2743 nobilitate
810 2687 984 2756 magis
1009 2685 1284 2757 conspicui
1313 2699 1476 2756 quam
1502 2683 1705 2740 divitiis
1737 2697 1836 2753 pe-

247 2778 462 2834 rituris.
489 2777 592 2845 Qui
632 2793 756 2833 cum
795 2791 914 2833 eam
945 2775 1219 2845 attigisset
1257 2783 1474 2832 :etatem
1507 2789 1612 2845 qua
1659 2773 1836 2844 aptari

245 2878 438 2940 posset
459 2868 768 2924 litterarum
789 2868 1002 2934 studiis,
1025 2883 1057 2923 a
1083 2877 1239 2938 patre
1257 2868 1474 2924 ducitur
1489 2868 1555 2923 ad
1581 2867 1837 2932 insulam,

248 2974 417 3030 quam
443 2967 658 3014 veteres
682 2957 1216 3029 Sindlociiesaugiam
1245 2958 1529 3024 vocabant,
1562 2973 1592 3012 a
1620 2957 1839 3012 nomine

249 3049 534 3119 cujusdam
563 3048 862 3120 presbyteri
894 3047 1026 3120 (49),
1055 3049 1170 3120 qui,
1209 3048 1465 3104 Sindloch
1491 3047 1794 3120 appellatus
1820 3088 1836 3112 ,

249 3143 431 3213 primo
457 3139 512 3196 in
539 3155 603 3197 ea
644 3139 953 3196 habitacula
985 3142 1377 3197 monachorum
1428 3141 1757 3205 construxit,
1788 3148 1843 3195 et

249 3248 440 3290 secum
461 3232 784 3289 Pirminium
810 3247 934 3287 cum
985 3232 1150 3289 sociis
1177 3232 1244 3287 ad
1278 3232 1630 3288 habitandum
1669 3245 1734 3286 eo
1762 3231 1844 3286 in-

251 3325 432 3390 duxit,
474 3323 630 3393 jussu
678 3322 988 3379 Berchtoldi
1048 3323 1373 3380 nobilissimi
1417 3322 1842 3377 Alemannorum

255 3414 440 3481 ducis,
463 3412 798 3484 temporibus
817 3413 1028 3485 Pippini
1053 3415 1198 3486 regis
1231 3413 1603 3478 Francorum;
1638 3427 1845 3482 suoque

253 3517 328 3560 ex
379 3503 597 3560 nomine
623 3517 820 3559 nomen
865 3503 1063 3560 indidit
1112 3504 1318 3560 insulse.
1374 3501 1490 3558 Huc
1531 3516 1661 3574 ergo
1709 3516 1846 3572 puer

252 3594 518 3666 praefatus
542 3609 573 3651 a
601 3603 758 3666 patre
779 3595 976 3651 ductus
1005 3594 1421 3651 commendatur
1459 3593 1576 3648 viro
1598 3607 1694 3663 per
1722 3606 1844 3647 om-

1940 2495 2040 2550 dus
2073 2509 2196 2550 cum
2235 2493 2455 2551 licentia
2504 2495 2762 2553 Ludovici
2793 2495 3028 2554 Caesaris
3067 2497 3276 2555 electus
3303 2497 3372 2556 ab
3407 2514 3535 2556 om-

1938 2585 2121 2653 nibus,
2149 2586 2422 2658 praedicta:
2457 2586 2650 2644 insulae
2678 2601 2734 2644 et
2759 2589 3020 2645 fratribus
3048 2590 3344 2660 praeﬁcitur
3370 2601 3538 2662 atque

1937 2678 1993 2734 in
2039 2679 2255 2734 abbatis
2294 2677 2527 2735 oiicium
2557 2681 2930 2737 substituitur.
2992 2682 3118 2750 Qui,
3186 2683 3369 2740 statim
3432 2685 3537 2742 hac

1936 2775 2206 2838 potestate
2234 2777 2512 2840 suscepta,
2534 2767 2646 2839 jam
2677 2785 2818 2842 saepe
2843 2772 3045 2828 dictum
3073 2773 3249 2828 virum
3271 2787 3541 2830 veneran-

1938 2857 2066 2914 dum
2095 2857 2462 2931 Meginradum
2493 2860 2664 2917 suasit
2686 2861 2874 2932 jugum
2910 2863 3210 2934 suscipere,
3255 2878 3535 2920 normam-

1944 2961 2052 3019 que
2107 2952 2426 3008 monastica:
2475 2952 2603 3008 vitae
2646 2954 2830 3010 subire
2891 2955 3200 3010 tenendam.
3249 2955 3541 3013 Cousensit

1945 3055 2080 3111 ergo
2123 3041 2330 3097 salubri
2375 3043 2604 3099 consilio
2630 3051 2684 3098 et
2722 3044 3134 3113 promissionem
3174 3044 3328 3112 fecit,
3373 3054 3539 3115 atque

1942 3135 2088 3189 omni
2118 3135 2418 3192 intentione
2448 3137 2651 3193 studuit
2672 3138 2936 3206 promissa
2972 3152 3217 3204 scrvare,
3251 3145 3542 3210 promptus

1945 3240 2165 3295 semper
2209 3227 2276 3281 ad
2323 3228 2706 3294 obediendunr,
2750 3229 2803 3284 in
2840 3227 3138 3298 jejunando
3181 3229 3430 3298 strictus,
3483 3231 3539 3286 in

1943 3317 2190 3371 oratione
2216 3317 2484 3383 assiduus,
2533 3318 2587 3372 in
2609 3318 2999 3374 misericordia:
3027 3319 3286 3388 operibus
3322 3317 3530 3392 largus,

1945 3416 2000 3462 et
2027 3409 2264 3462 maxime
2295 3409 2604 3464 humilitate
2635 3410 2942 3465 substratus
2970 3410 3242 3466 omnibus.

2016 3501 2071 3555 4.
2106 3500 2201 3556 llis
2241 3501 2368 3556 dum
2414 3501 2644 3572 polleret
2672 3503 2937 3568 moribus,
2987 3517 3017 3556 a
3060 3500 3289 3571 praefato
3338 3499 3541 3558 abbate

1949 3594 2251 3650 destinatus
2279 3596 2345 3649 ad
2377 3593 2625 3649 cellulam
2649 3594 2760 3666 (51)
2782 3593 3072 3664 quamdam
3103 3591 3169 3646 ad
3188 3591 3301 3660 jam
3332 3593 3541 3647 dictum

256 3689 348 3747 nia
375 3690 758 3746 honestissimo
783 3689 1072 3746 Erlebaldo
1095 3688 1209 3761 (50)
1239 3688 1526 3752 monacho,
1556 3685 1646 3757 qui
1680 3685 1843 3740 etiam
1951 3686 2343 3742 monasterium
2377 3687 2762 3757 pertinentem,
2796 3687 2956 3742 sitam
2984 3684 3140 3756 juxta
3173 3685 3349 3740 lacum
3379 3684 3543 3740 Turi-

254 3781 518 3852 praedicto
558 3779 784 3850 puerulo
823 3780 1119 3852 propagine
1159 3779 1362 3836 carnali
1412 3777 1584 3832 allinis
1619 3776 1738 3830 fuit.
1769 3776 1842 3842 Is,
1954 3783 2135 3838 cinum
2203 3781 2289 3853 (de
2341 3779 2582 3852 Zurich),
2637 3796 2798 3851 quem
2866 3779 3126 3835 interﬂuit
3176 3778 3546 3834 Lindemacus

257 3889 382 3930 cum
414 3873 736 3928 infantulum
765 3871 922 3929 bona:
941 3872 1135 3930 indolis
1177 3871 1538 3941 conspiceret,
1564 3878 1842 3940 gratanter
1871 3875 1916 3934 D
1945 3871 2214 3946 (Limmat)
2267 3873 2491 3939 fluvius,
2563 3882 2623 3928 ut
2669 3872 2868 3928 ibidem
2913 3871 3115 3927 schola:
3159 3878 3446 3941 praeesset,
3486 3880 3544 3927 et

257 3963 608 4020 nutriendum
633 3963 891 4034 suscepit,
917 3963 1158 4019 studiose
1179 3962 1381 4029 docuit,
1405 3970 1566 4032 atque
1582 3975 1647 4016 eo
1675 3975 1846 4029 usque
1949 3965 2213 4021 talentum
2241 3981 2348 4036 quo
2380 3966 2495 4035 ipse
2527 3967 2729 4022 ditatus
2756 3974 2876 4021 erat
2900 3965 2968 4021 ad
2997 3965 3148 4020 lucra
3173 3963 3451 4020 Dominica
3481 3962 3538 4018 in

259 4053 556 4111 imbuendo
607 4053 882 4124 produxit,
934 4063 995 4108 ut
1056 4061 1368 4110 sanctarum
1439 4051 1838 4122 Scripturarum

1948 4055 2212 4126 plurimos
2240 4055 2598 4126 dispergeret.
2629 4055 3037 4125 Aliquantulum
3075 4053 3337 4123 temporis
3370 4050 3543 4107 ﬂuxe¢

257 4144 547 4204 scientiam
596 4142 903 4200 infudisset.
933 4141 1070 4199 Nam
1111 4157 1247 4214 puer
1293 4157 1326 4198 a
1379 4142 1637 4212 primaeva
1688 4147 1850 4194 artate

251 4233 409 4306 locos
435 4243 600 4306 atque
627 4249 844 4291 errores
891 4233 1089 4305 quibus
1137 4233 1374 4291 tenerior
1415 4241 1548 4288 mtas
1583 4230 1848 4302 implicari

255 4325 400 4384 solet
443 4324 658 4391 vitavit,
683 4333 846 4395 atque
874 4324 941 4380 ad
970 4337 1036 4380 ea
1062 4331 1298 4379 mentem
1346 4321 1633 4394 occupavit
1673 4320 1848 4375 susci-

255 4415 456 4488 pienda
477 4431 598 4488 quae
622 4398 881 4472 docuerat
914 4415 1196 4486 magister.

329 4506 388 4563 5.
428 4506 563 4563 Cum
597 4517 778 4564 autem
808 4506 1126 4562 vicesimum
1157 4504 1408 4576 quintum
1442 4504 1619 4561 atatis
1641 4517 1843 4558 annum

260 4602 580 4673 attingeret,
606 4603 674 4658 ad
715 4603 1031 4659 diaconatus
1060 4599 1322 4668 ofﬁcium,
1368 4609 1425 4657 et
1459 4615 1564 4657 non
1613 4600 1842 4654 multum

262 4702 386 4765 post
417 4693 483 4748 ad
511 4695 814 4766 presbyteri
836 4693 1063 4766 gradum
1084 4735 1100 4760 ,
1133 4693 1365 4750 faciente
1386 4693 1576 4748 eodem
1603 4705 1703 4746 suo
1723 4705 1841 4744 ma-

265 4785 458 4856 gistro,
484 4784 808 4842 sublimatus
857 4793 961 4841 est.
1015 4783 1144 4838 Fuit
1184 4791 1364 4839 autem
1405 4790 1534 4857 tunc
1563 4780 1840 4851 temporis,

265 4882 526 4942 regnante
549 4873 823 4930 Ludovico
843 4874 1058 4930 Caesare
1087 4873 1198 4930 ﬁlio
1217 4871 1418 4940 Caroli,
1447 4871 1503 4927 in
1532 4871 1647 4943 ipsa
1673 4869 1847 4926 insula

265 4965 436 5021 abbas
462 4965 680 5022 nomine
707 4966 891 5033 Hatto,
922 4967 1007 5021 vir
1034 4965 1192 5021 valde
1221 4966 1273 5020 in
1310 4965 1555 5020 doctrina
1585 4973 1640 5020 et
1667 4962 1848 5034 Operi-

266 5053 369 5111 bus
399 5056 560 5113 bonis
589 5072 912 5130 morumque
939 5055 1222 5113 nobilitate
1263 5057 1496 5128 fulgens,
1527 5057 1621 5130 qui
1659 5065 1714 5113 et
1743 5056 1850 5111 Ba-

339 5187 650 5264 (47)LHodie
680 5191 950 5264 Sulgovia,
991 5188 1155 5260 vulgo
1186 5188 1406 5261 Sulgen,
1455 5189 1580 5247 aliis
1612 5189 1846 5262 Sulgaw,

263 5255 418 5330 juxta
433 5255 770 5319 'Danubium.

340 5328 449 5370 ΙᾹΩὶ
473 5330 686 5370 pnis-om
713 5329 1059 5370 Dm-lkqiilnm
1089 5327 1356 5370 gulanvim
1400 5330 1656 5370 nnmilnm
1688 5338 1846 5370 vat-nl

1952 4158 2058 4216 rat,
2087 4164 2152 4206 eo
2181 4149 2236 4204 in
2265 4150 2351 4205 his
2379 4150 2598 4206 detento
2625 4163 2639 4203 :
2667 4149 2901 4219 quadam
2944 4148 3032 4202 die
3071 4147 3303 4217 sumpsit
3347 4159 3536 4200 secum

1952 4241 2309 4298 scholasticos
2361 4255 2498 4313 quos
2548 4241 2834 4306 nutrierat,
2893 4247 2950 4295 et
2992 4239 3310 4311 praedictum
3362 4237 3540 4293 lacum

1953 4333 2368 4402 transnavigans
2397 4331 2618 4387 intravit
2675 4346 2918 4387 eremum
2966 4345 3087 4400 qua:
3119 4329 3284 4399 ipsius
3319 4327 3424 4383 laci
3454 4327 3544 4381 lit-

1952 4421 2057 4477 tori
2108 4420 2343 4492 adjacet,
2390 4431 2446 4477 et
2489 4437 2660 4492 usque
2707 4421 2774 4476 ad
2831 4419 2994 4490 Alpes
3046 4419 3316 4474 Peuninas
3369 4417 3546 4473 tendit

1951 4522 2115 4585 atque
2143 4516 2211 4569 ad
2234 4513 2418 4568 villam
2441 4511 2668 4577 Chama,
2699 4526 2859 4567 causa
2885 4510 3203 4580 piscationis
3244 4517 3300 4563 et
3327 4507 3394 4563 ad
3427 4507 3547 4562 loca

1950 4605 2120 4660 eremi
2189 4604 2468 4660 intuenda.
2555 4603 2886 4659 Perveniunt
2941 4603 3125 4673 itaque
3191 4601 3256 4655 ad
3320 4598 3549 4652 ﬂuvium

1948 4695 2238 4767 quemdam
2293 4695 2386 4766 qui
2413 4695 2466 4749 in
2498 4695 2612 4765 ipsa
2644 4693 2886 4750 decurrit
2914 4692 3222 4752 solitudine,
3253 4687 3436 4757 ibique
3465 4686 3554 4739 vir

1952 4787 2144 4843 beattts
2171 4786 2236 4841 ad
2265 4785 2581 4855 piscandum
2613 4792 2846 4855 occupat
2880 4783 3138 4847 comites;
3176 4779 3290 4846 ipse
3326 4791 3462 4829 vero
3495 4775 3552 4828 in

1954 4877 2394 4934 consideratione
2421 4875 2731 4932 solitudinis
2759 4873 2906 4929 solus
2936 4870 3281 4941 spatiabatur
3311 4878 3329 4916 :
3362 4877 3558 4917 accen-

1957 4983 2050 5026 sus
2094 4969 2242 5026 enim
2286 4976 2404 5024 erat
2441 4967 2667 5021 nimium
2715 4975 2901 5017 amore
2941 4957 3206 5014 solitaria:
3242 4951 3422 5006 sedis.
3449 4951 3569 5014 Qua

1959 5056 2399 5117 consideratione
2425 5055 2552 5109 dum
2577 5060 2814 5108 mentem
2849 5048 2943 5104 diu
2972 5050 3252 5118 pasceret,
3283 5039 3466 5096 rediit
3505 5041 3576 5096 ad

2029 5189 2141 5261 (50)
2188 5186 2566 5261 liermannus_
2595 5182 2922 5261 Contractus
2956 5194 2972 5230 :
3021 5180 3182 5261 Anno,
3395 5171 3587 5261 4t!!ng

1958 5242 2181 5316 He‘itone
2202 5255 2390 5322 abbate
2413 5263 2460 5307 et
2485 5254 2723 5322 episcopo
2736 5250 3019 5322 privatans
3067 5242 3380 5322 et‘quietam
3422 5243 3587 5322 citant

1957 5310 2262 5370 I.',i,'.;.}};;.m_
2296 5310 2610 5370 Erlebaliius
2659 5310 2818 5370 abbas
2862 5318 3065 5370 tertius
3095 5310 3328 5370 decimus
3361 5310 3594 5370 prefuit
