4024 5370
560 223 702 280 H79

1576 204 1583 211 '
1652 216 2001 278 BEltNONlS
2037 219 2330 277 ABBATIS
2369 216 2737 279 AUGIENSIS

3699 216 3831 273 M80

554 333 735 391 socios
764 329 1077 402 invenitque
1100 345 1195 388 eos
1216 346 1322 387 non
1352 346 1517 403 parva
1550 332 1731 402 prteda
1761 332 1988 404 piscium
2011 347 2145 389 one—
2170 335 2221 396 Α
2247 330 2389 388 libus
2428 331 2559 389 viris
2583 341 2640 389 et
2665 331 2882 388 feminis
2922 331 3299 398 mittebantur,
3326 341 3523 388 cuncta
3550 331 3624 387 ad
3657 344 3720 387 se
3745 330 3835 372 *θ’

556 434 725 481 ratos.
761 423 911 491 Quos
958 423 1139 479 taliter
1187 423 1388 480 aﬂ'atur
1418 444 1431 479 :
1462 424 1679 481 Gratias
1712 426 2004 498 Largitori,
2049 427 2141 498 qui

554 531 658 573 nos
685 516 801 572 suis
843 514 1272 584 misericorditer
1311 517 1507 573 ditavit
1551 518 1727 574 donis.
1769 518 1915 587 Jam,
1947 518 2064 580 lilii.
2095 519 2142 575 si

554 607 757 680 placet,
793 607 1127 663 redeundum
1155 618 1239 663 est
1286 608 1536 679 proprios
1567 608 1802 665 invisere
1844 609 2003 665 lares.
2034 606 2143 664 iic-

552 697 822 769 greditur,
851 696 1141 770 villamque
1165 697 1277 772 (52)
1300 697 1595 756 deveniunt
1618 716 1726 757 non
1750 699 1950 771 longea
1965 700 2146 757 littore

552 791 740 847 sitam.

532 902 539 907 ’
625 905 681 960 5.
720 903 823 971 lbi,
859 904 1141 976 cujusdam
1191 914 1453 963 matrona:
1501 906 1793 979 hospitium
1852 906 2141 973 intrantes,

551 995 834 1068 paululum
864 1000 1187 1070 quieverunt
1215 1001 1523 1058 reﬁcientes
1551 1017 1610 1057 se
1638 999 1762 1057 cibo
1790 1009 1845 1057 et
1870 1010 2020 1072 potu.
2044 998 2144 1056 Vir

556 1098 739 1147 autem
791 1091 889 1149 Dei
944 1096 1262 1165 praedictam
1314 1106 1618 1152 matronam
1668 1111 1896 1152 cernens
1934 1095 2032 1152 Dei
2078 1096 2146 1152 ti-

553 1196 708 1239 more
734 1181 972 1255 plenam,
996 1195 1053 1242 et
1078 1187 1147 1243 ad
1171 1186 1580 1259 obsequendum
1625 1185 1928 1258 hospitibus
1960 1204 2145 1259 prom-

552 1276 883 1346 ptissimam,
916 1279 1169 1336 ardorem
1198 1282 1280 1337 sui
1312 1282 1478 1337 animi
1507 1281 1781 1338 occultum
1812 1282 1864 1337 ei
1908 1283 2142 1354 aperuit,

560 1367 649 1423 his
676 1369 857 1425 verbis
888 1370 1158 1442 incipiens
1180 1386 1197 1427 :
1219 1371 1397 1429 Chara
1428 1373 1647 1430 Christo
1688 1373 1913 1441 femina,
1958 1375 2004 1431 si
2033 1375 2141 1430 vel-

554 1460 635 1518 les
664 1462 877 1530 audire,
926 1473 1195 1521 secretum
1238 1461 1418 1522 cordis
1446 1466 1553 1523 mei
1584 1466 1679 1522 tibi
1710 1465 2142 1523 manifestarem.

555 1552 666 1610 Sed
708 1563 1002 1626 antequam
1046 1558 1101 1613 id
1141 1574 1320 1631 agam,
1352 1575 1521 1630 posco
1549 1568 1608 1615 ut
1636 1562 1802 1616 verba
1834 1576 1955 1617 mea
1981 1570 2145 1631 atque

552 1645 891 1703 voluntatem
936 1649 1213 1715 occultes,
1264 1666 1546 1721 quousque
1617 1666 1812 1707 cernas
1871 1654 1917 1709 si
1972 1650 2144 1724 possit

552 1751 719 1807 opere
740 1738 1001 1810 compleri
1035 1743 1177 1811 quod
1205 1744 1370 1799 credo
1399 1759 1484 1799 me
1514 1744 1707 1801 devota
1741 1757 1922 1802 mente
1953 1762 2142 1803 conce-

554 1831 722 1901 pisse.
754 1830 1102 1890 Habitatione
1130 1835 1291 1907 hujus
1327 1836 1497 1893 eremi
1523 1836 1662 1892 ultra
1694 1852 1885 1893 omnes
1923 1837 2146 1895 divitias

554 1922 816 1991 delector,
846 1938 1209 1997 cuperemquc
1230 1927 1344 1997 jam
1374 1929 1427 1985 in
1457 1944 1518 1984 ea
1552 1929 1820 1986 collocare
1863 1932 2142 1988 mansion-

553 2013 736 2070 culam
785 2030 984 2082 meam,
1027 2027 1087 2072 ut
1134 2016 1462 2076 familiarius
1508 2035 1723 2091 possem
1768 2022 2022 2091 precibus
2054 2036 2145 2076 va-

554 2122 703 2174 care,
732 2108 777 2164 si
804 2110 1113 2180 quempiam
1146 2112 1438 2181 reperirem
1470 2113 1561 2182 qui
1604 2114 1911 2169 necessaria
1952 2129 2145 2183 corpo-

552 2198 633 2253 ris
669 2198 800 2255 mihi
833 2199 1145 2256 ministrare
1171 2202 1242 2258 ob
1267 2202 1359 2257 Dei
1389 2217 1631 2259 amorem
1664 2204 1848 2260 vellet.
1876 2204 1984 2261 Sed
2014 2205 2143 2275 quia

556 2289 735 2346 adhuc
765 2291 867 2346 hoc
895 2291 1086 2348 solatio
1134 2293 1448 2362 defrandor,
1478 2311 1646 2366 posco
1693 2296 1912 2353 interim
1964 2296 2146 2353 occul-

552 2380 659 2436 tari
701 2382 844 2452 quo]
893 2383 1074 2453 cupio.
1106 2383 1196 2440 llla
1223 2401 1249 2439 a
1277 2386 1386 2441 Deo
1419 2386 1677 2456 inspirata
1707 2388 1789 2459 (ut
1827 2387 2011 2457 credo)
2058 2401 2147 2441 rc-

554 2474 772 2543 spondit
797 2492 813 2530 :
843 2473 1121 2532 Secretum
1144 2487 1291 2532 tuum
1318 2479 1476 2543 nulli,
1506 2489 1557 2534 te
1586 2479 1823 2546 nolente,
1855 2480 2137 2546 revelabo;

553 2565 774 2621 noveris
798 2578 1007 2632 autem,
1036 2568 1081 2621 si
1112 2568 1164 2622 in
1189 2577 1367 2639 coepto
1392 2571 1687 2639 persistere
1712 2570 1812 2634 vis,
1844 2586 1928 2625 me
1951 2586 2140 2626 ncces-

549 2656 697 2712 saria
733 2666 956 2729 propter
977 2660 1262 2729 Dominum
1290 2662 1384 2718 tibi
1416 2662 1869 2731 ministraturam,
1895 2672 1950 2719 et
1969 2678 2143 2735 quan-

554 2755 668 2802 tum
692 2764 913 2820 possum
941 2759 1031 2807 tuo
1055 2762 1182 2810 voto
1201 2751 1627 2809 satisfacturam.

539 2878 545 2907 ί
626 2883 681 2936 6.
723 2881 817 2939 Ille
860 2884 1144 2955 promissis
1188 2886 1494 2956 rependens
1522 2887 1727 2958 gratias
1771 2888 2049 2958 repedavit
2076 2890 2140 2943 ad

553 2970 769 3036 cellam,
809 2974 951 3027 unde
989 2973 1264 3045 digressus
1305 2984 1409 3041 est,
1453 2977 1653 3047 ubique
1676 2976 1899 3047 jejuuiis
1930 2987 1984 3033 et
2018 2994 2142 3038 ora-

2246 424 2519 480 nicntibus
2542 425 2595 480 in
2613 423 3011 498 eleemosynam
3033 423 3299 496 erogavit.
3438 494 3443 497 μ

2317 513 2373 569 8.
2411 513 2626 570 Accidit
2665 524 2842 572 autem
2893 515 3037 573 inter
3086 518 3203 575 hzec
3234 527 3295 573 ut
3333 517 3575 590 quadam
3617 518 3734 587 die,
3770 532 3838 579 ω

2243 617 2460 673 orante,
2491 616 2644 663 tanta
2668 608 2958 667 multitudo
2980 607 3284 665 daemonum
3312 610 3462 667 circa
3488 610 3646 667 illum
3683 611 3841 669 undi-

2243 716 2351 773 que
2380 699 2773 757 diffunderetur
2824 711 2888 757 ut
2922 716 3023 759 nec
3060 701 3231 773 ipsam
3263 702 3439 760 lucem
3469 703 3608 769 diei,
3640 702 3840 760 iisdem

2247 792 2593 850 tenebrarum
2671 792 2940 851 ministris
3010 792 3524 861 ohtenebrantibus,
3605 808 3842 852 cernam

2241 895 2445 958 posset.
2477 885 2576 955 Qui
2611 902 2733 943 cum
2774 903 2899 944 eum
2948 885 3110 942 minis
3148 885 3478 943 terribilibus
3513 894 3577 943 et
3605 887 3844 944 horrore
3894 940 3905 947 .

2244 977 2415 1032 nimio
2481 976 2798 1049 fatigarent,
2864 976 2918 1033 in
2978 977 3228 1035 oratione
3258 986 3589 1048 prostratus,
3639 986 3709 1033 ut
3751 991 3842 1033 res

2243 1067 2521 1138 poscebat,
2548 1079 2671 1124 cum
2702 1067 2851 1124 omni
2881 1066 3060 1124 studio
3087 1081 3146 1124 se
3179 1067 3268 1138 pio
3295 1067 3525 1125 Domino
3556 1082 3843 1125 commen-

2244 1156 2428 1212 dabat.
2473 1155 2628 1225 Quod
2669 1173 2794 1215 cum
2833 1158 2926 1213 diu
2972 1165 3247 1231 ageretur,
3288 1158 3469 1216 cernit
3499 1160 3572 1215 ab
3615 1158 3844 1217 Oriente

2243 1246 2418 1306 locem
2452 1266 2467 1305 :
2498 1266 2661 1322 quam
2716 1251 2891 1309 lucem
2954 1262 3176 1309 secutus
3224 1252 3471 1324 angelus,
3517 1253 3591 1309 ad
3639 1254 3844 1325 ipsum,

2245 1338 2336 1393 ubi
2378 1338 2433 1395 in
2462 1342 2711 1399 oratione
2734 1342 2952 1415 jaccbat
2987 1343 3040 1399 in
3069 1343 3247 1399 medio
3272 1343 3645 1415 malignorum
3674 1342 3842 1415 spiri-

2248 1440 2422 1499 tuum,
2448 1435 2721 1504 pervenit,
2756 1450 2948 1508 magna
2991 1435 3321 1493 auctoritate
3348 1436 3556 1507 agmini
3603 1436 3845 1495 nefando

2244 1524 2507 1595 praecepit
2542 1535 2602 1581 ut
2627 1526 2972 1583 discederent
3012 1526 3256 1597 nihilque
3286 1527 3615 1583 tentationis
3646 1536 3707 1584 et
3731 1535 3845 1584 ter-

2245 1616 2388 1672 roris
2415 1616 2465 1671 ei
2494 1616 2634 1673 ultra
2661 1618 2865 1674 inferre
2889 1618 3173 1675 auderent.
3207 1617 3634 1675 Discedentibus
3659 1620 3846 1691 itaque

2175 1717 2216 1776 B
2246 1707 2515 1777 hostibus,
2533 1711 2824 1781 praedictus
2846 1726 2970 1767 eum
3007 1710 3235 1781 angelus
3260 1710 3636 1767 amicabiliter
3654 1726 3846 1769 conso-

2247 1803 2390 1860 latus
2418 1804 2694 1870 discessit,
2727 1814 2892 1876 atque
2918 1805 2987 1860 ab
3010 1805 3127 1877 ipso
3155 1805 3242 1861 die
3266 1805 3349 1876 (ut
3381 1805 3468 1859 vir
3502 1805 3848 1864 venerabilis

2246 1891 2545 1966 referebat)
2593 1895 2669 1951 nil
2720 1896 2949 1953 terroris
2996 1896 3140 1951 ultra
3181 1911 3210 1951 a
3263 1893 3518 1967 malignis
3553 1897 3847 1967 spiritus

2245 1986 2525 2042 sustinuit.

2313 2075 2367 2132 9.
2406 2076 2619 2133 Accidit
2645 2079 2807 2135 etiam
2857 2086 3044 2152 postea
3070 2085 3131 2134 ut
3155 2076 3376 2150 quidam
3404 2075 3582 2132 frater
3605 2077 3681 2134 de
3708 2091 3845 2149 pm

2246 2171 2396 2227 dicto
2445 2172 2780 2228 monasterio
2830 2186 2955 2228 eum
2994 2169 3334 2235 _visitationis
3384 2170 3566 2241 gratia
3596 2168 3844 2237 adierit;

2244 2280 2406 2335 quem
2437 2265 2671 2337 benigne
2710 2266 3034 2337 suscipiens,
3084 2280 3209 2321 cum
3256 2265 3423 2321 sociis
3458 2264 3558 2335 qui
3588 2279 3720 2319 cum
3753 2262 3845 2318 illo

2245 2366 2534 2423 venerant,
2567 2367 2762 2414 cuncta
2793 2372 2913 2429 qua:
2942 2356 3181 2428 hospites
3222 2356 3516 2423 decebant,
3572 2361 3845 2426 quantum

2244 2449 2575 2520 possibilitas
2619 2450 2885 2521 permisit,
2943 2448 3175 2521 benigne
3211 2447 3476 2503 exhibuit.
3528 2446 3675 2504 Cum
3716 2459 3848 2504 vero

2238 2542 2351 2613 jam
2388 2551 2599 2613 tempus
2632 2542 3001 2612 vespertinum
3034 2540 3294 2606 venisset,
3338 2549 3397 2594 et
3435 2539 3625 2595 sidera
3657 2538 3845 2610 splen-

2244 2633 2428 2688 dentia
2487 2636 2779 2690 suaderent
2813 2648 3055 2697 somnos,
3110 2631 3420 2689 refecerunt
3470 2646 3531 2686 se
3585 2628 3846 2685 dulcibus

2243 2724 2589 2780 collatiouum
2649 2724 2933 2796 colloquiis
2992 2732 3155 2795 atque
3226 2733 3350 2793 post
3406 2720 3838 2791 completorium

2246 2816 2426 2871 ierunt
2455 2810 2771 2883 dormitum,
2805 2817 2859 2872 in
2892 2815 3009 2871 loco
3037 2822 3292 2884 separato
3332 2812 3502 2867 frater
3528 2813 3626 2882 qui
3675 2812 3845 2867 adve-

2248 2914 2423 2971 nerat,
2449 2922 2693 2961 seorsum
2723 2906 2890 2962 etiam
2931 2904 3047 2975 ejus
3076 2904 3329 2971 comites,
3378 2918 3479 2958 nec
3508 2917 3619 2958 non
3644 2911 3706 2957 et
3729 2903 3846 2973 ipse

2247 2997 2575 3053 venerabilis
2615 2997 2698 3052 vir
2740 2998 2792 3053 in
2842 2999 3053 3069 privata
3096 2993 3493 3051 mansiuncula.
3550 2993 3840 3049 Paululum

552 3062 795 3120 tionibus
817 3064 1089 3121 continuis
1112 3081 1141 3120 a
1170 3067 1279 3122 Deo
1307 3068 1555 3138 poposcit
1585 3078 1643 3123 ut
1665 3068 1922 3140 quidquid
1950 3070 2016 3126 de
2038 3070 2140 3126 hoc

2249 3102 2377 3158 ergo
2425 3088 2673 3144 reficiens
2714 3088 3096 3160 corpusculum
3126 3101 3342 3152 somno,
3392 3086 3476 3139 vir
3515 3085 3613 3139 Dei
3662 3085 3842 3156 surgit

554 3153 773 3225 negotio
797 3154 847 3208 ei
871 3154 1160 3224 placuisset
1182 3157 1236 3211 in
1266 3172 1365 3212 suo
1390 3158 1572 3213 animo
1597 3159 1923 3215 confirmare
1952 3159 2143 3230 digna-

553 3258 726 3304 retur.
757 3246 997 3305 Tandem
1032 3249 1370 3307 confortatns
1401 3251 1582 3307 divina
1613 3252 1987 3321 inspiratione,
2015 3253 2142 3308 reli-

556 3346 679 3415 quit
735 3343 931 3402 cellam
994 3346 1345 3417 schulamque
1403 3348 1488 3401 cui
1538 3356 1794 3418 prmerat,
1852 3356 1908 3404 ct
1952 3349 2141 3403 revisit

556 3434 827 3507 hospitam
851 3452 1023 3501 suam,
1068 3438 1356 3511 explorare
1387 3440 1571 3496 volens
1598 3450 1782 3495 utrum
1810 3441 1863 3496 in
1892 3456 1989 3496 sua
2016 3458 2141 3512 pro-

557 3525 818 3584 missione
859 3528 1154 3599 persistere
1188 3530 1350 3586 vellet
1388 3545 1456 3585 an
1504 3545 1633 3586 non.
1681 3530 1855 3599 Quam
1906 3533 2033 3587 dum
2085 3532 2140 3587 in

553 3622 849 3693 prtcbendo
878 3624 981 3679 sibi
1007 3624 1275 3695 promisso
1296 3625 1490 3681 solatio
1513 3626 1834 3696 perdurasse
1856 3627 2137 3692 sensisset,

554 3724 665 3765 non
689 3710 851 3783 longe
894 3714 961 3769 ab
992 3713 1108 3783 ipsa
1138 3714 1288 3780 villa,
1320 3716 1370 3769 in
1395 3730 1501 3785 qua
1542 3716 1730 3771 eadem
1763 3715 1964 3770 femina
1992 3731 2139 3771 com-

556 3803 835 3871 manebat,
860 3804 915 3860 in
938 3820 1122 3862 eremo
1148 3807 1248 3863 sibi
1278 3808 1645 3864 habitaculum
1672 3809 1784 3879 (55)
1811 3810 2136 3874 construxit,

556 3904 722 3965 atque
777 3897 976 3953 ibidem
1038 3899 1261 3970 jejnniis
1321 3909 1377 3955 ct
1437 3899 1779 3957 orationibus
1836 3901 2140 3957 indefessus

557 3989 804 4046 Creatori
835 3991 1078 4058 servivit,
1126 3994 1434 4049 necessaria
1478 3995 1754 4064 prrcbcnte
1798 3995 1847 4051 ei
1882 3998 2140 4066 praedicta

555 4090 804 4138 matrona
832 4098 935 4140 nec
975 4100 1080 4140 non
1114 4093 1168 4140 et
1193 4085 1314 4141 aliis
1342 4086 1603 4158 religiosis
1632 4088 1781 4143 viris.

625 4192 680 4246 7.
722 4192 822 4249 Ubi
852 4194 981 4249 dum
1008 4210 1105 4267 per
1132 4207 1339 4267 septem
1379 4213 1551 4253 annos
1579 4198 1797 4269 superni
1845 4198 2006 4270 Regis
2038 4200 2141 4254 mi-

555 4284 729 4340 litiam
752 4289 1043 4360 exegisset,
1088 4289 1488 4346 multitudinem
1523 4291 1704 4361 populi
1738 4294 1805 4347 ad
1836 4305 1894 4347 se
1919 4292 2141 4348 venien-

559 4378 627 4433 tis
655 4377 798 4434 fcrrc
829 4396 935 4435 non
964 4381 1171 4449 valens,
1203 4384 1434 4438 mutavit
1461 4383 1661 4450 locum,
1701 4393 1865 4455 atque
1892 4399 1923 4439 a
1948 4383 2138 4455 praedi-

2247 3192 2411 3251 atque
2440 3181 2676 3237 assuetis
2705 3181 2927 3238 incubat
2950 3180 3177 3252 pervigil
3225 3177 3499 3249 precibus.
3536 3178 3843 3234 [’rmdictns

2244 3274 2406 3327 etiam
2465 3274 2654 3341 frater,
2709 3274 2837 3331 licet
2884 3274 2937 3329 iu
2984 3281 3156 3329 strato
3186 3272 3515 3342 quiesceret,
3560 3286 3708 3341 pene
3752 3269 3839 3326 in-

2245 3385 2490 3425 soxnnem
2537 3369 2694 3423 duxit
2736 3377 2979 3424 noctem.
3027 3369 3161 3423 Dum
3204 3378 3385 3422 autem
3429 3364 3538 3421 huc
3580 3366 3668 3421 vel
3712 3365 3839 3420 illuc

2244 3463 2461 3521 curiose
2509 3463 3004 3529 verteretoculos,
3067 3462 3241 3518 cernit
3302 3473 3534 3529 puerum
3592 3459 3649 3513 in
3698 3458 3837 3514 albis

2243 3556 2488 3612 vestibus
2517 3556 2586 3612 ab
2614 3556 2984 3627 ipsovoratorii
3022 3555 3141 3611 loco
3181 3553 3652 3624 progredientem,
3682 3553 3836 3608 mira

2243 3647 2686 3716 pulchritudinis,
2719 3658 2778 3703 ut
2821 3649 2870 3705 ei
2901 3648 3077 3703 visum
3117 3654 3223 3713 est,
3253 3645 3431 3701 artatis
3467 3654 3684 3713 septem
3732 3660 3835 3701 an-

2244 3755 2461 3805 norum,
2499 3741 2590 3810 qui
2625 3739 2929 3812 ingreditur
2960 3738 3025 3793 ad
3060 3739 3235 3792 virum
3265 3738 3439 3806 ipsum
3467 3736 3594 3804 Dei,
3617 3745 3675 3792 et
3707 3752 3830 3792 cum

2238 3847 2307 3893 eo
2350 3839 2547 3887 orante
2592 3831 2807 3897 orabat,
2853 3841 2910 3887 et
2952 3830 3167 3887 diversa
3212 3844 3334 3884 cum
3366 3844 3433 3885 eo
3481 3830 3830 3901 loquebatur.

2241 3922 2408 3993 Cujus
2432 3923 2814 3979 collocutionis
2842 3921 2969 3977 licet
2996 3921 3287 3991 praedictus
3315 3919 3487 3975 frater
3515 3935 3709 3975 vocem
3740 3936 3835 3973 au-

2243 4016 2432 4081 disset,
2470 4030 2686 4071 sensum
2718 4024 2896 4071 tamen
2928 4012 3170 4083 ejusdem
3216 4012 3365 4067 vocis
3403 4026 3509 4066 non
3554 4009 3829 4081 percipie-

2243 4107 2354 4162 bat.
2389 4106 2489 4173 Qui
2516 4107 2681 4162 etiam
2716 4120 2849 4175 puer
2876 4105 2976 4175 ipsi
3012 4102 3164 4157 fratri
3192 4102 3349 4173 plene
3380 4101 3624 4170 vigilanti
3655 4100 3832 4155 astitit

2243 4208 2406 4270 alque
2431 4199 2498 4255 de
2519 4198 2842 4269 quibusdam
2876 4197 3105 4261 monuit,
3136 4210 3257 4265 quae
3290 4193 3514 4249 omnino
3546 4193 3720 4246 frater
3742 4190 3832 4246 ille

2242 4293 2344 4349 sibi
2386 4291 2673 4347 interdicta
2710 4304 2829 4345 esse
2858 4305 2928 4345 ne
2974 4288 3029 4343 in
3059 4288 3233 4359 palam
3260 4285 3533 4356 proferret
3586 4284 3829 4339 dicebat.

2244 4389 2534 4459 Supprimn
2573 4386 2761 4454 multa,
2810 4385 3058 4442 brevitati
3091 4383 3335 4445 studens,
3370 4397 3492 4453 qua:
3519 4382 3588 4437 de
3627 4395 3695 4437 co
3726 4381 3831 4435 mi-

556 4470 631 4523 cti
676 4468 779 4525 laci
810 4470 991 4527 littore
1033 4482 1269 4544 quatuor
1310 4474 1549 4531 millibus
1596 4476 1891 4532 distantem
1935 4476 2140 4547 reperit
2168 4466 2217 4525 Ι)
2246 4482 2412 4538 randa
2444 4480 2800 4551 plurimorum
2830 4478 3072 4533 narratio
3104 4485 3250 4531 certa
3276 4476 3638 4530 demonstrat.

556 4561 838 4633 planitiem
867 4565 1008 4620 inter
1036 4576 1246 4623 montes
1272 4583 1495 4625 accessu
1526 4570 1680 4625 valde
1706 4570 1971 4626 diﬂicilcm
2000 4570 2135 4643 (54).

555 4651 654 4719 lbi,
684 4653 1065 4725 adjuvantibus
1098 4658 1229 4714 viris
1252 4659 1539 4730 religiosis,
1564 4669 1618 4714 et
1642 4662 1875 4717 maxime
1901 4662 2134 4732 quadam

554 4744 832 4802 abbatissa
860 4745 1121 4819 lleiltviga
1147 4748 1257 4819 155)
1290 4751 1539 4818 nomine,
1559 4754 1867 4808 necessaria
1896 4753 2007 4807 voti
2054 4754 2139 4808 sui

554 4841 861 4895 construxit
888 4841 1399 4915 habitacula,atque
1424 4843 1476 4898 in
1499 4846 1689 4900 eodem
1712 4845 1831 4902 loco
1851 4844 1993 4916 quod
2022 4853 2142 4899 erat

556 4931 821 5003 reliquum
856 4936 982 4989 vita:
1016 4938 1335 5006 permansit,
1382 4939 1845 5009 scmetipsumque
1885 4940 2138 4994 maximis

556 5036 843 5081 maceratis
886 5026 1129 5097 jejuniis,
1176 5038 1232 5083 ct
1269 5041 1531 5099 quantum
1586 5032 1824 5085 humana
1868 5030 2137 5099 fragilitas

554 5117 818 5184 permisit,
850 5118 968 5174 sine
993 5119 1393 5178 intermissione
1414 5122 1609 5177 oravit.
1639 5123 1768 5189 Qum
1791 5122 1891 5177 sibi
1935 5137 1964 5175 a
2008 5122 2137 5178 fide—

627 5250 1063 5324 (52)_Altendorf
1097 5255 1307 5312 scilicet
1357 5257 1411 5312 in
1460 5257 1661 5313 montis
1712 5255 1881 5313 Ecelii
1927 5256 2131 5321 radice,

557 5328 694 5370 teste
716 5320 1069 5370 Harlmannd-
1666 5336 1673 5341 ‘

2316 4574 2405 4629 10.
2445 4572 2581 4628 Cum
2610 4588 2741 4644 ergo
2771 4573 2824 4626 in
2870 4572 2984 4642 ipsa
3022 4584 3207 4625 eremo
3247 4567 3565 4622 vicesimum
3612 4573 3831 4621 sextum

2242 4679 2443 4719 annum
2522 4671 2727 4734 ageret,
2790 4662 3036 4718 serviens
3105 4660 3335 4716 Domino
3390 4656 3447 4714 in
3501 4657 3731 4728 jejuniis
3774 4662 3832 4711 et

2242 4756 2571 4811 abstinentia
2630 4764 2958 4818 cunctarum
3006 4750 3346 4807 mundalium
3404 4766 3631 4813 rerum,
3693 4763 3829 4804 con-

2246 4847 2386 4918 tigit,
2430 4861 2499 4901 eo
2559 4845 2858 4914 inspirante
2921 4843 3012 4913 qui
3070 4848 3379 4911 serpentem
3441 4838 3702 4902 intravit,
3774 4846 3831 4893 ct

2241 4957 2339 5012 per
2394 4956 2458 4995 os
2519 4938 2637 5007 ejus
2677 4937 3036 5009 protoplastos
3087 4934 3304 5005 decepit
3354 4942 3411 4989 et
3458 4934 3527 4989 de
3573 4930 3831 5005 paradiso

2240 5028 2422 5096 ejecit,
2454 5028 2589 5082 duos
2628 5027 2895 5093 homines,
2927 5040 3091 5081 causa
3129 5040 3253 5080 eum
3284 5023 3590 5086 occidendi,
3633 5020 3826 5076 cellam

2240 5121 2385 5176 illius
2413 5134 2726 5189 properare.
2782 5118 2883 5185 Qui
2930 5133 3053 5173 cum
3091 5117 3370 5171 venissent
3394 5114 3463 5169 ad
3495 5112 3682 5167 villam
3711 5110 3827 5183 (56)

2310 5252 2434 5326 (54)
2446 5252 2769 5326 Asportasse
2785 5266 2967 5326 secum
2984 5266 3047 5326 _e_x
3063 5245 3379 5326 Eceliicella
3395 5244 3639 5326 regula
3653 5242 3715 5298 S.
3728 5242 3826 5297 Be-

2240 5315 2456 5370 nm‘linii-
2474 5315 2675 5370 sur-inm
2695 5322 2966 5370 Cassiani.
2984 5317 3212 5370 Missale.
3229 5317 3423 5370 librum
3441 5315 3827 5370 Homiliarum.
