4024 5370
186 274 300 332 ll8l

1302 273 1458 330 VITA
1501 272 1561 330 8.
1599 273 1980 332 MEGINRADI
2018 271 2396 330 MARTYRIS.

3277 266 3412 323 1182

179 386 455 462 quamdam
486 399 543 441 tn
575 383 821 456 Tigurini
862 384 964 441 lacl
993 384 1175 443 littore
1196 386 1379 455 sitam,
1409 396 1735 455 rogaverunt
1766 395 1812 453 Α
1840 388 2064 458 insuper
2087 403 2152 443 ac
2172 395 2358 458 potum
2391 383 2849 448 addidit,’dicens:
2880 401 2898 434 ι
2918 381 3043 437 llaec
3072 381 3139 437 de
3164 381 3411 436 manibus

180 480 273 539 sibi
323 480 608 536 monstrari
655 495 775 550 qua:
821 496 946 553 pars
974 482 1159 552 pervia
1203 490 1350 538 esset
1399 481 1631 538 adeundi
1667 482 1735 536 ad

180 570 411 630 cellulam
456 569 592 639 ejus.
657 569 811 638 Quod
855 586 979 627 cum
1036 573 1117 627 eis
1163 581 1527 629 monstratum
1571 580 1738 637 esset,

181 669 381 719 mature
407 676 504 733 per
529 668 743 717 noctem
770 670 1075 733 surgentes,
1126 663 1371 734 aggressi
1414 671 1544 718 sunt
1585 677 1739 717 mon-

182 762 401 811 stratum
441 753 544 809 sibi
572 753 694 819 iter,
723 753 963 824 agitante
983 754 1074 824 qui
1107 768 1202 811 eos
1229 753 1547 826 impleverat
1575 762 1743 809 teter-

181 845 314 902 rimo
348 844 563 914 spiritu.
620 843 720 898 Diu
762 852 942 900 tamen
985 844 1202 899 erronei
1245 858 1278 899 a
1328 852 1479 901 recto
1529 842 1746 899 tramite

182 934 409 989 ducente
434 933 503 987 ad
531 932 705 1003 ipsam
734 931 946 996 cellam,
987 932 1233 987 daemone
1277 934 1493 988 tandem
1538 931 1742 997 vexati,

161 1026 285 1094 quo
313 1020 565 1080 volebant
608 1030 994 1096 pervenerunt,
1039 1022 1273 1078 maxima
1315 1020 1429 1092 jam
1454 1031 1611 1094 parte
1638 1020 1745 1076 diei

182 1115 379 1188 elapsa.

278 1206 330 1263 1.
366 1203 488 1277 ipse
525 1220 654 1261 vero
699 1204 874 1263 solitis
913 1206 1250 1264 orationibus
1272 1208 1580 1275 incubans,
1617 1204 1748 1262 mis-

180 1312 353 1355 sarum
414 1296 608 1354 devote
677 1296 940 1353 solemnia
999 1297 1203 1355 libabat
1255 1297 1527 1354 Creatori.
1591 1297 1748 1355 Prius

182 1396 354 1444 autem
402 1401 566 1458 quam
612 1387 667 1442 in
717 1387 888 1457 ipsam
934 1386 1124 1443 cellam
1169 1387 1390 1459 maligni
1434 1388 1747 1453 intrassent,

183 1481 425 1555 (quorum
458 1494 599 1536 unus
627 1480 924 1537 vocabatur
954 1478 1279 1545 Richardus,
1303 1487 1527 1550 eratque
1552 1492 1751 1549 genere

180 1570 526 1638 Alemannus,
548 1570 686 1625 alter
706 1586 835 1627 vero
861 1570 1074 1637 Petrus,
1096 1571 1189 1643 qui
1212 1570 1616 1626 Rhmtianorum
1649 1588 1749 1625 ua-

184 1662 323 1716 tione
372 1669 693 1732 procreatus
740 1660 843 1732 est)
898 1661 1048 1732 pulli,
1100 1677 1236 1733 quos
1283 1662 1367 1717 vir
1411 1664 1750 1718 venerandus

182 1751 362 1811 eodem
414 1751 473 1806 in
520 1750 641 1808 loco
682 1752 986 1818 nutrierat,
1032 1767 1126 1809 eos
1166 1753 1220 1808 in
1268 1752 1516 1824 proxima
1563 1754 1751 1809 venire
1781 1740 1826 1800 Β

184 1843 597 1914 conspicientes,
653 1843 806 1913 quasi
856 1858 888 1898 a
941 1843 1102 1913 vulpe
1156 1844 1599 1914 insequerentur,
1656 1859 1753 1915 per

183 1949 418 1991 eremum
470 1932 824 2006 diffugerant,
873 1934 1112 1991 clamore
1161 1936 1377 1992 insolito
1424 1945 1480 1992 et
1523 1936 1753 2006 strepitu

184 2025 419 2083 inaudito
457 2026 652 2082 silvam
694 2026 991 2082 resultaute
1034 2026 1168 2083 echo
1193 2026 1546 2097 complentes,
1573 2027 1665 2094 {ita
1698 2035 1755 2083 ut

188 2117 345 2172 etiam
372 2115 478 2186 ipsi
508 2114 745 2174 latrones
771 2116 873 2172 hac
900 2116 965 2171 de
993 2131 1052 2172 re
1080 2116 1306 2171 multum
1338 2116 1670 2172 mirarentur
1701 2126 1757 2172 et

180 2206 649 2277 obstupescerent,
690 2216 852 2279 atque
893 2209 959 2262 ad
1004 2207 1309 2279 prodigium
1354 2209 1457 2263 hoc
1487 2208 1758 2279 pertinere

186 2300 408 2370 propriae
433 2301 634 2357 mentis
660 2302 1014 2357 decernerent
1030 2302 1257 2373 judicio.

256 2390 339 2444 12.
360 2392 640 2457 Attamen,
667 2407 698 2447 a
728 2402 908 2462 empto
938 2409 1044 2448 non
1076 2395 1343 2461 distracti,
1371 2397 1760 2467 aggrediuntur

187 2480 445 2551 capellam
495 2481 549 2537 in
582 2499 687 2553 qua
714 2484 798 2538 vir
824 2483 939 2550 Dei,
979 2495 1038 2539 ut
1068 2488 1384 2557 praedictum
1416 2497 1518 2555 est,
1561 2490 1761 2544 oratio-

190 2570 343 2625 nibus
377 2571 677 2632 Dominum,
711 2573 811 2628 sibi
854 2573 1105 2643 placabat
1148 2576 1408 2645 profusis,
1456 2594 1761 2648 corpusque

191 2662 560 2730 Dominlcum,
608 2674 668 2719 ut
712 2667 965 2735 praescius
1011 2668 1338 2737 futurorum,
1390 2673 1458 2727 ad
1507 2673 1761 2727 viaticum

189 2748 364 2806 obitus
393 2752 477 2806 sui
522 2768 657 2823 puro
684 2756 846 2809 corde
889 2770 952 2811 ac
979 2756 1171 2812 devota
1199 2767 1381 2814 mente
1426 2769 1759 2831 susceperat.

191 2838 543 2912 Jamque.vir
588 2845 704 2909 Dei,
749 2854 808 2899 ut
850 2847 1108 2902 sensisset
1158 2848 1347 2904 adesse
1393 2862 1764 2920 peremptores

192 2947 334 2997 suos,
367 2950 475 2991 non
509 2945 690 2989 tamen
716 2952 774 2990 se
802 2936 882 2991 eis
909 2938 1086 2992 statim
1111 2941 1494 3007 prmsentavit;
1528 2942 1621 2997 sed
1650 2958 1763 2997 mo.

192 3020 365 3075 dicum
396 3022 576 3075 adhuc
624 3021 897 3089 differens,
942 3024 1183 3081 clausum
1214 3030 1413 3083 ostium
1458 3030 1628 3099 ipsius
1672 3047 1763 3085 ca-

1843 482 1980 537 meis
2026 480 2319 553 percipite;
2374 485 2660 549 postquam
2712 490 2842 531 vero
2891 474 3292 545 compleveritis
3344 475 3413 529 ad

1842 571 1985 642 quod
2015 571 2284 641 agendum
2313 568 2557 633 venistis,
2598 567 2827 637 potestis
2850 566 3047 621 horum
3072 580 3192 636 quae
3219 565 3417 621 adsunt
3498 604 3499 611 η

1833 679 1942 735 per
1980 678 2077 719 vos
2124 662 2312 719 tollere
2348 661 2492 733 quod
2532 660 2750 731 cupitis.
2797 659 2927 715 Scio
2970 659 3117 714 enim
3159 658 3303 730 quod
3348 659 3418 714 ad

1843 755 2198 812 occidendum
2229 754 2496 819 intrastis,
2522 753 2617 809 sed
2659 768 2824 808 unum
2867 767 2899 807 a
2930 751 3083 807 vobis
3111 765 3279 822 posco
3316 751 3417 807 bc-

1845 845 2122 910 nelicium,
2150 853 2235 912 ut,
2268 844 2393 900 dum
2426 844 2707 915 praesentis
2734 842 2858 899 vita:
2875 858 3095 899 cursum
3121 843 3176 898 in
3197 856 3285 898 me
3309 852 3419 897 ter-

1846 937 2206 1001 minaveritis,
2238 934 2493 991 candelas
2519 948 2655 1003 quas
2680 934 2967 1005 inspicitis,
2999 949 3136 1006 quas
3164 933 3328 990 etiam
3351 931 3420 987 ad

1847 1026 1951 1082 hoc
1976 1026 2149 1094 ipsum
2173 1022 2425 1089 formavi,
2451 1037 2615 1076 unam
2641 1024 2708 1077 ad
2734 1032 2895 1092 caput
2914 1039 3095 1080 meum
3120 1024 3420 1086 ardentem,
3492 1040 3497 1045 ·

1845 1127 1901 1174 et
1926 1118 2088 1173 aliam
2119 1116 2187 1173 ad
2225 1116 2390 1187 pedes
2413 1114 2617 1185 ponite,
2649 1124 2703 1170 et
2727 1114 2836 1170 cito
2865 1124 3049 1185 postea
3078 1113 3148 1169 ab
3172 1112 3275 1169 hoc
3303 1111 3424 1168 loco

1848 1210 2130 1274 discedite,
2169 1224 2239 1264 ne
2282 1224 2313 1263 a
2363 1205 2890 1277 supervenientibus,
2934 1206 3026 1276 qui
3070 1219 3159 1261 me
3203 1203 3426 1261 visitare

1849 1299 2041 1363 solent,
2066 1296 2537 1368 constringamini,
2551 1309 2742 1367 pmnas
2759 1294 3176 1350 luiturisceleris
3187 1292 3375 1350 vestri.
3399 1311 3421 1346 ο

1921 1391 2011 1446 15.
2041 1388 2337 1444 Confestim
2362 1388 2527 1455 igitur
2547 1385 2854 1441 Richardus
2876 1385 3184 1455 praedictus,
3206 1383 3427 1455 pollutis

1850 1480 2104 1536 manibus
2145 1480 2365 1535 beatum
2406 1476 2580 1531 virum
2618 1476 2854 1532 medium
2899 1473 3329 1546 comprehendit,
3362 1489 3428 1529 ac

1856 1570 2120 1626 tenaciter
2160 1577 2493 1624 maceratum
2523 1566 2745 1638 jejuniis
2771 1564 3153 1635 corpusculum
3192 1563 3432 1619 brachiis

1854 1662 2092 1729 strinxit,
2118 1661 2374 1732 socioque
2411 1659 2696 1714 minaciter
2721 1658 2884 1726 jussit
2930 1666 2990 1711 ut
3016 1664 3262 1712 sanctum
3292 1654 3435 1711 fuste

1853 1761 2183 1826 percuteret.
2210 1753 2312 1821 Qui
2343 1768 2467 1808 cum
2496 1752 2586 1807 diu
2612 1766 2736 1806 cum
2766 1750 3012 1807 feriendo
3042 1749 3185 1805 circa
3210 1748 3354 1804 latus
3377 1757 3436 1803 et

1855 1859 2011 1899 suras
2062 1842 2429 1909 debilitasset,
2491 1851 2679 1898 sancto
2733 1842 3059 1898 extendente
3114 1840 3323 1912 palmas
3365 1839 3437 1894 ad

1854 1937 2166 2003 Dominum,
2196 1935 2335 1991 alter
2355 1935 2536 1990 intulit
2564 1935 2777 1990 dicens:
2801 1933 3093 2003 «Osegnis!
3116 1947 3349 1988 curemn
3377 1933 3433 1985 in

1854 2036 2022 2099 caput
2048 2043 2155 2082 non
2182 2027 2442 2098 percutis,
2473 2036 2535 2080 ut
2572 2025 2785 2096 plagam
2827 2025 3119 2081 mortalem
3141 2022 3439 2093 suscipiat?

1856 2134 2019 2189 quam
2060 2118 2104 2173 si
2152 2126 2207 2171 tu
2247 2116 2429 2171 tardas
2475 2114 2699 2181 inferre,
2745 2131 2844 2187 ego
2885 2115 3142 2170 citissime
3188 2113 3438 2168 illaturus

1856 2225 1999 2267 sum.
2021 2230 2040 2263 ι
2056 2209 2462 2279 Confestimque
2491 2208 2632 2265 fuste
2644 2209 3001 2279 apprehenso,
3017 2208 3182 2263 ictum
3202 2206 3438 2262 librabat

1859 2302 1914 2358 in
1963 2309 2126 2372 caput
2174 2300 2672 2356 vehementissime.
2726 2300 2837 2355 lloe
2881 2301 3038 2355 modo
3087 2300 3168 2354 vir
3215 2307 3438 2354 sanctus

1861 2392 2128 2464 plagatus,
2161 2388 2458 2445 semivivus
2492 2388 2545 2443 in
2582 2398 2780 2443 terram
2812 2390 3046 2455 corruit;
3076 2397 3130 2443 et
3159 2388 3231 2442 illi
3262 2389 3446 2444 conti-

1861 2499 1968 2540 nuo
1997 2485 2050 2539 in
2075 2498 2198 2538 eum
2226 2484 2495 2543 irruentes
2522 2490 2705 2554 guttur
2725 2481 2843 2551 ejus
2869 2480 3135 2536 suﬂ‘ocant
3166 2479 3436 2543 manibus,

1861 2594 2140 2650 quousque
2159 2580 2469 2635 exhalasset
2489 2579 2758 2649 spiritum.
2777 2576 3096 2648 Egrediente
3124 2582 3303 2629 autem
3327 2573 3437 2643 iam

1863 2669 2137 2741 animaqiu
2165 2670 2280 2742 ipso
2303 2679 2477 2726 tractu
2504 2668 2810 2725 novissima:
2844 2664 3249 2735 exspirationis,
3274 2672 3440 2719 tantae

1863 2761 2152 2818 suavitatis
2202 2763 2338 2818 odor
2384 2762 2735 2833 progrediens
2793 2768 2961 2814 totum
3002 2756 3207 2831 cellula:
3260 2754 3439 2812 locum

1863 2852 2252 2923 compleverat,
2310 2832 2467 2908 acisi
2514 2852 2756 2907 omnium
2807 2849 3203 2921 pigmentorum
3247 2832 3463 2901 odora-5

1866 2952 2047 2999 menta
2079 2945 2149 3000 ibi
2178 2943 2372 3000 diffusa
2398 2944 2727 3015 fragrarent.

1937 3034 2024 3088 14.
2066 3034 2261 3090 Postea
2312 3051 2441 3091 vero
2481 3036 2818 3089 nudav'erunt
2849 3048 2970 3088 eum
3014 3042 3163 3089 veste
3193 3046 3294 3102 qua
3325 3040 3447 3086 erat

193 3112 338 3180 pellae
367 3126 479 3165 non
505 3113 734 3182 aperuit,
760 3122 818 3168 ut
839 3114 1225 3188 aliquantisper
1248 3119 1299 3172 in
1322 3121 1565 3176 oratione
1586 3123 1762 3178 adhuc
1789 3103 1835 3164 ο
1870 3126 2105 3190 indutus,
2140 3135 2514 3197 etportantes
2545 3136 2843 3199 posuerunt
2881 3127 2934 3181 in
2978 3126 3173 3191 lectum
3224 3140 3331 3193 quo
3360 3123 3445 3178 vir

193 3200 463 3257 demorari
508 3203 789 3270 potuisset.
838 3203 1068 3262 Strenue
1110 3222 1239 3277 ergo
1270 3212 1572 3267 orationem
1615 3230 1763 3270 com-

192 3290 374 3361 plevit,
405 3305 708 3362 capsasque
742 3294 980 3366 singulas
1007 3294 1356 3365 reliquiarum
1397 3316 1556 3355 tuanu
1587 3303 1761 3358 susei-

192 3379 342 3447 piens
373 3389 432 3436 et
484 3381 833 3450 deosculans,
873 3388 1281 3443 commendabat
1329 3405 1555 3461 agonem
1607 3409 1765 3449 suum

192 3468 418 3528 Domino
437 3480 497 3528 et
545 3475 748 3529 sanctis
772 3492 999 3546 quorum
1025 3478 1280 3548 reliquias
1306 3483 1769 3551 complectebatur

193 3572 524 3620 reverenter.
556 3564 690 3633 Hoc,
716 3569 806 3638 qui
842 3570 1190 3639 advenerant,
1222 3573 1439 3647 maligni
1484 3592 1581 3645 per
1627 3577 1769 3632 fora-

195 3668 313 3708 men
355 3655 892 3727 quoddam'parietis
932 3674 1056 3715 eum
1099 3671 1346 3733 agentem
1388 3666 1765 3735 inspiciebant.

194 3748 418 3821 Jamque
448 3753 651 3808 athleta
685 3755 861 3820 fertis,
897 3755 1008 3811 Deo
1035 3759 1399 3825 confortante,
1431 3771 1769 3831 pugnaturus

195 3845 488 3913 egreditur,
519 3847 970 3918 prmseutiamque
998 3865 1148 3904 suam
1179 3866 1286 3906 non
1323 3863 1484 3921 negat
1512 3854 1773 3909 occisori-

193 3933 325 4002 bus;
349 3952 413 3991 ac
436 3938 671 4009 primum
700 3939 1041 3997 salutationis
1066 3945 1228 3998 verba
1255 3946 1322 4000 ad
1349 3961 1442 4000 eos
1467 3948 1767 4014 proferens,

195 4038 313 4096 post
341 4029 524 4083 intulit
552 4047 566 4084 :
600 4049 619 4084 ‹
650 4030 693 4087 Ο
718 4034 869 4097 socii,
900 4048 999 4090 cur
1028 4044 1135 4089 tam
1166 4052 1290 4090 seru
1320 4038 1577 4092 venistis?
1605 4052 1772 4107 quare

196 4132 299 4173 non
329 4121 648 4177 maturastis
672 4124 859 4179 venire
885 4125 950 4179 ad
978 4126 1301 4181 audiendum
1328 4128 1613 4196 parvitatis
1638 4144 1773 4185 mea)

196 4206 436 4276 missam,
471 4219 533 4265 ut
574 4226 672 4281 pro
698 4212 851 4267 vobis
879 4228 1219 4269 communem
1265 4216 1551 4272 Dominum
1582 4218 1773 4287 deprc-

198 4300 384 4355 carer?
410 4303 511 4358 sed
557 4303 640 4358 vel
690 4319 835 4360 nunc
879 4305 1099 4372 intrate,
1146 4308 1405 4378 poscituri
1450 4309 1771 4378 placabilem

198 4388 349 4445 nobis
375 4390 494 4449 fore
524 4393 813 4449 Dominum
855 4403 912 4451 et
951 4406 1169 4453 sanctos
1205 4397 1343 4465 ejus,
1377 4415 1441 4456 ac
1472 4410 1655 4469 postea
1688 4416 1774 4454 re-

1868 3216 1961 3273 Dei
1992 3218 2329 3287 requiescere
2359 3218 2583 3273 solebat.
2609 3217 2763 3273 Nudo
2790 3226 3189 3290 supposuerunt
3217 3216 3326 3285 (57)
3356 3213 3409 3267 fil
3428 3243 3442 3254 -

1871 3318 2013 3363 trum
2039 3309 2149 3381 (58)
2175 3318 2538 3380 supponentes
2565 3310 2731 3363 etiam
2762 3318 2817 3364 ct
2840 3310 3084 3379 qumdam
3115 3307 3442 3377 fragmenta,

1868 3409 2052 3470 atque,
2085 3408 2144 3455 ut
2173 3401 2358 3455 vivens
2397 3401 2483 3454 vir
2530 3401 2624 3455 Dei
2664 3406 2966 3470 rogaverat,
3009 3397 3263 3453 candelas
3299 3412 3447 3452 sum-

1868 3499 2112 3559 pserunt,
2145 3504 2306 3542 unam
2338 3499 2601 3557 ponentes
2631 3489 2696 3542 ad
2726 3498 2916 3558 caput;
2959 3503 3081 3543 cum
3108 3487 3211 3541 alia
3255 3501 3443 3540 curre-

1869 3581 2004 3634 bant
2033 3580 2098 3634 ad
2128 3578 2299 3649 ipsam
2331 3580 2615 3649 capellam,
2659 3577 2841 3633 lumen
2882 3578 3008 3632 inde
3035 3576 3273 3639 allaturi,
3305 3575 3449 3645 quod

1870 3670 1923 3724 in
1957 3672 2146 3726 eodem
2180 3671 2419 3726 oratorio
2440 3669 2644 3740 jngiter
2669 3667 2916 3723 ardebat.
2948 3668 3289 3738 Repedantes
3322 3682 3449 3721 vero

1873 3762 1939 3817 ad
1961 3761 2339 3831 corpusculum
2363 3759 2626 3824 defuncti,
2650 3758 2977 3812 invenerunt
2999 3748 3145 3812 clare
3168 3756 3447 3811 ardentem

1871 3867 2031 3922 quam
2058 3850 2641 3922 posuerantcandelam
2656 3848 3002 3904 exstinctam.
3030 3847 3237 3902 Tantus
3268 3854 3447 3901 autem

1869 3957 1965 3999 eos
2006 3943 2263 4000 continuo
2295 3942 2491 3998 invasit
2528 3943 2713 4004 timor,
2757 3950 2819 3996 ut
2861 3940 2993 3995 nihil
3031 3940 3345 4009 contingere
3383 3940 3452 3993 de

1872 4034 2033 4089 rebus
2053 4036 2121 4089 ad
2144 4034 2328 4088 altaris
2347 4032 2518 4088 oﬂicia
2541 4032 2939 4102 pertinentibus
2957 4033 3239 4087 auderent.
3262 4029 3450 4085 Vestes

1872 4139 1937 4179 ac
1964 4132 2259 4179 stramenta
2295 4124 2538 4192 quaedam
2571 4122 2753 4177 lectuli
2782 4123 2900 4192 ejus
2929 4130 3227 4188 sumentes,
3257 4118 3451 4176 festiue

1873 4214 2205 4286 repedabant
2233 4213 2376 4269 unde
2400 4214 2623 4281 digressi
2651 4222 2795 4269 sunt.

1947 4306 2031 4361 l5.
2072 4305 2162 4360 Eis
2206 4313 2385 4360 autem
2430 4304 2556 4359 inde
2600 4302 2946 4375 fugientibus,
2988 4305 3135 4360 corvi
3166 4304 3257 4374 qui
3303 4317 3454 4359 more

1875 4402 2035 4458 solito
2056 4402 2123 4456 ad
2146 4400 2403 4455 famulum
2428 4400 2516 4455 Dei
2545 4401 2810 4454 viventem
2835 4399 3018 4454 venire
3035 4406 3450 4459 consueverant,

198 4483 465 4538 vertimini
495 4484 565 4540 ad
607 4500 715 4553 me,
746 4498 805 4541 ut
842 4487 970 4557 quid
1001 4488 1239 4544 donante
1276 4490 1386 4545 Deo
1431 4491 1583 4546 vobis
1611 4491 1770 4547 bene~
1801 4470 1850 4528 Ῑ)
1878 4507 1944 4547 ac
1964 4491 2306 4563 praebendam
2330 4491 2397 4545 de
2424 4491 2675 4544 manibus
2703 4489 2820 4559 ejus
2842 4490 3136 4559 suscipere,
3160 4489 3313 4557 quasi
3339 4488 3455 4540 vin—

200 4570 447 4630 dictionis
473 4577 713 4646 praebere
738 4576 967 4646 valeam,
991 4579 1270 4649 impertiar
1290 4596 1389 4651 pro
1409 4579 1526 4650 ejus
1553 4598 1766 4649 amore;

201 4661 383 4730 sicque
422 4665 690 4734 complete
716 4683 850 4738 opus
881 4667 945 4723 ad
981 4669 1123 4738 quod
1157 4670 1423 4739 agendum
1466 4670 1712 4727 venistis.
1744 4693 1764 4726 ι

202 4749 462 4811 lntrantes
494 4755 659 4827 igitur
687 4760 1009 4824 oratorium,
1041 4775 1147 4815 non
1183 4761 1249 4814 ad
1283 4761 1334 4816 id
1378 4763 1444 4817 ad
1476 4764 1617 4833 quod
1648 4781 1771 4819 sna-

203 4841 461 4900 dehantur
500 4846 717 4914 intenti,
755 4849 851 4905 sed
879 4850 946 4905 ad
977 4849 1178 4905 malum
1217 4851 1284 4907 ad
1322 4854 1465 4922 quod
1509 4863 1773 4909 venerant

204 4937 617 5005 perpetrandum
635 4978 651 5005 ,
685 4941 945 4995 continuo
970 4940 1352 5011 regrediuntur
1376 4942 1442 4997 ad
1469 4956 1615 4998 eum.
1642 4943 1774 5012 Qui-

203 5022 300 5083 bus
326 5029 408 5083 vir
432 5031 525 5086 Dei
560 5032 791 5090 tunicam
821 5042 879 5090 et
908 5030 1172 5088 cucullam
1197 5048 1353 5090 suam
1380 5033 1548 5103 dedit,
1575 5051 1770 5107 panem

206 5144 425 5213 pervilla
456 5160 580 5200 cum
607 5161 732 5204 arce
760 5155 1160 5213 constructum,
1191 5156 1250 5203 ut
1276 5162 1346 5202 ex
1374 5145 1498 5203 Vita
1542 5147 1773 5207 Germa-

208 5212 507 5292 itica._no_tat
528 5214 837 5277 Bollandus.

1878 4585 2061 4641 dicare
2097 4584 2378 4654 cupientes
2399 4583 2756 4645 exstinctum,
2784 4581 3160 4650 sequebantur
3195 4579 3454 4638 latrones,

1878 4677 2207 4745 vocibusque
2255 4674 2596 4746 grandisonis
2645 4671 2923 4740 replebant
2965 4671 3154 4734 silvas,
3179 4679 3252 4731 et,
3294 4681 3456 4736 quam

1876 4769 2121 4838 proxime
2149 4774 2401 4836 poterant
2429 4765 2700 4835 capitibus
2743 4776 2931 4818 eorum
2970 4760 3307 4820 advolantes,
3332 4770 3459 4822 pro-

1879 4860 2079 4915 debant
2119 4865 2488 4929 perpetratum
2533 4857 2710 4911 nefas.
2754 4852 2870 4908 Non
2916 4850 3148 4905 multum
3198 4853 3321 4915 post
3363 4844 3467 4913 ipsi

1879 4953 2098 5023 maligni
2129 4951 2505 5019 comprehensi
2548 4955 2694 5010 sunt,
2740 4954 2795 4999 et
2838 4942 2985 5011 quod
3023 4938 3240 4997 occulte
3276 4950 3467 5023 perpe-

1888 5022 2166 5103 traverant
2197 5040 2522 5111 patefactum
2548 5046 2629 5093 est
2655 5034 2853 5096 scelus,
2881 5030 3108 5086 nolente
3131 5030 3243 5082 Deo
3267 5022 3479 5078 dill‘erri

1960 5157 2074 5228 (58)
2103 5154 2396 5212 Coldastus
2424 5149 2489 5228 in
2509 5148 2653 5228 notis
2678 5141 3096 5228 ad'liikl'teltartli
3116 5133 3486 5228 capuﬁgnfi‘l-

1808 5228 1818 5237 ‘
1889 5203 2393 5292 ινέἲῦἳεῖρἱιὲὶᾷιυέ
2429 5218 2541 5292 ﬁla_
2563 5216 2643 5292 vel
2669 5212 2957 5292 funiculus,
2995 5203 3349 5292 aptabatur
3368 5204 3483 5292 ea-
