4024 5370
568 342 709 400 “85

1678 335 2023 396 BERNONIS
2062 336 2354 395 ABBATIS
2394 336 2754 396 AUGIENSIS

3717 340 3855 400 ιιει

568 454 778 525 peccati
807 465 1025 522 poenam
1057 465 1220 521 quam
1274 456 1589 505 meruerant
1618 448 1672 504 in
1702 450 1978 506 occisione
2004 448 2150 507 servi
2180 454 2227 513 Α
2254 450 2351 507 Dei
2393 459 2525 507 nutu
2571 452 2843 509 extinctus
2868 459 2972 508 est.
3008 449 3157 508 Illico
3198 459 3384 509 autem
3427 450 3760 511 dill'amatnr
3789 456 3858 513 de

568 546 687 603 Dei.
716 546 931 602 Etenim
954 545 1231 617 judicibus
1264 552 1319 600 et
1357 541 1556 614 populo
1595 543 1907 599 Christiano
1931 544 2033 600 sub
2067 558 2162 600 co-

566 640 702 695 mite
732 638 1033 695 Adalberto
1064 636 1178 710 (59)
1208 651 1303 693 eos
1331 636 1398 692 ad
1437 635 1543 692 hoc
1585 635 2019 704 decernentibus,
2052 636 2159 693 vixi

570 730 782 787 incensi
809 738 957 786 sunt.

640 820 730 876 16.
771 819 1011 877 Candela
1052 828 1231 876 autem
1275 834 1441 890 quam
1480 820 1549 876 ad
1590 828 1753 891 caput
1790 818 1894 874 viri
1928 818 2026 874 Dei
2065 834 2159 889 po-

569 919 817 977 suerant,
844 918 901 968 et
926 926 1047 983 qua:
1073 910 1291 966 caelitus
1319 925 1549 965 accensa
1581 918 1687 975 est,
1730 910 1956 965 ardebat
1989 924 2159 979 usque

569 1005 638 1060 ad
692 1012 992 1060 stramenta
1043 1018 1163 1074 quae
1215 1002 1557 1073 superposita
1605 1002 1822 1058 fuerant
1900 1002 2159 1058 defuncto

567 1094 916 1166 c0rpusculo.
942 1093 1184 1162 Quorum
1212 1094 1376 1149 etiam
1400 1102 1608 1164 partem
1634 1094 1748 1164 ipse
1776 1093 1915 1165 ignis
1940 1092 2157 1158 invasit,

573 1194 630 1241 et
662 1184 913 1255 pervenit
958 1199 1129 1254 usque
1173 1182 1239 1238 ad
1268 1182 1513 1238 membra
1558 1181 1829 1250 defuncti;
1879 1197 1999 1252 quae
2031 1182 2159 1237 dum

571 1276 866 1348 attigisset,
897 1276 1039 1333 sicut
1061 1274 1321 1331 divinitus
1347 1287 1612 1331 accensus
1650 1274 1852 1341 fuerat,
1887 1275 1960 1331 ita
1993 1273 2161 1331 etiam

605 1447 610 1467 ᾗ
641 1386 757 1458 (59)
793 1386 948 1467 fiunt-
974 1400 1095 1442 esse
1121 1394 1255 1467 puto
1275 1384 1646 1467 adalbertnm.
1668 1400 1828 1467 quem
1848 1384 2160 1467 Ludovicus

566 1455 873 1516 Germania:
903 1472 1000 1512 rex
1028 1455 1171 1511 anno
1194 1456 1293 1512 841
1328 1456 1379 1511 in
1406 1455 1697 1511 l‘thrctiensi
1733 1456 2008 1511 territorio
2033 1470 2161 1525 pro-

568 1529 830 1586 stravisse
881 1526 1055 1583 fertur
1081 1528 1221 1597 apud
1254 1527 1623 1581 llermannum
1654 1526 2029 1581 Contractnm.
2061 1526 2161 1597 De

570 1599 679 1653 alio
706 1597 1001 1653 Adalberto
1022 1595 1504 1668 agit_llepidannus
1534 1596 1618 1668 his
1640 1597 1820 1653 verbis
1846 1614 1860 1652 :
1887 1599 2036 1652 Anno
2052 1595 2155 1651 906

569 1669 884 1725 Adalbertus
914 1665 1080 1724 decus
1104 1665 1435 1721 Francorum
1463 1667 1741 1721 occiditur.

642 1738 755 1810 (60)
797 1738 1110 1810 Waltherus
1155 1737 1432 1793 Folewino
1485 1738 1666 1810 abbati
1728 1737 1985 1810 Augiensi
2031 1750 2160 1791 snc-

2266 550 2442 598 morte
2472 540 2610 611 ejus.
2639 540 2756 610 Qua
2785 551 3088 613 comperta,
3128 541 3459 599 venerabilis
3500 541 3682 600 abbas
3708 541 3857 601 Wal-

2269 633 2456 689 therus
2483 633 2599 704 (60)
2628 641 2684 689 et
2712 631 2908 688 fratres
2934 632 3038 688 sub
3063 632 3180 703 ipso
3208 632 3490 704 degentes,
3517 648 3735 705 corpus
3758 632 3858 693 viri

2264 722 2363 781 Dei
2386 741 2454 781 ex
2477 725 2592 795 ipsa
2614 740 2800 782 eremo
2824 722 3154 792 auferentes,
3178 732 3342 796 atque
3368 726 3437 781 ad
3458 726 3859 783 monasterium

2265 818 2495 890 Augiam
2544 818 2869 882 deterentes,
2918 818 2991 874 ibi
3035 818 3199 890 digno
3243 818 3586 890 sepelierunt
3626 818 3859 876 honore.

2266 906 2471 965 Passus
2496 917 2582 965 est
2605 922 2787 965 autem
2817 916 3039 965 sanctus
3066 919 3276 982 martyr
3304 909 3636 966 duodecimo
3666 908 3861 967 Kalen‘

2266 1001 2365 1057 das
2395 1000 2697 1065 Februarii,
2731 1015 2874 1056 anno
2901 1001 2969 1056 ab
3012 1000 3391 1057 lncarnatione
3420 1001 3642 1057 Domini
3689 1002 3864 1057 octin-

2265 1092 2569 1163 gentesimo
2595 1092 2935 1163 sexagesimo
2962 1092 3124 1148 tertio
3149 1090 3259 1163 (6i)
3292 1102 3558 1164 regnante
3584 1092 3864 1149 Ludovico

2266 1200 2395 1256 rege
2427 1185 2479 1241 in
2511 1184 2867 1242 orientalibus
2908 1184 3155 1253 Francis,
3192 1200 3336 1241 anno
3367 1185 3642 1242 vicesimo
3671 1197 3865 1243 octavo

2266 1276 2422 1348 regni
2453 1276 2591 1347 ejus.

2266 1387 2528 1459 ctoritati,
2557 1386 2648 1457 qui
2699 1388 2841 1459 hanc
2868 1386 3048 1459 Vitam
3089 1388 3171 1458 (ut
3196 1386 3385 1459 simile
3406 1387 3523 1443 veri
3571 1386 3686 1459 est)
3727 1387 3866 1457 lege-

2267 1466 2425 1521 rant;
2488 1457 2542 1513 in
2593 1473 2698 1527 qua
2750 1458 2932 1513 forsan
2974 1457 3105 1513 olim
3158 1458 3318 1513 aliter
3364 1459 3584 1513 numeri
3647 1457 3869 1527 ascripti

2267 1536 2469 1584 erant:
2513 1544 2638 1583 nam
2668 1537 2723 1585 et
2769 1528 2962 1584 Surius
2992 1543 3192 1599 annum
3234 1527 3339 1583 860
3383 1528 3587 1599 legisse
3614 1529 3866 1599 fidetnr.

2264 1600 2419 1653 Anno
2477 1599 2634 1666 l059,
2678 1608 2739 1654 ut
2786 1599 2976 1654 scribit
3043 1597 3460 1653 llartmannus'
3501 1599 3557 1652 in
3612 1597 3867 1652 Etnbrico

2267 1669 2464 1741 abbate
2494 1678 2667 1732 sexto,
2706 1670 2880 1741 pridie
2920 1666 3398 1741 Nonasoctobris,
3425 1667 3870 1741 Einsidlensibus

2271 1740 2494 1795 reddita:
2522 1749 2646 1794 sunt
2678 1737 2919 1809 reliquize
2948 1739 3135 1809 sancti
3164 1739 3486 1809 Meginradi,
3512 1753 3689 1808 quem
3734 1737 3869 1792 mul-

571 1808 745 1865 cessit
765 1825 907 1863 anno
934 1808 1060 1873 848,
1091 1816 1337 1863 mortuus
1359 1808 1644 1874 ann0864,
1671 1818 1809 1863 teste
1827 1808 2155 1862 Hermanno.
2189 1811 2335 1874 Btis
2389 1811 2665 1865 hactenus
2721 1808 3004 1865 miraculis
3060 1808 3329 1863 celebrem
3382 1809 3581 1862 eodem
3631 1816 3870 1877 tempore

644 1879 757 1950 (6i)
799 1878 1143 1934 Hermannus
1192 1877 1518 1932 Contractus
1568 1878 2003 1950 etiTrithcmius
2044 1877 2159 1931 Me-

569 1948 1043 2034 ginradino'bitum
1106 1957 1376 2034 reponunt
1408 2033 1412 2034 γ
1445 1964 1588 2034 anno
1611 1948 1757 2034 _§6Q.
1805 1948 2161 2034 Hepidannus

571 2017 1056 2076 sancti-Gallensis
1128 2017 1427 2074 monachus
1488 2029 1545 2074 et
1610 2017 1902 2074 Marianus‘
1945 2017 2165 2073 Scottus

570 2105 715 2145 anno
741 2091 1011 2160 sequenti.
1063 2088 1431 2160 Utrorumqn_e
1473 2090 1664 2145 eadem
1697 2089 1988 2145 sententia.
2025 2088 2163 2160 Cum

570 2161 719 2238 enim
760 2158 1645 2238 Meginradusnnense'Januagio
1691 2160 2022 2238 caesus_sit,_
2070 2158 2165 2228 qui

570 2230 700 2285 anni
759 2229 973 2285 initium
1025 2246 1054 2284 a
1100 2229 1293 2285 Martio
1321 2245 1416 2285 seu
1477 2246 1507 2284 a
1558 2230 1828 2285 Paschate
1870 2229 2162 2293 ducebant,

575 2314 776 2354 annum
808 2300 946 2364 860;
981 2301 1073 2370 qui
1115 2315 1245 2355 vero
1290 2316 1319 2354 a
1351 2298 1633 2365 Januario,
1668 2315 1871 2355 annum
1920 2298 2019 2355 861
2071 2314 2171 2352 nu-

574 2370 879 2427 merabant.
914 2371 1066 2428 Unde
1092 2379 1239 2427 stare
1269 2370 1452 2426 malim
1486 2372 1681 2427 horum
1714 2371 2045 2442 scriptorum
2072 2383 2172 2423 att-

1136 2673 2467 2700 _________________.._.______

2263 1880 2588 1935 Benedictus
2614 1895 2748 1951 papa
2778 1895 2960 1951 nonus
2997 1888 3330 1951 sanctorum
3356 1893 3595 1951 numero
3624 1878 3866 1951 inserue-

2265 1961 2373 2006 rat.
2428 1951 2585 2005 Anno
2615 1946 2776 2005 ⁷1599
2808 1949 3086 2005 Breviario
3125 1948 3384 2003 Ecclesiae
3428 1946 3870 2003 Constantiensis

2267 2036 2411 2076 novo
2438 2021 2698 2075 insertum
2740 2021 2915 2075 sancti
2959 2018 3263 2089 Meginradi
3305 2032 3534 2082 nomen,
3585 2019 3867 2089 decretum

2268 2091 2527 2171 offic-ium,
2557 2090 2821 2171 quale__de
2864 2088 3198 2171 martyribus
3242 2088 3359 2171 fieri
3404 2088 3729 2171 consuevit,
3770 2088 3869 2171 ritu

2272 2161 2508 2232 duplici;
2557 2158 2653 2217 sed
2693 2162 2765 2217 25
2793 2158 3059 2232 Januarii,
3108 2168 3332 2232 propter
3349 2167 3579 2232 sanctas
3621 2158 3864 2232 Agnetis,

2269 2227 2416 2313 quas
2449 2232 2514 2287 2!
2556 2233 2738 2306 agitur
2808 2227 3181 2295 festivitatem,
3215 2227 3311 2286 uti
3345 2227 3654 2285 Bollandus
3685 2227 3868 2284 ὡδευ-

2274 2312 2427 2358 vavit
2534 2318 2539 2323 ’

3183 2663 3861 2693 ἦ

1257 2844 1655 2981 VITA
1750 2836 2319 2971 SANCTI
2412 2831 3175 2965 UDALRICI

1809 3071 2123 3131 EPISCOPI
2160 3066 2648 3129 AUGUSTENSIS

1117 3227 1615 3339 Auctore
1692 3218 2222 3325 Bernone
2292 3210 2692 3319 abbate
2747 3203 3362 3347 Augiensz’.

2040 3601 2477 3617 Ἢ

1566 3721 2199 3820 PROLOGUS

2270 3719 2412 3809 BE
2432 3715 2923 3811 RNONIS.

668 3936 721 3990 1.
748 3928 1225 3989 Reverendissimo
1251 3922 1401 3981 Patri
1428 3920 1782 3985 Fridebuldo,
1808 3934 1872 3974 ac
1898 3931 2027 3973 vero
2054 3930 2181 3971 san-
2210 3920 2255 3981 C
2286 3913 2514 3984 digitum
2536 3912 2620 3968 ori
2653 3910 3019 3983 imposuisset.
3049 3905 3108 3965 ld
3138 3909 3314 3980 ipsum
3343 3917 3528 3965 tamen
3560 3909 3711 3981 quod
3740 3923 3880 3967 com-

598 4036 702 4082 etae
749 4024 940 4080 matris
980 4020 1123 4077 Afrae
1176 4018 1431 4083 alumno,
1475 4014 1651 4069 Bcrno
1690 4011 1789 4084 lat.
1817 4051 1833 4077 ,
1875 4006 2040 4080 Bern]
2090 4007 2185 4062 Dei

601 4116 790 4172 Matris
816 4113 1149 4182 mancipium
1178 4150 1195 4175 ,
1236 4122 1363 4164 cum
1386 4103 1535 4162 omni
1561 4101 1922 4159 contubernio
1950 4098 2189 4169 Augien-

601 4211 743 4266 sium
773 4209 1003 4263 fratrum
1024 4246 1038 4272 ,
1068 4216 1340 4261 sumntum
1367 4208 1423 4254 et
1446 4196 1762 4255 indcftciens
1785 4194 2008 4249 bonum.

668 4300 816 4355 Mira:
827 4296 1111 4354 charitatis
1130 4294 1324 4359 virtus,
1346 4306 1415 4345 ex
1428 4287 1679 4346 dnlcilluo
1691 4286 1929 4358 pectoris
1958 4284 2032 4339 tui
2045 4298 2194 4339 ema-

605 4406 743 4445 nans
767 4389 936 4454 fonte,
961 4388 1013 4443 id
1033 4383 1317 4457 exiguitati
1340 4397 1471 4438 mea:
1494 4379 1730 4448 injunxit
1747 4376 1930 4443 oliicii,
1955 4385 2017 4431 ut
2041 4372 2194 4430 libel-

608 4478 720 4532 lum
749 4480 815 4533 de
843 4480 954 4533 vita
981 4487 1062 4532 ter
1083 4484 1383 4546 quaterque
1411 4472 1554 4527 beati
1584 4468 1797 4541 patroni
1825 4467 1998 4523 nostri
2033 4465 2196 4523 Udal-

610 4571 708 4627 rici
734 4611 750 4637 ,
777 4570 959 4626 veraci
987 4570 1207 4640 quidem
1234 4609 1249 4634 ,
1294 4566 1390 4623 sed
1415 4564 1733 4637 simpliciori
1768 4579 1931 4635 quam
1956 4560 2198 4633 oportuit

608 4679 862 4721 sermone
891 4664 1095 4718 editum
1120 4703 1135 4727 ,
1167 4660 1383 4717 cultiori
1407 4658 1548 4730 ston
1575 4657 1797 4713 reddam
1836 4654 2193 4711 luculentum.

608 4759 741 4814 Pius
768 4756 985 4828 quidem
1026 4753 1270 4825 jubentis
1310 4750 1535 4805 ali‘eCtus
1580 4757 1702 4814 est,
1742 4747 1836 4803 sed
1882 4762 1988 4801 non
2046 4758 2200 4814 aeque

608 4854 784 4912 facilis
830 4851 1073 4925 parentis
1116 4862 1237 4904 esse
1281 4846 1481 4917 poterit
1524 4844 1787 4908 effectus;
1817 4841 2017 4912 quippe
2072 4853 2199 4895 cum

609 4946 839 5002 tarditas
871 4942 1071 5015 ingenii
1125 4948 1180 4997 et
1226 4937 1558 4995 exteriorum
1584 4950 1746 4999 cum,
1781 4948 1969 4988 amaro
2000 4932 2083 5003 (ιιι
2122 4930 2203 4987 sic

610 5038 817 5093 dictum
867 5035 961 5106 sit)
1016 5048 1214 5104 sapore
1264 5029 1531 5093 conditae,
1576 5039 1664 5081 me
1715 5025 2041 5095 prohibeant
2093 5030 2202 5075 tam

612 5127 844 5181 arduum
865 5139 1001 5195 opus
1023 5124 1264 5196 aggredi.
1287 5120 1513 5178 Accedit
1534 5119 1696 5174 etiam
1718 5115 1861 5187 quod
1883 5113 2206 5171 venerandae

613 5217 893 5272 memoria:
957 5214 1360 5279 Gebehardus,
1415 5211 1506 5281 qui
1567 5216 1687 5280 post
1734 5207 1952 5263 beatum
2029 5205 2204 5259 virum

2238 5272 2286 5304 n

2290 4008 2491 4079 posuit,
2517 4007 2644 4062 licet
2670 4004 2870 4075 eloquii
2897 4012 3239 4059 venustatem
3268 4001 3513 4058 redoleat
3538 4042 3556 4069 ,
3592 4012 3779 4059 tamen
3808 4003 3878 4059 ita

2288 4099 2581 4154 verborum
2622 4113 2687 4153 ac
2726 4095 3119 4152 sententiarum
3169 4094 3502 4151 sublimitate
3540 4110 3601 4150 se
3630 4095 3685 4150 in
3722 4095 3880 4149 altum

2290 4191 2531 4258 extollit,
2558 4199 2619 4245 ut
2646 4190 2732 4245 vix
2764 4188 2959 4259 aliquis
2983 4202 3052 4243 ex
3078 4187 3201 4243 inde
3223 4186 3424 4257 aliquid
3449 4187 3744 4257 percipere
3764 4200 3880 4257 pos-

2292 4284 2383 4339 sit.
2408 4282 2646 4337 Alterius
2671 4296 2803 4336 vero
2832 4279 3009 4335 oratio
3035 4319 3050 4344 ,
3100 4278 3204 4333 etsi
3256 4291 3441 4332 rerum
3484 4276 3726 4332 veritate
3766 4276 3886 4331 sub-

2294 4375 2422 4431 nixa
2450 4415 2465 4442 ,
2495 4374 2575 4430 sic
2604 4383 2784 4429 tamen
2810 4386 2952 4443 pene
2976 4370 3190 4426 videtur
3218 4368 3369 4425 humi
3398 4366 3590 4437 jacere
3614 4410 3630 4435 ,
3660 4376 3720 4422 ut
3742 4366 3883 4437 quis-

2296 4464 2418 4534 quis
2446 4464 2774 4536 sapientium
2800 4460 2969 4517 semel
2992 4461 3120 4515 hinc
3144 4458 3379 4530 potuerit
3410 4456 3676 4527 quiddam
3707 4463 3885 4526 gusta-

2300 4570 2358 4611 re
2383 4598 2399 4624 ,
2429 4557 2612 4628 pigeat
2643 4570 2701 4611 se
2728 4554 3045 4624 ulteriusjad
3088 4553 3231 4607 banc
3260 4550 3543 4606 inclinare.
3578 4547 3849 4615 Quocirca
3869 4586 3883 4611 ,

2300 4647 2608 4703 venerande
2630 4645 2815 4712 Pater,
2842 4645 2939 4699 tibi
2964 4644 3177 4713 tuisque
3189 4642 3395 4713 placuit
3415 4639 3729 4709 liujusmodi
3760 4653 3886 4694 onus

2301 4739 2435 4794 mihi
2464 4738 2776 4808 imponere,
2808 4744 2867 4790 ut
2901 4735 3045 4790 inter
3079 4744 3337 4803 utrosque
3368 4730 3581 4787 medius
3609 4730 3887 4793 incedens,

2305 4828 2466 4884 talem
2499 4828 2780 4883 moderato
2809 4840 3061 4881 sermone
3091 4824 3374 4879 materiam
3422 4833 3751 4889 componam
3775 4858 3791 4883 ,
3839 4825 3891 4870 ut

2303 4937 2369 4978 ex
2396 4930 2631 4992 utraque
2662 4928 2817 4991 parte
2843 4918 2909 4974 ad
2939 4933 2999 4974 se
3038 4917 3315 4972 venientes
3341 4955 3357 4981 ,
3406 4911 3585 4969 media
3633 4911 3892 4967 cbaritate

2305 5021 2618 5078 constrata,
2668 5020 2723 5066 et
2765 5008 2977 5081 parvuli
3016 5006 3100 5062 lac
3147 5005 3289 5075 quod
3337 5012 3563 5074 sugant,
3616 5008 3678 5055 et
3732 4999 3892 5054 fortes

2306 5107 2523 5162 valeant
2551 5104 2795 5161 invenire
2823 5102 3004 5159 cibum
3033 5114 3193 5171 quem
3227 5097 3537 5153 comedunt.
3593 5091 3752 5159 Quod
3798 5106 3890 5161 ego

2307 5196 2637 5255 omnimodis
2685 5196 2987 5257 horrerem,
3040 5190 3143 5245 nisi
3172 5188 3435 5259 scriptum
3481 5199 3605 5239 esse
3647 5181 3889 5237 scirent:
