4024 5370
181 322 217 382 ι
228 317 349 383 ιεδ

1546 313 1705 371 νιτΑ
1743 311 1805 373 S.
1843 311 2190 374 UDALRICI.

3332 318 3471 379 “88

183 448 289 497 tus
320 434 529 495 auxilio
552 475 568 501 ,
603 430 827 491 obedire
851 429 1072 489 tentabo
1094 469 1111 499 ,
1143 427 1358 487 initium
1400 427 1659 484 narrandi
1705 429 1775 485 ab
1800 428 1851 491 Α
1878 426 2096 496 diﬂ'usa,
2115 428 2359 484 modesta
2378 425 2647 486 brevitate
2665 426 2869 486 arctius
2890 441 3206 499 coerceam;
3228 431 3473 493 strictius

186 529 377 603 ipsius
396 528 499 583 viri
528 525 623 581 Dei
648 523 878 580 infantia
910 536 1152 587 sumens,
1181 536 1245 577 ac
1270 519 1533 575 orationis
1560 534 1780 576 cursum

184 620 273 676 ita
310 620 383 675 ad
416 617 581 673 ﬁnem
627 627 800 685 usque
827 614 1127 684 perducens
1156 620 1216 667 ut
1244 610 1379 666 nihil
1432 610 1498 665 de
1544 610 1783 681 propriis

183 712 398 769 addam
425 751 440 775 ,
466 716 663 781 praeter
689 704 935 781 exempla
977 704 1321 775 antiquorum
1364 701 1587 757 Patrum
1619 710 1782 770 atque

182 801 504 860 sententias
525 806 839 855 sanctarum
867 797 1272 867 Scripturarum
1302 836 1317 861 ,
1360 810 1480 866 qua:
1536 808 1636 849 suo
1685 793 1782 848 dc-

183 910 326 952 core
358 895 532 951 solent
562 893 825 948 dictorum
856 891 1053 947 seriem
1097 896 1407 946 venustare.
1452 886 1565 943 Hoc
1597 894 1778 941 tamen

182 984 373 1049 solum
400 983 649 1040 mihimet
670 996 736 1039 ex
759 980 980 1056 proprio
1005 980 1203 1040 sudore
1238 979 1448 1054 injunxi
1475 1018 1491 1046 ,
1528 986 1589 1032 ut
1617 977 1781 1032 latius

1883 517 2116 589 digesta,
2147 519 2425 575 moderata
2450 519 2761 592 prolixitate
2795 520 3057 589 dilatem;
3091 522 3272 581 minus
3301 539 3472 597 reguv

1882 608 2073 665 iariter
2115 608 2325 679 prolata
2352 649 2369 673 ,
2419 610 2486 664 ad
2530 610 2876 666 rectitudinis
2917 610 3115 666 lineam
3171 614 3468 685 corrigam.

1882 700 2013 769 Quae
2042 709 2220 757 tamen
2248 702 2429 757 omnia
2459 703 2538 759 tui
2565 718 2794 760 examen
2818 702 3007 773 judicii
3037 715 3377 775 exspectant,
3405 719 3470 763 ut

1883 803 1937 849 te
1984 794 2220 864 benigno
2263 794 2445 865 judice
2492 795 2714 852 valeant
2760 805 2881 851 rata
2927 796 3249 855 consistere.
3283 798 3425 871 Opto
3452 841 3468 868 ,

1883 882 2048 940 Pater
2075 884 2389 941 beatissime
2418 924 2434 951 ,
2462 895 2523 941 ut
2550 886 2605 941 in
2627 886 2845 944 Christo
2871 888 3076 956 valeas,
3106 890 3325 962 meique
3352 907 3469 950 me-

1887 988 2004 1030 mor
2033 988 2243 1046 semper
2273 974 2480 1034 existas
2503 977 2639 1051 (62).

1674 1093 2078 1112 -ι-

1304 1179 1660 1302 VITA
1743 1175 2336 1294 INCIPIT.

254 1373 397 1430 Car.
437 1368 480 1425 Ι.
510 1398 582 1409 -
609 1366 872 1438 Egregius
911 1362 1114 1423 Christi
1161 1361 1444 1419 confessor
1486 1356 1774 1416 Udalricus

178 1476 249 1518 ex
283 1460 718 1516 Alamannorum
744 1456 999 1529 prosapia
1022 1454 1233 1511 exstitit
1266 1451 1555 1509 oriundus.
1606 1448 1777 1520 Cujus

1883 1354 2065 1419 amici,
2082 1362 2138 1410 et
2156 1353 2870 1431 inebriamini,jcharissimi.
2894 1378 2913 1412 ι
2937 1358 3040 1416 Hic
3063 1360 3245 1434 itaque
3265 1372 3470 1439 myste-

1884 1446 2091 1501 riorum
2153 1445 2252 1501 Dei
2310 1446 2656 1519 dispensator
2696 1449 2911 1505 futurus
2946 1451 3061 1521 jam
3109 1454 3285 1512 solido
3337 1457 3462 1514 cibo

177 1559 473 1622 parentes,
497 1549 773 1620 Hupaldus
798 1547 1009 1603 scilicet
1030 1560 1096 1601 ac
1124 1543 1419 1615 Teotbirga
1474 1540 1636 1635 ambo
1656 1539 1777 1611 qui-
1808 1574 1855 1635 Β
1884 1551 2020 1635 opus
2072 1536 2310 1635 habebat
2368 1538 2704 1635 confortari,
2765 1549 2827 1597 ut
3015 1559 3204 1600 mensa
3278 1546 3471 1606 altaris

177 1642 303 1698 dem
332 1643 639 1699 secundum
664 1638 847 1696 saeculi
880 1637 1041 1710 hujus
1068 1636 1387 1707 dignitatem
1411 1630 1546 1689 clari
1585 1640 1641 1687 et
1680 1645 1780 1686 no-

174 1734 317 1791 biles
346 1773 365 1801 ,
392 1733 489 1790 sed
517 1732 623 1790 tide
647 1740 813 1803 atque
841 1729 1023 1787 divina
1052 1727 1315 1798 religione
1358 1722 1530 1779 multo
1578 1720 1779 1777 clario-

174 1838 268 1881 res
290 1832 463 1895 atque
483 1822 799 1880 nobiliores.
817 1819 920 1890 Qui
945 1820 1069 1877 talis
1082 1836 1147 1877 ac
1164 1828 1326 1875 tantae
1340 1816 1509 1890 prolis
1537 1814 1781 1872 fecundi-

176 1922 290 1972 tate
330 1915 599 1972 divinitus
624 1914 812 1981 ditati,
859 1928 985 1970 mox
1012 1912 1259 1970 eamdem
1284 1908 1500 1967 cuidam
1532 1907 1676 1964 ﬁdeli
1709 1906 1779 1963 ad

177 2005 468 2074 alendum,
510 2014 569 2061 ut
593 2005 831 2078 Moysen,
871 2003 1393 2062 commendaverunt
1419 1998 1641 2056 nutrici.
1676 1996 1779 2055 Ubi

172 2086 326 2153 intér
379 2097 502 2168 ipsa
538 2095 840 2152 nativitatis
886 2093 1181 2167 primordia
1246 2092 1491 2149 coelestia
1531 2104 1640 2147 non
1686 2089 1778 2145 de-

172 2186 331 2245 fuere
362 2188 612 2259 auspicia
635 2228 651 2254 ,
675 2202 801 2243 nam
822 2185 950 2243 licet
970 2185 1170 2243 blando
1200 2184 1503 2239 nutriretur
1531 2181 1729 2239 affectu
1756 2221 1773 2248 ,

174 2275 301 2333 feda
342 2285 531 2333 tamen
555 2276 755 2333 macies
783 2274 1024 2347 quaedam
1052 2274 1346 2345 apparebat
1368 2272 1423 2328 in
1454 2271 1626 2326 vultu.
1658 2270 1777 2339 Qua

175 2382 241 2423 ex
273 2383 450 2425 causa
480 2369 607 2425 dum
633 2368 862 2424 nimium
897 2366 1081 2423 tristes
1123 2365 1243 2438 ejus
1288 2363 1633 2422 edicerentur
1675 2378 1773 2434 pa-

174 2470 363 2518 rentes
384 2502 402 2529 ,
428 2476 494 2518 ac
520 2460 575 2516 in
600 2460 845 2533 angustis
887 2459 1101 2515 illorum
1139 2456 1453 2530 pectoribus
1480 2470 1625 2511 curae
1653 2468 1775 2510 ver-

174 2560 426 2608 sarentur
468 2560 740 2623 ingentes,
790 2551 1014 2622 quidam
1044 2549 1242 2619 hospes
1269 2546 1589 2619 peregrinus
1613 2586 1627 2611 ,
1658 2544 1774 2601 olli-

175 2646 261 2702 cio
295 2645 567 2713 clericus,
596 2645 895 2703 secundum
920 2643 1063 2714 quod
1088 2642 1301 2698 illorum
1322 2641 1532 2696 ostium
1557 2653 1773 2709 semper

172 2737 371 2792 viatori
397 2737 614 2808 patuit,
646 2736 880 2805 benigne
906 2736 974 2791 ab
997 2734 1129 2804 ipsis
1152 2732 1467 2804 praecipitur
1494 2771 1508 2797 ,
1535 2745 1634 2801 per
1664 2730 1771 2785 ali-

174 2828 319 2897 quod
351 2828 617 2898 temporis
645 2827 883 2897 spatium
908 2825 1146 2881 humane
1167 2831 1432 2878 tractatur
1463 2840 1477 2877 :
1512 2821 1640 2877 dum
1688 2821 1774 2876 in-

1883 1626 2111 1693 Christi,
2166 1628 2317 1684 velut
2367 1628 2437 1684 ad
2489 1628 2713 1685 caeleste
2760 1632 3067 1687 convivium
3138 1637 3464 1709 quandoque

1882 1718 2211 1784 consistens,
2258 1724 2445 1789 posset
2490 1718 2545 1775 in
2596 1730 2839 1792 tempore
2885 1736 2986 1779 suo
3033 1724 3201 1782 tritici
3253 1744 3473 1786 mensu-

1882 1826 2001 1866 ram
2048 1810 2180 1866 dare
2231 1811 2515 1868 conservis
2582 1812 2719 1869 suis.
2781 1812 3077 1885 lncipiebat
3147 1819 3294 1875 enim
3342 1830 3472 1879 tunc

1880 1899 2021 1956 inter
2080 1900 2349 1958 coaevulos
2392 1901 2639 1958 modeste
2698 1906 3035 1974 conversari,
3078 1908 3327 1965 timorem
3372 1911 3471 1968 Dei

1880 1991 2108 2059 habere,
2141 1992 2404 2051 honorem
2434 1994 2750 2064 parentibus
2797 1996 3031 2064 deferre,
3072 1998 3351 2059 lasciviam
3382 2002 3471 2059 de-

1879 2082 2107 2148 clinare,
2154 2098 2243 2147 ac,
2299 2083 2354 2138 in
2385 2093 2648 2153 quantum
2693 2086 2952 2157 possibile
3000 2088 3096 2143 tali
3127 2090 3305 2145 adhuc
3350 2099 3474 2145 erat

1876 2173 2045 2236 aetati,
2077 2174 2130 2228 in
2163 2174 2411 2244 corporis
2440 2183 2609 2241 motu,
2640 2186 2815 2247 gestu,
2849 2178 3085 2245 incessu,
3117 2178 3253 2237 foris
3282 2190 3468 2237 osten-

1876 2264 2038 2328 dere,
2084 2265 2264 2337 qualis
2312 2266 2531 2324 habitus
2586 2268 2917 2326 formaretur
2967 2271 3114 2328 intus
3162 2272 3217 2328 in
3263 2267 3512 2330 meute.’

1876 2356 2137 2414 Videntes
2182 2369 2363 2416 autem
2394 2370 2653 2434 parentes
2695 2363 2813 2435 ejus
2854 2373 3061 2421 tantam
3095 2366 3193 2424 Dei
3234 2367 3465 2438 gratiam

1876 2450 1933 2507 in
1978 2466 2044 2508 eo
2091 2451 2324 2524 fulgere,
2363 2457 2891 2513 commendaverunt
2936 2472 3061 2514 eum
3099 2458 3156 2514 in
3189 2468 3471 2515 monaste-

1875 2548 2017 2605 rium
2067 2550 2243 2605 sancti
2294 2548 2435 2605 Galli
2480 2550 2745 2609 fratribus
2792 2552 3061 2624 religiosis
3089 2592 3105 2618 ,
3169 2562 3231 2609 ut
3274 2568 3465 2610 eorum

1874 2640 2187 2712 magisterio
2214 2651 2323 2698 tam
2348 2644 2689 2700 saecularium
2715 2645 3019 2702 litterarum
3053 2648 3266 2714 studiis,
3301 2663 3466 2718 quam

1874 2731 2189 2788 coelestibus
2232 2734 2595 2791 instrueretur
2617 2735 2915 2807 disciplinis
2946 2753 2962 2805 ;
2994 2739 3107 2805 ubi,
3140 2739 3283 2795 inter
3311 2755 3467 2810 egre-

1874 2823 1991 2894 gios
2030 2824 2293 2895 regularis
2323 2826 2621 2897 disciplina:
2656 2829 2962 2900 magistros,
3007 2830 3192 2888 dulces
3240 2830 3465 2888 theoria:

175 2917 334 2971 terim
369 2916 609 2988 quadam
639 2915 725 2971 die
764 2916 899 2970 hora
940 2913 1251 2970 refectionis
1295 2912 1542 2969 residens
1569 2951 1585 2978 ,
1627 2926 1770 2983 pm-
1800 2937 1847 2999 C
1877 2916 2134 2985 carpebat
2169 2916 2411 2986 quotidie
2458 2917 2690 2986 fructus,
2736 2934 2859 2974 cum
2898 2921 3085 2988 verba,
3118 2938 3239 2992 quae
3276 2924 3331 2978 in
3374 2938 3467 2979 sa-

174 3008 388 3066 dictum
430 3007 778 3075 infantulum,
810 3006 1049 3063 nondum
1078 3006 1362 3063 duodecim
1400 3004 1771 3061 hebdomada-

174 3113 292 3153 rum
345 3097 469 3155 dies
508 3097 577 3154 ab
626 3107 749 3153 ortu
799 3098 867 3153 ad
912 3096 1129 3168 plenum
1175 3096 1509 3163 habentem,
1563 3094 1775 3151 audivit

174 3186 319 3244 inter
366 3187 585 3260 vagitus
612 3202 799 3243 vocem
828 3188 1185 3243 emittentem.
1235 3186 1316 3242 Ex
1362 3202 1491 3258 quo,
1514 3185 1774 3257 providus

173 3274 484 3334 futurorum
504 3318 519 3343 ,
549 3276 653 3332 tale
682 3277 851 3333 edidit
879 3275 1183 3332 oraculum.
1215 3274 1365 3343 Nisi,
1415 3275 1589 3347 inquit
1618 3315 1635 3342 ,
1669 3275 1773 3332 ista

174 3367 355 3426 infans
406 3370 637 3427 celerius
666 3370 831 3426 fuerit
858 3369 1195 3435 ablactatus,
1247 3383 1356 3425 non
1406 3368 1609 3440 poterit
1651 3381 1773 3425 esse

177 3461 383 3519 salvus.
415 3462 661 3533 Cumque
707 3462 875 3519 semel
909 3478 975 3519 ac
1019 3462 1258 3518 secundo
1289 3460 1549 3518 admoniti
1590 3460 1771 3518 minus

175 3556 310 3611 tanti
348 3557 618 3627 praeconis
658 3556 803 3611 dicta
842 3555 1042 3612 vellent
1071 3554 1315 3625 exsequi,
1363 3553 1524 3609 tertia
1552 3555 1769 3609 demum

178 3644 290 3710 die,
331 3660 460 3701 cum
501 3646 818 3716 praedictum
850 3660 914 3700 ac
940 3659 1084 3716 saepe
1110 3644 1399 3700 dicendum
1443 3641 1768 3699 inlantulum

174 3734 418 3791 adhibita
490 3750 623 3792 aure
694 3737 1057 3808 persensisset
1121 3735 1299 3791 adhuc
1363 3734 1763 3801 inﬁrmiorem,

175 3820 317 3877 hanc
344 3837 647 3894 prasagam
662 3838 847 3879 coram
862 3823 1115 3880 omnibus
1128 3822 1508 3879 intulitvocem
1532 3840 1545 3878 :
1567 3822 1768 3880 Sciatis

174 3928 272 3984 pro
298 3923 455 3971 certo
504 3916 671 3986 quod,
721 3915 825 3971 nisi
849 3904 1163 3971 continuoa
1189 3913 1330 3969 lacte
1356 3912 1521 3971 fuerit
1541 3929 1768 3986 suspen-

177 4018 269 4059 sus
293 4044 310 4071 ,
351 4005 458 4061 hac
484 4014 643 4062 nocte
669 4005 777 4061 erit
815 4005 1127 4062 moriturus.
1156 4004 1229 4061 At
1254 4020 1385 4062 vero
1423 4005 1471 4062 si
1514 4020 1613 4072 eo,
1655 4020 1766 4077 quo

178 4094 289 4151 dixi
318 4098 535 4165 ordine,
565 4097 726 4153 morti
756 4097 1068 4154 subtractus
1092 4097 1297 4162 fuerit,
1334 4111 1565 4166 magnus
1593 4098 1647 4153 in
1679 4097 1765 4154 fu-

178 4190 355 4241 turum
386 4201 573 4242 coram
600 4187 831 4243 Domino
861 4187 987 4242 erit.
1018 4185 1190 4257 Hujus
1215 4186 1516 4258 prophetia:
1564 4196 1764 4258 myste-

1874 3005 1983 3059 eris
2030 3005 2310 3061 codicibus
2352 3007 2586 3077 legebat,
2617 3024 2743 3065 mox
2768 3010 2822 3065 in
2850 3025 3019 3081 opera
3041 3014 3306 3069 vertebat.
3339 3013 3462 3072 Jam

1873 3097 2244 3152 summitatem
2296 3098 2441 3155 illius
2465 3097 2635 3157 Iacob
2664 3102 2825 3157 scalae
2870 3103 3133 3159 virtutum
3195 3106 3456 3176 gradibus

1872 3190 2216 3246 ascendendo
2267 3192 2545 3265 tangebat.
2581 3192 2715 3250 ‘lam
2762 3212 2792 3250 a
2821 3195 3107 3255 Salvatore
3146 3199 3403 3256 audiebat
3443 3218 3458 3256 :

1877 3298 1897 3332 ι
1922 3281 2090 3349 Vade,
2132 3283 2304 3340 vende
2332 3285 2514 3339 omnia
2545 3301 2665 3357 qua:
2695 3286 2863 3343 habes
2892 3297 2949 3343 et
2977 3288 3045 3344 da
3098 3291 3453 3361 pauperibus,

1869 3378 1946 3437 et,
1977 3373 2121 3439 veni,
2145 3388 2375 3443 sequere
2408 3390 2494 3430 me
2520 3392 2535 3441 ;
2563 3394 2581 3427 ι
2608 3374 2790 3445 etjam
2819 3387 2947 3435 tunc
2970 3384 3302 3437 monachica:
3331 3397 3461 3437 con-

1869 3465 2202 3521 versationis
2236 3466 2481 3521 habitum
2511 3468 2867 3537 sumpsisset,
2894 3470 2999 3526 nisi
3035 3471 3217 3526 divina
3246 3472 3458 3529 revela-

1871 3556 2020 3612 tione
2066 3557 2378 3614 admonitus
2411 3558 2683 3616 desiisset.

1940 3646 2070 3703 CAP.
2108 3647 2193 3703 ill.
2230 3680 2299 3689 —
2336 3650 2472 3705 Erat
2518 3659 2648 3707 tunc
2691 3652 2951 3723 temporis
3004 3652 3057 3708 in
3112 3653 3303 3709 eodem
3339 3669 3457 3711 mo-

1868 3741 2109 3796 nasterio
2138 3741 2387 3812 quaedam
2414 3741 2633 3808 ancilla,
2671 3758 2771 3814 pro
2799 3742 2999 3799 Christi
3024 3744 3242 3799 nomine
3277 3744 3456 3800 inclu-

1866 3848 1949 3900 sa,
1999 3832 2294 3889 Vuiberata
2340 3843 2672 3903 nuncupata,
2717 3849 2838 3905 qua:
2879 3834 2967 3889 die
2999 3843 3274 3906 noctuque
3311 3835 3456 3906 jeju-

1865 3923 1992 3989 niis,
2024 3923 2367 3980 orationibus
2420 3939 2487 3980 ac
2556 3924 2757 3996 vigiliis
2820 3940 3060 3991 vacans,
3114 3934 3325 3981 castum
3396 3928 3455 3983 in

1864 4028 2066 4068 arcano
2105 4014 2346 4085 pectoris
2389 4014 2473 4070 sui
2525 4014 2753 4071 Domino
2783 4015 3123 4086 prmparabat
3171 4014 3453 4084 templum,

1866 4103 1920 4160 in
1971 4120 2078 4176 quo
2112 4113 2326 4175 gratum
2370 4107 2618 4162 Creatori
2661 4107 2902 4163 omnium
2949 4106 3208 4162 mactavit
3234 4119 3452 4176 semper

1863 4194 2261 4263 holocaustum,
2290 4196 2475 4253 dicens
2503 4212 2626 4252 cum
2652 4198 2939 4253 Psalmista
2975 4215 2989 4251 :
3027 4196 3123 4252 «In
3174 4210 3263 4252 me
3302 4205 3450 4264 sunt,

177 4273 258 4328 ria
285 4277 521 4347 qualiter
554 4277 664 4333 sint
710 4276 1072 4348 adimplenda,
1115 4292 1225 4334 non
1273 4278 1450 4335 nostri
1490 4278 1616 4351 styli
1640 4286 1762 4353 eget
1786 4284 1839 4346 Ι)
1862 4286 2030 4353 Deus,
2052 4297 2177 4344 vota
2208 4297 2322 4354 tua,
2352 4305 2474 4360 quae
2500 4290 2719 4345 reddam
2742 4290 3082 4346 laudationes
3120 4288 3239 4345 tibi.
3264 4308 3283 4343 ι
3311 4287 3451 4344 Huic

177 4362 351 4420 oﬁicio
380 4366 657 4439 designari
690 4386 703 4422 :
736 4376 914 4439 potest
940 4367 1180 4439 probari.

248 4454 376 4510 Car.
415 4456 481 4511 li;
510 4485 584 4498 --
620 4455 862 4512 Tandem
909 4456 1077 4528 igitur
1106 4465 1320 4514 amotus
1348 4472 1380 4513 a
1410 4457 1552 4515 lacte
1597 4459 1764 4532 coepit

181 4554 406 4613 corpore
451 4555 508 4601 et
554 4546 737 4601 anima
798 4546 855 4602 in
914 4546 1335 4603 admirationem
1392 4548 1636 4604 omnium
1685 4550 1760 4606 ita

181 4633 440 4702 proficere
496 4652 562 4694 ac
614 4638 1042 4709 circumquaque
1122 4638 1474 4695 manentibus
1547 4647 1761 4698 tantum

183 4723 248 4779 de
292 4741 391 4783 suo
430 4728 674 4798 profectu
728 4730 985 4801 gaudium
1014 4728 1265 4787 conferre
1296 4738 1358 4785 ut
1387 4730 1465 4798 id,
1521 4734 1668 4803 quod
1693 4732 1762 4791 de

184 4809 330 4874 Isaac
351 4818 573 4891 ejusque
594 4831 749 4894 patre
773 4821 1046 4878 Abraham
1076 4824 1339 4895 scriptum
1362 4832 1448 4880 est
1482 4840 1497 4878 :
1532 4843 1551 4878 ι
1574 4824 1763 4882 Crevit

185 4903 342 4977 igitur
383 4926 539 4983 puer,
582 4923 639 4971 et
685 4915 987 4973 ablactatus
1041 4925 1148 4985 est,
1200 4915 1441 4987 fecitque
1480 4916 1759 4973 Abraham

188 5001 382 5066 grande
414 5005 718 5062 convivium
767 5007 822 5063 in
850 5007 939 5064 die
978 5005 1361 5065 ablactationis
1409 5024 1557 5073 suae.
1589 5028 1609 5062 ι
1649 5023 1760 5065 non

192 5084 473 5164 incongrue
499 5098 614 5169 ejus
640 5114 853 5170 quoque
894 5098 1061 5169 possit
1111 5114 1367 5175 personae
1414 5103 1615 5171 aptari.
1648 5101 1760 5158 Me-

152 5175 291 5234 .rito
328 5190 505 5241 tantus
546 5190 852 5259 patriarcha
900 5188 954 5243 in
1002 5187 1374 5249 ablactatione
1424 5192 1539 5258 filii,
1595 5209 1759 5264 quem

192 5278 255 5370 fx
298 5277 645 5343 promissione
674 5297 705 5336 a
750 5281 860 5339 Deo
903 5286 1172 5352 suscepit,
1203 5281 1410 5353 grande
1447 5286 1759 5343 convivium

1863 4388 2089 4435 sanctus
2139 4379 2461 4437 adolescens
2517 4380 2647 4436 dum
2711 4381 2795 4437 sui
2858 4380 3114 4437 desiderii
3178 4388 3449 4436 secretum

1861 4469 2148 4542 panderet,
2202 4472 2294 4528 illa
2344 4486 2461 4528 rem
2508 4487 2539 4527 a
2584 4474 2693 4528 Deo
2730 4472 3081 4543 quaerendam
3129 4471 3342 4535 statuit,
3384 4486 3450 4527 ac

1864 4561 2029 4616 trium
2070 4563 2281 4618 dierum
2324 4561 2576 4618 inducias
2627 4577 2791 4633 super
2837 4563 2943 4619 hoc
2979 4561 3293 4633 postulavit.
3320 4560 3453 4616 Post

1861 4652 2103 4707 triduum
2149 4666 2312 4720 vero,
2354 4652 2563 4725 Spiritu
2601 4653 2868 4709 instructa
2902 4653 3113 4719 divino,
3142 4651 3446 4720 hujusmodi

1858 4757 1957 4798 usa
2000 4750 2087 4799 cst
2128 4758 2438 4814 responsor
2480 4742 2601 4799 Non
2631 4784 2646 4810 ,
2694 4745 2890 4814 inquit,
2935 4745 3025 4801 vir
3068 4742 3339 4811 religiose,
3369 4741 3451 4795 di-

1860 4834 2003 4891 vinae
2042 4843 2129 4890 est
2166 4834 2464 4892 voluntatis
2510 4841 2573 4889 ut
2604 4834 2709 4890 hoc
2743 4834 2946 4890 inloco
2995 4831 3326 4894 detinearis;
3359 4830 3456 4885 sed

1860 4937 1945 4982 est
1993 4928 2049 4981 in
2104 4925 2265 4998 plaga
2314 4925 2580 4983 Orientali
2624 4924 2811 4989 locus,
2859 4923 2954 4978 ubi
3006 4921 3227 4993 quidam
3263 4918 3462 4976 ﬂuvius

1862 5017 1997 5073 duas
2028 5010 2229 5071 'dividit
2272 5015 2545 5086 regiones,
2576 5014 2630 5070 in
2655 5029 2783 5083 quo,
2814 5011 2926 5065 Deo
2963 5011 3218 5081 jubente.
3244 5006 3467 5073 episco-

1860 5108 2001 5179 palis
2043 5106 2253 5176 apicem
2285 5103 2568 5173 dignitatis
2595 5103 2759 5159 debes
2780 5102 3184 5158 conscendere.
3231 5094 3313 5149 Et
3343 5096 3478 5154 licet

1862 5198 2035 5253 multa
2104 5204 2214 5249 tam
2264 5208 2295 5247 a
2340 5192 2570 5262 paganis
2617 5205 2780 5261 quam
2845 5203 2877 5243 a
2921 5190 3099 5246 malis
3133 5183 3480 5244 Christianis

1861 5289 1938 5343 sis
1967 5299 2228 5358 passurus
2269 5281 2525 5346 adversa,
2554 5287 2612 5337 tu
2636 5290 2843 5346 tamen,
2884 5281 3135 5337 confisus
3180 5274 3233 5329 in
3280 5290 3350 5332 eo
3382 5280 3483 5350 qui
