4024 5370
565 333 697 392 1187

1634 336 1976 399 ΒΕΠΝΟΝΙΒ
2013 341 2306 401 ABBATIS
2338 343 2711 404 AUGIENSIS

3693 352 3839 412 “88

559 455 795 504 nostros.
824 463 849 498 θ
916 444 1043 503 llaec
1071 444 1257 504 auditu
1309 446 1613 518 percipiens
1664 466 1731 508 ac
1794 461 1978 509 mente
2020 468 2145 525 per-
2171 463 2221 523 Α
2247 456 2553 523 exemplum
2581 471 2814 530 sequens
2839 499 2854 525 ,
2884 458 2950 516 de
2977 474 3082 532 quo
3119 439 3339 519 sanctus
3371 440 3614 520 Joannes
3660 476 3836 520 evan.

560 547 823 605 tractans,
855 537 1203 607 quibusdam,
1247 539 1341 609 qui
1381 536 1482 594 sibi
1515 539 1837 598 familiarius
1885 544 2138 601 amicitia:

556 643 724 688 causa
763 628 1132 695 adhaerebant,
1185 638 1402 686 secreto
1451 633 1665 703 pandit,
1712 642 1770 689 et
1814 643 1871 690 ut
1921 636 2139 692 interim

555 719 777 776 silentio
829 720 1084 791 tegerint,
1110 720 1410 777 admonuit.
1454 723 1572 792 Ipse
1605 738 1736 780 vero
1780 740 1878 795 per
1899 727 2142 783 diversos

554 827 838 869 sacrorum
867 812 1127 867 librorum
1152 828 1391 884 campos,
1414 827 1507 870 seu
1531 817 1967 886 prudentissima:
1990 834 2138 888 apes,

457 943 465 949 -
553 903 718 960 ﬂores
745 903 1141 959 sententiarum
1190 918 1443 975 carpens,
1494 920 1558 961 ac
1593 906 1649 961 in
1695 906 1935 964 alvearia
1962 921 2142 979 pecto-

556 996 637 1053 ris
682 996 767 1053 sui
814 996 1141 1064 recondens,
1188 1012 1400 1054 summa
1430 1000 1599 1072 erepit
1624 1015 1727 1071 ope
1781 1002 1907 1068 niti,
1952 1011 2011 1057 ut
2039 1004 2144 1073 spi-

555 1090 773 1145 ritualia
822 1098 1009 1159 posset
1054 1089 1210 1145 mella
1264 1092 1576 1159 coniicere,
1638 1107 1758 1163 qua:
1798 1097 2141 1163 postmodum

558 1184 616 1238 in
678 1182 906 1254 populos
980 1181 1140 1243 illum.
1204 1182 1426 1240 deceret
1482 1193 1769 1254 eructare,
1809 1188 1964 1257 juxta
2012 1188 2142 1244 illud

557 1271 863 1335 Psalmistae
913 1289 927 1327 :
974 1272 1187 1341 «Quam
1235 1274 1410 1330 dulcia
1452 1273 1703 1331 faucibus
1738 1278 1876 1335 meis
1924 1279 2142 1351 eloquia

556 1375 670 1433 tua,
728 1381 892 1438 super
942 1367 1045 1421 mel
1073 1375 1128 1422 et
1178 1368 1359 1423 favum
1400 1369 1482 1425 ori
1514 1373 1664 1427 meo!
1706 1390 1724 1423 ι
1771 1370 1840 1425 Ει
1879 1374 2022 1442 quod
2076 1374 2145 1429 de

564 1456 1018 1529 praedicatoribus
1054 1457 1254 1513 dicitur
1311 1475 1326 1512 :
1398 1477 1417 1510 ι
1456 1458 1771 1516 Memoriam
1802 1462 2145 1519 abundantia:

561 1548 851 1604 suavitatis
916 1555 1024 1615 tua:
1063 1549 1411 1604 eructabunt.
1453 1569 1473 1602 ι
1525 1550 1731 1607 Dehinc
1798 1552 1869 1607 ad
1910 1568 2143 1624 unguem

560 1642 890 1708 instructus,
926 1658 1049 1698 cum
1101 1645 1345 1700 omnium
1377 1643 1612 1702 fratrum
1665 1649 2016 1705 eonniventia
2052 1666 2142 1707 re-

556 1736 757 1791 meavit
804 1737 873 1790 ad
913 1728 1147 1806 propria.
1208 1737 1473 1795 Parentes
1521 1754 1648 1795 vero
1694 1741 1761 1796 de
1820 1741 1937 1811 ejus
1966 1740 2144 1811 profe-

2240 544 2430 617 gelista
2459 549 2662 614 refert,
2697 547 2824 618 quia
2863 562 2987 605 cum
3022 549 3321 607 voluissent
3365 565 3492 607 eum
3532 565 3749 621 rapere
3779 563 3841 609 et

2241 652 2425 710 regem
2453 641 2808 709 constituere,
2844 642 3027 696 statim
3069 642 3225 712 fugit.
3263 642 3371 700 Sed
3402 659 3529 699 mox
3563 652 3627 700 ut
3676 645 3840 701 bona:

2240 730 2517 785 memoriae
2550 730 2824 788 Adalbero
2848 747 2916 786 ex
2956 734 3060 788 hac
3089 734 3200 789 vita
3241 735 3532 806 migravit,
3589 734 3840 792 Hiltinns

2241 823 2291 878 ei
2332 822 2384 876 in
2412 822 2723 894 episcopatu
2752 824 3038 880 successit.
3065 824 3184 892 Quo
3211 835 3334 898 post
3372 826 3697 897 quindecim
3737 842 3837 882 ar-

2243 929 2454 969 morum
2483 914 2752 971 curricula
2792 930 2858 971 ex
2885 916 2987 971 hac
3018 914 3140 972 luce
3158 917 3457 981 subtracto,
3488 915 3716 972 volente
3738 917 3842 972 Do-

2243 1006 2392 1062 mino
2433 1007 2556 1070 hor.
2612 1008 2754 1077 quod
2812 1008 2882 1063 de
2926 1022 3084 1063 servo
3126 1021 3225 1062 suo
3279 1006 3533 1063 Udalrico
3582 1023 3690 1077 per
3738 1022 3841 1063 ora

2244 1114 2463 1155 suorum
2498 1099 2735 1154 fidelium
2764 1109 2926 1155 antea
2956 1098 3240 1170 praedixit,
3276 1097 3577 1169 adimplere
3601 1138 3619 1165 ,
3670 1098 3841 1153 totius

2242 1192 2375 1248 cleri
2403 1208 2468 1247 ac
2491 1192 2673 1263 populi
2711 1201 2838 1249 voto
2868 1193 2923 1247 in
2953 1207 3119 1246 unum
3142 1200 3509 1247 concurrente
3530 1231 3547 1256 ,
3579 1200 3639 1247 et
3689 1189 3845 1245 [len-

2244 1285 2342 1340 rici
2373 1284 2519 1355 regis
2542 1284 2821 1339 voluntate
2856 1283 2910 1337 in
2953 1282 3187 1352 idipsum
3232 1282 3644 1343 consentiente.
3695 1280 3843 1336 idem

2243 1377 2327 1431 vir
2357 1376 2451 1432 Dei
2492 1385 2713 1431 sanctus
2756 1377 2810 1431 in
2857 1376 3174 1431 cathedram
3218 1373 3588 1446 episcopalem
3640 1373 3754 1428 hac
3788 1371 3845 1426 in

2245 1468 2379 1521 urbe
2405 1474 2492 1522 est
2526 1465 2869 1522 sublimatus.
3536 1534 3541 1537 _

2314 1557 2444 1611 Car.
2491 1553 2551 1609 V.
2585 1586 2654 1598 ~—
2678 1555 2885 1626 Adepto
2930 1572 3061 1613 vero
3090 1565 3252 1612 tanta:
3283 1555 3568 1628 dignitatis
3606 1554 3840 1618 honore,

2244 1649 2420 1720 qualis
2449 1656 2697 1705 tantusvc
2719 1650 3015 1720 ;exstitcrit
3042 1649 3244 1705 nullius
3267 1664 3450 1705 sermo
3471 1649 3542 1704 ad
3564 1649 3845 1719 integrum

2245 1746 2519 1817 explicare
2545 1744 2767 1801 valebit.
2817 1743 2986 1800 Totus
3019 1753 3141 1799 erat
3191 1757 3412 1814 semper
3456 1742 3516 1797 in
3562 1740 3843 1803 oratione,

558 1836 649 1884 ctu
702 1827 929 1884 nimium
977 1830 1274 1901 gaudentes
1330 1844 1395 1886 ac
1460 1832 1571 1887 Deo
1619 1834 1825 1905 gratias
1879 1844 2139 1905 agentes,
2174 1823 2219 1882 Β
2250 1848 2392 1895 totus
2421 1838 2473 1892 in
2501 1837 2771 1904 lectione,
2827 1846 2884 1892 et
2909 1835 3143 1892 maxime
3171 1835 3459 1890 attendens
3495 1830 3847 1903 quibusrvir-

560 1923 758 1980 iterum
815 1926 1201 1981 commendant
1250 1939 1373 1981 eum
1410 1927 1737 1983 Adalberoni
1784 1928 2144 2000 Augustensis

564 2015 824 2072 Ecclesire
868 2016 1081 2087 praesuli
1112 2018 1444 2084 venerando,
1475 2019 1594 2075 viro
1623 2018 1746 2075 fidei
1800 2022 1925 2077 dote
1978 2037 2044 2079 ac
2064 2023 2145 2079 vi-

559 2115 628 2160 ta:
676 2106 872 2162 merito
918 2107 1103 2162 multis
1150 2107 1513 2178 prmferendo,
1577 2120 1852 2181 quatenus
1885 2128 2139 2169 reveren-

566 2199 648 2254 dae
700 2198 846 2254 illius
892 2200 1195 2268 praesentiae
1220 2201 1427 2272 jugiter
1457 2202 1725 2258 assistens
1754 2204 1900 2258 velut
1927 2206 1978 2259 in
2011 2222 2146 2277 quo-

561 2291 686 2345 dam
736 2292 1039 2361 disciplina:
1103 2295 1331 2370 .Speculo
1386 2297 1728 2366 conspiceret
1806 2298 1851 2353 si
1903 2300 2037 2369 quid
2090 2301 2143 2354 in

561 2383 734 2453 ipsius
761 2384 1004 2441 moribus
1060 2386 1239 2441 adhuc
1267 2388 1465 2458 corrigi
1530 2389 1771 2445 deberet.
1844 2390 2014 2458 Quem
2084 2402 2147 2447 ut

558 2478 853 2547 praedictus
901 2479 991 2535 Dei
1022 2480 1268 2551 pontifex
1300 2481 1405 2537 title
1432 2484 1672 2549 firmum,
1711 2499 1807 2554 spe
1840 2485 2143 2552 robustum,

560 2570 833 2625 cbaritate
872 2570 1172 2627 radicatum
1203 2580 1257 2625 et
1300 2570 1584 2629 fundatum
1628 2576 1886 2646 omnique
1929 2592 2144 2633 morum

562 2659 833 2729 probitate
891 2661 1208 2718 decoratum
1260 2664 1517 2733 agnovit,
1598 2663 1922 2721 familiarius
1994 2667 2145 2721 ilium

562 2751 752 2807 ascivit
781 2752 1008 2824 ejusque
1055 2753 1199 2809 domi
1250 2753 1491 2825 forisque
1530 2754 1582 2810 in
1611 2756 1866 2812 omnibus
1917 2757 1993 2812 uti
2022 2772 2147 2812 con-

562 2844 700 2900 siliis
728 2845 915 2915 coepit,
972 2854 1239 2914 quatenus
1270 2846 1387 2915 ejus
1433 2848 1715 2917 prudentia
1746 2849 1910 2903 totius
1939 2850 2147 2918 episco-

558 2945 724 3005 patus
776 2936 1197 3008 disponerentur
1247 2938 1456 3010 negotia
1488 2979 1504 3005 ,
1571 2951 1680 2993 tam
1723 2940 1935 2994 publica
1982 2954 2145 3009 quam

560 3027 794 3095 privata.

632 3114 761 3170 CAP.
799 3115 889 3170 IV.
920 3116 1187 3174 -—-Libuit
1227 3118 1444 3175 interim
1493 3120 1597 3175 viri
1672 3119 1766 3175 Dei
1813 3121 1995 3175 animo
2036 3121 2146 3174 lio-

566 3222 713 3264 mam
754 3224 997 3281 pergere,
1046 3211 1412 3281 apostolorum
1456 3210 1640 3265 limina
1682 3212 1936 3279 visitare,
1986 3203 2044 3267 ut
2088 3229 2147 3268 se

569 3315 777 3371 suaque
804 3302 983 3357 omnia
1013 3305 1253 3373 ipsorum
1300 3304 1638 3373 aliorumque
1674 3314 1984 3361 sanctorum
2020 3300 2155 3376 pro?

562 3391 726 3447 cibus
753 3404 936 3464 posset
981 3395 1244 3450 attentius
1287 3395 1692 3451 commendare.
1732 3395 1850 3462 Quo
1890 3413 2013 3452 cum
2055 3412 2146 3452 ve-

564 3483 755 3551 nisset,
785 3485 853 3540 ab
879 3484 1186 3556 apostolica:
1211 3486 1358 3542 sedis
1381 3486 1629 3556 praesule,
1662 3487 1880 3541 nomine
1921 3486 2146 3552 Marino,

563 3576 704 3647 apud
734 3577 899 3632 Deum
925 3585 982 3633 et
1024 3577 1272 3633 homines
1299 3577 1585 3649 magnifico
1625 3586 1681 3633 et
1723 3578 1981 3650 glorioso,
2030 3578 2146 3636 oﬂi-

563 3670 712 3725 ciose
759 3679 1066 3741 susceptus,
1117 3685 1182 3725 ac
1211 3671 1505 3740 requisitus
1544 3672 1668 3742 quis
1688 3681 1851 3740 esset,
1881 3683 1975 3728 aut
2006 3675 2149 3728 unde

561 3761 823 3827 ve.:isset,
855 3763 1152 3833 respondit,
1180 3777 1240 3817 se
1267 3778 1333 3817 ex
1367 3762 1791 3818 Alamannorum
1829 3765 1999 3832 stirpe
2022 3781 2151 3836 pro-

566 3852 839 3920 genitum,
894 3853 1253 3908 Adalberonis
1300 3853 1657 3925 Augustensis
1712 3855 1971 3911 Ecclesia:
2029 3873 2149 3913 esse

567 3941 852 3997 clericum.
908 3942 990 3997 Ad
1043 3944 1159 4000 haec
1207 3943 1589 4015 Apostolicus:
1639 3944 1719 4001 Ne
1747 3946 1903 4013 dure,
1932 3946 2146 4017 inquit,

569 4028 845 4105 accipias,
889 4050 1009 4106 qute
1054 4036 1214 4105 dico;
1266 4039 1396 4109 quia
1441 4039 1581 4095 idem
1626 4040 1694 4097 de
1735 4056 1843 4112 quo
1893 4042 2147 4111 retulisti,

564 4135 692 4182 tuus
720 4127 960 4198 pontifex
981 4127 1253 4186 Adalbero
1276 4130 1388 4198 jam
1418 4131 1671 4203 migravit
1698 4134 1764 4190 de
1789 4136 1890 4191 hoc
1915 4138 2145 4202 saeculo,

571 4236 638 4278 ac
673 4221 766 4277 Dei
815 4222 1159 4279 ordinatione
1207 4222 1595 4294 dispensante,
1629 4235 1843 4297 oportet
1894 4237 1947 4283 te
1992 4229 2151 4299 hujus

567 4312 848 4384 regiminis
876 4328 1064 4369 curam
1091 4315 1388 4385 suscipere.
1423 4315 1494 4369 At
1520 4316 1609 4373 ille
1637 4319 1869 4389 propriae
1897 4321 2151 4377 conscius

566 4402 938 4472 inﬁrmitatis,
1008 4405 1118 4462 imo
1173 4420 1281 4462 non
1329 4407 1615 4483 immemor
1656 4408 1824 4465 illius
1862 4412 2146 4468 mandati:

2248 1941 2423 1988 tutum
2455 1930 2799 1987 ornamentis
2823 1928 3113 2001 Apostolus
3142 1928 3491 1984 describebat
3524 1925 3845 1996 episcopum

2245 2037 2364 2078 esse
2405 2023 2524 2077 sine
2566 2021 2814 2087 crimine,
2862 2020 3005 2076 sicut
3046 2019 3141 2074 Dei
3186 2019 3629 2089 dispensatorem
3667 2028 3686 2068 :
3739 2028 3845 2069 non

2246 2116 2575 2185 superbum,
2605 2128 2714 2169 non
2779 2112 3121 2176 iracundum,
3178 2124 3286 2165 non
3324 2107 3669 2164 vinolentum
3692 2147 3712 2173 ,
3740 2119 3846 2160 non

2248 2219 2654 2278 percussorem,
2686 2219 2793 2259 non
2827 2203 2999 2273 turpis
3024 2202 3159 2257 lucri
3199 2199 3495 2272 cupidum;
3540 2199 3643 2253 sed
3665 2196 3847 2267 hospi-

2249 2300 2433 2363 talem,
2469 2298 2785 2369 benignum,
2816 2296 3080 2361 sobrium,
3101 2293 3330 2364 justum,
3359 2302 3638 2359 sanctum,
3662 2292 3839 2348 couti-

2248 2400 2483 2453 nentem,
2540 2388 2957 2458 amplectentem
3006 2400 3133 2440 eum
3172 2385 3268 2454 qui
3299 2384 3600 2439 secundum
3645 2381 3845 2438 doctri-

2250 2497 2373 2535 nam
2400 2490 2482 2535 est
2512 2478 2723 2534 fidelem
2757 2491 3091 2541 sermonem,
3121 2482 3181 2530 ut
3215 2483 3410 2545 potens
3444 2473 3520 2528 sit
3561 2469 3843 2528 exhortari

2251 2572 2304 2626 in
2340 2586 2471 2625 sana
2506 2570 2774 2635 doctrina,
2801 2578 2857 2622 et
2888 2582 2983 2624 eos
3012 2567 3104 2638 qui
3139 2565 3559 2631 contradicunt,
3589 2576 3840 2635 arguere.

2250 2663 2453 2717 llarum
2484 2661 2713 2716 duarum
2754 2660 3017 2715 virtutum
3050 2659 3125 2713 ita
3167 2657 3371 2712 vicaria
3414 2656 3685 2711 utebatur
3722 2670 3841 2710 suc-

2250 2754 2495 2809 cessione
2516 2761 2596 2818 ut,
2626 2752 2727 2806 nisi
2753 2752 3049 2806 inevitabili
3074 2748 3302 2818 alicujus
3326 2747 3684 2804 necessitatis
3715 2746 3844 2803 arti-

2251 2842 2373 2898 culo
2414 2841 2815 2907 intercedente,
2863 2840 3068 2896 nullum
3115 2852 3327 2908 tempus
3368 2838 3611 2895 transire
3641 2839 3843 2893 sineret

2250 2936 2506 3001 otiosum,
2577 2936 2867 3005 quominus
2935 2943 3030 2989 aut
3076 2932 3312 2988 orationi
3380 2930 3701 2994 insisteret,
3755 2935 3844 2982 aut

2252 3027 2471 3085 lectioni
2498 3041 2720 3096 operam
2762 3026 2957 3081 daret:
2993 3025 3179 3095 sicque
3218 3039 3356 3094 pene
3390 3037 3609 3093 semper
3642 3020 3843 3091 optatis

2254 3119 2455 3175 Rachel
2486 3117 2845 3189 amplectibus
2867 3125 3132 3184 uteretur,
3159 3117 3261 3172 nisi
3285 3116 3397 3172 Lia:
3420 3114 3842 3186 interpositione

2206 3212 2219 3234 ‘
2253 3212 2470 3268 interim
2504 3226 2532 3265 a
2564 3219 2728 3266 tantae
2754 3210 3061 3266 sedulitatis
3085 3208 3366 3266 dulcedine
3393 3207 3839 3277 suspenderetur.

2252 3303 2527 3358 Suberant
2566 3302 2617 3357 ei
2658 3316 2803 3358 cura:
2844 3300 3098 3356 maximae
3122 3299 3190 3355 de
3224 3298 3550 3370 reparandis
3594 3296 3841 3354 ecclesia

2251 3394 2442 3459 muris,
2469 3392 2536 3449 de
2564 3392 2960 3450 recedificandis
3015 3394 3303 3447 domorum
3335 3405 3400 3445 ac
3439 3390 3618 3461 ipsius
3653 3389 3840 3446 civita-
3936 3429 3949 3443 .

2253 3489 2323 3543 tis
2361 3486 2609 3543 aedificiis
2647 3501 2769 3556 qua:
2824 3485 2926 3540 sub
2962 3495 3371 3541 antecessorum
3424 3497 3652 3538 suorum
3712 3492 3841 3537 lem-

2248 3581 2475 3651 poribus
2506 3588 2600 3635 aut
2629 3562 2799 3645 nimia
2839 3586 3108 3634 vetustate
3135 3578 3365 3647 dilapsa,
3414 3584 3510 3631 aut
3552 3576 3682 3645 igne
3722 3575 3837 3629 fue-

2250 3681 2374 3727 rant
2400 3680 2736 3742 consumpta.
2769 3670 2877 3728 Sed
2913 3678 2971 3727 et
2998 3669 3198 3725 familia
3236 3669 3479 3724 maxima
3509 3683 3579 3723 ex
3616 3675 3774 3737 parte
3807 3679 3838 3719 ι

2250 3764 2476 3836 paganis
2499 3764 2701 3828 occisa,
2727 3770 2783 3819 et
2821 3777 2946 3833 pars
2969 3804 2984 3828 ,
3025 3777 3146 3833 qua:
3188 3767 3569 3824 remanserat,
3602 3764 3838 3830 egestate

2251 3858 2479 3914 nimium
2523 3866 2642 3914 erat
2670 3856 2890 3911 afﬂicta.
2937 3856 3084 3912 Inter
3118 3856 3232 3911 haec
3274 3851 3608 3909 venerabilis
3662 3852 3835 3912 heros,

2252 3951 2398 4009 velut
2438 3958 2565 4006 ante
2598 3959 2653 4007 et
2691 3958 2837 4006 retro
2856 3948 3125 4013 oculatus,
3151 3947 3320 4018 coepit
3346 3953 3504 4011 canta
3528 3943 3730 3999 mentis
3759 3941 3837 3995 iu-

2256 4043 2495 4100 tentione
2539 4041 2991 4112 circumspicere,
3027 4038 3311 4111 providam
3354 4035 3601 4092 omnium
3651 4046 3833 4094 curam

2254 4153 2442 4209 gerere
2469 4153 2484 4191 :
2517 4151 2583 4191 ac
2615 4134 2846 4205 sapienti
2878 4148 3012 4189 usus
3039 4131 3299 4198 consilio,
3324 4127 3701 4185 materialibus
3725 4124 3837 4196 qui-

2252 4230 2374 4286 dem
2399 4228 2644 4285 aedit‘tciis
2672 4223 2964 4297 prudentes
2984 4232 3042 4281 et
3072 4225 3298 4281 idoneos
3326 4221 3623 4290 magistros
3646 4215 3835 4290 prafe-

2253 4323 2348 4378 cit.
2385 4322 2504 4391 Ipse
2531 4335 2682 4388 vero,
2714 4318 2871 4390 quasi
2916 4317 3133 4389 sapiens
3158 4313 3517 4378 architectus,
3545 4324 3670 4366 cum
3696 4308 3835 4378 Apo-

2255 4413 2396 4469 stolo
2441 4410 2719 4467 Christum
2765 4407 3182 4464 fundamentum
3222 4402 3444 4473 posuit,
3488 4414 3654 4470 super
3700 4395 3838 4467 quod

574 4512 593 4545 ι
613 4493 828 4562 Quanto
849 4511 1077 4568 magnus
1105 4498 1494 4565 es,humiliate
1517 4501 1571 4556 in
1601 4503 1906 4569 omnibus,»
1941 4505 2153 4576 judica-
2183 4532 2233 4591 ι)
2258 4503 2546 4561 aedificavit
2574 4515 2792 4566 aurum,
2819 4511 3134 4569 argentum,
3179 4493 3495 4591 lapidesque
3546 4490 3835 4591 pretiosos.

573 4586 651 4641 rit
678 4586 914 4656 seipsum
959 4589 1235 4660 indignum
1264 4590 1380 4648 fore
1427 4602 1485 4649 ut
1520 4594 1659 4649 tanti
1690 4595 1913 4653 honoris
1942 4598 2154 4668 pondus

572 4675 795 4735 subiret.
836 4677 989 4734 Tune
1021 4694 1183 4751 papa,
1206 4681 1389 4737 divino
1411 4683 1615 4753 Spiritu
1636 4686 1875 4757 repletus
1897 4728 1913 4754 ,
1936 4688 2014 4743 ait
2037 4706 2050 4744 :
2094 4687 2154 4743 Si

565 4785 713 4827 nunc
761 4771 1132 4829 delitescendo
1185 4775 1559 4848 subterfugis,
1605 4781 1895 4848 quominus
1949 4781 2003 4836 in
2049 4782 2154 4838 hoc

567 4862 717 4932 pacis
778 4878 843 4919 ac
888 4864 1299 4935 tranquillitatis
1355 4875 1598 4938 tempore
1640 4870 1896 4927 Ecclesiae
1959 4887 2151 4929 navem

572 4954 863 5016 whereas.
908 4957 1091 5013 veniet
1120 4959 1235 5016 dies
1300 4959 1357 5015 in
1412 4975 1518 5016 oua
1560 4962 1710 5016 nullo
1751 4964 1917 5016 mode
1950 4974 2151 5016 statuta

2256 4604 2315 4652 et
2339 4602 2538 4650 ctetera
2566 4590 2875 4661 hujusmodi
2900 4607 2913 4643 :
2942 4595 3002 4644 ut
3029 4594 3344 4644 sanctarum
3373 4582 3685 4637 animarum
3717 4576 3840 4633 aedi-

2257 4686 2440 4740 ficatio
2457 4725 2472 4747 .
2502 4696 2602 4754 per
2628 4682 2747 4753 ejus
2770 4678 3210 4751 praedicationem
3242 4681 3553 4731 constructa
3574 4711 3590 4736 ,
3630 4683 3836 4725 cresce-

2257 4774 2420 4831 retin
2457 4772 2715 4844 templum
2745 4780 2991 4827 sanctum
3016 4768 3263 4825 Domino.
3293 4765 3360 4820 Et
3379 4776 3734 4834 quoscunque
3775 4758 3840 4814 ad

2259 4870 2366 4924 tale
2394 4867 2682 4925 aedificium
2705 4866 2871 4922 verbo
2892 4874 2948 4920 et
2976 4862 3223 4933 exemplo
3249 4864 3622 4931 praeparabat,
3649 4863 3839 4911 cetera

2260 4958 2618 5016 humanitatis
2646 4956 2842 5016 ofﬁcia.
2894 4963 3059 5016 prout
3083 4953 3193 5007 illis
3213 4949 3448 5005 facultas
3488 4944 3836 5016 suppetebat,
