4024 5370
218 296 361 356 “89

1499 296 1659 355 VITA
1696 296 1757 354 S.
1799 295 2146 356 UDALRICI.

3353 300 3490 358 H90

215 407 492 483 quondam
523 421 688 481 super
711 422 836 466 eum
863 407 958 482 qui
985 406 1219 468 amictus
1257 419 1403 479 erat,
1429 418 1483 468 et
1505 410 1802 482 compatie-
1831 412 1880 472 Α
1908 409 2216 479 protulerit,
2271 419 2448 468 tamen
2496 426 2682 468 verum
2731 410 2829 469 fuit
2877 413 3021 483 quod
3067 413 3223 472 dixit.
3274 414 3493 484 Cibavit

216 503 384 559 batur
407 501 590 558 anima
614 516 734 558 mea
762 503 1009 575 pauperi.
1044 501 1199 560 Unde
1227 502 1282 559 in
1312 502 1611 560 refectione
1630 503 1807 574 quoti-

212 593 377 652 diana
405 608 624 666 semper
641 594 761 666 ejus
782 609 984 652 mensa:
1003 596 1172 665 chara
1195 595 1301 652 sibi
1317 595 1581 653 intererat
1607 608 1806 666 paupe-

211 701 337 743 rum
356 686 536 752 turba,
551 700 712 755 quam
730 694 785 741 et
801 686 947 742 victu
967 686 1137 756 pavit,
1151 694 1207 740 et
1222 685 1551 742 indumentis
1564 686 1801 743 vestivit.

212 777 465 850 Seipsum
512 790 641 832 vero
672 775 842 832 nimia
888 775 1258 833 maceratione
1286 776 1590 849 castigavit,
1638 776 1716 832 ita
1746 783 1807 831 ut

210 883 438 927 carnem
459 884 568 925 nou
588 867 959 934 manducaret,
986 876 1043 924 et
1068 867 1397 925 intrinsecus
1417 883 1581 941 super
1603 866 1803 924 nudam

209 973 394 1020 cutem
421 961 636 1018 laneam
661 970 870 1019 vestem
897 969 1173 1032 portaret;
1207 959 1340 1017 iIlud
1366 960 1613 1032 Apostoli
1639 974 1804 1032 opere

206 1056 584 1129 proclamans:
614 1054 870 1127 «Castigo
886 1069 1083 1125 corpus
1112 1068 1292 1110 meum
1315 1061 1372 1109 et
1401 1053 1454 1108 in
1483 1052 1801 1109 servitutem

209 1149 423 1221 redigo,
470 1163 540 1204 ne
574 1146 737 1214 forte,
767 1162 891 1203 cum
936 1146 1058 1203 aliis
1086 1146 1524 1217 praedicaverim,
1553 1146 1670 1217 ipse
1713 1160 1804 1202 re-

205 1213 417 1314 probus
437 1239 661 1296 emciar.
687 1259 706 1293 ι
724 1213 810 1295 Et
831 1248 991 1297 nocte
1017 1213 1236 1309 quidem
1265 1240 1320 1295 in
1348 1213 1596 1297 oratione
1624 1240 1804 1311 pervi-

206 1330 306 1404 gil,
357 1330 597 1402 seipsum
649 1329 705 1385 in
760 1344 858 1386 ara
914 1330 1097 1386 cordis
1151 1344 1250 1400 per
1300 1330 1567 1386 orationis
1623 1330 1803 1387 studia

206 1419 508 1477 mactavit:
534 1419 621 1476 die
647 1434 778 1475 vero
803 1434 968 1490 super
993 1418 1167 1475 altare
1196 1418 1463 1475 visibilem
1494 1434 1559 1475 ac
1596 1419 1803 1475 saluta-

208 1527 328 1570 rem
378 1512 616 1569 hostiam
664 1512 895 1568 Domino
947 1509 1270 1577 immolavit,
1301 1526 1410 1581 quo
1444 1511 1562 1581 ejus
1590 1511 1803 1569 sacrifi-

206 1605 352 1662 cium
368 1604 717 1677 Bedemptori
737 1606 980 1662 omnium
1002 1613 1148 1661 esset
1174 1614 1389 1676 gratum
1414 1613 1467 1662 et
1495 1614 1795 1677 acceptum.

208 1698 311 1755 Die
343 1712 467 1755 cum
496 1697 707 1753 Martha
738 1696 967 1753 Domino
996 1698 1052 1752 in
1085 1696 1349 1753 membris
1378 1696 1492 1752 suis
1514 1696 1797 1752 ministra-

1904 513 2139 570 namque
2164 500 2425 558 Dominus
2463 502 2610 558 illum
2652 518 2792 575 pane
2828 504 2953 562 vitae
2980 512 3036 561 et
3072 505 3403 573 intellectus,
3435 517 3493 563 et

1902 602 2043 659 aqua
2093 590 2374 662 sapientiae
2415 593 2673 653 salutaris
2709 596 2919 665 potavit
2950 595 3124 664 illum,
3152 598 3225 653 ita
3252 607 3315 653 ut
3340 608 3491 656 recte

1903 693 2026 735 cum
2039 680 2322 737 Psalmista
2345 684 2515 753 possit
2542 682 2883 756 proclamare
2905 694 2960 741 et
2985 686 3196 743 dicere:
3234 688 3492 745 «Erucur

1905 773 2516 832 vitcormeumverbum
2531 777 2729 834 bonum
2749 795 2765 845 ;
2788 798 2809 832 ι
2844 788 2902 835 et
2929 780 3159 838 iterum:
3191 801 3210 837 ς
3230 784 3298 839 Ει
3325 800 3484 856 pocu-

1902 862 2012 920 lum
2039 873 2186 921 tuttm
2203 866 2500 933 inebrians,
2521 883 2683 938 quam
2709 871 3026 942 praeclarum
3040 874 3186 931 est?»
3218 875 3328 931 Vox
3349 877 3491 946 psal-

1902 954 2097 1011 modia:
2125 964 2233 1010 tam
2277 953 2425 1026 jugis
2467 958 2520 1012 in
2568 959 2713 1015 illius
2742 976 2839 1018 ore
2887 961 3123 1019 dulciter
3170 968 3484 1036 resonabat,

1900 1055 2089 1102 utnon
2122 1045 2297 1103 solum
2332 1048 2470 1118 ipse,
2500 1051 2596 1104 sed
2632 1058 2690 1105 et
2720 1048 2815 1116 illi,
2864 1054 2955 1122 qui
2983 1069 3105 1111 eam
3146 1055 3290 1111 soliti
3326 1067 3490 1114 erant

1902 1150 2025 1192 cum
2059 1134 2152 1192 illo
2204 1152 2339 1207 pura
2387 1139 2587 1194 mentis
2636 1139 2940 1198 intentione
2984 1145 3216 1209 cantari,
3274 1154 3487 1202 tantam

1902 1225 2084 1284 cordis
2122 1228 2447 1285 munditiam
2475 1244 2544 1285 ex
2572 1244 2634 1287 ea
2672 1232 3044 1305 conciperent,
3067 1246 3127 1292 ut
3150 1240 3396 1309 quasdam
3419 1256 3484 1296 ex

1904 1318 2233 1375 revelatione
2276 1320 2457 1376 divina
2505 1321 2719 1378 occulta
2767 1337 3181 1396 cognoscerent,
3214 1345 3335 1401 quae
3366 1320 3509 1388 aliis.

1902 1410 2331 1469 manifestarent.
2359 1413 2514 1470 Unde
2537 1416 2771 1488 exempli
2800 1433 2962 1475 causa
2987 1423 3234 1491 quaedam
3265 1426 3487 1483 subter-

1902 1503 2124 1571 notaho,
2147 1513 2418 1575 quatenus
2438 1522 2578 1563 .vera
2604 1523 2727 1565 esse
2755 1511 3145 1582 approbentur,
3176 1531 3298 1586 qua:
3335 1517 3478 1576 dico.

1971 1595 2102 1651 CAP.
2143 1596 2252 1652 VII.
2279 1626 2349 1640 -—-
2377 1598 2621 1668 Quodam
2650 1610 2894 1672 tempore
2922 1620 3045 1660 cum
3068 1608 3304 1666 artices
3322 1610 3493 1668 eccle-

1902 1684 1997 1740 siae
2025 1695 2271 1758 cryptam
2296 1687 2349 1744 in
2375 1688 2573 1746 melius
2598 1704 2854 1762 reparare
2883 1693 3097 1762 vellent,
3124 1706 3244 1754 erat
3267 1698 3489 1770 quidam

201 1789 301 1845 bar
327 1808 340 1844 ;
366 1798 525 1846 nocte
554 1804 686 1846 vero
708 1802 833 1845 cum
855 1787 1024 1843 Maria
1055 1787 1251 1845 sedens
1271 1802 1430 1843 secus
1455 1789 1621 1859 pedes
1640 1786 1793 1869 πρευ,
1823 1766 1870 1825 Β
1897 1776 2152 1846 clericus,
2200 1780 2417 1836 nomine
2464 1780 2824 1852 Rambertus,
2872 1786 3047 1843 sancti
3092 1790 3196 1845 viri
3226 1766 3491 1863 obsequio

201 1879 458 1935 audiebat
486 1879 709 1935 verbum
737 1879 1098 1945 illius,sciens
1109 1880 1400 1950 scriptum:
1434 1897 1454 1932 ι
1475 1878 1575 1947 Qui
1601 1895 1793 1951 appro-

199 1973 472 2045 pinquant
506 1974 736 2046 pedibus
762 1974 903 2045 ejus,
927 1974 1205 2046 accipie‘nt
1229 1975 1297 2032 de
1315 1975 1566 2032 doctrina
1594 1975 1755 2033 illius.
1772 1995 1791 2029 ι

205 2064 346 2121 Erat
367 2065 418 2122 ei
442 2065 702 2125 solemnis
730 2069 1084 2136 consuetudo,
1117 2076 1240 2140 post
1264 2067 1689 2140 Completoriuni
1722 2070 1796 2124 nil

201 2156 314 2212 cibi
365 2166 457 2213 aut
503 2166 664 2227 potus
720 2174 958 2228 sumere,
1010 2161 1229 2218 silentio
1282 2164 1551 2229 studere;
1588 2162 1798 2218 sciebat

199 2247 348 2302 enim
395 2263 426 2304 a
482 2249 717 2307 Domino
750 2251 953 2308 dictum
988 2270 1001 2307 :
1039 2271 1058 2306 ι
1087 2253 1168 2307 Ex
1198 2253 1382 2309 verbis
1436 2253 1542 2309 luis
1591 2252 1792 2324 justifi—

198 2341 437 2410 caheris,
485 2352 542 2399 et
585 2360 655 2400 ex
698 2345 880 2402 verbis
912 2347 1020 2401 tuis
1047 2346 1522 2403 condemnaberis.
1553 2364 1573 2398 ι
1639 2344 1795 2402 Unde
1828 2358 1839 2371 '

190 2431 403 2504 jugiter
445 2450 477 2489 a
503 2434 733 2492 Domino
760 2437 1112 2508 postulabat:
1150 2457 1168 2491 ι
1196 2437 1364 2505 Pone,
1412 2437 1661 2502 Domine,
1698 2452 1794 2492 cu-

198 2525 437 2581 stodiam
480 2526 567 2582 ori
610 2542 752 2594 meo,
806 2539 863 2586 et
916 2529 1116 2586 ostium
1172 2529 1597 2587 circumstantias
1635 2527 1793 2585 labiis

194 2620 356 2677 meis.
390 2640 411 2674 ιι
467 2619 573 2677 Sed
614 2622 664 2677 si
727 2623 943 2693 quando
979 2625 1294 2682 necessario
1348 2627 1397 2681 ei
1464 2624 1789 2697 loquendum

197 2708 327 2777 fuit,
355 2721 475 2766 erat
514 2711 659 2769 illius
684 2728 864 2769 sermo
903 2715 1182 2787 sapientis:
1208 2715 1329 2772 sale
1370 2717 1643 2783 conditus,
1674 2730 1787 2771 mo-

193 2806 410 2872 destus,
465 2807 689 2865 humilis
736 2819 793 2865 et
829 2810 896 2865 ad
947 2810 1350 2881 persuasionem
1399 2811 1571 2873 utilis,
1622 2819 1696 2876 et,
1732 2818 1790 2865 ut

192 2898 420 2970 quidam
447 2897 678 2970 Sapiens
717 2900 847 2956 dicit
876 2918 891 2955 :
917 2900 972 2955 lu
1001 2915 1254 2956 sermone
1284 2901 1513 2971 pondus,
1540 2910 1704 2973 atque
1734 2903 1786 2957 in

184 2989 383 3045 'verbis
407 2992 620 3046 modus.
646 2989 876 3058 Quando
924 3004 1056 3047 vero
1085 2991 1327 3047 membra
1358 2993 1411 3048 in
1442 2992 1536 3050 Dei
1562 2993 1788 3049 servitio

192 3081 429 3155 fatigata
459 3098 686 3139 necesse
732 3082 922 3139 habuit
947 3085 1129 3155 quiete
1152 3084 1338 3163 aliqua
1369 3100 1643 3153 recreare,
1673 3103 1783 3141 non

191 3173 303 3230 hoc
332 3174 387 3228 in
411 3172 719 3244 plumarum
748 3175 998 3241 mollitie,
1027 3179 1120 3231 sed
1143 3176 1509 3247 subterposito
1528 3178 1785 3248 psiathio,

192 3280 384 3342 tapete
406 3271 490 3326 vel
523 3286 673 3343 sago,
719 3287 911 3344 parum
938 3273 1065 3343 quid
1098 3273 1408 3344 indulgebat
1457 3289 1667 3331 somno.
1699 3276 1786 3341 Et,

190 3372 261 3418 ut
285 3362 572 3419 brevitatis
612 3365 935 3435 compendio
980 3374 1123 3432 utar,
1171 3365 1255 3422 sic
1297 3367 1539 3423 exterius
1567 3369 1791 3439 gerebat

188 3449 436 3508 cilicium
484 3454 806 3521 sacerdotis,
854 3465 915 3510 ut
959 3455 1192 3511 interius
1220 3471 1327 3511 non
1351 3456 1625 3514 omitteret
1662 3457 1792 3513 reli-

189 3544 412 3615 gionem
468 3546 783 3602 monasticae
827 3546 1284 3603 conversationis.
1353 3547 1487 3602 Erat
1536 3548 1700 3603 etiam
1739 3548 1790 3604 ei

192 3632 484 3689 moderata
530 3634 777 3691 ciborum
815 3638 1076 3707 parcitas,
1134 3651 1199 3694 ac
1243 3638 1463 3705 quidam
1499 3637 1791 3709 singularis

191 3722 542 3780 abstinentiae
561 3727 777 3793 modus,
803 3742 913 3798 quo
937 3728 1141 3783 solebat
1167 3728 1423 3799 religiosa
1455 3737 1573 3785 arte
1604 3743 1790 3785 secum

190 3814 547 3872 convivantes
576 3816 992 3874 circumvenire.
1042 3819 1253 3890 Saepius
1274 3821 1419 3876 enim
1447 3819 1791 3890 sperantibus

193 3905 343 3974 quod
369 3920 494 3962 cum
538 3906 643 3964 illis
673 3914 1052 3975 manducaret,
1094 3910 1211 3981 ipse
1256 3911 1440 3967 ablata
1483 3912 1788 3968 carnalium

189 3995 478 4066 epularum
526 4011 714 4054 mensa
769 4014 1001 4071 surgens
1046 4000 1114 4056 ad
1184 4001 1472 4059 ecclesiam
1523 3998 1785 4073 perrexit,

186 4087 487 4144 missarum
513 4088 777 4147 solemnia
819 4091 1131 4148 celebravit.
1185 4093 1341 4155 Unde
1394 4095 1592 4160 adhuc,
1630 4096 1786 4165 quasi

187 4178 402 4235 recenti
433 4179 505 4235 sit
529 4190 710 4237 actum
760 4184 1047 4250 memoria,
1102 4198 1199 4241 ore
1228 4184 1522 4241 multorum
1552 4185 1790 4242 refertur

188 4269 338 4338 quod
368 4269 495 4325 dum
530 4271 766 4342 quadam
816 4274 904 4330 die
948 4275 1067 4345 ipse
1095 4277 1436 4334 venerandus
1462 4276 1627 4334 Pater
1662 4293 1787 4334 cum

188 4361 452 4418 Cunrado
512 4364 650 4419 diva:
707 4367 984 4424 memoria:
1036 4366 1473 4426 Constantiensis
1530 4369 1787 4427 Ecclesia:

187 4450 448 4522 episcopo
474 4451 542 4508 ad
586 4454 872 4523 prandium
916 4457 1057 4526 apud
1118 4466 1364 4514 sanctam
1414 4457 1607 4513 Afram
1637 4474 1789 4513 mar-

188 4547 372 4609 tyrem
415 4542 774 4609 consedisset,
818 4554 1103 4616 postquam
1139 4547 1474 4619 consumptis
1523 4548 1663 4605 cibis
1711 4550 1781 4605 ab

117 4636 137 4649 '
189 4627 442 4701 utrisque
466 4630 768 4688 discessum
795 4643 899 4701 est,
927 4635 1177 4705 quaedam
1204 4650 1368 4693 causa
1401 4637 1631 4703 exstitit,
1674 4652 1781 4708 qua

188 4719 487 4790 praedictus
516 4723 762 4793 pontifex
792 4724 859 4780 ad
884 4725 1061 4782 virum
1095 4726 1189 4784 Dei
1228 4726 1450 4784 mittere
1480 4728 1778 4785 debuisset.

186 4811 275 4867 Ad
302 4828 464 4882 quem
511 4829 635 4870 cum
667 4816 876 4889 legatus
904 4817 1077 4890 ipsius
1127 4820 1384 4887 venisset,
1417 4822 1624 4879 invenit
1655 4836 1780 4879 eum

191 4918 354 4961 sacro
382 4905 545 4963 altari
575 4917 873 4976 astantem,
938 4926 1005 4968 ac
1040 4908 1338 4975 salutarem
1391 4915 1629 4972 hostiam
1680 4917 1785 4974 Do-

188 4994 339 5051 mino
392 4992 784 5059 immolantem.
839 5001 957 5070 Quo
1006 5017 1230 5073 peracto
1276 5008 1524 5064 nuntium
1556 5010 1783 5079 audivit,

189 5096 355 5160 atque
379 5089 688 5147 absolutum
714 5094 894 5150 redire
914 5094 980 5149 ad
1014 5095 1295 5156 dominum
1322 5114 1480 5155 suum
1510 5103 1778 5172 permisit.

189 5177 434 5252 Cumque
459 5195 716 5240 reversus
735 5184 1164 5254 interrogaretur
1191 5205 1297 5247 cur
1322 5190 1507 5245 tandiu
1538 5201 1784 5249 moratus

188 5266 400 5337 fuisset,
428 5272 712 5343 respondit
734 5273 860 5344 quia
886 5271 1057 5326 virum
1074 5275 1173 5336 Dei
1194 5277 1388 5334 tandiu
1410 5289 1784 5350 exspectasset

1899 1873 2134 1932 deditus.
2162 1874 2263 1931 llic
2291 1877 2525 1948 quadam
2555 1879 2642 1935 die
2672 1879 2728 1936 in
2752 1897 2975 1940 excessu
3003 1885 3202 1944 mentis
3236 1887 3486 1956 effectus,

1897 1965 2184 2022 videbatur
2212 1967 2315 2024 sibi
2337 1983 2459 2024 cum
2489 1970 2711 2027 domino
2741 1987 2843 2029 suo
2869 1975 3128 2046 episcopo
3157 1978 3317 2035 solito
3338 1994 3493 2038 more

1896 2061 2135 2133 psalmos
2164 2078 2390 2132 canere,
2420 2080 2524 2121 nec
2548 2081 2655 2122 non
2678 2065 3074 2124 Adalberonem
3105 2072 3400 2140 quondam,
3431 2080 3492 2128 ut

1897 2166 2058 2222 supra
2098 2152 2359 2219 diximus,
2383 2154 2698 2224 pontificem
2738 2157 2808 2212 ad
2844 2158 3217 2228 aquilonarern
3246 2158 3489 2230 ejusdem

1896 2250 2101 2314 crypta:
2154 2242 2403 2316 plagam,
2456 2246 2883 2304 sacerdotalibus
2939 2249 3186 2306 indutum
3244 2253 3488 2310 vestibus

1894 2347 2063 2403 prope
2088 2336 2365 2406 assistere,
2402 2336 2635 2407 sibique,
2679 2347 2740 2392 ut
2779 2339 2847 2394 ad
2884 2353 2942 2395 se
2975 2331 3206 2409 veniret,
3234 2342 3483 2399 inuuere.

1893 2423 1965 2479 At
1992 2424 2080 2481 ille
2107 2436 2289 2482 mente
2316 2425 2621 2496 perculsus,
2656 2444 2719 2484 ac
2750 2429 2894 2486 inter
2920 2430 3103 2488 vivum
3129 2441 3185 2489 et
3212 2444 3486 2490 mortuum

1892 2515 2023 2586 quid
2050 2528 2235 2586 ageret
2292 2518 2487 2575 dubius
2514 2527 2569 2575 et
2607 2535 2825 2593 anceps,
2871 2523 3085 2578 tandem
3131 2525 3184 2581 in
3213 2527 3487 2583 viventem

1892 2620 2095 2675 pavens
2140 2605 2257 2678 figit
2292 2606 2535 2674 obtutus,
2578 2609 2725 2665 velut
2753 2611 3041 2669 sciscitans
3070 2615 3198 2684 quid
3232 2624 3378 2673 esset
3405 2616 3488 2673 fa-

1892 2707 2101 2755 cturus.
2141 2698 2293 2755 Tunc
2337 2699 2668 2771 episcopus:
2709 2701 2776 2758 Ut
2821 2703 2973 2773 quid,
3025 2706 3121 2774 ait,
3168 2707 3250 2764 sic
3295 2707 3351 2763 in
3398 2722 3488 2766 me

1890 2788 2078 2845 oculos
2105 2789 2329 2862 defigis?
2360 2790 2456 2847 Cui
2489 2791 2577 2847 ille
2617 2795 2914 2864 respondit,
2946 2796 3172 2854 dicens:
3203 2799 3347 2856 Ecce
3383 2800 3486 2856 do-

1891 2881 2072 2937 minus
2136 2896 2291 2938 meus
2337 2881 2606 2939 Adalbero
2653 2885 2941 2957 episcopus
2988 2889 3057 2945 ad
3101 2889 3485 2947 celebrandum

1892 2970 2136 3026 divinum
2193 2974 2510 3043 mysterium
2560 2986 2783 3045 paratus
2841 2987 3017 3044 astat,
3092 2991 3148 3036 et
3188 2996 3275 3036 me
3317 2984 3384 3039 ad
3425 2997 3487 3040 se

1891 3070 2069 3116 vocat.
2102 3061 2200 3117 Cui
2228 3064 2516 3133 episcopus
2545 3081 2557 3117 :
2591 3064 2829 3132 Festina,
2875 3070 3071 3141 inquit,
3109 3070 3208 3138 ire,
3251 3072 3485 3145 ejusque

1887 3151 2054 3221 jussis
2106 3153 2159 3207 in
2211 3154 2465 3210 omnibus
2524 3156 2763 3213 obedire.
2819 3159 2922 3227 Qui
2979 3177 3101 3217 mox
3152 3171 3211 3216 ut
3260 3164 3487 3235 propius

1892 3244 2141 3310 accessit,
2175 3243 2292 3307 hanc
2313 3245 2381 3300 ab
2412 3260 2477 3302 eo
2515 3248 2722 3304 audivit
2755 3268 2768 3302 :
2799 3249 3112 3317 Ramherte,
3140 3253 3228 3309 dic
3264 3254 3486 3310 domino

1895 3344 2005 3401 tuo,
2037 3336 2164 3406 quia
2196 3352 2452 3409 magnum
2475 3353 2507 3393 a
2531 3337 2758 3396 Domino
2782 3343 3087 3423 mercedem
3117 3344 3339 3401 habebit
3383 3360 3485 3415 pro

1890 3432 2233 3489 orationibus
2281 3448 2347 3490 ac
2393 3433 2755 3505 eleemosynis
2787 3451 2925 3506 quas
2974 3451 3071 3507 pro
3134 3451 3221 3494 me
3255 3436 3487 3493 fideliter

1892 3525 2157 3581 exhibuit.
2186 3524 2254 3580 Et
2285 3526 2388 3582 hoc
2435 3525 2540 3581 sibi
2581 3527 2654 3583 sit
2702 3527 2758 3583 in
2800 3528 3037 3597 signum,
3093 3527 3238 3598 quod
3286 3542 3388 3598 ego
3429 3538 3486 3582 et

1893 3618 2226 3674 Fortunatus
2275 3621 2328 3673 in
2376 3620 2625 3688 proxima
2662 3632 2822 3674 caena
2872 3619 3107 3683 Domini,
3154 3620 3485 3675 concedente

1891 3709 2025 3776 Deo,
2064 3718 2470 3768 sacrosanctum
2517 3710 2756 3766 chrisma
2806 3725 2930 3766 cum
2978 3710 3072 3767 illo
3114 3708 3480 3766 sanctificabi-

1891 3817 2033 3857 mus.
2085 3801 2309 3872 Insuper
2326 3801 2614 3858 aedificatio
2636 3801 2790 3858 istius
2818 3812 3024 3873 cryptae
3052 3809 3173 3856 ruet
3195 3800 3479 3857 citissime.

1890 3892 2007 3965 Ipse
2057 3901 2241 3950 autem
2288 3901 2509 3963 propter
2553 3893 2658 3949 hoc
2704 3893 2774 3949 ab
2816 3892 3057 3964 incmpto
3104 3907 3211 3948 non
3254 3891 3484 3948 desistat

1890 4000 2077 4056 opere,
2121 3985 2252 4056 quin
2299 3985 2431 4040 illud
2475 3984 2808 4041 firmioribus
2854 3984 3070 4040 studeat
3115 3984 3482 4040 fundamentis

1891 4076 2153 4133 stabilire.
2201 4076 2421 4132 Fratres
2461 4090 2678 4148 quoque
2726 4077 3022 4132 admonere
3073 4083 3294 4140 curato,
3349 4072 3479 4142 quia

1889 4170 2195 4233 orationes,
2243 4184 2382 4239 quas
2442 4184 2539 4225 sua
2584 4177 2780 4240 sponte
2839 4184 2899 4226 se
2948 4169 3191 4226 facturos
3245 4181 3345 4238 pro
3392 4179 3482 4222 me

1888 4258 2311 4329 spoponderunt,
2357 4273 2720 4330 nequaquam,
2763 4259 2906 4315 sicut
2951 4259 3337 4332 promiserant,
3376 4256 3483 4312 im-

1886 4349 2191 4420 pleverunt.
2221 4349 2291 4405 Et
2324 4349 2430 4406 nisi
2463 4350 2566 4408 hoc
2607 4352 2918 4408 studuerint
2955 4351 3270 4416 emendare,
3308 4349 3484 4406 sciant

1888 4455 1950 4498 se
2021 4450 2244 4514 propter
2306 4443 2411 4499 hoc
2466 4442 2520 4498 in
2584 4453 2874 4516 conspectu
2932 4443 3146 4500 Domini
3214 4442 3482 4499 rationem

1888 4531 2198 4590 reddituros
2239 4546 2382 4590 esse.
2426 4532 2731 4606 EpiscOpus
2781 4543 2963 4592 autem
3013 4549 3046 4591 a
3082 4535 3305 4592 civitate
3330 4533 3482 4605 regia

1887 4632 2168 4682 revertens
2207 4625 2356 4697 (nam
2397 4634 2528 4683 tunc
2574 4628 2835 4700 temporis
2879 4627 2951 4683 ibi
2992 4627 3364 4694 morabatur),
3404 4625 3482 4679 ita

1886 4715 1957 4772 de
2003 4726 2193 4789 crypta
2238 4718 2536 4790 contigisse
2582 4720 2811 4790 reperit,
2864 4720 3027 4777 sicuti
3068 4735 3167 4791 per
3216 4717 3483 4772 visionem

1891 4805 2186 4862 Ramberto
2213 4816 2495 4864 ostensum
2519 4808 2642 4865 I'uit.
2671 4808 2824 4867 Tunc
2850 4809 2940 4866 ille
2966 4810 3264 4880 impatiens
3292 4818 3483 4868 morte,

1891 4914 2000 4957 non
2035 4909 2195 4957 antea
2224 4915 2255 4955 a
2284 4899 2473 4958 labore
2500 4903 2760 4969 cessavit,
2793 4916 2959 4974 quam
2988 4901 3181 4957 omnia
3218 4898 3275 4951 in
3301 4895 3490 4950 melio~

1889 5008 2006 5050 rem
2042 5003 2246 5049 statum
2286 5002 2615 5064 reparasset.
2652 4995 2854 5050 Iterum
2882 4990 2990 5045 alia
3056 4991 3174 5046 vice
3207 5000 3328 5040 cum
3356 4999 3499 5054 prae-

1886 5086 2065 5143 dictus
2080 5085 2428 5149 Rambertus,
2451 5084 2609 5154 juxta
2637 5098 2867 5149 morem,
2901 5081 2956 5135 in
2985 5077 3205 5152 oppido
3229 5072 3508 5142 Vuaringa

1886 5193 2012 5235 cum
2067 5183 2259 5233 sancto
2313 5174 2434 5228 viro
2489 5171 2849 5242 psalmodiam
2908 5168 3286 5228 decantaret,
3345 5160 3515 5230 coepit

1885 5279 2099 5328 terrore
2126 5267 2294 5323 nimio
2324 5265 2565 5330 concuti,
2594 5278 2660 5319 ac
2686 5264 2908 5321 reﬂexis
2927 5265 3133 5321 oculis
3161 5259 3272 5315 Deo
3296 5253 3517 5325 dignum
