4024 5370
216 277 354 348 M93

1417 281 1579 346 VITA
1619 285 1676 346 S.
1719 284 2059 347 UDALRlCi.

3343 297 3479 355 ΗΜ

215 399 582 472 investigare,
649 393 701 454 in
741 399 931 469 primis
985 399 1221 470 qualiter
1282 400 1381 471 ipsi
1444 400 1794 458 ecclesiarum
1821 409 2104 467 Araunus
2150 399 2446 470 Augustam
2502 398 2655 465 adiit,
2717 415 2781 456 ac
2838 408 3000 456 rebus
3057 402 3481 478 circumquaque

213 491 518 563 presbyteri
561 505 682 546 cum
713 491 826 547 suis
858 491 1124 546 ministris
1147 492 1430 547 viverent:
1466 500 1647 548 utrum
1694 507 1794 566 po-

213 582 402 655 pulum
455 591 604 637 recte
647 592 712 637 ac
757 584 1060 636 secundum
1115 582 1439 638 catholicam
1493 582 1796 638 doctrinam

214 675 493 737 ducerent,
522 687 586 728 ac
615 671 758 742 quod
783 670 1149 742 pradicabaut
1177 686 1270 728 ore
1297 680 1352 727 et
1395 686 1558 742 opere
1609 671 1799 742 imple-

215 773 339 820 rent
371 781 386 818 :
412 779 477 818 nc
496 763 635 820 forte
659 763 778 819 aliis
799 763 1182 834 praedicantes,
1212 763 1315 834 ipsi
1355 763 1573 836 reprobi
1619 763 1794 819 efﬁce-

216 863 428 922 rentur,
456 864 511 910 et
534 856 604 912 ob
644 857 747 912 hoc
779 871 809 912 a
847 857 959 912 suis
1000 857 1340 913 auditoribus
1388 865 1802 914 contemneren-

217 956 326 1001 tur.
358 948 560 1003 Deinde
589 948 915 1005 discutiebat
943 949 988 1004 si
1036 947 1158 1004 laici
1184 960 1373 1005 eorum
1395 948 1656 1004 doctrina:
1672 947 1803 1004 obe-

216 1039 418 1106 dirent,
451 1041 494 1095 si
545 1041 598 1096 in
639 1040 935 1098 Dominicis
980 1041 1171 1097 diebus
1218 1050 1273 1096 et
1319 1040 1440 1096 aliis
1487 1049 1799 1096 sanctorum

215 1129 653 1186 solemnitatibus
677 1132 745 1186 ab
771 1147 934 1201 opere
958 1131 1145 1185 illicito
1171 1139 1448 1197 vacarent,
1475 1131 1519 1186 si
1543 1131 1804 1187 ecclesia-

215 1241 338 1279 rum
370 1223 554 1278 limina
579 1237 666 1288 ea,
697 1238 818 1292 qua:
849 1223 1128 1287 deberent,
1169 1223 1458 1278 devotione
1489 1221 1804 1292 frequenta-

217 1325 363 1380 rent,
394 1325 489 1371 aut
524 1315 763 1370 decimas
796 1324 943 1370 recte
972 1314 1161 1370 darent
1190 1332 1203 1368 :
1231 1313 1506 1384 multaque
1531 1313 1582 1368 id
1612 1327 1802 1386 genus.

218 1407 316 1464 liis
347 1409 420 1463 ita
453 1407 813 1478 investigatis,
849 1421 1075 1478 quasque
1101 1417 1258 1462 erant
1277 1416 1394 1462 rata
1421 1415 1476 1461 et
1501 1406 1636 1461 bene
1658 1405 1805 1461 ordi-

219 1519 368 1576 nata,
400 1509 635 1565 laudavit
662 1519 714 1565 et
741 1508 1110 1575 confirmavit;
1141 1525 1263 1580 quae
1289 1523 1417 1565 vero
1466 1507 1628 1562 aliter
1654 1507 1806 1564 inve-

217 1604 319 1669 uit‘,
366 1603 605 1658 correxit
637 1611 692 1658 et
741 1602 1070 1658 emendavit.
1111 1601 1545 1657 Simoniacorum
1570 1600 1804 1657 hmresin

215 1693 370 1763 quasi
402 1693 758 1766 perniciosam
792 1702 996 1763 pestem
1050 1691 1394 1746 devitandam
1447 1705 1567 1747 esse
1619 1690 1805 1746 admo-

1898 488 2146 560 direptis,
2171 488 2498 560 quibusdam
2524 488 2764 560 episcopi
2804 490 3067 546 militibus
3120 493 3314 563 captis,
3344 511 3483 565 prae-

1897 583 1965 639 da
1983 589 2230 647 onustus,
2256 590 2331 649 et,
2354 581 2496 651 quod
2521 582 2704 638 verius
2724 590 2829 649 est,
2855 585 3060 653 peccati
3101 587 3339 655 pondere
3359 604 3485 660 gra—

1897 681 2076 737 vatus,
2105 672 2161 728 in
2188 671 2488 743 Bajoariam
2526 681 2610 729 est
2653 687 2926 745 reversus.
2970 673 3193 732 interim
3221 693 3353 734 vero
3405 680 3484 751 ip-

1899 781 2018 824 sum
2042 766 2136 822 Dei
2169 766 2430 822 famulum
2463 777 2749 838 postquam
2787 768 3053 838 comperit
3077 785 3108 824 a
3133 769 3279 842 regia
3306 773 3483 828 servi-

1901 867 2016 939 tute
2058 872 2357 924 reversum,
2404 860 2458 914 in
2488 859 2731 927 castello,
2763 862 2907 930 quod
2945 859 3324 934 Montachinga
3350 864 3486 921 diei-

1901 951 2062 1016 citur,
2105 965 2212 1006 non
2237 949 2416 1005 timuit
2441 948 2724 1006 obsidere:
2755 951 2850 1006 sed
2875 965 2982 1006 non
3018 951 3186 1007 cessit
3207 953 3257 1008 ei
3281 954 3334 1008 in
3357 969 3486 1024 pro-

1900 1055 2118 1112 sperum
2145 1040 2287 1112 quod
2323 1040 2451 1096 talia
2507 1040 2851 1111 prmsumpsit
2876 1048 3064 1096 contra
3114 1041 3210 1097 Dei
3241 1057 3482 1100 servum.

1903 1129 2061 1199 Nam,
2085 1148 2254 1204 parvo
2277 1132 2560 1202 interjecto
2584 1131 2792 1186 dierum
2811 1133 3011 1202 spatio,
3044 1150 3074 1188 a
3102 1135 3303 1191 comite
3324 1134 3488 1191 Adal-

1904 1226 2037 1282 bero
2062 1237 2117 1282 et
2142 1227 2381 1298 episcopi
2427 1226 2593 1282 fratre
2625 1226 2945 1282 Tbietbaldo
2968 1229 3036 1283 ab
3056 1231 3339 1286 obsidione
3361 1247 3484 1286 cum

1905 1316 2234 1372 detrimento
2265 1329 2488 1373 suorum
2542 1327 2765 1373 coactus
2802 1328 2884 1374 est
2917 1320 3198 1388 secedere,
3229 1330 3284 1376 et
3310 1321 3487 1378 debita

1906 1421 2185 1479 respersus
2210 1409 2552 1474 confusione,
2596 1409 2648 1463 in
2699 1410 2932 1478 patriam
2978 1411 3175 1477 redire,
3211 1413 3377 1467 etiam
3416 1413 3489 1468 ibi

1906 1508 2066 1568 capto
2094 1497 2335 1569 ejusdem
2361 1500 2529 1554 fratre
2554 1497 2903 1554 Herimanno.
2936 1498 3044 1555 Sed
3075 1509 3130 1554 et
3166 1501 3490 1558 fortissimus

1905 1597 2174 1659 pugnator
2225 1587 2577 1655 Adalbertus,
2633 1589 2782 1645 velut
2821 1590 2960 1645 alter
3005 1588 3362 1659 Macbahmus,
3393 1608 3492 1664 pro

1909 1679 2153 1736 Ecclesia
2211 1681 2305 1736 Dei
2347 1688 2550 1736 acriter
2582 1681 2912 1749 dimicando,
2962 1686 3162 1742 cecidit
3209 1686 3263 1743 in
3303 1687 3492 1742 eodem

217 1756 357 1850 nuit,
390 1756 642 1840 asserens
694 1756 969 1856 perpetua:
1005 1782 1296 1838 tradendos
1332 1796 1526 1853 pcenaa,
1574 1781 1666 1853 qui
1696 1781 1805 1837 haa-
1836 1769 1882 1830 Β
1910 1771 2070 1840 bello,
2101 1756 2462 1830 ut'veraciter
2512 1785 2596 1830 est
2631 1776 2962 1831 credendum
2993 1792 3090 1848 per
3147 1778 3496 1835 mortalitatis

218 1878 325 1934 resi
380 1879 506 1934 huic
564 1876 907 1948 nequissima:
957 1875 1236 1930 studerent
1284 1872 1799 1930 animosinclinare.

218 1967 376 2026 Unde
411 1982 685 2039 nunquam
720 1982 819 2038 pro
872 1966 1191 2022 clericorum
1222 1965 1568 2020 ordinatione
1605 1963 1688 2018 vel
1715 1978 1804 2020 ec-

215 2059 510 2122 clesiarum
539 2060 949 2118 consecratione
974 2057 1250 2129 quippiam
1276 2057 1519 2112 muneris
1548 2056 1759 2126 accepit
1786 2072 1800 2109 :

216 2150 316 2206 sed
369 2152 511 2207 sicut
550 2151 601 2204 in
635 2150 776 2205 sacri
816 2147 1129 2205 chrismatis
1179 2137 1434 2202 unctione
1460 2160 1556 2216 per
1587 2144 1805 2216 imposi-

219 2243 425 2300 tiouem
463 2257 656 2298 manus
688 2242 949 2310 Spiritum
981 2248 1229 2295 sanctum
1276 2237 1608 2310 paracletum
1637 2235 1806 2308 gratis

218 2332 390 2400 dedit,
419 2333 494 2387 ita
521 2342 574 2386 et
611 2333 710 2386 ista
742 2330 1031 2396 concessit,
1083 2328 1262 2385 sciens
1288 2342 1319 2382 a
1345 2326 1572 2382 Domino
1609 2340 1808 2396 praece-

217 2434 375 2494 ptum
407 2441 419 2477 :
451 2423 636 2481 Gratis
665 2423 971 2494 accepistis,
1007 2421 1176 2493 gratis
1207 2421 1332 2476 date
1366 2438 1379 2475 :
1413 2420 1513 2476 nisi
1540 2419 1679 2475 forte
1705 2416 1804 2490 ipsi

217 2514 577 2570 ecclesiarum
597 2515 914 2571 fundatores
929 2514 1136 2585 aliquid
1161 2528 1259 2584 pro
1285 2513 1422 2568 bona
1438 2511 1730 2578 voluntate,
1755 2521 1810 2568 et

224 2605 332 2659 hoc
363 2605 510 2660 illum
550 2621 647 2676 pro
669 2605 963 2677 gratiarum
995 2603 1207 2659 actione
1235 2603 1508 2673 suscipere
1534 2610 1805 2673 rogarent.

219 2695 322 2753 Jus
349 2712 474 2754 vero
500 2698 800 2771 legitimum
843 2707 1046 2754 sanetae
1084 2695 1272 2750 Mariae
1316 2711 1531 2766 semper
1581 2695 1809 2768 virginis

220 2789 467 2858 familiae,
501 2789 569 2846 ab
621 2788 1054 2846 antecessoribus
1081 2787 1194 2842 suis
1233 2786 1533 2857 antiquitus
1579 2801 1807 2842 conces-

217 2898 366 2948 sum,
399 2881 591 2937 statuit
619 2879 1004 2937 inviolabiliter
1031 2876 1480 2942 conservandum,
1506 2891 1604 2931 nec
1623 2891 1806 2946 quem-

217 2989 388 3044 quam
421 2974 474 3028 in
502 2987 597 3028 sua
623 2972 828 3028 ditioue
853 2969 1156 3041 degentium
1175 2968 1293 3023 lanii
1316 2967 1561 3039 permisit
1588 2981 1812 3037 oppres-

218 3065 378 3121 sione
406 3063 819 3136 praepositornm
852 3069 872 3115 :'
901 3060 996 3117 sed
1024 3060 1096 3115 ita
1149 3059 1292 3115 inter
1338 3073 1466 3114 suos
1513 3059 1696 3113 omnia
1743 3060 1810 3114 ad

1908 1865 2249 1936 dispendium
2307 1865 2577 1922 transiens
2622 1867 2692 1923 ad
2749 1868 3176 1925 immortalitatis
3235 1886 3491 1941 compen—

1907 1955 2078 2012 dium.
2106 1955 2271 2023 Cujus
2291 1971 2492 2026 corpus
2512 1967 2732 2012 sanctus
2754 1957 3040 2015 Utialricus
3069 1961 3370 2030 Augustam
3401 1963 3493 2016 de—

1907 2045 2111 2112 ferens,
2160 2046 2213 2100 in
2260 2046 2486 2102 ecclesia
2541 2056 2745 2102 sanctae
2797 2045 2978 2102 Mariae
3015 2063 3231 2118 semper
3267 2050 3484 2121 virginis

1905 2135 2177 2193 condidit:
2203 2135 2455 2205 Spiritum
2491 2150 2618 2192 vero
2641 2151 2740 2206 per
2788 2151 2957 2192 sacrae
2984 2136 3368 2195 immolationis
3400 2141 3495 2194 he-

1908 2226 2074 2281 stiam
2103 2225 2337 2283 Domino
2361 2226 2785 2282 commendavit.

1979 2318 2109 2375 Car.
2139 2317 2250 2373 ΧΠ.
2296 2348 2366 2358 -
2392 2317 2472 2373 Ex
2507 2317 2610 2374 hoc
2659 2327 2840 2375 tantus
2885 2319 3128 2375 omnium
3181 2330 3394 2378 mentes
3429 2323 3497 2379 ti-

1911 2425 2030 2465 mor
2053 2410 2276 2474 invasit,
2302 2419 2363 2465 ut
2384 2409 2564 2466 nullus
2594 2410 2661 2466 de
2697 2411 3128 2468 rebusecclesia‘.
3157 2413 3360 2468 sancta:
3384 2412 3497 2467 Ma-

1911 2503 2006 2559 riae
2027 2517 2241 2573 semper
2261 2502 2489 2574 virginis
2518 2503 2587 2558 ad
2610 2503 2908 2574 Augustam
2952 2503 3371 2576 pertinentibus,
3397 2504 3498 2559 ali-

1910 2593 2040 2664 quid
2075 2605 2343 2664 usurpare
2369 2601 2727 2664 prwsumerct
2758 2610 2770 2646 :
2803 2593 2932 2664 quia
2983 2592 3161 2650 nullus
3182 2609 3370 2650 eorum
3400 2598 3493 2666 qui

1912 2695 2074 2742 antea
2106 2685 2234 2741 inde
2260 2685 2468 2756 aliquid
2496 2684 2700 2754 injuste
2738 2684 3101 2752 abstulerunt,
3139 2686 3225 2741 vel
3260 2686 3313 2741 in
3368 2702 3496 2743 san-

1912 2789 2062 2835 etum
2103 2778 2202 2834 Dei
2247 2759 2616 2850 deliquerunt,
2668 2777 2968 2849 impunitus
3004 2779 3201 2848 evasit,
3258 2781 3365 2837 nisi
3403 2783 3500 2854 qui

1911 2882 2010 2939 per
2039 2868 2257 2940 dignam
2309 2868 2735 2926 satisfactionem
2766 2883 2865 2938 per
2913 2868 3344 2928 misericordiam
3381 2874 3499 2943 Dei,

1913 2961 2167 3033 episcopo
2209 2961 2598 3028 intercedente,
2629 2947 2930 3030 promeruit
2980 2963 3396 3021 absolutionem.
3429 2965 3503 3022 Ut

1915 3054 2063 3110 enim
2086 3068 2152 3107 ex
2183 3052 2426 3123 pluribus
2447 3068 2618 3124 pauca
2652 3053 2886 3123 exempli
2916 3068 3081 3110 causa
3120 3056 3461 3126 proferamus
3480 3097 3496 3124 ,

220 3153 501 3224 aequitatis
531 3167 594 3208 ac
617 3151 842 3222 justitize
869 3163 1116 3205 normam
1140 3148 1530 3219 perSpicaciter
1551 3147 1810 3214 correxit,
1841 3143 1886 3208 C
1917 3160 2055 3203 unus
2077 3161 2145 3202 ex
2169 3146 2274 3214 his,
2307 3146 2500 3203 vicinis
2533 3145 2589 3202 in
2613 3145 2850 3202 veritate
2875 3148 3327 3214 contestantibus,
3385 3157 3506 3204 tan-

222 3251 295 3300 ut‘
316 3243 523 3299 nullum
573 3242 730 3297 alteri
779 3239 986 3312 aliquid
1034 3240 1239 3296 inferre
1267 3241 1494 3306 sineret,
1525 3240 1667 3309 quod
1701 3239 1816 3310 ipse

223 3333 332 3390 sibi
366 3333 480 3389 lieri
514 3332 695 3394 nollet,
727 3333 886 3403 juxta
927 3330 1058 3388 illud
1107 3339 1439 3402 praeceptum
1470 3347 1484 3384 :
1512 3329 1666 3398 Quod
1717 3330 1814 3384 tibi

223 3441 338 3482 non
370 3426 453 3480 vis
487 3425 626 3491 fieri,
659 3425 749 3480 alii
800 3441 867 3482 ne
919 3423 1136 3481 feceris.
1165 3425 1233 3480 Et
1270 3424 1531 3480 Dominus
1558 3423 1613 3480 in
1639 3423 1817 3480 Evan-

223 3517 371 3588 gelio
403 3535 418 3571 :
450 3514 642 3572 Omnia
675 3529 1008 3587 quaecunque
1060 3516 1243 3582 vultis,
1301 3516 1398 3581 ait,
1452 3524 1513 3570 ut
1556 3515 1710 3572 vobis
1740 3513 1818 3570 fa-

223 3612 378 3668 ciant
414 3610 678 3674 homines,
711 3610 900 3666 eadem
929 3618 985 3664 et
1011 3623 1108 3665 vos
1145 3607 1307 3663 facite
1336 3606 1460 3664 illis.

305 3701 434 3757 CAP.
460 3699 550 3756 XI.
578 3731 643 3741 —
679 3700 814 3756 Cum
865 3700 920 3755 in
967 3700 1053 3755 his
1093 3709 1149 3754 et
1203 3697 1511 3768 hujusmodi
1540 3697 1818 3754 virtutum

228 3791 494 3862 gradibus
521 3801 768 3846 sanctum
795 3790 974 3846 virum
999 3803 1216 3860 semper
1243 3789 1311 3844 ad
1332 3788 1526 3846 altiora
1550 3803 1818 3844 conscen-

231 3883 366 3940 dere
397 3885 638 3939 omuium
675 3885 935 3938 honorum
969 3882 1137 3937 hostis
1172 3881 1388 3936 invidus
1429 3888 1679 3936 cerneret
1707 3880 1820 3936 dia.

231 3972 415 4040 holus,
463 3989 784 4043 quacunque
844 3972 1021 4042 potuit
1067 3979 1203 4038 arte,
1259 3971 1425 4042 coepit
1471 3978 1717 4040 satagere
1763 3980 1821 4025 ut

229 4064 354 4134 ejus
381 4065 622 4118 animum
649 4062 735 4118 vel
754 4060 1294 4133 quantulumcunque
1320 4069 1506 4131 posset
1535 4060 1820 4131 impedire.

231 4151 450 4209 Accidit
488 4149 654 4224 igitur
683 4160 812 4207 tunc
871 4149 1150 4221 temporis,
1175 4159 1235 4206 ut
1279 4150 1422 4208 inter
1460 4149 1821 4222 Luidolphum

231 4242 451 4300 Ottouis
473 4242 648 4316 Magni
686 4242 1033 4314 imperatoris
1055 4241 1248 4309 lilium,
1283 4243 1376 4312 qui
1399 4242 1820 4299 Alamannorum

235 4336 382 4408 genti
421 4344 673 4406 prmcrat,
715 4344 770 4392 et
809 4335 926 4406 ejus
962 4343 1219 4406 patruum
1273 4333 1567 4390 Henricum
1597 4334 1824 4392 Norico-

237 4440 357 4482 rum
384 4427 595 4493 ducem,
623 4427 861 4483 oriretur
889 4426 954 4482 lis
975 4425 1274 4497 odiumque
1293 4439 1392 4497 per
1418 4425 1824 4498 instigationem

1919 3237 2009 3294 diu
2036 3239 2246 3312 perdito
2268 3254 2432 3296 sensu
2458 3240 2710 3310 proprias
2751 3255 2946 3296 manus
2971 3239 3250 3308 laceravit,
3301 3255 3503 3312 quous-

1919 3344 2024 3400 que
2041 3331 2210 3384 vitam
2239 3331 2433 3385 ﬁnivit.
2464 3330 2614 3385 Alius
2641 3344 2771 3386 vero
2808 3331 3003 3387 librum
3024 3331 3313 3400 quemdam
3335 3333 3401 3388 de
3427 3332 3504 3387 ci-

1920 3421 2343 3492 vitateAugusta
2367 3421 2650 3492 rapuit,ex
2677 3422 2831 3492 cujus
2857 3424 3032 3491 pretio
3053 3422 3503 3478 caballumeruit.

1921 3511 2094 3578 Quem
2145 3527 2269 3566 cum
2319 3511 2540 3566 domum
2585 3511 2955 3581 perduxisset,
3026 3513 3183 3568 uxori
3234 3528 3345 3568 sua:
3395 3513 3505 3569 ait:

1919 3602 2111 3660 Melius
2146 3603 2278 3658 mihi
2329 3603 2505 3658 fuerat
2531 3612 2593 3658 ut
2639 3604 2801 3658 istum
2841 3613 2949 3658 tam
2979 3605 3286 3675 praestantis
3313 3604 3506 3662 forma:

1920 3708 2122 3765 equum
2143 3695 2421 3760 emissem,
2455 3709 2617 3765 quam
2638 3693 2837 3750 librum
2862 3711 2969 3766 quo
2992 3697 3142 3751 illum
3174 3701 3506 3770 comparavi,

1923 3786 1977 3842 in
2015 3785 2258 3855 Augusta
2287 3785 2636 3842 dimisissem.
2665 3785 2762 3842 Cui
2793 3787 2916 3842 illa:
2951 3788 3172 3854 Utilius,
3218 3789 3421 3860 inquit,
3448 3801 3512 3846 ut

1922 3891 2102 3950 spero,
2129 3877 2225 3932 tibi
2252 3876 2465 3944 fuisset,
2498 3877 2544 3933 si
2573 3893 2849 3949 nunquam
2882 3895 3074 3936 manus
3102 3890 3192 3935 tua
3232 3881 3406 3951 ipsum
3441 3881 3512 3936 li-

1923 3969 2080 4025 brum
2105 3969 2390 4040 tetigisset.
2424 3967 2517 4024 ille
2546 3983 2679 4025 vero
2709 3970 2836 4025 dum
2859 3971 3007 4027 molli
3036 3980 3182 4028 tactu
3206 3989 3304 4043 per
3325 3982 3509 4044 poste-

1924 4060 2072 4116 riora
2102 4059 2274 4128 dorsi,
2316 4069 2374 4117 ut
2396 4061 2616 4126 assolet,
2650 4075 2790 4133 equo
2810 4061 3043 4118 blandiri
3071 4061 3265 4130 voluit,
3286 4077 3413 4119 mox
3440 4065 3509 4121 ab

1923 4150 2116 4207 eodem
2143 4166 2442 4221 percussus
2471 4151 2702 4207 interiit.
2734 4151 2866 4208 Post
2898 4168 3003 4208 non
3039 4153 3269 4208 multum
3302 4163 3510 4223 tempo-

1925 4242 2005 4298 ris
2026 4239 2286 4314 przefatus
2315 4243 2654 4315 Arnulphus,
2702 4259 2800 4314 pro
2846 4243 3059 4312 injuriis
3086 4259 3223 4315 quas
3260 4245 3378 4301 viro
3415 4245 3510 4300 Dei

1926 4332 2177 4404 ingessit,
2208 4333 2371 4389 etiam
2405 4333 2523 4404 ipse
2539 4333 2671 4404 justi
2697 4332 2902 4391 Judicis
2933 4335 3068 4389 iram
3100 4335 3290 4391 sensit.
3315 4335 3511 4390 Obses-

1929 4439 1989 4481 sa
2025 4439 2260 4494 namque
2298 4425 2516 4480 civitate
2566 4423 2884 4492 Batisbona,
2926 4437 3148 4496 paratus
3179 4425 3246 4482 ad
3270 4425 3513 4496 praelium

237 4518 460 4573 Satanze
497 4526 553 4572 et
597 4531 662 4571 ex
713 4515 1076 4587 malignorum
1123 4514 1405 4570 hominum
1452 4516 1821 4586 persuasione.
1853 4513 1904 4575 D
1929 4516 2084 4584 exiit,
2115 4516 2299 4587 ibique
2321 4516 2536 4573 occisus
2566 4515 2794 4573 interiit.

239 4608 388 4676 Quos
411 4619 536 4662 cum
565 4608 859 4678 imperator
885 4607 956 4663 ad
985 4605 1339 4662 concordiam
1371 4606 1594 4663 minime
1627 4620 1827 4663 vocare

243 4698 531 4770 potuisset,
565 4697 722 4753 fratri
758 4696 1029 4769 adjutorio
1059 4705 1250 4753 contra
1295 4695 1468 4752 lilium
1523 4697 1644 4754 fuit.
1675 4694 1828 4754 Tunc

243 4791 464 4860 quidam
495 4789 810 4860 Arnulphus
844 4803 1029 4846 comes
1051 4788 1347 4862 palatinus,
1372 4787 1634 4860 Arnulphi
1661 4804 1829 4860 quon-

243 4884 368 4940 dam
397 4884 551 4939 ducis
592 4883 732 4940 titius
782 4884 1012 4950 exstitit,
1063 4879 1219 4950 cujus
1260 4881 1384 4938 fidei
1409 4882 1700 4952 praedictus
1724 4881 1831 4938 dux

247 4977 515 5033 Henricus
566 4986 733 5032 totam
814 4975 1124 5048 Bajoariam
1182 4990 1306 5030 cum
1361 4973 1477 5044 ipsa
1547 4976 1834 5046 metropoli

251 5069 565 5127 Ratisbonte
586 5070 1013 5136 commendavit,
1050 5083 1115 5124 ac
1142 5069 1197 5125 in
1228 5069 1521 5125 Saxouiam
1564 5071 1632 5127 ad
1661 5072 1834 5144 impc-

2001 4608 2234 4679 Quidam
2262 4608 2428 4666 homo
2467 4609 2534 4666 de
2579 4610 2921 4681 episcopatu,
2957 4609 3048 4680 qui
3072 4610 3275 4665 Eistete
3297 4609 3514 4674 dicitur,

1930 4708 2142 4771 partem
2186 4699 2433 4756 vilissimi
2480 4699 2739 4758 mensalis
2771 4701 2837 4757 de
2865 4714 3008 4771 saepe
3058 4700 3214 4756 dietis
3243 4699 3404 4754 rebus
3436 4700 3520 4754 in-

1924 4789 2075 4862 juste
2122 4790 2427 4861 usurpavit,
2482 4805 2777 4862 secumque
2818 4792 3136 4862 asportavit.
3191 4789 3298 4844 Sed
3332 4804 3458 4843 mox
3489 4805 3521 4844 a

1936 4883 2202 4941 daemonio
2224 4893 2522 4954 occupatus
2562 4886 2766 4940 nullum
2794 4893 2968 4952 neque
2995 4882 3139 4935 intra
3162 4893 3338 4948 neque
3363 4888 3523 4936 extra

1935 4974 2225 5031 ecclesiam
2276 4974 2640 5030 abscondendi
2685 4973 2863 5027 locum
2891 4973 3136 5026 invenire
3176 4971 3394 5038 potuit:
3425 4985 3530 5028 nec

1937 5066 2227 5124 benedicta
2254 5079 2509 5135 aspersus
2538 5079 2700 5133 aqua,
2745 5075 2932 5115 carere
2953 5060 3127 5115 valuit
3147 5057 3264 5126 ejus
3289 5072 3535 5128 praesen-

251 5175 492 5218 ratorem
534 5176 594 5217 se
634 5161 885 5218 contulit.
937 5160 1014 5216 lbi
1057 5173 1122 5213 eo
1172 5173 1378 5213 moram
1425 5158 1678 5226 faciente,
1748 5163 1840 5221 ille
1940 5159 2038 5225 tia,
2067 5157 2199 5226 quin
2225 5166 2443 5221 semper
2467 5151 2620 5221 juxta
2642 5165 2766 5206 eum
2797 5148 3074 5246 videretur
3099 5145 3414 5246 individuus
3444 5164 3539 5205 co-

2579 5237 2600 5262 Ᾱ
2619 5245 2865 5262 -..η-ΑΙΛΜ
2915 5235 3132 5262 αΑᾹῖΑυ-ιῆ
3194 5247 3306 5262 Iun“
3336 5235 3500 5262 :nn=--nn

2228 5255 2309 5262 -_.-
2374 5239 2538 5262 ιιι-...-
