4024 5370
568 313 594 367 l
608 311 705 367 εει
1620 294 1961 354 BERNONIS
1996 288 2286 351 ABBATIS
2321 286 2687 371 AUGlENSlS
3696 278 3831 343 “95

570 435 976 500 mperatorem,
1030 427 1247 491 propter
1281 413 1506 472 fratrem
1552 415 1717 484 ipsius
1745 412 2059 476 llenricum,
2087 416 2148 464 ut
2175 410 2223 470 Α
2251 418 2435 475 agens,
2460 402 2606 459 velut
2628 414 2692 455 ex
2717 410 2842 455 arce
2862 397 3099 469 quadam
3123 395 3323 454 mentis
3350 395 3516 468 cmpit
3538 395 3832 468 dispicere,

573 482 733 593 supra
762 482 1104 580 diximus-et
1130 482 1467 581 hudolphum
1491 482 1699 569 exorta,
1736 506 1787 559 in
1822 510 2030 559 tantum
2061 515 2155 555 ac‘
2254 513 2319 555 ac
2373 495 2714 554 subditorum
2756 491 3131 549 necessitates.
3154 498 3517 561 pertractare,
3570 506 3684 547 non
3734 482 3834 549 sibi

571 591 858 672 crevisset,
907 612 967 659 ut
1011 618 1119 658 non
1174 599 1330 656 aliter
1374 597 1477 654 nisi
1521 597 1665 650 ferro
1688 593 1834 649 finiri
1866 591 2148 663 potuisset,

563 706 789 775 jamque
842 698 958 753 acie
1009 694 1288 763 utriusque
1336 689 1505 761 partis
1527 688 1797 747 ordinata,
1825 693 1883 737 ut
1909 682 2152 738 cominus

571 774 840 853 committi
859 792 1080 847 deberet
1098 801 1296 858 pugna,
1321 782 1523 839 athleta
1539 780 1631 835 Dei
1651 777 1954 840 Udalricus,
1973 774 2150 830 sciens

564 888 694 960 quia
722 884 869 943 beati
891 889 1019 939 sunt
1039 880 1202 951 pedes
1228 891 1413 948 pacem
1454 881 1753 946 portantes,
1793 879 1849 923 et
1869 865 2011 938 quod
2036 866 2150 936 ipse

567 956 829 1035 Dominus
868 974 925 1030 in
978 969 1267 1042 Evangelia
1315 969 1427 1023 ait:
1456 965 1606 1020 Beati
1639 960 1849 1034 paciﬁci
1888 956 2143 1028 quoniam

569 1072 661 1128 lilii
694 1070 791 1125 Dei
834 1065 1211 1123 vocabuntur:
1241 1068 1517 1130 assumpto
1563 1054 1874 1116 llartberto,
1919 1048 2141 1106 Curien—

566 1164 641 1219 sis
690 1159 949 1217 Ecclesia:
993 1156 1249 1227 episcopo
1276 1150 1553 1223 religioso,
1579 1162 1637 1203 se
1663 1147 1716 1201 in
1741 1144 1975 1200 medium
2003 1140 2141 1211 inje-

565 1256 638 1311 cit
667 1271 681 1309 :
719 1268 784 1308 ac
823 1258 974 1306 tanta
1020 1262 1113 1303 eos
1141 1254 1263 1300 arte
1291 1234 1819 1317 suadendiaggrcssi
1847 1241 1995 1300 sunt,
2022 1232 2147 1317 _Spi-

567 1348 675 1402 ritu
703 1343 882 1399 Patris
929 1340 983 1394 in
1030 1338 1320 1393 amborum
1358 1346 1455 1389 ore
1482 1314 1758 1399 loquente,
1807 1333 1865 1379 ut
1893 1313 2052 1378 facile
2078 1320 2146 1376 ad

565 1436 715 1508 pacis
745 1433 949 1489 foedera
995 1432 1333 1491 revocarent,
1369 1430 1423 1477 et
1460 1434 1601 1475 verte
1629 1414 1913 1473 charitatis
1944 1410 2145 1469 donum

567 1501 722 1582 iirma
750 1512 1042 1579 stabilitate
1067 1518 1119 1572 in
1158 1514 1368 1570 illorum
1386 1508 1695 1581 pectoribus
1724 1501 2144 1561 consolidarent.

565 1621 681 1676 Non
713 1617 869 1674 aliter
899 1626 1024 1669 tunc
1052 1611 1179 1666 Otto
1210 1605 1564 1679 ptenitentem
1612 1597 1951 1668 Ludelphum
1983 1604 2144 1665 quam

567 1714 658 1769 ille
703 1706 1047 1779 evangelicus
1078 1709 1248 1774 pater
1298 1699 1426 1755 olim
1484 1692 1721 1763 suscepit
1782 1694 2143 1745 revertentem

569 1805 757 1860 lilium.
791 1776 1034 1870 Uterque
1063 1796 1209 1851 enim
1238 1792 1381 1848 illius
1422 1797 1671 1844 mortuus
1700 1783 1901 1846 fuerat,
1925 1788 1981 1836 et
2003 1776 2144 1833 revi-

566 1893 964 1965 xit:perierat,
1002 1896 1059 1943 et
1092 1887 1343 1943 inventus
1391 1887 1493 1961 est.
1537 1877 1623 1932 Fit
1672 1872 1923 1946 gaudium
1954 1872 2143 1941 ingens

566 1997 623 2045 et
649 1984 939 2042 exsultatio
970 1983 1022 2037 in
1052 1980 1296 2037 exercitu
1334 1980 1548 2032 cuncto.
1593 1971 1737 2028 Laus
1765 1976 1821 2024 et
1845 1965 2143 2038 gratiarum

567 2074 717 2134 actio
735 2079 958 2147 resonat
988 2071 1045 2127 in
1083 2083 1179 2126 ore
1216 2066 1502 2124 omnium:
1532 2061 1659 2134 quia
1681 2073 1780 2132 per
1801 2069 1989 2115 servos
2015 2067 2146 2112 suos

562 2168 816 2228 liberavit
836 2164 1101 2237 Dominus
1119 2160 1376 2234 populum
1407 2172 1587 2214 suum.
2136 2204 2141 2211 ,

592 2293 598 2298 -
634 2258 765 2317 Car.
804 2256 945 2313 XIV.
972 2285 1045 2297 —
1071 2251 1332 2326 Sequenti
1386 2264 1517 2307 vero
1542 2259 1704 2312 anno,
1738 2243 1791 2300 id
1828 2249 1935 2309 est,
1964 2239 2146 2299 Domi-

562 2350 704 2408 nica:
752 2344 1144 2405 incarnationis
1211 2339 1627 2411 nongentesimo
1697 2330 2148 2405 quinquagesimo

566 2442 779 2514 quinto,
836 2452 971 2511 gens
1015 2435 1396 2505 Hungarorum
1448 2427 1596 2487 omni
1635 2424 1816 2483 bellua
1853 2421 2145 2488 crudelior,

563 2512 717 2605 iuxta
745 2530 891 2601 quod
919 2529 1038 2584 viro
1078 2526 1172 2581 Dei
1227 2522 1444 2580 caelitus
1470 2527 1596 2575 ante
1622 2517 1800 2572 fuerat
1829 2512 2145 2578 revelatum,

566 2638 692 2680 cum
740 2614 1124 2676 innumerabili
1171 2610 1514 2669 multitudine
1557 2605 1764 2677 erupit,
1824 2613 2151 2670 omnemque

566 2713 888 2773 Noricorum
936 2708 1214 2780 regionem
1273 2720 1305 2760 a
1337 2700 1582 2759 Danubio
1626 2711 1797 2769 usque
1823 2695 1891 2751 ad
1926 2691 2149 2764 Nigram

565 2804 780 2869 silvam,
811 2816 932 2872 quas
956 2799 1024 2854 ad
1063 2804 1317 2855 montana
1348 2792 1601 2864 pertinet,
1628 2797 1684 2845 et
1702 2794 1909 2860 partem
1932 2784 2152 2856 provin-

566 2895 667 2952 cia:
684 2893 1113 2949 Alamannorum
1138 2901 1308 2958 usque
1333 2879 1830 2948 llilaramiluvium,
1859 2878 2148 2935 devastan-

560 2972 642 3042 do
665 2982 971 3053 occupavit.
1005 2979 1136 3047 Quae
1154 2977 1345 3033 Licum
1375 2973 1674 3037 transiens,
1705 2968 1990 3025 ecclesiam
2022 2980 2149 3023 san-

568 3086 674 3134 ctae
697 3074 845 3132 Afrae
871 3074 1001 3145 igne
1021 3066 1340 3132 combussit,
1364 3073 1527 3135 atque
1547 3063 1826 3118 civitatem
1848 3058 2149 3129 Augustam

2254 595 2431 642 ratum
2458 578 2756 651 aestimans,
2785 583 2832 639 si
2869 580 3207 641 solummodo
3236 595 3323 646 ea,
3350 595 3472 651 quae
3501 594 3605 638 sua
3627 592 3835 647 essent,

2252 687 2538 751 qttazreret,
2585 690 2915 746 suorumque
2941 689 3136 730 causas
3170 672 3484 744 negligerct,
3513 672 3679 743 juxta
3709 668 3838 729 illud

2250 773 2493 846 Apostoli
2524 790 2540 827 :
2573 770 2674 841 Qui
2722 784 2967 837 suorum,
3005 775 3062 826 et
3106 757 3346 836 maxime
3388 754 3837 832 domesticorum,

2250 880 2440 934 curam
2470 879 2575 919 non
2608 860 2792 929 habet,
2824 860 2987 916 {idem
3036 857 3274 928 negavit,
3304 864 3465 913 etest
3491 856 3737 914 deterior
3760 858 3841 911 in-

2252 955 2414 1010 ﬁdeli.
2448 954 2601 1010 Unde
2631 966 2851 1009 suorum
2872 948 3317 1021 congregationes
3340 944 3696 1012 clericorum,
3720 963 3839 1016 quae

2248 1047 2483 1103 hostium
2514 1042 2915 1115 deprredatione
2961 1042 3030 1099 ad
3059 1047 3267 1095 tantam
3332 1038 3562 1095 iuertmt
3597 1039 3841 1109 inepiam

2250 1138 2508 1204 redactaa,
2533 1146 2593 1191 ut
2618 1136 2689 1193 ad
2709 1134 3042 1206 quotidianae
3091 1129 3406 1187 refectionis
3434 1147 3599 1188 usum
3620 1131 3698 1186 nil
3721 1146 3843 1200 pos-

2245 1238 2368 1287 sent
2417 1229 2620 1284 habere
2662 1240 2846 1282 secum
2899 1223 3148 1289 retinuit,
3185 1238 3248 1280 ac
3280 1222 3611 1291 inquantum
3643 1222 3841 1291 potuit,

2248 1334 2452 1392 pauper
2493 1319 2607 1388 ipse
2656 1314 2942 1389 praesentis
2991 1314 3115 1376 vita:~
3164 1313 3472 1381 necessaria
3507 1313 3846 1383 pauperibus

2248 1414 2578 1470 ministravit
2607 1422 2704 1479 ;et
2732 1427 2841 1468 non
2881 1409 3056 1469 solum
3113 1408 3241 1474 illis,
3266 1408 3363 1469 sed
3394 1416 3461 1473 et
3482 1407 3752 1473 omnibus
3788 1420 3843 1461 se

2249 1502 2577 1574 petentibus,
2606 1508 2769 1573 prout
2799 1499 3009 1565 habuit,
3041 1497 3434 1567 misericordiae
3462 1512 3695 1552 manum
3718 1511 3845 1567 por-

2250 1596 2412 1661 rexit,
2435 1592 2594 1664 juxta
2613 1588 2747 1649 illud
2778 1591 3123 1651 Dominicum
3144 1597 3484 1661 praeceptum
3509 1603 3526 1642 :
3552 1586 3723 1644 Omni
3750 1601 3841 1658 pe-

2249 1689 2382 1744 tenti
2419 1696 2493 1755 te,
2531 1686 2728 1743 tribue.

2177 1778 2220 1836 Β
2321 1778 2449 1834 Car.
2480 1776 2596 1833 XV.
2617 1775 2788 1832 —-Eo
2818 1784 3058 1846 tempore
3081 1744 3401 1835 admonetur
3432 1772 3487 1829 in
3520 1772 3763 1835 visione,
3784 1778 3840 1823 ut

2247 1870 2533 1927 ecclesiam
2565 1878 2768 1925 sanctae
2800 1864 2967 1934 Afrae,
2995 1880 3114 1937 qua:
3143 1880 3176 1923 a
3214 1864 3441 1936 paganis
3494 1854 3685 1919 fuerat
3716 1877 3845 1918 con-

2248 1972 2517 2028 cremata,
2556 1974 2663 2016 non
2717 1959 2959 2015 tardaret
3006 1970 3283 2027 reparare,
3332 1969 3438 2010 nec
3469 1968 3580 2009 non
3611 1952 3842 2028 et_Sim-

2246 2055 2385 2127 perti
2438 2051 2675 2125 episcopi
2729 2022 3084 2121 sepulcrum,“
3111 2046 3254 2125 quod
3300 2046 3467 2101 situm
3512 2054 3641 2100 erat
3685 2022 3845 2113 'juxta

2248 2144 2450 2218 gradus
2495 2144 2548 2198 in
2572 2144 2760 2208 choro,
2782 2153 3020 2210 congruo
3068 2142 3388 2209 procuraret
3418 2142 3589 2189 tecto.
3622 2131 3710 2187 Ex
3746 2132 3844 2187 hoc

2249 2235 2413 2306 coepit
2439 2233 2531 2288 Dei
2559 2231 2792 2287 famulus
2818 2229 2871 2285 in
2893 2227 3117 2299 jejuniis
3142 2235 3199 2283 et
3225 2226 3479 2297 precibus
3497 2239 3631 2280 cum
3665 2222 3842 2278 cordis

2249 2325 2595 2392 contritione,
2624 2323 2753 2379 aliis
2790 2334 3004 2392 quoque
3039 2318 3171 2373 viris
3217 2316 3485 2388 religiosis
3534 2330 3731 2370 secum
3756 2328 3844 2368 as-

2249 2420 2500 2491 sumptis,
2527 2434 2587 2474 se
2610 2418 2718 2473 Deo
2743 2423 3005 2477 mactare,
3048 2411 3357 2484 supplicans
3408 2410 3608 2465 devote
3659 2416 3845 2478 quate-

2250 2532 2352 2572 nus
2391 2515 2732 2585 omnipotens
2772 2511 2914 2566 Deus
2937 2526 3035 2581 per
3067 2507 3498 2565 misericordiam
3538 2521 3706 2561 suam
3764 2504 3845 2560 die

2250 2616 2510 2679 gnaretur
2544 2602 2647 2662 sibi
2687 2588 3284 2668 mamtestare'locum,
3336 2599 3429 2655 ubi
3478 2597 3844 2655 sanctissima:

2249 2698 2513 2771 martyris
2542 2711 2653 2753 suae
2669 2711 2867 2771 corpus
2878 2702 3026 2753 esset
3046 2692 3405 2757 reconditum,
3427 2689 3515 2748 vel
3534 2691 3586 2749 si
3611 2690 3671 2745 in
3693 2700 3847 2762 parte

2250 2790 2500 2848 orientali
2529 2797 2717 2861 crypta
2764 2802 2831 2844 eo
2859 2787 2961 2843 loci
2989 2794 3139 2843 esset
3174 2782 3519 2850 aediﬁcanda,
3575 2784 3671 2838 ubi
3718 2797 3843 2838 sua-

2251 2883 2414 2941 debat
2441 2884 2491 2940 ei
2517 2882 2768 2940 voluntas
2790 2897 2912 2937 sua.
2938 2874 3080 2952 Ergo
3106 2886 3167 2935 ut
3188 2875 3446 2937 Dominus
3468 2892 3664 2933 verum
3700 2892 3847 2932 com-

2251 2979 2527 3051 probaret,
2579 2975 2724 3047 quod
2798 2988 2897 3046 per
2943 2990 3007 3030 os
3046 2972 3225 3029 sancti
3270 2968 3439 3027 David
3498 2964 3848 3027 dixitzEecc

2256 3070 2395 3127 oculi
2422 3067 2638 3124 Domini
2678 3063 3056 3136 superjastos,
3087 3071 3144 3120 et
3167 3079 3326 3119 aures
3362 3063 3496 3133 -ejus
3542 3062 3598 3119 in
3644 3071 3844 3132 preces

566 3166 854 3228 obsidione
882 3143 1260 3243 circumdedit.
1303 3157 1537 3214 Sanctus
1572 3160 1757 3209 autem
1783 3148 1881 3206 Dei
1910 3143 2150 3243 Ροῐξιίῖθξ
2182 3149 2225 3211 C
2262 3175 2470 3216 eorum.
2508 3157 2577 3212 Et
2610 3158 2666 3213 in
2721 3156 2829 3212 alio
2855 3155 2975 3213 loco
3008 3173 3022 3209 :
3050 3145 3396 3209 Voluntatem
3437 3152 3750 3209 timentium
3788 3166 3848 3209 se

566 3270 915 3330 nequaquam
968 3238 1101 3308 visis
1153 3257 1234 3306 tot
1270 3248 1433 3320 lupis,
1484 3246 1662 3302 instar
1688 3238 2035 3306 mercenarii,
2071 3237 2155 3294 sui
2258 3250 2441 3319 faciet,
2485 3258 2543 3306 ει
2576 3248 3013 3320 deprecationem
3056 3258 3246 3302 eorum
3282 3237 3561 3310 exaudi“.
3608 3248 3845 3315 quam

566 3349 753 3425 gregis
771 3344 1071 3404 custodiam
1095 3340 1350 3413 fugiendo
1383 3335 1687 3408 dereliquit,
1716 3334 1810 3391 sed
1836 3349 1904 3389 ex
1926 3332 2148 3387 adverso

2258 3350 2416 3397 nocte
2444 3339 2498 3395 in
2522 3338 2639 3394 visu
2667 3338 2719 3393 ei
2740 3345 2931 3394 sancta
2960 3334 3091 3392 Afra
3120 3334 3393 3406 apparuit,
3424 3344 3484 3390 et
3520 3330 3709 3390 locum
3755 3335 3840 3388 sui

569 3423 633 3502 se
658 3439 914 3515 opposuit
939 3454 1004 3495 ac
1032 3445 1204 3494 totam
1232 3448 1456 3491 causam
1478 3429 1709 3487 Domino
1734 3423 2152 3483 commendavit.

556 3536 643 3614 'At
667 3533 931 3592 militibus
956 3530 1381 3599 circumquaque
1416 3531 1515 3596 per
1546 3535 1765 3577 murum
1803 3528 1857 3577 et
1882 3528 2006 3576 ante
2031 3529 2158 3590 por-

567 3637 683 3684 tam
732 3625 936 3682 acriter
980 3628 1171 3680 contra
1194 3620 1379 3675 hostes
1427 3613 1838 3679 dimicantibus,
1879 3611 1967 3668 ille
1995 3624 2157 3680 super

568 3737 768 3794 equum
794 3720 1009 3785 sedens,
1042 3732 1154 3774 non
1191 3714 1378 3787 clypeo
1406 3717 1688 3783 protectus
1739 3717 1835 3766 aut
1859 3707 2035 3780 galea,
2060 3705 2156 3762 sed

570 3812 714 3871 stola
738 3812 984 3877 indutus,
1032 3809 1175 3864 intra
1203 3803 1441 3876 lapidum
1486 3816 1552 3859 ac
1599 3801 1924 3874 sagittarum
1953 3797 2157 3855 imbres

568 3900 858 3982 incedebat
914 3913 1162 3956 securus.
1218 3895 1447 3952 Videres
1506 3907 1709 3950 novum
1754 3888 1918 3947 Josue
1969 3902 2154 3944 arcam

568 3978 791 4050 Domini
840 3987 1215 4053 circumferre,
1239 3982 1484 4042 buccinis
1510 3994 1871 4053 concrepare:
1890 3977 1996 4035 nisi
2010 3978 2155 4049 quod

568 4083 736 4159 Josue
762 4066 929 4139 extra
957 4074 1323 4153 murosgurbis
1365 4073 1607 4139 Iericho,
1636 4073 1741 4128 iste
1767 4085 1901 4127 vero
1929 4069 2078 4127 intus
2098 4068 2155 4143 in

571 4175 733 4231 domo
760 4170 952 4227 Rahab
972 4168 1041 4226 ad
1084 4167 1255 4224 Deum
1286 4179 1588 4237 conversae.
1614 4164 1720 4220 hoc
1742 4170 1846 4230 est,
1876 4158 2153 4226 Ecclesire,

571 4264 850 4331 manebat,
898 4271 958 4319 et
1013 4261 1287 4319 civitatem
1330 4257 1531 4315 diaboli
1568 4255 1704 4312 foris
1730 4263 2041 4311 manentem
2067 4267 2158 4309 ex-

571 4355 869 4427 pugnabat.
908 4351 1072 4409 Josue
1100 4351 1259 4417 duce,
1296 4347 1674 4405 sacerdotibus
1715 4345 1811 4416 qui
1838 4358 2023 4401 arcam
2046 4344 2156 4399 Do-

2254 3432 2502 3504 cerporis
2524 3430 2578 3486 in
2607 3430 2836 3488 ecclesia
2866 3427 3275 3486 demonstravit.
3319 3426 3580 3497 Cryptam
3597 3440 3733 3482 vero
3753 3426 3845 3483 illo

2259 3524 2314 3579 in
2343 3522 2464 3580 loco
2492 3522 2608 3578 ﬁeri
2638 3521 2919 3593 prohibuit
2950 3530 3173 3592 propter
3208 3518 3466 3589 reliquias
3499 3526 3841 3582 sanctorum,

2259 3615 2350 3688 qui
2378 3614 2487 3671 illic
2511 3615 2565 3670 in
2592 3629 2727 3685 pace
2751 3615 3115 3685 quiescentes,
3140 3614 3432 3670 adventum
3450 3610 3590 3682 justi
3635 3611 3844 3668 Iudicis

2257 3713 2596 3779 exspectant.
2622 3705 2739 3762 Hae
2764 3705 3095 3763 revelatione
3129 3705 3441 3775 perdoctus,
3470 3704 3640 3775 cepit
3678 3703 3845 3759 desti-

2259 3808 2390 3857 nato
2417 3799 2569 3870 operi
2596 3798 2888 3871 vigilanter
2920 3798 3199 3864 insistere,
3241 3797 3484 3855 ecclesia:
3526 3813 3715 3859 muros
3764 3797 3846 3852 in-

2257 3902 2526 3957 staurare,
2580 3899 2826 3963 cryptam
2854 3891 2910 3947 in
2938 3889 3260 3948 occidentali
3298 3880 3456 3960 parte
3486 3900 3842 3945 construere:

2258 4000 2359 4042 nec
2370 3994 2528 4042 antea
2545 3999 2575 4039 a
2590 3984 2773 4040 labore
2785 3982 3035 4050 cessavit,
3049 3983 3222 4039 donec
3234 3980 3384 4037 brevi
3401 3979 3588 4041 omnia
3604 3978 3847 4050 perfecto

2258 4079 2452 4136 decore
2478 4077 2898 4134 consummavit.
3466 4130 3471 4135 ,
3786 4066 3789 4067 ⁷

2329 4170 2559 4243 Dignum
2590 4176 2675 4225 est
2718 4171 2864 4225 nunc
2908 4167 3284 4224 demonstrare
3335 4179 3445 4236 qua
3489 4163 3844 4240 veneratione

2259 4232 2453 4330 dignus
2514 4259 2586 4315 sit
2626 4257 2777 4314 locus
2829 4255 2937 4324 ille,
2969 4257 3025 4313 in
3082 4270 3190 4326 quo
3242 4232 3435 4313 sancta
3493 4254 3588 4310 Dei
3637 4232 3869 4322 martyr.

2258 4348 2530 4418 prohibuit
2576 4355 2822 4420 cryptam
2872 4346 3008 4403 ﬁeri.
3048 4346 3183 4402 Erat
3224 4344 3447 4414 quidam
3495 4342 3842 4405 hortulanus,

574 4445 708 4499 mini
739 4443 985 4500 ferebant
1009 4440 1255 4499 buccinis
1282 4438 1677 4511 clangentibus,
1710 4450 1775 4493 ac
1794 4435 2009 4493 cunctis
2053 4449 2155 4504 po-
2189 4502 2229 4514 .-
2259 4443 2352 4512 qui
2408 4443 2550 4498 inter
2596 4440 2838 4514 gramina
2893 4438 2967 4496 ibi
3034 4436 3468 4501 deambulando,
3527 4433 3844 4506 speluncam

574 4535 719 4606 pulis
773 4531 1137 4589 clamantibus
1167 4502 1560 4588 vociferalione
1606 4528 1868 4595 maxima,
1898 4525 2039 4583 muri
2056 4502 2156 4582 iJe-
2188 4502 2236 4561 θ
2260 4502 2550 4604 quamdam
2596 4502 2835 4602 ἶερθτίι,
2866 4528 2921 4585 in
2945 4545 3053 4600 qua
3079 4537 3135 4587 et
3161 4502 3611 4585 transformamur
3652 4524 3851 4581 aedicu-

576 4624 734 4680 ricbo
779 4620 1024 4677 funditus
1061 4630 1409 4677 corruerunt.
1463 4620 1573 4676 lsto
1614 4632 1802 4675 arcam
1848 4615 2064 4674 Domini
2101 4615 2155 4671 in
2259 4625 2366 4680 lam
2415 4625 2516 4680 sub
2589 4616 2737 4679 terra
2792 4631 3067 4677 ιηιιιιοιειη
3138 4619 3446 4690 conspexu,
3489 4624 3548 4673 ει
3594 4616 3844 4680 veniens,

576 4722 799 4788 pectore
857 4712 1060 4770 mundo
1079 4721 1322 4785 gerente,
1355 4720 1411 4768 et
1451 4726 1574 4768 cum
1600 4709 1978 4767 sacerdotibus
2003 4715 2057 4766 et
2083 4707 2158 4764 ιε-
2257 4714 2514 4786 episcopo
2564 4713 2856 4778 nuntiavit,
2916 4711 3078 4784 eique
3135 4711 3310 4767 dixit;
3363 4707 3422 4764 Si
3470 4716 3580 4763 um
3635 4706 3851 4777 placeat

576 4805 706 4862 vitis
733 4804 899 4871 tubis,
926 4804 977 4858 id
1006 4813 1110 4868 est,
1144 4801 1392 4873 psalmis,
1420 4800 1639 4873 hymnis
1659 4807 1713 4856 et
1743 4798 1973 4858 canticis
2000 4798 2148 4869 spiri‘

2259 4807 2553 4871 sanctitati,
2600 4805 2692 4862 hic
2719 4805 2866 4862 olera
2893 4820 3009 4860 mea
3040 4812 3098 4860 et
3124 4804 3254 4869 alia,
3282 4816 3405 4873 quas
3430 4802 3567 4857 mihi
3598 4809 3732 4856 sunt
3760 4813 3851 4855 nea

579 4894 816 4953 tualibus
856 4893 1217 4960 sonantibus.
1294 4891 1617 4962 cunctisque
1658 4888 1871 4962 populis
1921 4888 2156 4945 maxima
2262 4896 2521 4962 cessaria,
2549 4909 2773 4969 possunt
2796 4894 3147 4953 recondi.Cui
3170 4896 3259 4951 ille
3286 4896 3339 4950 in
3359 4894 3554 4964 spiritu
3572 4893 3717 4949 dixit
3744 4909 3762 4948 ε
3793 4889 3852 4946 Si

579 5001 747 5073 prece
789 4985 857 5042 ad
884 4986 1055 5042 Deum
1084 4994 1135 5038 et
1170 4984 1235 5039 ad
1277 4981 1393 5054 eius
1426 4990 1673 5039 sanctam
1700 4978 2020 5051 genitricem
2042 4976 2148 5032 Ma-

2266 4990 2367 5044 hoc
2392 4987 2612 5054 feceris,
2635 5003 2758 5044 mox
2780 5002 2937 5043 sensu
2962 4995 3015 5043 et
3036 4987 3405 5042 membrorum
3431 4983 3705 5053 sospitate
3731 4996 3852 5037 mox

583 5070 721 5134 riam
754 5092 968 5134 semper
1005 5077 1275 5134 virginem
1303 5091 1400 5134 nro
1448 5087 1548 5130 sua
1575 5071 1854 5134 ereptione
1877 5069 2162 5126 clamanti-
2264 5080 2499 5134 carebis,
2525 5079 2631 5134 sed
2666 5081 2852 5134 ωίεειο,
2878 5076 3434 5134 ιδεουθιογίυθηάεης.
3458 5075 3852 5134 ευηθιιοωιρω
