  <div class='ocr_page' id='page_1' title='image "/cluster/home/n/w/nwhite01/storage/ocr_20150623/142/hvd.32044015471808/605.png"; bbox 0 0 4024 5370; ppageno 0'>
   <div class='ocr_carea' id='block_1_1' title="bbox 615 386 754 443">
    <p class='ocr_par' dir='ltr' id='par_1_1' title="bbox 615 386 754 443">
     <span class='ocr_line' id='line_1_1' title="bbox 615 386 754 443; baseline 0 -1"><span class='ocrx_word' id='word_1_1' title='bbox 615 386 754 443; x_wconf 77' lang='lat' dir='ltr'><strong>H99</strong></span> 
     </span>
    </p>
   </div>
   <div class='ocr_carea' id='block_1_2' title="bbox 1707 380 2773 443">
    <p class='ocr_par' dir='ltr' id='par_1_2' title="bbox 1707 380 2773 443">
     <span class='ocr_line' id='line_1_2' title="bbox 1707 380 2773 443; baseline 0.004 -5"><span class='ocrx_word' id='word_1_2' title='bbox 1707 382 2047 442; x_wconf 80' lang='lat' dir='ltr'><strong>BERNONIS</strong></span> <span class='ocrx_word' id='word_1_3' title='bbox 2087 381 2374 442; x_wconf 72' lang='lat' dir='ltr'><strong>ABBATIS</strong></span> <span class='ocrx_word' id='word_1_4' title='bbox 2409 380 2773 443; x_wconf 79' lang='lat' dir='ltr'><strong>AUGIENSIS</strong></span> 
     </span>
    </p>
   </div>
   <div class='ocr_carea' id='block_1_3' title="bbox 3751 386 3875 441">
    <p class='ocr_par' dir='ltr' id='par_1_3' title="bbox 3751 386 3875 441">
     <span class='ocr_line' id='line_1_3' title="bbox 3751 386 3875 441; baseline 0 0"><span class='ocrx_word' id='word_1_5' title='bbox 3751 386 3875 441; x_wconf 68' lang='lat'><strong>1209</strong></span> 
     </span>
    </p>
   </div>
   <div class='ocr_carea' id='block_1_4' title="bbox 615 495 3872 572">
    <p class='ocr_par' dir='ltr' id='par_1_4' title="bbox 615 495 3872 572">
     <span class='ocr_line' id='line_1_4' title="bbox 615 495 3872 572; baseline -0.001 -14"><span class='ocrx_word' id='word_1_6' title='bbox 615 501 774 558; x_wconf 86' lang='lat' dir='ltr'>minis</span> <span class='ocrx_word' id='word_1_7' title='bbox 840 498 954 572; x_wconf 83' lang='lat' dir='ltr'><strong>ripa</strong></span> <span class='ocrx_word' id='word_1_8' title='bbox 1007 497 1293 554; x_wconf 88' lang='lat' dir='ltr'><strong>missarum</strong></span> <span class='ocrx_word' id='word_1_9' title='bbox 1355 495 1672 563; x_wconf 88' lang='lat' dir='ltr'><strong>solemniis,</strong></span> <span class='ocrx_word' id='word_1_10' title='bbox 1722 499 2039 568; x_wconf 65' lang='lat' dir='ltr'><strong>praedictum</strong></span> <span class='ocrx_word' id='word_1_11' title='bbox 2089 500 2191 554; x_wconf 85' lang='lat' dir='ltr'><strong>llu-</strong></span> <span class='ocrx_word' id='word_1_12' title='bbox 2219 503 2270 564; x_wconf 80' lang='grc' dir='ltr'><strong>Α</strong></span> <span class='ocrx_word' id='word_1_13' title='bbox 2299 507 2516 571; x_wconf 83' lang='lat' dir='ltr'><strong>Iamque</strong></span> <span class='ocrx_word' id='word_1_14' title='bbox 2563 500 2824 556; x_wconf 79' lang='lat' dir='ltr'><strong>familiam</strong></span> <span class='ocrx_word' id='word_1_15' title='bbox 2867 499 3050 555; x_wconf 86' lang='lat' dir='ltr'><strong>statim</strong></span> <span class='ocrx_word' id='word_1_16' title='bbox 3102 507 3442 555; x_wconf 84' lang='lat' dir='ltr'><strong>sacramento</strong></span> <span class='ocrx_word' id='word_1_17' title='bbox 3483 499 3588 556; x_wconf 91' lang='lat' dir='ltr'><strong>sibi</strong></span> <span class='ocrx_word' id='word_1_18' title='bbox 3620 502 3872 571; x_wconf 61' lang='lat' dir='ltr'><strong>subjicie-</strong></span> 
     </span>
    </p>
   </div>
   <div class='ocr_carea' id='block_1_5' title="bbox 611 587 2179 648">
    <p class='ocr_par' dir='ltr' id='par_1_5' title="bbox 611 587 2179 648">
     <span class='ocr_line' id='line_1_5' title="bbox 611 587 2179 648; baseline 0 -2"><span class='ocrx_word' id='word_1_19' title='bbox 611 593 756 647; x_wconf 90' lang='lat' dir='ltr'><strong>vium</strong></span> <span class='ocrx_word' id='word_1_20' title='bbox 789 590 1153 648; x_wconf 88' lang='lat' dir='ltr'><strong>transvadavit</strong></span> <span class='ocrx_word' id='word_1_21' title='bbox 1184 605 1304 646; x_wconf 89' lang='lat' dir='ltr'><strong>eum</strong></span> <span class='ocrx_word' id='word_1_22' title='bbox 1356 587 1730 646; x_wconf 89' lang='lat' dir='ltr'><strong>incolumitate</strong></span> <span class='ocrx_word' id='word_1_23' title='bbox 1775 591 2017 647; x_wconf 91' lang='lat' dir='ltr'><strong>omnium</strong></span> <span class='ocrx_word' id='word_1_24' title='bbox 2062 606 2179 647; x_wconf 84' lang='lat' dir='ltr'><strong>suo-</strong></span> 
     </span>
    </p>
   </div>
   <div class='ocr_carea' id='block_1_6' title="bbox 613 697 755 738">
    <p class='ocr_par' dir='ltr' id='par_1_6' title="bbox 613 697 755 738">
     <span class='ocr_line' id='line_1_6' title="bbox 613 697 755 738; baseline -0.028 0"><span class='ocrx_word' id='word_1_25' title='bbox 613 697 755 738; x_wconf 85' lang='lat' dir='ltr'><strong>rum.</strong></span> 
     </span>
    </p>
   </div>
   <div class='ocr_carea' id='block_1_7' title="bbox 683 771 2190 844">
    <p class='ocr_par' dir='ltr' id='par_1_7' title="bbox 683 771 2190 844">
     <span class='ocr_line' id='line_1_7' title="bbox 683 771 2190 844; baseline -0.001 -14"><span class='ocrx_word' id='word_1_26' title='bbox 683 775 812 830; x_wconf 79' lang='lat' dir='ltr'><strong>CAP.</strong></span> <span class='ocrx_word' id='word_1_27' title='bbox 863 773 1006 829; x_wconf 79' lang='lat' dir='ltr'><strong>XIX.</strong></span> <span class='ocrx_word' id='word_1_28' title='bbox 1031 803 1099 814; x_wconf 91' lang='lat'><strong>—</strong></span> <span class='ocrx_word' id='word_1_29' title='bbox 1143 773 1199 828; x_wconf 90' lang='lat' dir='ltr'><strong>In</strong></span> <span class='ocrx_word' id='word_1_30' title='bbox 1232 771 1336 827; x_wconf 83' lang='lat' dir='ltr'><strong>illis</strong></span> <span class='ocrx_word' id='word_1_31' title='bbox 1368 771 1560 829; x_wconf 90' lang='lat' dir='ltr'><strong>diebus</strong></span> <span class='ocrx_word' id='word_1_32' title='bbox 1587 771 1793 829; x_wconf 91' lang='lat' dir='ltr'><strong>electus</strong></span> <span class='ocrx_word' id='word_1_33' title='bbox 1818 772 1918 829; x_wconf 86' lang='lat' dir='ltr'><strong>Dei</strong></span> <span class='ocrx_word' id='word_1_34' title='bbox 1945 771 2190 844; x_wconf 75' lang='lat' dir='ltr'><strong>pontifex</strong></span> 
     </span>
    </p>
   </div>
   <div class='ocr_carea' id='block_1_8' title="bbox 610 863 2193 937">
    <p class='ocr_par' dir='ltr' id='par_1_8' title="bbox 610 863 2193 937">
     <span class='ocr_line' id='line_1_8' title="bbox 610 863 2193 937; baseline -0.004 -13"><span class='ocrx_word' id='word_1_35' title='bbox 610 883 780 925; x_wconf 82' lang='lat' dir='ltr'><strong>sacrae</strong></span> <span class='ocrx_word' id='word_1_36' title='bbox 808 865 1085 937; x_wconf 81' lang='lat' dir='ltr'><strong>religionis</strong></span> <span class='ocrx_word' id='word_1_37' title='bbox 1110 863 1290 920; x_wconf 88' lang='lat' dir='ltr'><strong>studio</strong></span> <span class='ocrx_word' id='word_1_38' title='bbox 1319 863 1601 930; x_wconf 89' lang='lat' dir='ltr'><strong>incitatus,</strong></span> <span class='ocrx_word' id='word_1_39' title='bbox 1632 863 1799 919; x_wconf 85' lang='lat' dir='ltr'><strong>divini</strong></span> <span class='ocrx_word' id='word_1_40' title='bbox 1834 863 2038 920; x_wconf 91' lang='lat' dir='ltr'><strong>amoris</strong></span> <span class='ocrx_word' id='word_1_41' title='bbox 2071 863 2193 935; x_wconf 82' lang='lat' dir='ltr'><strong>igne</strong></span> 
     </span>
    </p>
   </div>
   <div class='ocr_carea' id='block_1_9' title="bbox 610 954 2193 1027">
    <p class='ocr_par' dir='ltr' id='par_1_9' title="bbox 610 954 2193 1027">
     <span class='ocr_line' id='line_1_9' title="bbox 610 954 2193 1027; baseline -0.002 -14"><span class='ocrx_word' id='word_1_42' title='bbox 610 972 938 1024; x_wconf 87' lang='lat' dir='ltr'><strong>succensus,</strong></span> <span class='ocrx_word' id='word_1_43' title='bbox 967 956 1132 1027; x_wconf 72' lang='lat' dir='ltr'><strong>cmpit</strong></span> <span class='ocrx_word' id='word_1_44' title='bbox 1163 955 1218 1011; x_wconf 91' lang='lat' dir='ltr'><strong>in</strong></span> <span class='ocrx_word' id='word_1_45' title='bbox 1245 955 1474 1011; x_wconf 83' lang='lat' dir='ltr'><strong>ecclesia</strong></span> <span class='ocrx_word' id='word_1_46' title='bbox 1506 955 1682 1012; x_wconf 79' lang='lat' dir='ltr'><strong>sancti</strong></span> <span class='ocrx_word' id='word_1_47' title='bbox 1720 954 1982 1025; x_wconf 93' lang='lat' dir='ltr'><strong>Stephani</strong></span> <span class='ocrx_word' id='word_1_48' title='bbox 2013 968 2193 1027; x_wconf 84' lang='lat' dir='ltr'><strong>proto-</strong></span> 
     </span>
    </p>
   </div>
   <div class='ocr_carea' id='block_1_10' title="bbox 611 1046 2190 1124">
    <p class='ocr_par' dir='ltr' id='par_1_10' title="bbox 611 1046 2190 1124">
     <span class='ocr_line' id='line_1_10' title="bbox 611 1046 2190 1124; baseline -0.003 -17"><span class='ocrx_word' id='word_1_49' title='bbox 611 1049 867 1120; x_wconf 82' lang='lat' dir='ltr'><strong>martyris</strong></span> <span class='ocrx_word' id='word_1_50' title='bbox 893 1047 1132 1124; x_wconf 81' lang='lat' dir='ltr'><strong>Christi,</strong></span> <span class='ocrx_word' id='word_1_51' title='bbox 1161 1063 1284 1118; x_wconf 75' lang='lat' dir='ltr'><strong>qua:</strong></span> <span class='ocrx_word' id='word_1_52' title='bbox 1314 1055 1469 1101; x_wconf 82' lang='lat' dir='ltr'><strong>extra</strong></span> <span class='ocrx_word' id='word_1_53' title='bbox 1516 1046 1666 1102; x_wconf 86' lang='lat' dir='ltr'><strong>urbis</strong></span> <span class='ocrx_word' id='word_1_54' title='bbox 1695 1047 1893 1102; x_wconf 64' lang='lat' dir='ltr'><strong>muenia</strong></span> <span class='ocrx_word' id='word_1_55' title='bbox 1937 1047 2040 1102; x_wconf 85' lang='lat' dir='ltr'><strong>sita</strong></span> <span class='ocrx_word' id='word_1_56' title='bbox 2086 1060 2190 1114; x_wconf 86' lang='lat' dir='ltr'><strong>est,</strong></span> 
     </span>
    </p>
   </div>
   <div class='ocr_carea' id='block_1_11' title="bbox 608 1137 2190 1209">
    <p class='ocr_par' dir='ltr' id='par_1_11' title="bbox 608 1137 2190 1209">
     <span class='ocr_line' id='line_1_11' title="bbox 608 1137 2190 1209; baseline 0.001 -18"><span class='ocrx_word' id='word_1_57' title='bbox 608 1138 892 1209; x_wconf 87' lang='lat' dir='ltr'><strong>religiosas</strong></span> <span class='ocrx_word' id='word_1_58' title='bbox 920 1137 1156 1193; x_wconf 76' lang='lat' dir='ltr'><strong>feminas</strong></span> <span class='ocrx_word' id='word_1_59' title='bbox 1194 1151 1567 1208; x_wconf 77' lang='lat' dir='ltr'><strong>congregare:</strong></span> <span class='ocrx_word' id='word_1_60' title='bbox 1609 1146 1876 1207; x_wconf 89' lang='lat' dir='ltr'><strong>quatenus</strong></span> <span class='ocrx_word' id='word_1_61' title='bbox 1917 1137 1970 1192; x_wconf 91' lang='lat' dir='ltr'><strong>in</strong></span> <span class='ocrx_word' id='word_1_62' title='bbox 2001 1149 2190 1193; x_wconf 76' lang='lat' dir='ltr'><strong>sancto</strong></span> 
     </span>
    </p>
   </div>
   <div class='ocr_carea' id='block_1_12' title="bbox 605 1229 2186 1300">
    <p class='ocr_par' dir='ltr' id='par_1_12' title="bbox 605 1229 2186 1300">
     <span class='ocr_line' id='line_1_12' title="bbox 605 1229 2186 1300; baseline -0.001 -16"><span class='ocrx_word' id='word_1_63' title='bbox 605 1231 886 1300; x_wconf 89' lang='lat' dir='ltr'><strong>proposito</strong></span> <span class='ocrx_word' id='word_1_64' title='bbox 941 1239 1095 1285; x_wconf 90' lang='lat' dir='ltr'><strong>tanto</strong></span> <span class='ocrx_word' id='word_1_65' title='bbox 1158 1229 1383 1284; x_wconf 88' lang='lat' dir='ltr'><strong>liberius</strong></span> <span class='ocrx_word' id='word_1_66' title='bbox 1449 1229 1646 1285; x_wconf 90' lang='lat' dir='ltr'><strong>ibidem</strong></span> <span class='ocrx_word' id='word_1_67' title='bbox 1721 1229 1832 1285; x_wconf 92' lang='lat' dir='ltr'><strong>Deo</strong></span> <span class='ocrx_word' id='word_1_68' title='bbox 1886 1231 2186 1292; x_wconf 87' lang='lat' dir='ltr'><strong>servirent,</strong></span> 
     </span>
    </p>
   </div>
   <div class='ocr_carea' id='block_1_13' title="bbox 604 1305 2185 1390">
    <p class='ocr_par' dir='ltr' id='par_1_13' title="bbox 604 1305 2185 1390">
     <span class='ocr_line' id='line_1_13' title="bbox 604 1305 2185 1390; baseline 0.004 -19"><span class='ocrx_word' id='word_1_69' title='bbox 604 1330 809 1389; x_wconf 89' lang='lat' dir='ltr'><strong>quanto</strong></span> <span class='ocrx_word' id='word_1_70' title='bbox 832 1321 1041 1390; x_wconf 90' lang='lat' dir='ltr'><strong>longius</strong></span> <span class='ocrx_word' id='word_1_71' title='bbox 1067 1335 1097 1374; x_wconf 87' lang='lat' dir='ltr'><strong>a</strong></span> <span class='ocrx_word' id='word_1_72' title='bbox 1126 1320 1411 1375; x_wconf 74' lang='lat' dir='ltr'><strong>mundanae</strong></span> <span class='ocrx_word' id='word_1_73' title='bbox 1431 1320 1661 1375; x_wconf 84' lang='lat' dir='ltr'><strong>actionis</strong></span> <span class='ocrx_word' id='word_1_74' title='bbox 1684 1319 1868 1376; x_wconf 86' lang='lat' dir='ltr'><strong>labore</strong></span> <span class='ocrx_word' id='word_1_75' title='bbox 1895 1305 2185 1377; x_wconf 84' lang='lat' dir='ltr'><strong>distarent.</strong></span> 
     </span>
    </p>
   </div>
   <div class='ocr_carea' id='block_1_14' title="bbox 607 1411 2188 1492">
    <p class='ocr_par' dir='ltr' id='par_1_14' title="bbox 607 1411 2188 1492">
     <span class='ocr_line' id='line_1_14' title="bbox 607 1411 2188 1492; baseline 0.003 -26"><span class='ocrx_word' id='word_1_76' title='bbox 607 1411 685 1466; x_wconf 79' lang='lat' dir='ltr'><strong>Ad</strong></span> <span class='ocrx_word' id='word_1_77' title='bbox 733 1414 879 1482; x_wconf 91' lang='lat' dir='ltr'><strong>quod</strong></span> <span class='ocrx_word' id='word_1_78' title='bbox 917 1415 1308 1492; x_wconf 86' lang='lat' dir='ltr'><strong>monasterium</strong></span> <span class='ocrx_word' id='word_1_79' title='bbox 1359 1415 1484 1468; x_wconf 89' lang='lat' dir='ltr'><strong>dum</strong></span> <span class='ocrx_word' id='word_1_80' title='bbox 1535 1414 1781 1484; x_wconf 71' lang='lat' dir='ltr'><strong>qumdam</strong></span> <span class='ocrx_word' id='word_1_81' title='bbox 1830 1423 2079 1470; x_wconf 87' lang='lat' dir='ltr'><strong>matrona</strong></span> <span class='ocrx_word' id='word_1_82' title='bbox 2121 1417 2188 1470; x_wconf 89' lang='lat' dir='ltr'><strong>ad</strong></span> 
     </span>
    </p>
   </div>
   <div class='ocr_carea' id='block_1_15' title="bbox 604 1505 2185 1579">
    <p class='ocr_par' dir='ltr' id='par_1_15' title="bbox 604 1505 2185 1579">
     <span class='ocr_line' id='line_1_15' title="bbox 604 1505 2185 1579; baseline 0.001 -20"><span class='ocrx_word' id='word_1_83' title='bbox 604 1507 1015 1562; x_wconf 89' lang='lat' dir='ltr'><strong>conversionem</strong></span> <span class='ocrx_word' id='word_1_84' title='bbox 1048 1507 1280 1572; x_wconf 89' lang='lat' dir='ltr'><strong>veniret,</strong></span> <span class='ocrx_word' id='word_1_85' title='bbox 1310 1515 1364 1562; x_wconf 91' lang='lat' dir='ltr'><strong>et</strong></span> <span class='ocrx_word' id='word_1_86' title='bbox 1412 1521 1442 1559; x_wconf 92' lang='lat' dir='ltr'><strong>a</strong></span> <span class='ocrx_word' id='word_1_87' title='bbox 1492 1505 1909 1579; x_wconf 80' lang='lat' dir='ltr'><strong>congregatione</strong></span> <span class='ocrx_word' id='word_1_88' title='bbox 1938 1516 2185 1574; x_wconf 81' lang='lat' dir='ltr'><strong>suscepta</strong></span> 
     </span>
    </p>
   </div>
   <div class='ocr_carea' id='block_1_16' title="bbox 603 1595 2188 1668">
    <p class='ocr_par' dir='ltr' id='par_1_16' title="bbox 603 1595 2188 1668">
     <span class='ocr_line' id='line_1_16' title="bbox 603 1595 2188 1668; baseline 0.003 -20"><span class='ocrx_word' id='word_1_89' title='bbox 603 1595 817 1663; x_wconf 80' lang='lat' dir='ltr'><strong>fuisset,</strong></span> <span class='ocrx_word' id='word_1_90' title='bbox 841 1599 1006 1668; x_wconf 86' lang='lat' dir='ltr'><strong>coepit</strong></span> <span class='ocrx_word' id='word_1_91' title='bbox 1032 1597 1084 1651; x_wconf 91' lang='lat' dir='ltr'><strong>in</strong></span> <span class='ocrx_word' id='word_1_92' title='bbox 1113 1597 1204 1652; x_wconf 91' lang='lat' dir='ltr'><strong>Dei</strong></span> <span class='ocrx_word' id='word_1_93' title='bbox 1232 1597 1453 1652; x_wconf 87' lang='lat' dir='ltr'><strong>servitio</strong></span> <span class='ocrx_word' id='word_1_94' title='bbox 1480 1613 1700 1652; x_wconf 88' lang='lat' dir='ltr'><strong>manere</strong></span> <span class='ocrx_word' id='word_1_95' title='bbox 1723 1597 1916 1653; x_wconf 89' lang='lat' dir='ltr'><strong>devota</strong></span> <span class='ocrx_word' id='word_1_96' title='bbox 1942 1614 1956 1652; x_wconf 96' lang='lat'><strong>:</strong></span> <span class='ocrx_word' id='word_1_97' title='bbox 1982 1608 2037 1652; x_wconf 91' lang='lat' dir='ltr'><strong>et</strong></span> <span class='ocrx_word' id='word_1_98' title='bbox 2062 1597 2188 1652; x_wconf 87' lang='lat' dir='ltr'><strong>licet</strong></span> 
     </span>
    </p>
   </div>
   <div class='ocr_carea' id='block_1_17' title="bbox 603 1686 2186 1755">
    <p class='ocr_par' dir='ltr' id='par_1_17' title="bbox 603 1686 2186 1755">
     <span class='ocr_line' id='line_1_17' title="bbox 603 1686 2186 1755; baseline 0.003 -15"><span class='ocrx_word' id='word_1_99' title='bbox 603 1686 910 1742; x_wconf 90' lang='lat' dir='ltr'><strong>litterarum</strong></span> <span class='ocrx_word' id='word_1_100' title='bbox 943 1687 1166 1744; x_wconf 90' lang='lat' dir='ltr'><strong>scicntia</strong></span> <span class='ocrx_word' id='word_1_101' title='bbox 1196 1687 1372 1742; x_wconf 91' lang='lat' dir='ltr'><strong>minus</strong></span> <span class='ocrx_word' id='word_1_102' title='bbox 1403 1688 1695 1755; x_wconf 91' lang='lat' dir='ltr'><strong>instructa,</strong></span> <span class='ocrx_word' id='word_1_103' title='bbox 1726 1697 1905 1744; x_wconf 89' lang='lat' dir='ltr'><strong>tamen</strong></span> <span class='ocrx_word' id='word_1_104' title='bbox 1934 1689 2001 1744; x_wconf 92' lang='lat' dir='ltr'><strong>ad</strong></span> <span class='ocrx_word' id='word_1_105' title='bbox 2031 1699 2186 1744; x_wconf 78' lang='lat' dir='ltr'><strong>exte-</strong></span> 
     </span>
    </p>
   </div>
   <div class='ocr_carea' id='block_1_18' title="bbox 603 1777 2186 1848">
    <p class='ocr_par' dir='ltr' id='par_1_18' title="bbox 603 1777 2186 1848">
     <span class='ocr_line' id='line_1_18' title="bbox 603 1777 2186 1848; baseline 0.002 -16"><span class='ocrx_word' id='word_1_106' title='bbox 603 1779 748 1833; x_wconf 90' lang='lat' dir='ltr'><strong>riora</strong></span> <span class='ocrx_word' id='word_1_107' title='bbox 775 1779 1107 1848; x_wconf 89' lang='lat' dir='ltr'><strong>providenda</strong></span> <span class='ocrx_word' id='word_1_108' title='bbox 1140 1778 1274 1833; x_wconf 86' lang='lat' dir='ltr'><strong>satis</strong></span> <span class='ocrx_word' id='word_1_109' title='bbox 1301 1789 1420 1833; x_wconf 92' lang='lat' dir='ltr'><strong>erat</strong></span> <span class='ocrx_word' id='word_1_110' title='bbox 1451 1779 1665 1834; x_wconf 89' lang='lat' dir='ltr'><strong>idonea.</strong></span> <span class='ocrx_word' id='word_1_111' title='bbox 1697 1777 1850 1835; x_wconf 86' lang='lat' dir='ltr'><strong>Unde</strong></span> <span class='ocrx_word' id='word_1_112' title='bbox 1896 1795 2112 1836; x_wconf 92' lang='lat' dir='ltr'><strong>sorores</strong></span> <span class='ocrx_word' id='word_1_113' title='bbox 2136 1781 2186 1835; x_wconf 89' lang='lat' dir='ltr'><strong>ci</strong></span> 
     </span>
    </p>
   </div>
   <div class='ocr_carea' id='block_1_19' title="bbox 2295 591 3873 664">
    <p class='ocr_par' dir='ltr' id='par_1_19' title="bbox 2295 591 3873 664">
     <span class='ocr_line' id='line_1_19' title="bbox 2295 591 3873 664; baseline 0 -19"><span class='ocrx_word' id='word_1_114' title='bbox 2295 591 2407 657; x_wconf 85' lang='lat' dir='ltr'><strong>bat,</strong></span> <span class='ocrx_word' id='word_1_115' title='bbox 2439 607 2503 645; x_wconf 89' lang='lat' dir='ltr'><strong>ac</strong></span> <span class='ocrx_word' id='word_1_116' title='bbox 2534 592 2741 664; x_wconf 80' lang='lat' dir='ltr'><strong>virgam</strong></span> <span class='ocrx_word' id='word_1_117' title='bbox 2778 591 3102 662; x_wconf 88' lang='lat' dir='ltr'><strong>pastoralem</strong></span> <span class='ocrx_word' id='word_1_118' title='bbox 3147 592 3360 662; x_wconf 89' lang='lat' dir='ltr'><strong>publice</strong></span> <span class='ocrx_word' id='word_1_119' title='bbox 3405 607 3570 646; x_wconf 89' lang='lat' dir='ltr'><strong>manu</strong></span> <span class='ocrx_word' id='word_1_120' title='bbox 3609 593 3873 663; x_wconf 77' lang='lat' dir='ltr'><strong>gestabat.</strong></span> 
     </span>
    </p>
   </div>
   <div class='ocr_carea' id='block_1_20' title="bbox 2294 681 3876 754">
    <p class='ocr_par' dir='ltr' id='par_1_20' title="bbox 2294 681 3876 754">
     <span class='ocr_line' id='line_1_20' title="bbox 2294 681 3876 754; baseline 0.001 -20"><span class='ocrx_word' id='word_1_121' title='bbox 2294 681 2447 748; x_wconf 84' lang='lat' dir='ltr'><strong>Quod</strong></span> <span class='ocrx_word' id='word_1_122' title='bbox 2490 682 2674 738; x_wconf 68' lang='lat' dir='ltr'><strong>caueri</strong></span> <span class='ocrx_word' id='word_1_123' title='bbox 2723 683 2990 754; x_wconf 88' lang='lat' dir='ltr'><strong>episcopi,</strong></span> <span class='ocrx_word' id='word_1_124' title='bbox 3020 683 3240 754; x_wconf 83' lang='lat' dir='ltr'><strong>indigne</strong></span> <span class='ocrx_word' id='word_1_125' title='bbox 3276 683 3544 748; x_wconf 76' lang='lat' dir='ltr'><strong>ferentes,</strong></span> <span class='ocrx_word' id='word_1_126' title='bbox 3578 683 3774 738; x_wconf 88' lang='lat' dir='ltr'><strong>ambos</strong></span> <span class='ocrx_word' id='word_1_127' title='bbox 3813 683 3876 736; x_wconf 80' lang='lat' dir='ltr'><strong>ad</strong></span> 
     </span>
    </p>
   </div>
   <div class='ocr_carea' id='block_1_21' title="bbox 2293 771 3876 844">
    <p class='ocr_par' dir='ltr' id='par_1_21' title="bbox 2293 771 3876 844">
     <span class='ocr_line' id='line_1_21' title="bbox 2293 771 3876 844; baseline -0.001 -17"><span class='ocrx_word' id='word_1_128' title='bbox 2293 773 2558 843; x_wconf 87' lang='lat' dir='ltr'><strong>synodum</strong></span> <span class='ocrx_word' id='word_1_129' title='bbox 2609 782 2959 838; x_wconf 80' lang='lat' dir='ltr'><strong>vocaverunt,</strong></span> <span class='ocrx_word' id='word_1_130' title='bbox 3005 781 3170 844; x_wconf 88' lang='lat' dir='ltr'><strong>atque</strong></span> <span class='ocrx_word' id='word_1_131' title='bbox 3217 773 3535 842; x_wconf 85' lang='lat' dir='ltr'><strong>praedictum</strong></span> <span class='ocrx_word' id='word_1_132' title='bbox 3583 771 3876 826; x_wconf 80' lang='lat' dir='ltr'><strong>Adalbeno-</strong></span> 
     </span>
    </p>
   </div>
   <div class='ocr_carea' id='block_1_22' title="bbox 2293 863 3880 935">
    <p class='ocr_par' dir='ltr' id='par_1_22' title="bbox 2293 863 3880 935">
     <span class='ocr_line' id='line_1_22' title="bbox 2293 863 3880 935; baseline 0 -18"><span class='ocrx_word' id='word_1_133' title='bbox 2293 878 2415 918; x_wconf 91' lang='lat' dir='ltr'><strong>nem</strong></span> <span class='ocrx_word' id='word_1_134' title='bbox 2447 863 2717 919; x_wconf 58' lang='lat' dir='ltr'><strong>haeretica:</strong></span> <span class='ocrx_word' id='word_1_135' title='bbox 2745 874 2978 935; x_wconf 85' lang='lat' dir='ltr'><strong>arguunt</strong></span> <span class='ocrx_word' id='word_1_136' title='bbox 2999 863 3439 934; x_wconf 66' lang='lat' dir='ltr'><strong>praesumptionis</strong></span> <span class='ocrx_word' id='word_1_137' title='bbox 3461 863 3631 933; x_wconf 86' lang='lat' dir='ltr'><strong>quod,</strong></span> <span class='ocrx_word' id='word_1_138' title='bbox 3663 864 3880 917; x_wconf 88' lang='lat' dir='ltr'><strong>domino</strong></span> 
     </span>
    </p>
   </div>
   <div class='ocr_carea' id='block_1_23' title="bbox 2285 953 3876 1025">
    <p class='ocr_par' dir='ltr' id='par_1_23' title="bbox 2285 953 3876 1025">
     <span class='ocr_line' id='line_1_23' title="bbox 2285 953 3876 1025; baseline -0.002 -17"><span class='ocrx_word' id='word_1_139' title='bbox 2285 968 2393 1008; x_wconf 79' lang='lat' dir='ltr'><strong>suo</strong></span> <span class='ocrx_word' id='word_1_140' title='bbox 2436 953 2614 1010; x_wconf 90' lang='lat' dir='ltr'><strong>adhuc</strong></span> <span class='ocrx_word' id='word_1_141' title='bbox 2656 955 2970 1024; x_wconf 84' lang='lat' dir='ltr'><strong>superstite,</strong></span> <span class='ocrx_word' id='word_1_142' title='bbox 3006 954 3130 1008; x_wconf 89' lang='lat' dir='ltr'><strong>talia</strong></span> <span class='ocrx_word' id='word_1_143' title='bbox 3168 970 3274 1009; x_wconf 92' lang='lat' dir='ltr'><strong>non</strong></span> <span class='ocrx_word' id='word_1_144' title='bbox 3316 953 3696 1025; x_wconf 88' lang='lat' dir='ltr'><strong>pertimuisset</strong></span> <span class='ocrx_word' id='word_1_145' title='bbox 3723 969 3876 1006; x_wconf 82' lang='lat' dir='ltr'><strong>usur-</strong></span> 
     </span>
    </p>
   </div>
   <div class='ocr_carea' id='block_1_24' title="bbox 2291 1041 3882 1114">
    <p class='ocr_par' dir='ltr' id='par_1_24' title="bbox 2291 1041 3882 1114">
     <span class='ocr_line' id='line_1_24' title="bbox 2291 1041 3882 1114; baseline -0.001 -17"><span class='ocrx_word' id='word_1_146' title='bbox 2291 1058 2438 1114; x_wconf 87' lang='lat' dir='ltr'><strong>pare.</strong></span> <span class='ocrx_word' id='word_1_147' title='bbox 2461 1042 2530 1098; x_wconf 86' lang='lat' dir='ltr'><strong>At</strong></span> <span class='ocrx_word' id='word_1_148' title='bbox 2551 1042 2638 1097; x_wconf 92' lang='lat' dir='ltr'><strong>ille</strong></span> <span class='ocrx_word' id='word_1_149' title='bbox 2662 1043 2789 1097; x_wconf 88' lang='lat' dir='ltr'><strong>dum</strong></span> <span class='ocrx_word' id='word_1_150' title='bbox 2819 1044 2884 1099; x_wconf 85' lang='lat' dir='ltr'><strong>de</strong></span> <span class='ocrx_word' id='word_1_151' title='bbox 2907 1043 3134 1114; x_wconf 85' lang='lat' dir='ltr'><strong>objectis</strong></span> <span class='ocrx_word' id='word_1_152' title='bbox 3154 1043 3254 1097; x_wconf 86' lang='lat' dir='ltr'><strong>sibi</strong></span> <span class='ocrx_word' id='word_1_153' title='bbox 3283 1041 3608 1096; x_wconf 85' lang='lat' dir='ltr'><strong>criminibus</strong></span> <span class='ocrx_word' id='word_1_154' title='bbox 3634 1057 3696 1096; x_wconf 90' lang='lat' dir='ltr'><strong>se</strong></span> <span class='ocrx_word' id='word_1_155' title='bbox 3722 1041 3882 1096; x_wconf 78' lang='lat' dir='ltr'><strong>vellet</strong></span> 
     </span>
    </p>
   </div>
   <div class='ocr_carea' id='block_1_25' title="bbox 2287 1132 3880 1206">
    <p class='ocr_par' dir='ltr' id='par_1_25' title="bbox 2287 1132 3880 1206">
     <span class='ocr_line' id='line_1_25' title="bbox 2287 1132 3880 1206; baseline -0.001 -18"><span class='ocrx_word' id='word_1_156' title='bbox 2287 1151 2546 1206; x_wconf 77' lang='lat' dir='ltr'><strong>purgare,</strong></span> <span class='ocrx_word' id='word_1_157' title='bbox 2591 1138 2658 1192; x_wconf 87' lang='lat' dir='ltr'><strong>ab</strong></span> <span class='ocrx_word' id='word_1_158' title='bbox 2691 1137 2944 1191; x_wconf 85' lang='lat' dir='ltr'><strong>omnibus</strong></span> <span class='ocrx_word' id='word_1_159' title='bbox 2995 1135 3272 1190; x_wconf 86' lang='lat' dir='ltr'><strong>inventum</strong></span> <span class='ocrx_word' id='word_1_160' title='bbox 3318 1146 3422 1199; x_wconf 90' lang='lat' dir='ltr'><strong>est,</strong></span> <span class='ocrx_word' id='word_1_161' title='bbox 3471 1134 3525 1187; x_wconf 90' lang='lat' dir='ltr'><strong>id</strong></span> <span class='ocrx_word' id='word_1_162' title='bbox 3568 1133 3734 1190; x_wconf 87' lang='lat' dir='ltr'><strong>aliter</strong></span> <span class='ocrx_word' id='word_1_163' title='bbox 3767 1132 3880 1186; x_wconf 88' lang='lat' dir='ltr'><strong>lien&#39;</strong></span> 
     </span>
    </p>
   </div>
   <div class='ocr_carea' id='block_1_26' title="bbox 2291 1223 3882 1298">
    <p class='ocr_par' dir='ltr' id='par_1_26' title="bbox 2291 1223 3882 1298">
     <span class='ocr_line' id='line_1_26' title="bbox 2291 1223 3882 1298; baseline -0.002 -19"><span class='ocrx_word' id='word_1_164' title='bbox 2291 1241 2397 1279; x_wconf 86' lang='lat' dir='ltr'><strong>non</strong></span> <span class='ocrx_word' id='word_1_165' title='bbox 2429 1241 2612 1298; x_wconf 90' lang='lat' dir='ltr'><strong>posse,</strong></span> <span class='ocrx_word' id='word_1_166' title='bbox 2653 1226 2781 1292; x_wconf 90' lang='lat' dir='ltr'><strong>nisi,</strong></span> <span class='ocrx_word' id='word_1_167' title='bbox 2817 1227 2994 1281; x_wconf 87' lang='lat' dir='ltr'><strong>allatis</strong></span> <span class='ocrx_word' id='word_1_168' title='bbox 3020 1236 3332 1282; x_wconf 90' lang='lat' dir='ltr'><strong>sanctorum</strong></span> <span class='ocrx_word' id='word_1_169' title='bbox 3371 1224 3798 1295; x_wconf 84' lang='lat' dir='ltr'><strong>Evangeliorum</strong></span> <span class='ocrx_word' id='word_1_170' title='bbox 3829 1223 3882 1276; x_wconf 91' lang='lat' dir='ltr'><strong>in</strong></span> 
     </span>
    </p>
   </div>
   <div class='ocr_carea' id='block_1_27' title="bbox 2290 1313 3884 1383">
    <p class='ocr_par' dir='ltr' id='par_1_27' title="bbox 2290 1313 3884 1383">
     <span class='ocr_line' id='line_1_27' title="bbox 2290 1313 3884 1383; baseline -0.001 -15"><span class='ocrx_word' id='word_1_171' title='bbox 2290 1316 2469 1371; x_wconf 90' lang='lat' dir='ltr'><strong>medio</strong></span> <span class='ocrx_word' id='word_1_172' title='bbox 2503 1316 2679 1383; x_wconf 88' lang='lat' dir='ltr'><strong>libris,</strong></span> <span class='ocrx_word' id='word_1_173' title='bbox 2713 1325 3058 1372; x_wconf 88' lang='lat' dir='ltr'><strong>sacramento</strong></span> <span class='ocrx_word' id='word_1_174' title='bbox 3112 1315 3353 1370; x_wconf 85' lang='lat' dir='ltr'><strong>ﬁrmaret</strong></span> <span class='ocrx_word' id='word_1_175' title='bbox 3395 1329 3456 1370; x_wconf 85' lang='lat' dir='ltr'><strong>se</strong></span> <span class='ocrx_word' id='word_1_176' title='bbox 3485 1314 3735 1369; x_wconf 85' lang='lat' dir='ltr'><strong>nescisse</strong></span> <span class='ocrx_word' id='word_1_177' title='bbox 3778 1313 3884 1366; x_wconf 71' lang='lat' dir='ltr'><strong>b.13-</strong></span> 
     </span>
    </p>
   </div>
   <div class='ocr_carea' id='block_1_28' title="bbox 2291 1403 3882 1484">
    <p class='ocr_par' dir='ltr' id='par_1_28' title="bbox 2291 1403 3882 1484">
     <span class='ocr_line' id='line_1_28' title="bbox 2291 1403 3882 1484; baseline -0.003 -23"><span class='ocrx_word' id='word_1_178' title='bbox 2291 1407 2433 1484; x_wconf 85' lang='lat' dir='ltr'><strong>rcsin</strong></span> <span class='ocrx_word' id='word_1_179' title='bbox 2466 1407 2648 1474; x_wconf 81' lang='lat' dir='ltr'><strong>fuisse,</strong></span> <span class='ocrx_word' id='word_1_180' title='bbox 2682 1407 2824 1478; x_wconf 89' lang='lat' dir='ltr'><strong>quod</strong></span> <span class='ocrx_word' id='word_1_181' title='bbox 2867 1407 2990 1462; x_wconf 91' lang='lat' dir='ltr'><strong>talia</strong></span> <span class='ocrx_word' id='word_1_182' title='bbox 3021 1407 3455 1478; x_wconf 72' lang='lat' dir='ltr'><strong>prmsumpsisset</strong></span> <span class='ocrx_word' id='word_1_183' title='bbox 3507 1403 3718 1460; x_wconf 79' lang='lat' dir='ltr'><strong>facere.</strong></span> <span class='ocrx_word' id='word_1_184' title='bbox 3751 1404 3882 1470; x_wconf 84' lang='lat' dir='ltr'><strong>Qui-</strong></span> 
     </span>
    </p>
   </div>
   <div class='ocr_carea' id='block_1_29' title="bbox 2289 1496 3884 1571">
    <p class='ocr_par' dir='ltr' id='par_1_29' title="bbox 2289 1496 3884 1571">
     <span class='ocr_line' id='line_1_29' title="bbox 2289 1496 3884 1571; baseline -0.003 -19"><span class='ocrx_word' id='word_1_185' title='bbox 2289 1498 2389 1554; x_wconf 88' lang='lat' dir='ltr'><strong>bus</strong></span> <span class='ocrx_word' id='word_1_186' title='bbox 2433 1500 2686 1556; x_wconf 90' lang='lat' dir='ltr'><strong>omnibus</strong></span> <span class='ocrx_word' id='word_1_187' title='bbox 2735 1517 2853 1571; x_wconf 67' lang='lat' dir='ltr'><strong>quae</strong></span> <span class='ocrx_word' id='word_1_188' title='bbox 2918 1501 2983 1555; x_wconf 85' lang='lat' dir='ltr'><strong>ad</strong></span> <span class='ocrx_word' id='word_1_189' title='bbox 3050 1500 3153 1555; x_wconf 86' lang='lat' dir='ltr'><strong>hoc</strong></span> <span class='ocrx_word' id='word_1_190' title='bbox 3204 1499 3477 1569; x_wconf 86' lang='lat' dir='ltr'><strong>negotium</strong></span> <span class='ocrx_word' id='word_1_191' title='bbox 3531 1496 3884 1567; x_wconf 80' lang='lat' dir='ltr'><strong>pertinebant</strong></span> 
     </span>
    </p>
   </div>
   <div class='ocr_carea' id='block_1_30' title="bbox 2289 1585 3882 1658">
    <p class='ocr_par' dir='ltr' id='par_1_30' title="bbox 2289 1585 3882 1658">
     <span class='ocr_line' id='line_1_30' title="bbox 2289 1585 3882 1658; baseline -0.004 -15"><span class='ocrx_word' id='word_1_192' title='bbox 2289 1587 2546 1658; x_wconf 86' lang='lat' dir='ltr'><strong>expletis,</strong></span> <span class='ocrx_word' id='word_1_193' title='bbox 2596 1590 2646 1643; x_wconf 93' lang='lat' dir='ltr'><strong>in</strong></span> <span class='ocrx_word' id='word_1_194' title='bbox 2682 1604 2780 1644; x_wconf 88' lang='lat' dir='ltr'><strong>sua</strong></span> <span class='ocrx_word' id='word_1_195' title='bbox 2817 1589 3096 1644; x_wconf 89' lang='lat' dir='ltr'><strong>redierunt</strong></span> <span class='ocrx_word' id='word_1_196' title='bbox 3122 1589 3282 1642; x_wconf 88' lang='lat' dir='ltr'><strong>ambo</strong></span> <span class='ocrx_word' id='word_1_197' title='bbox 3310 1587 3602 1657; x_wconf 84' lang='lat' dir='ltr'><strong>episcopus</strong></span> <span class='ocrx_word' id='word_1_198' title='bbox 3643 1594 3704 1640; x_wconf 91' lang='lat' dir='ltr'><strong>et</strong></span> <span class='ocrx_word' id='word_1_199' title='bbox 3726 1585 3882 1638; x_wconf 81' lang='lat' dir='ltr'><strong>Adal-</strong></span> 
     </span>
    </p>
   </div>
   <div class='ocr_carea' id='block_1_31' title="bbox 2290 1679 3880 1753">
    <p class='ocr_par' dir='ltr' id='par_1_31' title="bbox 2290 1679 3880 1753">
     <span class='ocr_line' id='line_1_31' title="bbox 2290 1679 3880 1753; baseline -0.004 -19"><span class='ocrx_word' id='word_1_200' title='bbox 2290 1679 2440 1744; x_wconf 84' lang='lat' dir='ltr'><strong>bero,</strong></span> <span class='ocrx_word' id='word_1_201' title='bbox 2475 1681 2566 1736; x_wconf 84' lang='lat' dir='ltr'><strong>tali</strong></span> <span class='ocrx_word' id='word_1_202' title='bbox 2599 1697 2628 1736; x_wconf 83' lang='lat' dir='ltr'><strong>a</strong></span> <span class='ocrx_word' id='word_1_203' title='bbox 2657 1691 2842 1737; x_wconf 85' lang='lat' dir='ltr'><strong>sancta</strong></span> <span class='ocrx_word' id='word_1_204' title='bbox 2867 1681 3072 1753; x_wconf 87' lang='lat' dir='ltr'><strong>synodo</strong></span> <span class='ocrx_word' id='word_1_205' title='bbox 3093 1680 3467 1736; x_wconf 82' lang='lat' dir='ltr'><strong>consolatione</strong></span> <span class='ocrx_word' id='word_1_206' title='bbox 3496 1685 3784 1748; x_wconf 58' lang='lat' dir='ltr'><strong>percepta,</strong></span> <span class='ocrx_word' id='word_1_207' title='bbox 3806 1685 3880 1741; x_wconf 86' lang='lat' dir='ltr'><strong>ut,</strong></span> 
     </span>
    </p>
   </div>
   <div class='ocr_carea' id='block_1_32' title="bbox 2287 1772 3883 1848">
    <p class='ocr_par' dir='ltr' id='par_1_32' title="bbox 2287 1772 3883 1848">
     <span class='ocr_line' id='line_1_32' title="bbox 2287 1772 3883 1848; baseline -0.003 -19"><span class='ocrx_word' id='word_1_208' title='bbox 2287 1776 2544 1846; x_wconf 86' lang='lat' dir='ltr'><strong>episcopo</strong></span> <span class='ocrx_word' id='word_1_209' title='bbox 2578 1777 2873 1848; x_wconf 87' lang='lat' dir='ltr'><strong>decedente</strong></span> <span class='ocrx_word' id='word_1_210' title='bbox 2905 1778 2972 1831; x_wconf 87' lang='lat' dir='ltr'><strong>ab</strong></span> <span class='ocrx_word' id='word_1_211' title='bbox 3007 1777 3110 1832; x_wconf 87' lang='lat' dir='ltr'><strong>hac</strong></span> <span class='ocrx_word' id='word_1_212' title='bbox 3137 1777 3270 1841; x_wconf 84' lang='lat' dir='ltr'><strong>vita,</strong></span> <span class='ocrx_word' id='word_1_213' title='bbox 3297 1774 3477 1829; x_wconf 90' lang='lat' dir='ltr'><strong>nullus</strong></span> <span class='ocrx_word' id='word_1_214' title='bbox 3523 1789 3628 1843; x_wconf 80' lang='lat' dir='ltr'><strong>pro</strong></span> <span class='ocrx_word' id='word_1_215' title='bbox 3657 1787 3726 1828; x_wconf 90' lang='lat' dir='ltr'><strong>eo</strong></span> <span class='ocrx_word' id='word_1_216' title='bbox 3753 1772 3883 1825; x_wconf 86' lang='lat' dir='ltr'><strong>alius</strong></span> 
     </span>
    </p>
   </div>
   <div class='ocr_carea' id='block_1_33' title="bbox 601 1863 3884 1944">
    <p class='ocr_par' dir='ltr' id='par_1_33' title="bbox 601 1863 3884 1944">
     <span class='ocr_line' id='line_1_33' title="bbox 601 1863 3884 1944; baseline -0.001 -24"><span class='ocrx_word' id='word_1_217' title='bbox 601 1867 891 1923; x_wconf 91' lang='lat' dir='ltr'><strong>voluerunt</strong></span> <span class='ocrx_word' id='word_1_218' title='bbox 933 1865 1166 1922; x_wconf 81' lang='lat' dir='ltr'><strong>cilicium</strong></span> <span class='ocrx_word' id='word_1_219' title='bbox 1217 1867 1453 1923; x_wconf 72' lang='lat' dir='ltr'><strong>cellaria:</strong></span> <span class='ocrx_word' id='word_1_220' title='bbox 1504 1871 1906 1934; x_wconf 87' lang='lat' dir='ltr'><strong>commendare,</strong></span> <span class='ocrx_word' id='word_1_221' title='bbox 1951 1870 2046 1925; x_wconf 86' lang='lat' dir='ltr'><strong>sed</strong></span> <span class='ocrx_word' id='word_1_222' title='bbox 2096 1869 2184 1925; x_wconf 89' lang='lat' dir='ltr'><strong>illa</strong></span> <span class='ocrx_word' id='word_1_223' title='bbox 2215 1883 2261 1944; x_wconf 78' lang='grc' dir='ltr'><strong>Β</strong></span> <span class='ocrx_word' id='word_1_224' title='bbox 2290 1877 2434 1922; x_wconf 87' lang='lat' dir='ltr'><strong>esset</strong></span> <span class='ocrx_word' id='word_1_225' title='bbox 2459 1868 2814 1935; x_wconf 90' lang='lat' dir='ltr'><strong>ordinandus,</strong></span> <span class='ocrx_word' id='word_1_226' title='bbox 2846 1869 2949 1924; x_wconf 89' lang='lat' dir='ltr'><strong>nisi</strong></span> <span class='ocrx_word' id='word_1_227' title='bbox 3006 1869 3118 1940; x_wconf 91' lang='lat' dir='ltr'><strong>ipse</strong></span> <span class='ocrx_word' id='word_1_228' title='bbox 3165 1867 3456 1922; x_wconf 85' lang='lat' dir='ltr'><strong>Adalbcro.</strong></span> <span class='ocrx_word' id='word_1_229' title='bbox 3516 1863 3630 1919; x_wconf 88' lang='lat' dir='ltr'><strong>Sed</strong></span> <span class='ocrx_word' id='word_1_230' title='bbox 3669 1880 3779 1920; x_wconf 90' lang='lat' dir='ltr'><strong>non</strong></span> <span class='ocrx_word' id='word_1_231' title='bbox 3807 1872 3884 1916; x_wconf 86' lang='lat' dir='ltr'><strong>est</strong></span> 
     </span>
    </p>
   </div>
   <div class='ocr_carea' id='block_1_34' title="bbox 600 1945 2184 2040">
    <p class='ocr_par' dir='ltr' id='par_1_34' title="bbox 600 1945 2184 2040">
     <span class='ocr_line' id='line_1_34' title="bbox 600 1945 2184 2040; baseline 0.003 -30"><span class='ocrx_word' id='word_1_232' title='bbox 600 1956 772 2011; x_wconf 88' lang='lat' dir='ltr'><strong>noluit</strong></span> <span class='ocrx_word' id='word_1_233' title='bbox 801 1945 1129 2040; x_wconf 74' lang='lat' dir='ltr'><strong>consentire.</strong></span> <span class='ocrx_word' id='word_1_234' title='bbox 1162 1956 1316 2012; x_wconf 91' lang='lat' dir='ltr'><strong>Tune</strong></span> <span class='ocrx_word' id='word_1_235' title='bbox 1354 1972 1442 2012; x_wconf 92' lang='lat' dir='ltr'><strong>res</strong></span> <span class='ocrx_word' id='word_1_236' title='bbox 1480 1956 1545 2012; x_wconf 91' lang='lat' dir='ltr'><strong>ad</strong></span> <span class='ocrx_word' id='word_1_237' title='bbox 1584 1958 1896 2028; x_wconf 80' lang='lat' dir='ltr'><strong>epiSCOpum</strong></span> <span class='ocrx_word' id='word_1_238' title='bbox 1923 1958 2184 2014; x_wconf 82' lang='lat' dir='ltr'><strong>defertur.</strong></span> 
     </span>
    </p>
   </div>
   <div class='ocr_carea' id='block_1_35' title="bbox 602 2047 2188 2119">
    <p class='ocr_par' dir='ltr' id='par_1_35' title="bbox 602 2047 2188 2119">
     <span class='ocr_line' id='line_1_35' title="bbox 602 2047 2188 2119; baseline 0.002 -16"><span class='ocrx_word' id='word_1_239' title='bbox 602 2047 706 2116; x_wconf 91' lang='lat' dir='ltr'><strong>Qui</strong></span> <span class='ocrx_word' id='word_1_240' title='bbox 732 2063 854 2104; x_wconf 91' lang='lat' dir='ltr'><strong>eum</strong></span> <span class='ocrx_word' id='word_1_241' title='bbox 890 2049 1064 2105; x_wconf 90' lang='lat' dir='ltr'><strong>eidem</strong></span> <span class='ocrx_word' id='word_1_242' title='bbox 1082 2048 1298 2119; x_wconf 88' lang='lat' dir='ltr'><strong>juberet</strong></span> <span class='ocrx_word' id='word_1_243' title='bbox 1321 2048 1565 2115; x_wconf 86' lang='lat' dir='ltr'><strong>obedire,</strong></span> <span class='ocrx_word' id='word_1_244' title='bbox 1593 2048 1786 2115; x_wconf 90' lang='lat' dir='ltr'><strong>noluit,</strong></span> <span class='ocrx_word' id='word_1_245' title='bbox 1813 2052 1909 2106; x_wconf 91' lang='lat' dir='ltr'><strong>sed</strong></span> <span class='ocrx_word' id='word_1_246' title='bbox 1939 2050 1993 2106; x_wconf 92' lang='lat' dir='ltr'><strong>in</strong></span> <span class='ocrx_word' id='word_1_247' title='bbox 2021 2051 2188 2107; x_wconf 87' lang='lat' dir='ltr'><strong>obsti-</strong></span> 
     </span>
    </p>
   </div>
   <div class='ocr_carea' id='block_1_36' title="bbox 597 2139 2189 2212">
    <p class='ocr_par' dir='ltr' id='par_1_36' title="bbox 597 2139 2189 2212">
     <span class='ocr_line' id='line_1_36' title="bbox 597 2139 2189 2212; baseline 0.002 -18"><span class='ocrx_word' id='word_1_248' title='bbox 597 2140 818 2195; x_wconf 87' lang='lat' dir='ltr'><strong>natione</strong></span> <span class='ocrx_word' id='word_1_249' title='bbox 867 2140 1068 2196; x_wconf 92' lang='lat' dir='ltr'><strong>mentis</strong></span> <span class='ocrx_word' id='word_1_250' title='bbox 1132 2140 1467 2212; x_wconf 85' lang='lat' dir='ltr'><strong>perduravit.</strong></span> <span class='ocrx_word' id='word_1_251' title='bbox 1526 2139 1792 2211; x_wconf 83' lang='lat' dir='ltr'><strong>Sequenti</strong></span> <span class='ocrx_word' id='word_1_252' title='bbox 1847 2155 1977 2197; x_wconf 87' lang='lat' dir='ltr'><strong>vero</strong></span> <span class='ocrx_word' id='word_1_253' title='bbox 2031 2153 2189 2198; x_wconf 89' lang='lat' dir='ltr'><strong>nocte</strong></span> 
     </span>
    </p>
   </div>
   <div class='ocr_carea' id='block_1_37' title="bbox 598 2230 2184 2303">
    <p class='ocr_par' dir='ltr' id='par_1_37' title="bbox 598 2230 2184 2303">
     <span class='ocr_line' id='line_1_37' title="bbox 598 2230 2184 2303; baseline 0.003 -20"><span class='ocrx_word' id='word_1_254' title='bbox 598 2230 906 2300; x_wconf 87' lang='lat' dir='ltr'><strong>hujusmodi</strong></span> <span class='ocrx_word' id='word_1_255' title='bbox 935 2230 1114 2287; x_wconf 90' lang='lat' dir='ltr'><strong>verbis</strong></span> <span class='ocrx_word' id='word_1_256' title='bbox 1137 2231 1433 2301; x_wconf 90' lang='lat' dir='ltr'><strong>corripitur</strong></span> <span class='ocrx_word' id='word_1_257' title='bbox 1455 2231 1508 2285; x_wconf 92' lang='lat' dir='ltr'><strong>in</strong></span> <span class='ocrx_word' id='word_1_258' title='bbox 1536 2231 1779 2286; x_wconf 91' lang='lat' dir='ltr'><strong>somnis:</strong></span> <span class='ocrx_word' id='word_1_259' title='bbox 1804 2230 1962 2298; x_wconf 85' lang='lat' dir='ltr'><strong>Quia,</strong></span> <span class='ocrx_word' id='word_1_260' title='bbox 1990 2232 2184 2303; x_wconf 88' lang='lat' dir='ltr'><strong>inquit,</strong></span> 
     </span>
    </p>
   </div>
   <div class='ocr_carea' id='block_1_38' title="bbox 598 2317 2185 2393">
    <p class='ocr_par' dir='ltr' id='par_1_38' title="bbox 598 2317 2185 2393">
     <span class='ocr_line' id='line_1_38' title="bbox 598 2317 2185 2393; baseline 0.002 -18"><span class='ocrx_word' id='word_1_261' title='bbox 598 2336 704 2376; x_wconf 91' lang='lat' dir='ltr'><strong>non</strong></span> <span class='ocrx_word' id='word_1_262' title='bbox 734 2321 960 2377; x_wconf 90' lang='lat' dir='ltr'><strong>obedisti</strong></span> <span class='ocrx_word' id='word_1_263' title='bbox 1005 2317 1242 2393; x_wconf 78' lang='lat' dir='ltr'><strong>episcopi</strong></span> <span class='ocrx_word' id='word_1_264' title='bbox 1283 2321 1603 2393; x_wconf 66' lang='lat' dir='ltr'><strong>praeceptis,</strong></span> <span class='ocrx_word' id='word_1_265' title='bbox 1635 2322 1826 2378; x_wconf 89' lang='lat' dir='ltr'><strong>tandiu</strong></span> <span class='ocrx_word' id='word_1_266' title='bbox 1871 2321 2185 2378; x_wconf 83' lang='lat' dir='ltr'><strong>ambulandi</strong></span> 
     </span>
    </p>
   </div>
   <div class='ocr_carea' id='block_1_39' title="bbox 597 2412 2184 2496">
    <p class='ocr_par' dir='ltr' id='par_1_39' title="bbox 597 2412 2184 2496">
     <span class='ocr_line' id='line_1_39' title="bbox 597 2412 2184 2496; baseline 0.002 -30"><span class='ocrx_word' id='word_1_267' title='bbox 597 2427 698 2467; x_wconf 90' lang='lat' dir='ltr'><strong>usu</strong></span> <span class='ocrx_word' id='word_1_268' title='bbox 721 2412 955 2478; x_wconf 84' lang='lat' dir='ltr'><strong>carebis,</strong></span> <span class='ocrx_word' id='word_1_269' title='bbox 978 2427 1261 2484; x_wconf 92' lang='lat' dir='ltr'><strong>quousque</strong></span> <span class='ocrx_word' id='word_1_270' title='bbox 1283 2413 1351 2468; x_wconf 90' lang='lat' dir='ltr'><strong>ab</strong></span> <span class='ocrx_word' id='word_1_271' title='bbox 1383 2412 1474 2496; x_wconf 44' lang='lat' dir='ltr'><strong>ilio</strong></span> <span class='ocrx_word' id='word_1_272' title='bbox 1499 2413 1709 2468; x_wconf 89' lang='lat' dir='ltr'><strong>absolvi</strong></span> <span class='ocrx_word' id='word_1_273' title='bbox 1732 2413 2052 2470; x_wconf 88' lang='lat' dir='ltr'><strong>mereberis.</strong></span> <span class='ocrx_word' id='word_1_274' title='bbox 2078 2413 2184 2469; x_wconf 80' lang='lat' dir='ltr'><strong>Ex-</strong></span> 
     </span>
    </p>
   </div>
   <div class='ocr_carea' id='block_1_40' title="bbox 597 2506 2190 2577">
    <p class='ocr_par' dir='ltr' id='par_1_40' title="bbox 597 2506 2190 2577">
     <span class='ocr_line' id='line_1_40' title="bbox 597 2506 2190 2577; baseline 0.003 -17"><span class='ocrx_word' id='word_1_275' title='bbox 597 2506 931 2576; x_wconf 82' lang='lat' dir='ltr'><strong>pergefacta,</strong></span> <span class='ocrx_word' id='word_1_276' title='bbox 953 2507 1176 2563; x_wconf 89' lang='lat' dir='ltr'><strong>omnino</strong></span> <span class='ocrx_word' id='word_1_277' title='bbox 1205 2508 1506 2577; x_wconf 88' lang='lat' dir='ltr'><strong>permansit</strong></span> <span class='ocrx_word' id='word_1_278' title='bbox 1556 2506 1749 2563; x_wconf 87' lang='lat' dir='ltr'><strong>debilis</strong></span> <span class='ocrx_word' id='word_1_279' title='bbox 1787 2517 1839 2563; x_wconf 91' lang='lat' dir='ltr'><strong>et</strong></span> <span class='ocrx_word' id='word_1_280' title='bbox 1868 2506 2101 2564; x_wconf 89' lang='lat' dir='ltr'><strong>clauda:</strong></span> <span class='ocrx_word' id='word_1_281' title='bbox 2133 2518 2190 2565; x_wconf 89' lang='lat' dir='ltr'><strong>et</strong></span> 
     </span>
    </p>
   </div>
   <div class='ocr_carea' id='block_1_41' title="bbox 598 2598 2187 2672">
    <p class='ocr_par' dir='ltr' id='par_1_41' title="bbox 598 2598 2187 2672">
     <span class='ocr_line' id='line_1_41' title="bbox 598 2598 2187 2672; baseline 0.003 -22"><span class='ocrx_word' id='word_1_282' title='bbox 598 2608 908 2653; x_wconf 86' lang='lat' dir='ltr'><strong>revertente</strong></span> <span class='ocrx_word' id='word_1_283' title='bbox 930 2598 996 2652; x_wconf 92' lang='lat' dir='ltr'><strong>ad</strong></span> <span class='ocrx_word' id='word_1_284' title='bbox 1024 2599 1303 2654; x_wconf 86' lang='lat' dir='ltr'><strong>civitatem</strong></span> <span class='ocrx_word' id='word_1_285' title='bbox 1329 2599 1605 2670; x_wconf 89' lang='lat' dir='ltr'><strong>episeopo,</strong></span> <span class='ocrx_word' id='word_1_286' title='bbox 1635 2609 1764 2656; x_wconf 90' lang='lat' dir='ltr'><strong>ante</strong></span> <span class='ocrx_word' id='word_1_287' title='bbox 1803 2599 1922 2672; x_wconf 86' lang='lat' dir='ltr'><strong>ejus</strong></span> <span class='ocrx_word' id='word_1_288' title='bbox 1949 2613 2187 2671; x_wconf 83' lang='lat' dir='ltr'><strong>praesen-</strong></span> 
     </span>
    </p>
   </div>
   <div class='ocr_carea' id='block_1_42' title="bbox 604 2685 2186 2760">
    <p class='ocr_par' dir='ltr' id='par_1_42' title="bbox 604 2685 2186 2760">
     <span class='ocr_line' id='line_1_42' title="bbox 604 2685 2186 2760; baseline 0.001 -20"><span class='ocrx_word' id='word_1_289' title='bbox 604 2685 734 2742; x_wconf 91' lang='lat' dir='ltr'><strong>tiam</strong></span> <span class='ocrx_word' id='word_1_290' title='bbox 765 2687 818 2741; x_wconf 93' lang='lat' dir='ltr'><strong>in</strong></span> <span class='ocrx_word' id='word_1_291' title='bbox 849 2686 1050 2742; x_wconf 86' lang='lat' dir='ltr'><strong>lectulo</strong></span> <span class='ocrx_word' id='word_1_292' title='bbox 1074 2697 1158 2743; x_wconf 89' lang='lat' dir='ltr'><strong>est</strong></span> <span class='ocrx_word' id='word_1_293' title='bbox 1189 2687 1506 2758; x_wconf 89' lang='lat' dir='ltr'><strong>deportata:</strong></span> <span class='ocrx_word' id='word_1_294' title='bbox 1530 2703 1562 2743; x_wconf 88' lang='lat' dir='ltr'><strong>a</strong></span> <span class='ocrx_word' id='word_1_295' title='bbox 1591 2703 1699 2760; x_wconf 92' lang='lat' dir='ltr'><strong>quo</strong></span> <span class='ocrx_word' id='word_1_296' title='bbox 1727 2687 1794 2744; x_wconf 89' lang='lat' dir='ltr'><strong>de</strong></span> <span class='ocrx_word' id='word_1_297' title='bbox 1825 2689 2186 2746; x_wconf 85' lang='lat' dir='ltr'><strong>inobedicntia</strong></span> 
     </span>
    </p>
   </div>
   <div class='ocr_carea' id='block_1_43' title="bbox 595 2771 2187 2852">
    <p class='ocr_par' dir='ltr' id='par_1_43' title="bbox 595 2771 2187 2852">
     <span class='ocr_line' id='line_1_43' title="bbox 595 2771 2187 2852; baseline 0.001 -18"><span class='ocrx_word' id='word_1_298' title='bbox 595 2781 806 2850; x_wconf 89' lang='lat' dir='ltr'><strong>pariter</strong></span> <span class='ocrx_word' id='word_1_299' title='bbox 830 2771 1105 2850; x_wconf 84' lang='lat' dir='ltr'><strong>correpta</strong></span> <span class='ocrx_word' id='word_1_300' title='bbox 1133 2789 1217 2836; x_wconf 89' lang='lat' dir='ltr'><strong>est</strong></span> <span class='ocrx_word' id='word_1_301' title='bbox 1253 2792 1309 2836; x_wconf 91' lang='lat' dir='ltr'><strong>et</strong></span> <span class='ocrx_word' id='word_1_302' title='bbox 1355 2791 1568 2837; x_wconf 88' lang='lat' dir='ltr'><strong>sanata.</strong></span> <span class='ocrx_word' id='word_1_303' title='bbox 1612 2781 1727 2852; x_wconf 90' lang='lat' dir='ltr'><strong>lpsa</strong></span> <span class='ocrx_word' id='word_1_304' title='bbox 1779 2791 1980 2849; x_wconf 89' lang='lat' dir='ltr'><strong>autem,</strong></span> <span class='ocrx_word' id='word_1_305' title='bbox 2033 2791 2089 2836; x_wconf 91' lang='lat' dir='ltr'><strong>ut</strong></span> <span class='ocrx_word' id='word_1_306' title='bbox 2130 2800 2187 2835; x_wconf 82' lang='lat' dir='ltr'><strong>se</strong></span> 
     </span>
    </p>
   </div>
   <div class='ocr_carea' id='block_1_44' title="bbox 597 2863 2183 2944">
    <p class='ocr_par' dir='ltr' id='par_1_44' title="bbox 597 2863 2183 2944">
     <span class='ocr_line' id='line_1_44' title="bbox 597 2863 2183 2944; baseline -0.001 -17"><span class='ocrx_word' id='word_1_307' title='bbox 597 2873 770 2929; x_wconf 90' lang='lat' dir='ltr'><strong>sensit</strong></span> <span class='ocrx_word' id='word_1_308' title='bbox 809 2883 1080 2939; x_wconf 87' lang='lat' dir='ltr'><strong>sanatam,</strong></span> <span class='ocrx_word' id='word_1_309' title='bbox 1132 2865 1404 2930; x_wconf 85' lang='lat' dir='ltr'><strong>currendo</strong></span> <span class='ocrx_word' id='word_1_310' title='bbox 1451 2863 1748 2944; x_wconf 86' lang='lat' dir='ltr'><strong>antequam</strong></span> <span class='ocrx_word' id='word_1_311' title='bbox 1796 2873 1862 2929; x_wconf 91' lang='lat' dir='ltr'><strong>ad</strong></span> <span class='ocrx_word' id='word_1_312' title='bbox 1895 2872 2183 2930; x_wconf 83' lang='lat' dir='ltr'><strong>ecclesiam</strong></span> 
     </span>
    </p>
   </div>
   <div class='ocr_carea' id='block_1_45' title="bbox 598 2964 2182 3034">
    <p class='ocr_par' dir='ltr' id='par_1_45' title="bbox 598 2964 2182 3034">
     <span class='ocr_line' id='line_1_45' title="bbox 598 2964 2182 3034; baseline 0 -17"><span class='ocrx_word' id='word_1_313' title='bbox 598 2965 886 3034; x_wconf 89' lang='lat' dir='ltr'><strong>episcopus</strong></span> <span class='ocrx_word' id='word_1_314' title='bbox 918 2965 1163 3029; x_wconf 87' lang='lat' dir='ltr'><strong>veniret,</strong></span> <span class='ocrx_word' id='word_1_315' title='bbox 1201 2965 1481 3034; x_wconf 70' lang='lat' dir='ltr'><strong>prtecessit</strong></span> <span class='ocrx_word' id='word_1_316' title='bbox 1507 2980 1630 3020; x_wconf 90' lang='lat' dir='ltr'><strong>eum</strong></span> <span class='ocrx_word' id='word_1_317' title='bbox 1672 2964 1898 3020; x_wconf 90' lang='lat' dir='ltr'><strong>laudans</strong></span> <span class='ocrx_word' id='word_1_318' title='bbox 1926 2973 1980 3019; x_wconf 82' lang='lat' dir='ltr'><strong>et</strong></span> <span class='ocrx_word' id='word_1_319' title='bbox 2016 2966 2182 3020; x_wconf 83' lang='lat' dir='ltr'><strong>bene-</strong></span> 
     </span>
    </p>
   </div>
   <div class='ocr_carea' id='block_1_46' title="bbox 599 3056 2185 3127">
    <p class='ocr_par' dir='ltr' id='par_1_46' title="bbox 599 3056 2185 3127">
     <span class='ocr_line' id='line_1_46' title="bbox 599 3056 2185 3127; baseline 0 -17"><span class='ocrx_word' id='word_1_320' title='bbox 599 3056 787 3111; x_wconf 87' lang='lat' dir='ltr'><strong>dicens</strong></span> <span class='ocrx_word' id='word_1_321' title='bbox 820 3056 1010 3111; x_wconf 90' lang='lat' dir='ltr'><strong>Deum.</strong></span> <span class='ocrx_word' id='word_1_322' title='bbox 1049 3056 1292 3124; x_wconf 89' lang='lat' dir='ltr'><strong>Quodam</strong></span> <span class='ocrx_word' id='word_1_323' title='bbox 1331 3066 1576 3127; x_wconf 89' lang='lat' dir='ltr'><strong>tempore</strong></span> <span class='ocrx_word' id='word_1_324' title='bbox 1627 3057 1754 3112; x_wconf 92' lang='lat' dir='ltr'><strong>dum</strong></span> <span class='ocrx_word' id='word_1_325' title='bbox 1796 3056 2185 3126; x_wconf 86' lang='lat' dir='ltr'><strong>omnipotentis</strong></span> 
     </span>
    </p>
   </div>
   <div class='ocr_carea' id='block_1_47' title="bbox 597 3146 2180 3219">
    <p class='ocr_par' dir='ltr' id='par_1_47' title="bbox 597 3146 2180 3219">
     <span class='ocr_line' id='line_1_47' title="bbox 597 3146 2180 3219; baseline -0.001 -17"><span class='ocrx_word' id='word_1_326' title='bbox 597 3147 691 3204; x_wconf 78' lang='lat' dir='ltr'><strong>Dei</strong></span> <span class='ocrx_word' id='word_1_327' title='bbox 716 3147 948 3203; x_wconf 85' lang='lat' dir='ltr'><strong>famulus</strong></span> <span class='ocrx_word' id='word_1_328' title='bbox 973 3147 1042 3202; x_wconf 89' lang='lat' dir='ltr'><strong>ad</strong></span> <span class='ocrx_word' id='word_1_329' title='bbox 1077 3149 1344 3219; x_wconf 85' lang='lat' dir='ltr'><strong>synodum</strong></span> <span class='ocrx_word' id='word_1_330' title='bbox 1377 3148 1779 3218; x_wconf 88' lang='lat' dir='ltr'><strong>episcoporum,</strong></span> <span class='ocrx_word' id='word_1_331' title='bbox 1829 3162 1948 3218; x_wconf 76' lang='lat' dir='ltr'><strong>qua:</strong></span> <span class='ocrx_word' id='word_1_332' title='bbox 1978 3146 2032 3201; x_wconf 89' lang='lat' dir='ltr'><strong>in</strong></span> <span class='ocrx_word' id='word_1_333' title='bbox 2059 3146 2180 3201; x_wconf 91' lang='lat' dir='ltr'><strong>villa</strong></span> 
     </span>
    </p>
   </div>
   <div class='ocr_carea' id='block_1_48' title="bbox 2291 1955 3884 2029">
    <p class='ocr_par' dir='ltr' id='par_1_48' title="bbox 2291 1955 3884 2029">
     <span class='ocr_line' id='line_1_48' title="bbox 2291 1955 3884 2029; baseline -0.004 -17"><span class='ocrx_word' id='word_1_334' title='bbox 2291 1958 2576 2027; x_wconf 89' lang='lat' dir='ltr'><strong>sapientia,</strong></span> <span class='ocrx_word' id='word_1_335' title='bbox 2608 1975 2714 2013; x_wconf 87' lang='lat' dir='ltr'><strong>non</strong></span> <span class='ocrx_word' id='word_1_336' title='bbox 2742 1968 2824 2013; x_wconf 88' lang='lat' dir='ltr'><strong>est</strong></span> <span class='ocrx_word' id='word_1_337' title='bbox 2853 1959 3159 2029; x_wconf 85' lang='lat' dir='ltr'><strong>prudentia,</strong></span> <span class='ocrx_word' id='word_1_338' title='bbox 3189 1973 3293 2012; x_wconf 93' lang='lat' dir='ltr'><strong>non</strong></span> <span class='ocrx_word' id='word_1_339' title='bbox 3321 1965 3405 2010; x_wconf 88' lang='lat' dir='ltr'><strong>est</strong></span> <span class='ocrx_word' id='word_1_340' title='bbox 3434 1955 3734 2009; x_wconf 90' lang='lat' dir='ltr'><strong>consilium</strong></span> <span class='ocrx_word' id='word_1_341' title='bbox 3760 1968 3884 2006; x_wconf 78' lang='lat' dir='ltr'><strong>cor.-</strong></span> 
     </span>
    </p>
   </div>
   <div class='ocr_carea' id='block_1_49' title="bbox 2285 2042 3885 2113">
    <p class='ocr_par' dir='ltr' id='par_1_49' title="bbox 2285 2042 3885 2113">
     <span class='ocr_line' id='line_1_49' title="bbox 2285 2042 3885 2113; baseline -0.004 -12"><span class='ocrx_word' id='word_1_342' title='bbox 2285 2053 2375 2101; x_wconf 83' lang='lat' dir='ltr'><strong>-tra</strong></span> <span class='ocrx_word' id='word_1_343' title='bbox 2403 2046 2714 2102; x_wconf 88' lang='lat' dir='ltr'><strong>Dominum.</strong></span> <span class='ocrx_word' id='word_1_344' title='bbox 2741 2047 2873 2102; x_wconf 80' lang='lat' dir='ltr'><strong>Nam</strong></span> <span class='ocrx_word' id='word_1_345' title='bbox 2915 2047 3104 2102; x_wconf 76' lang='lat' dir='ltr'><strong>eodem</strong></span> <span class='ocrx_word' id='word_1_346' title='bbox 3138 2061 3281 2100; x_wconf 89' lang='lat' dir='ltr'><strong>anno</strong></span> <span class='ocrx_word' id='word_1_347' title='bbox 3322 2053 3444 2113; x_wconf 75' lang='lat' dir='ltr'><strong>post</strong></span> <span class='ocrx_word' id='word_1_348' title='bbox 3483 2042 3700 2111; x_wconf 74' lang='lat' dir='ltr'><strong>aliquot</strong></span> <span class='ocrx_word' id='word_1_349' title='bbox 3743 2058 3885 2095; x_wconf 80' lang='lat' dir='ltr'><strong>men-</strong></span> 
     </span>
    </p>
   </div>
   <div class='ocr_carea' id='block_1_50' title="bbox 2289 2132 3884 2208">
    <p class='ocr_par' dir='ltr' id='par_1_50' title="bbox 2289 2132 3884 2208">
     <span class='ocr_line' id='line_1_50' title="bbox 2289 2132 3884 2208; baseline -0.005 -14"><span class='ocrx_word' id='word_1_350' title='bbox 2289 2153 2396 2204; x_wconf 84' lang='lat' dir='ltr'><strong>ses,</strong></span> <span class='ocrx_word' id='word_1_351' title='bbox 2430 2138 2554 2193; x_wconf 89' lang='lat' dir='ltr'><strong>dum</strong></span> <span class='ocrx_word' id='word_1_352' title='bbox 2582 2139 2815 2208; x_wconf 87' lang='lat' dir='ltr'><strong>quadam</strong></span> <span class='ocrx_word' id='word_1_353' title='bbox 2846 2139 2931 2193; x_wconf 87' lang='lat' dir='ltr'><strong>die</strong></span> <span class='ocrx_word' id='word_1_354' title='bbox 2977 2137 3090 2206; x_wconf 90' lang='lat' dir='ltr'><strong>jam</strong></span> <span class='ocrx_word' id='word_1_355' title='bbox 3142 2138 3209 2191; x_wconf 87' lang='lat' dir='ltr'><strong>ad</strong></span> <span class='ocrx_word' id='word_1_356' title='bbox 3260 2149 3547 2205; x_wconf 82' lang='lat' dir='ltr'><strong>vesperam</strong></span> <span class='ocrx_word' id='word_1_357' title='bbox 3584 2132 3884 2187; x_wconf 83' lang='lat' dir='ltr'><strong>inclinante</strong></span> 
     </span>
    </p>
   </div>
   <div class='ocr_carea' id='block_1_51' title="bbox 2289 2223 3882 2300">
    <p class='ocr_par' dir='ltr' id='par_1_51' title="bbox 2289 2223 3882 2300">
     <span class='ocr_line' id='line_1_51' title="bbox 2289 2223 3882 2300; baseline -0.007 -17"><span class='ocrx_word' id='word_1_358' title='bbox 2289 2229 2576 2300; x_wconf 71' lang='lat' dir='ltr'><strong>praedictus</strong></span> <span class='ocrx_word' id='word_1_359' title='bbox 2603 2227 2837 2284; x_wconf 85' lang='lat' dir='ltr'><strong>clericus</strong></span> <span class='ocrx_word' id='word_1_360' title='bbox 2877 2229 2942 2284; x_wconf 87' lang='lat' dir='ltr'><strong>ad</strong></span> <span class='ocrx_word' id='word_1_361' title='bbox 2971 2243 3210 2283; x_wconf 82' lang='lat' dir='ltr'><strong>mensam</strong></span> <span class='ocrx_word' id='word_1_362' title='bbox 3237 2241 3359 2282; x_wconf 91' lang='lat' dir='ltr'><strong>cum</strong></span> <span class='ocrx_word' id='word_1_363' title='bbox 3392 2225 3508 2278; x_wconf 86' lang='lat' dir='ltr'><strong>viro</strong></span> <span class='ocrx_word' id='word_1_364' title='bbox 3537 2223 3635 2276; x_wconf 89' lang='lat' dir='ltr'><strong>Dei</strong></span> <span class='ocrx_word' id='word_1_365' title='bbox 3672 2224 3882 2275; x_wconf 74' lang='lat' dir='ltr'><strong>novEIer</strong></span> 
     </span>
    </p>
   </div>
   <div class='ocr_carea' id='block_1_52' title="bbox 2289 2314 3885 2390">
    <p class='ocr_par' dir='ltr' id='par_1_52' title="bbox 2289 2314 3885 2390">
     <span class='ocr_line' id='line_1_52' title="bbox 2289 2314 3885 2390; baseline -0.005 -18"><span class='ocrx_word' id='word_1_366' title='bbox 2289 2327 2441 2375; x_wconf 85' lang='lat' dir='ltr'><strong>secta</strong></span> <span class='ocrx_word' id='word_1_367' title='bbox 2473 2334 2611 2375; x_wconf 90' lang='lat' dir='ltr'><strong>vena</strong></span> <span class='ocrx_word' id='word_1_368' title='bbox 2641 2319 2926 2387; x_wconf 88' lang='lat' dir='ltr'><strong>resideret,</strong></span> <span class='ocrx_word' id='word_1_369' title='bbox 2959 2333 3022 2374; x_wconf 90' lang='lat' dir='ltr'><strong>ac</strong></span> <span class='ocrx_word' id='word_1_370' title='bbox 3046 2317 3342 2390; x_wconf 88' lang='lat' dir='ltr'><strong>quidquam</strong></span> <span class='ocrx_word' id='word_1_371' title='bbox 3366 2314 3634 2370; x_wconf 73' lang='lat' dir='ltr'><strong>molestia:</strong></span> <span class='ocrx_word' id='word_1_372' title='bbox 3661 2321 3885 2381; x_wconf 66' lang='lat' dir='ltr'><strong>propter</strong></span> 
     </span>
    </p>
   </div>
   <div class='ocr_carea' id='block_1_53' title="bbox 2289 2404 3884 2477">
    <p class='ocr_par' dir='ltr' id='par_1_53' title="bbox 2289 2404 3884 2477">
     <span class='ocr_line' id='line_1_53' title="bbox 2289 2404 3884 2477; baseline -0.007 -11"><span class='ocrx_word' id='word_1_373' title='bbox 2289 2410 2607 2467; x_wconf 89' lang='lat' dir='ltr'><strong>incisionem</strong></span> <span class='ocrx_word' id='word_1_374' title='bbox 2634 2427 2787 2467; x_wconf 77' lang='lat' dir='ltr'><strong>vena:</strong></span> <span class='ocrx_word' id='word_1_375' title='bbox 2813 2412 3129 2477; x_wconf 81' lang='lat' dir='ltr'><strong>sustineret,</strong></span> <span class='ocrx_word' id='word_1_376' title='bbox 3159 2423 3189 2464; x_wconf 88' lang='lat' dir='ltr'><strong>e</strong></span> <span class='ocrx_word' id='word_1_377' title='bbox 3213 2421 3503 2465; x_wconf 89' lang='lat' dir='ltr'><strong>consessus</strong></span> <span class='ocrx_word' id='word_1_378' title='bbox 3539 2404 3729 2460; x_wconf 87' lang='lat' dir='ltr'><strong>medio</strong></span> <span class='ocrx_word' id='word_1_379' title='bbox 3756 2418 3884 2457; x_wconf 76' lang='lat' dir='ltr'><strong>con-</strong></span> 
     </span>
    </p>
   </div>
   <div class='ocr_carea' id='block_1_54' title="bbox 2289 2495 3883 2576">
    <p class='ocr_par' dir='ltr' id='par_1_54' title="bbox 2289 2495 3883 2576">
     <span class='ocr_line' id='line_1_54' title="bbox 2289 2495 3883 2576; baseline -0.009 -17"><span class='ocrx_word' id='word_1_380' title='bbox 2289 2503 2430 2560; x_wconf 90' lang='lat' dir='ltr'><strong>citus</strong></span> <span class='ocrx_word' id='word_1_381' title='bbox 2477 2520 2724 2576; x_wconf 90' lang='lat' dir='ltr'><strong>surgens,</strong></span> <span class='ocrx_word' id='word_1_382' title='bbox 2769 2503 3011 2560; x_wconf 90' lang='lat' dir='ltr'><strong>cubitum</strong></span> <span class='ocrx_word' id='word_1_383' title='bbox 3056 2503 3135 2558; x_wconf 91' lang='lat' dir='ltr'><strong>ire</strong></span> <span class='ocrx_word' id='word_1_384' title='bbox 3179 2499 3438 2572; x_wconf 82' lang='lat' dir='ltr'><strong>perrexit,</strong></span> <span class='ocrx_word' id='word_1_385' title='bbox 3481 2496 3788 2564; x_wconf 86' lang='lat' dir='ltr'><strong>statimque</strong></span> <span class='ocrx_word' id='word_1_386' title='bbox 3834 2495 3883 2546; x_wconf 82' lang='lat' dir='ltr'><strong>in</strong></span> 
     </span>
    </p>
   </div>
   <div class='ocr_carea' id='block_1_55' title="bbox 2289 2586 3884 2668">
    <p class='ocr_par' dir='ltr' id='par_1_55' title="bbox 2289 2586 3884 2668">
     <span class='ocr_line' id='line_1_55' title="bbox 2289 2586 3884 2668; baseline -0.008 -18"><span class='ocrx_word' id='word_1_387' title='bbox 2289 2595 2405 2668; x_wconf 90' lang='lat' dir='ltr'><strong>ipsa</strong></span> <span class='ocrx_word' id='word_1_388' title='bbox 2438 2597 2599 2652; x_wconf 88' lang='lat' dir='ltr'><strong>nocte</strong></span> <span class='ocrx_word' id='word_1_389' title='bbox 2640 2597 2927 2666; x_wconf 60' lang='lat' dir='ltr'><strong>praisentis</strong></span> <span class='ocrx_word' id='word_1_390' title='bbox 2973 2596 3094 2650; x_wconf 76' lang='lat' dir='ltr'><strong>vita;</strong></span> <span class='ocrx_word' id='word_1_391' title='bbox 3141 2593 3428 2648; x_wconf 86' lang='lat' dir='ltr'><strong>terminum</strong></span> <span class='ocrx_word' id='word_1_392' title='bbox 3473 2587 3703 2645; x_wconf 89' lang='lat' dir='ltr'><strong>clausit.</strong></span> <span class='ocrx_word' id='word_1_393' title='bbox 3733 2586 3884 2652; x_wconf 74' lang='lat' dir='ltr'><strong>Quod</strong></span> 
     </span>
    </p>
   </div>
   <div class='ocr_carea' id='block_1_56' title="bbox 2289 2686 3881 2761">
    <p class='ocr_par' dir='ltr' id='par_1_56' title="bbox 2289 2686 3881 2761">
     <span class='ocr_line' id='line_1_56' title="bbox 2289 2686 3881 2761; baseline -0.006 -16"><span class='ocrx_word' id='word_1_394' title='bbox 2289 2689 2574 2759; x_wconf 83' lang='lat' dir='ltr'><strong>episcopus</strong></span> <span class='ocrx_word' id='word_1_395' title='bbox 2618 2705 2743 2745; x_wconf 80' lang='lat' dir='ltr'><strong>mox</strong></span> <span class='ocrx_word' id='word_1_396' title='bbox 2785 2705 2883 2760; x_wconf 88' lang='lat' dir='ltr'><strong>per</strong></span> <span class='ocrx_word' id='word_1_397' title='bbox 2921 2690 3170 2761; x_wconf 87' lang='lat' dir='ltr'><strong>spiritum</strong></span> <span class='ocrx_word' id='word_1_398' title='bbox 3215 2702 3575 2760; x_wconf 88' lang='lat' dir='ltr'><strong>cognoscens,</strong></span> <span class='ocrx_word' id='word_1_399' title='bbox 3606 2701 3765 2753; x_wconf 90' lang='lat' dir='ltr'><strong>eum,</strong></span> <span class='ocrx_word' id='word_1_400' title='bbox 3797 2686 3881 2755; x_wconf 82' lang='lat' dir='ltr'><strong>qui</strong></span> 
     </span>
    </p>
   </div>
   <div class='ocr_carea' id='block_1_57' title="bbox 2287 2782 3882 2850">
    <p class='ocr_par' dir='ltr' id='par_1_57' title="bbox 2287 2782 3882 2850">
     <span class='ocr_line' id='line_1_57' title="bbox 2287 2782 3882 2850; baseline -0.003 -14"><span class='ocrx_word' id='word_1_401' title='bbox 2287 2782 2356 2838; x_wconf 92' lang='lat' dir='ltr'><strong>ad</strong></span> <span class='ocrx_word' id='word_1_402' title='bbox 2392 2783 2824 2840; x_wconf 87' lang='lat' dir='ltr'><strong>annuntiandum</strong></span> <span class='ocrx_word' id='word_1_403' title='bbox 2869 2793 3100 2839; x_wconf 86' lang='lat' dir='ltr'><strong>mortem</strong></span> <span class='ocrx_word' id='word_1_404' title='bbox 3145 2782 3249 2838; x_wconf 89' lang='lat' dir='ltr'><strong>sibi</strong></span> <span class='ocrx_word' id='word_1_405' title='bbox 3297 2783 3631 2845; x_wconf 85' lang='lat' dir='ltr'><strong>intraverat,</strong></span> <span class='ocrx_word' id='word_1_406' title='bbox 3681 2795 3882 2850; x_wconf 65' lang='lat' dir='ltr'><strong>pmf\C°</strong></span> 
     </span>
    </p>
   </div>
   <div class='ocr_carea' id='block_1_58' title="bbox 2287 2873 3877 2946">
    <p class='ocr_par' dir='ltr' id='par_1_58' title="bbox 2287 2873 3877 2946">
     <span class='ocr_line' id='line_1_58' title="bbox 2287 2873 3877 2946; baseline -0.003 -19"><span class='ocrx_word' id='word_1_407' title='bbox 2287 2873 2486 2930; x_wconf 88' lang='lat' dir='ltr'><strong>niendo</strong></span> <span class='ocrx_word' id='word_1_408' title='bbox 2536 2875 2713 2931; x_wconf 81' lang='lat' dir='ltr'><strong>dixit:</strong></span> <span class='ocrx_word' id='word_1_409' title='bbox 2753 2875 2914 2940; x_wconf 89' lang='lat' dir='ltr'><strong>Scio,</strong></span> <span class='ocrx_word' id='word_1_410' title='bbox 2961 2875 3108 2946; x_wconf 88' lang='lat' dir='ltr'><strong>quod</strong></span> <span class='ocrx_word' id='word_1_411' title='bbox 3152 2874 3427 2928; x_wconf 80' lang='lat' dir='ltr'><strong>Adalbero</strong></span> <span class='ocrx_word' id='word_1_412' title='bbox 3469 2881 3728 2926; x_wconf 89' lang='lat' dir='ltr'><strong>mortuus</strong></span> <span class='ocrx_word' id='word_1_413' title='bbox 3780 2881 3877 2924; x_wconf 80' lang='lat' dir='ltr'><strong>cst.</strong></span> 
     </span>
    </p>
   </div>
   <div class='ocr_carea' id='block_1_59' title="bbox 2286 2966 3880 3037">
    <p class='ocr_par' dir='ltr' id='par_1_59' title="bbox 2286 2966 3880 3037">
     <span class='ocr_line' id='line_1_59' title="bbox 2286 2966 3880 3037; baseline -0.003 -16"><span class='ocrx_word' id='word_1_414' title='bbox 2286 2967 2521 3034; x_wconf 89' lang='lat' dir='ltr'><strong>Festina,</strong></span> <span class='ocrx_word' id='word_1_415' title='bbox 2554 2978 2609 3024; x_wconf 89' lang='lat' dir='ltr'><strong>et</strong></span> <span class='ocrx_word' id='word_1_416' title='bbox 2639 2968 2724 3024; x_wconf 85' lang='lat' dir='ltr'><strong>l&#39;ae</strong></span> <span class='ocrx_word' id='word_1_417' title='bbox 2770 2967 3076 3024; x_wconf 85' lang='lat' dir='ltr'><strong>vehiculum</strong></span> <span class='ocrx_word' id='word_1_418' title='bbox 3127 2966 3456 3037; x_wconf 74' lang='lat' dir='ltr'><strong>praeparari,</strong></span> <span class='ocrx_word' id='word_1_419' title='bbox 3491 2974 3553 3018; x_wconf 91' lang='lat' dir='ltr'><strong>ut</strong></span> <span class='ocrx_word' id='word_1_420' title='bbox 3589 2978 3880 3033; x_wconf 83' lang='lat' dir='ltr'><strong>possumus</strong></span> 
     </span>
    </p>
   </div>
   <div class='ocr_carea' id='block_1_60' title="bbox 2287 3057 3878 3130">
    <p class='ocr_par' dir='ltr' id='par_1_60' title="bbox 2287 3057 3878 3130">
     <span class='ocr_line' id='line_1_60' title="bbox 2287 3057 3878 3130; baseline -0.004 -20"><span class='ocrx_word' id='word_1_421' title='bbox 2287 3057 2435 3112; x_wconf 90' lang='lat' dir='ltr'><strong>illum</strong></span> <span class='ocrx_word' id='word_1_422' title='bbox 2474 3061 2773 3130; x_wconf 83' lang='lat' dir='ltr'><strong>Augustum</strong></span> <span class='ocrx_word' id='word_1_423' title='bbox 2817 3058 3050 3115; x_wconf 82' lang='lat' dir='ltr'><strong>deferre.</strong></span> <span class='ocrx_word' id='word_1_424' title='bbox 3098 3057 3452 3112; x_wconf 81' lang='lat' dir='ltr'><strong>Morabantur</strong></span> <span class='ocrx_word' id='word_1_425' title='bbox 3498 3062 3690 3108; x_wconf 90' lang='lat' dir='ltr'><strong>autem</strong></span> <span class='ocrx_word' id='word_1_426' title='bbox 3754 3062 3878 3107; x_wconf 83' lang='lat' dir='ltr'><strong>tunc</strong></span> 
     </span>
    </p>
   </div>
   <div class='ocr_carea' id='block_1_61' title="bbox 2287 3147 3879 3222">
    <p class='ocr_par' dir='ltr' id='par_1_61' title="bbox 2287 3147 3879 3222">
     <span class='ocr_line' id='line_1_61' title="bbox 2287 3147 3879 3222; baseline -0.002 -20"><span class='ocrx_word' id='word_1_427' title='bbox 2287 3150 2548 3222; x_wconf 91' lang='lat' dir='ltr'><strong>temporis</strong></span> <span class='ocrx_word' id='word_1_428' title='bbox 2601 3151 2654 3206; x_wconf 93' lang='lat' dir='ltr'><strong>in</strong></span> <span class='ocrx_word' id='word_1_429' title='bbox 2697 3152 2952 3218; x_wconf 91' lang='lat' dir='ltr'><strong>castello,</strong></span> <span class='ocrx_word' id='word_1_430' title='bbox 2985 3151 3127 3222; x_wconf 90' lang='lat' dir='ltr'><strong>quod</strong></span> <span class='ocrx_word' id='word_1_431' title='bbox 3158 3149 3368 3220; x_wconf 87' lang='lat' dir='ltr'><strong>Dilinga</strong></span> <span class='ocrx_word' id='word_1_432' title='bbox 3414 3149 3640 3203; x_wconf 84' lang='lat' dir='ltr'><strong>dicitur.</strong></span> <span class='ocrx_word' id='word_1_433' title='bbox 3671 3147 3879 3218; x_wconf 70' lang='lat' dir='ltr'><strong>Corpus</strong></span> 
     </span>
    </p>
   </div>
   <div class='ocr_carea' id='block_1_62' title="bbox 595 3237 2184 3316">
    <p class='ocr_par' dir='ltr' id='par_1_62' title="bbox 595 3237 2182 3310">
     <span class='ocr_line' id='line_1_62' title="bbox 595 3237 2182 3310; baseline -0.002 -17"><span class='ocrx_word' id='word_1_434' title='bbox 595 3240 764 3310; x_wconf 90' lang='lat' dir='ltr'><strong>regia,</strong></span> <span class='ocrx_word' id='word_1_435' title='bbox 794 3239 1158 3310; x_wconf 89' lang='lat' dir='ltr'><strong>lngelenbeim</strong></span> <span class='ocrx_word' id='word_1_436' title='bbox 1193 3237 1360 3303; x_wconf 82' lang='lat' dir='ltr'><strong>dicta,</strong></span> <span class='ocrx_word' id='word_1_437' title='bbox 1391 3249 1510 3294; x_wconf 91' lang='lat' dir='ltr'><strong>erat</strong></span> <span class='ocrx_word' id='word_1_438' title='bbox 1549 3238 1960 3310; x_wconf 85' lang='lat' dir='ltr'><strong>congreganda,</strong></span> <span class='ocrx_word' id='word_1_439' title='bbox 1991 3253 2135 3308; x_wconf 82' lang='lat' dir='ltr'><strong>perg-</strong></span> <span class='ocrx_word' id='word_1_440' title='bbox 2156 3264 2182 3278; x_wconf 72' lang='grc' dir='ltr'><strong>ι-</strong></span> 
     </span>
    </p>
   </div>
   <div class='ocr_carea' id='block_1_63' title="bbox 2289 3237 3876 3316">
    <p class='ocr_par' dir='ltr' id='par_1_63' title="bbox 2289 3239 3876 3316">
     <span class='ocr_line' id='line_1_63' title="bbox 2289 3239 3876 3316; baseline -0.004 -20"><span class='ocrx_word' id='word_1_441' title='bbox 2289 3259 2416 3297; x_wconf 86' lang='lat' dir='ltr'><strong>vero</strong></span> <span class='ocrx_word' id='word_1_442' title='bbox 2461 3243 2583 3316; x_wconf 91' lang='lat' dir='ltr'><strong>ejus</strong></span> <span class='ocrx_word' id='word_1_443' title='bbox 2635 3244 2887 3299; x_wconf 81' lang='lat' dir='ltr'><strong>exanime</strong></span> <span class='ocrx_word' id='word_1_444' title='bbox 2933 3258 2965 3298; x_wconf 87' lang='lat' dir='ltr'><strong>a</strong></span> <span class='ocrx_word' id='word_1_445' title='bbox 3013 3250 3204 3298; x_wconf 89' lang='lat' dir='ltr'><strong>sancto</strong></span> <span class='ocrx_word' id='word_1_446' title='bbox 3244 3239 3520 3312; x_wconf 79' lang='lat' dir='ltr'><strong>pontiﬁce,</strong></span> <span class='ocrx_word' id='word_1_447' title='bbox 3571 3239 3876 3310; x_wconf 72' lang='lat' dir='ltr'><strong>Augustam</strong></span> 
     </span>
    </p>
   </div>
   <div class='ocr_carea' id='block_1_64' title="bbox 597 3326 2185 3400">
    <p class='ocr_par' dir='ltr' id='par_1_64' title="bbox 597 3326 2185 3400">
     <span class='ocr_line' id='line_1_64' title="bbox 597 3326 2185 3400; baseline 0 -18"><span class='ocrx_word' id='word_1_448' title='bbox 597 3336 703 3395; x_wconf 90' lang='lat' dir='ltr'><strong>ret,</strong></span> <span class='ocrx_word' id='word_1_449' title='bbox 740 3329 1030 3400; x_wconf 87' lang='lat' dir='ltr'><strong>quemdam</strong></span> <span class='ocrx_word' id='word_1_450' title='bbox 1068 3343 1383 3398; x_wconf 89' lang='lat' dir='ltr'><strong>pauperem,</strong></span> <span class='ocrx_word' id='word_1_451' title='bbox 1433 3327 1654 3382; x_wconf 89' lang='lat' dir='ltr'><strong>nomine</strong></span> <span class='ocrx_word' id='word_1_452' title='bbox 1697 3326 2041 3394; x_wconf 81' lang='lat' dir='ltr'><strong>Rotbcrtum,</strong></span> <span class='ocrx_word' id='word_1_453' title='bbox 2091 3329 2185 3383; x_wconf 91' lang='lat' dir='ltr'><strong>ob-</strong></span> 
     </span>
    </p>
   </div>
   <div class='ocr_carea' id='block_1_65' title="bbox 597 3416 2182 3490">
    <p class='ocr_par' dir='ltr' id='par_1_65' title="bbox 597 3416 2182 3490">
     <span class='ocr_line' id='line_1_65' title="bbox 597 3416 2182 3490; baseline 0 -20"><span class='ocrx_word' id='word_1_454' title='bbox 597 3418 746 3474; x_wconf 88' lang='lat' dir='ltr'><strong>vium</strong></span> <span class='ocrx_word' id='word_1_455' title='bbox 777 3418 1000 3485; x_wconf 84' lang='lat' dir='ltr'><strong>habuit,</strong></span> <span class='ocrx_word' id='word_1_456' title='bbox 1049 3418 1144 3490; x_wconf 87' lang='lat' dir='ltr'><strong>qui</strong></span> <span class='ocrx_word' id='word_1_457' title='bbox 1191 3417 1400 3474; x_wconf 80' lang='lat' dir='ltr'><strong>ventris</strong></span> <span class='ocrx_word' id='word_1_458' title='bbox 1446 3419 1529 3473; x_wconf 90' lang='lat' dir='ltr'><strong>sui</strong></span> <span class='ocrx_word' id='word_1_459' title='bbox 1582 3417 1840 3472; x_wconf 89' lang='lat' dir='ltr'><strong>interiora</strong></span> <span class='ocrx_word' id='word_1_460' title='bbox 1891 3416 2024 3473; x_wconf 80' lang='lat' dir='ltr'><strong>foris</strong></span> <span class='ocrx_word' id='word_1_461' title='bbox 2056 3435 2182 3488; x_wconf 67' lang='lat' dir='ltr'><strong>pre-</strong></span> 
     </span>
    </p>
   </div>
   <div class='ocr_carea' id='block_1_66' title="bbox 593 3507 2183 3579">
    <p class='ocr_par' dir='ltr' id='par_1_66' title="bbox 593 3507 2183 3579">
     <span class='ocr_line' id='line_1_66' title="bbox 593 3507 2183 3579; baseline 0.002 -17"><span class='ocrx_word' id='word_1_462' title='bbox 593 3507 768 3579; x_wconf 86' lang='lat' dir='ltr'><strong>lapsa,</strong></span> <span class='ocrx_word' id='word_1_463' title='bbox 811 3509 866 3563; x_wconf 92' lang='lat' dir='ltr'><strong>in</strong></span> <span class='ocrx_word' id='word_1_464' title='bbox 897 3509 1016 3564; x_wconf 91' lang='lat' dir='ltr'><strong>sinu</strong></span> <span class='ocrx_word' id='word_1_465' title='bbox 1055 3507 1306 3579; x_wconf 85' lang='lat' dir='ltr'><strong>gestavit.</strong></span> <span class='ocrx_word' id='word_1_466' title='bbox 1331 3507 1502 3575; x_wconf 89' lang='lat' dir='ltr'><strong>Quem</strong></span> <span class='ocrx_word' id='word_1_467' title='bbox 1545 3516 1605 3562; x_wconf 91' lang='lat' dir='ltr'><strong>ut</strong></span> <span class='ocrx_word' id='word_1_468' title='bbox 1633 3508 1938 3578; x_wconf 76' lang='lat' dir='ltr'><strong>conspexit,</strong></span> <span class='ocrx_word' id='word_1_469' title='bbox 1971 3509 2183 3565; x_wconf 83' lang='lat' dir='ltr'><strong>miseri-</strong></span> 
     </span>
    </p>
   </div>
   <div class='ocr_carea' id='block_1_67' title="bbox 593 3598 2182 3670">
    <p class='ocr_par' dir='ltr' id='par_1_67' title="bbox 593 3598 2182 3670">
     <span class='ocr_line' id='line_1_67' title="bbox 593 3598 2182 3670; baseline -0.001 -14"><span class='ocrx_word' id='word_1_470' title='bbox 593 3602 778 3656; x_wconf 87' lang='lat' dir='ltr'><strong>cordia</strong></span> <span class='ocrx_word' id='word_1_471' title='bbox 810 3610 1009 3668; x_wconf 90' lang='lat' dir='ltr'><strong>motus,</strong></span> <span class='ocrx_word' id='word_1_472' title='bbox 1058 3601 1108 3656; x_wconf 90' lang='lat' dir='ltr'><strong>ei</strong></span> <span class='ocrx_word' id='word_1_473' title='bbox 1164 3599 1445 3656; x_wconf 90' lang='lat' dir='ltr'><strong>denarium</strong></span> <span class='ocrx_word' id='word_1_474' title='bbox 1488 3599 1604 3654; x_wconf 89' lang='lat' dir='ltr'><strong>dari</strong></span> <span class='ocrx_word' id='word_1_475' title='bbox 1646 3599 1840 3670; x_wconf 90' lang='lat' dir='ltr'><strong>jussit,</strong></span> <span class='ocrx_word' id='word_1_476' title='bbox 1873 3598 2094 3655; x_wconf 90' lang='lat' dir='ltr'><strong>dicens:</strong></span> <span class='ocrx_word' id='word_1_477' title='bbox 2130 3601 2182 3654; x_wconf 91' lang='lat' dir='ltr'><strong>ln</strong></span> 
     </span>
    </p>
   </div>
   <div class='ocr_carea' id='block_1_68' title="bbox 595 3689 2183 3761">
    <p class='ocr_par' dir='ltr' id='par_1_68' title="bbox 595 3689 2183 3761">
     <span class='ocr_line' id='line_1_68' title="bbox 595 3689 2183 3761; baseline -0.001 -16"><span class='ocrx_word' id='word_1_478' title='bbox 595 3692 812 3747; x_wconf 91' lang='lat' dir='ltr'><strong>nomine</strong></span> <span class='ocrx_word' id='word_1_479' title='bbox 854 3691 1067 3746; x_wconf 87' lang='lat' dir='ltr'><strong>Domini</strong></span> <span class='ocrx_word' id='word_1_480' title='bbox 1117 3689 1330 3761; x_wconf 85' lang='lat' dir='ltr'><strong>accipe,</strong></span> <span class='ocrx_word' id='word_1_481' title='bbox 1363 3700 1418 3746; x_wconf 93' lang='lat' dir='ltr'><strong>et</strong></span> <span class='ocrx_word' id='word_1_482' title='bbox 1455 3689 1590 3745; x_wconf 90' lang='lat' dir='ltr'><strong>vade</strong></span> <span class='ocrx_word' id='word_1_483' title='bbox 1637 3689 1692 3744; x_wconf 91' lang='lat' dir='ltr'><strong>in</strong></span> <span class='ocrx_word' id='word_1_484' title='bbox 1722 3705 1874 3760; x_wconf 90' lang='lat' dir='ltr'><strong>pace.</strong></span> <span class='ocrx_word' id='word_1_485' title='bbox 1920 3689 2022 3757; x_wconf 88' lang='lat' dir='ltr'><strong>Qui</strong></span> <span class='ocrx_word' id='word_1_486' title='bbox 2059 3707 2183 3744; x_wconf 76' lang='lat' dir='ltr'><strong>mux</strong></span> 
     </span>
    </p>
   </div>
   <div class='ocr_carea' id='block_1_69' title="bbox 594 3781 2180 3854">
    <p class='ocr_par' dir='ltr' id='par_1_69' title="bbox 594 3781 2180 3854">
     <span class='ocr_line' id='line_1_69' title="bbox 594 3781 2180 3854; baseline 0.001 -18"><span class='ocrx_word' id='word_1_487' title='bbox 594 3783 998 3854; x_wconf 88' lang='lat' dir='ltr'><strong>eleemosynam</strong></span> <span class='ocrx_word' id='word_1_488' title='bbox 1049 3784 1352 3854; x_wconf 88' lang='lat' dir='ltr'><strong>accipiens,</strong></span> <span class='ocrx_word' id='word_1_489' title='bbox 1404 3783 1645 3853; x_wconf 76' lang='lat' dir='ltr'><strong>perrexit</strong></span> <span class='ocrx_word' id='word_1_490' title='bbox 1688 3798 1754 3839; x_wconf 90' lang='lat' dir='ltr'><strong>ac</strong></span> <span class='ocrx_word' id='word_1_491' title='bbox 1802 3781 2080 3839; x_wconf 89' lang='lat' dir='ltr'><strong>meliorari</strong></span> <span class='ocrx_word' id='word_1_492' title='bbox 2132 3785 2180 3838; x_wconf 91' lang='lat' dir='ltr'><strong>in</strong></span> 
     </span>
    </p>
   </div>
   <div class='ocr_carea' id='block_1_70' title="bbox 595 3874 2181 3946">
    <p class='ocr_par' dir='ltr' id='par_1_70' title="bbox 595 3874 2181 3946">
     <span class='ocr_line' id='line_1_70' title="bbox 595 3874 2181 3946; baseline 0.001 -19"><span class='ocrx_word' id='word_1_493' title='bbox 595 3881 803 3928; x_wconf 90' lang='lat' dir='ltr'><strong>tantum</strong></span> <span class='ocrx_word' id='word_1_494' title='bbox 867 3876 1054 3946; x_wconf 69' lang='lat' dir='ltr'><strong>etrapit,</strong></span> <span class='ocrx_word' id='word_1_495' title='bbox 1105 3883 1164 3930; x_wconf 94' lang='lat' dir='ltr'><strong>ut</strong></span> <span class='ocrx_word' id='word_1_496' title='bbox 1206 3883 1329 3945; x_wconf 89' lang='lat' dir='ltr'><strong>post</strong></span> <span class='ocrx_word' id='word_1_497' title='bbox 1379 3874 1597 3944; x_wconf 89' lang='lat' dir='ltr'><strong>aliquod</strong></span> <span class='ocrx_word' id='word_1_498' title='bbox 1640 3875 1899 3946; x_wconf 91' lang='lat' dir='ltr'><strong>temporis</strong></span> <span class='ocrx_word' id='word_1_499' title='bbox 1949 3875 2181 3945; x_wconf 85' lang='lat' dir='ltr'><strong>spatium</strong></span> 
     </span>
    </p>
   </div>
   <div class='ocr_carea' id='block_1_71' title="bbox 594 3963 2185 4036">
    <p class='ocr_par' dir='ltr' id='par_1_71' title="bbox 594 3963 2185 4036">
     <span class='ocr_line' id='line_1_71' title="bbox 594 3963 2185 4036; baseline 0.001 -18"><span class='ocrx_word' id='word_1_500' title='bbox 594 3965 842 4034; x_wconf 80' lang='lat' dir='ltr'><strong>SOSpitati</strong></span> <span class='ocrx_word' id='word_1_501' title='bbox 874 3965 1198 4020; x_wconf 89' lang='lat' dir='ltr'><strong>redderetur</strong></span> <span class='ocrx_word' id='word_1_502' title='bbox 1246 3964 1314 4018; x_wconf 94' lang='lat' dir='ltr'><strong>ad</strong></span> <span class='ocrx_word' id='word_1_503' title='bbox 1358 3964 1648 4034; x_wconf 90' lang='lat' dir='ltr'><strong>integrum.</strong></span> <span class='ocrx_word' id='word_1_504' title='bbox 1681 3963 1826 4018; x_wconf 86' lang='lat' dir='ltr'><strong>Idem</strong></span> <span class='ocrx_word' id='word_1_505' title='bbox 1867 3963 2034 4019; x_wconf 91' lang='lat' dir='ltr'><strong>etiam</strong></span> <span class='ocrx_word' id='word_1_506' title='bbox 2063 3973 2185 4036; x_wconf 92' lang='lat' dir='ltr'><strong>post</strong></span> 
     </span>
    </p>
   </div>
   <div class='ocr_carea' id='block_1_72' title="bbox 595 4047 2183 4126">
    <p class='ocr_par' dir='ltr' id='par_1_72' title="bbox 595 4047 2183 4126">
     <span class='ocr_line' id='line_1_72' title="bbox 595 4047 2183 4126; baseline 0.003 -19"><span class='ocrx_word' id='word_1_507' title='bbox 595 4063 824 4109; x_wconf 91' lang='lat' dir='ltr'><strong>mortem</strong></span> <span class='ocrx_word' id='word_1_508' title='bbox 855 4055 955 4110; x_wconf 89' lang='lat' dir='ltr'><strong>viri</strong></span> <span class='ocrx_word' id='word_1_509' title='bbox 985 4047 1102 4122; x_wconf 87' lang='lat' dir='ltr'><strong>Dei,</strong></span> <span class='ocrx_word' id='word_1_510' title='bbox 1135 4053 1256 4110; x_wconf 91' lang='lat' dir='ltr'><strong>aliis</strong></span> <span class='ocrx_word' id='word_1_511' title='bbox 1286 4055 1484 4111; x_wconf 88' lang='lat' dir='ltr'><strong>iterum</strong></span> <span class='ocrx_word' id='word_1_512' title='bbox 1513 4064 1923 4126; x_wconf 62' lang='lat' dir='ltr'><strong>praeoccupatus</strong></span> <span class='ocrx_word' id='word_1_513' title='bbox 1954 4055 2183 4112; x_wconf 85' lang='lat' dir='ltr'><strong>inﬁrmi-</strong></span> 
     </span>
    </p>
   </div>
   <div class='ocr_carea' id='block_1_73' title="bbox 594 4141 2178 4213">
    <p class='ocr_par' dir='ltr' id='par_1_73' title="bbox 594 4141 2178 4213">
     <span class='ocr_line' id='line_1_73' title="bbox 594 4141 2178 4213; baseline 0.003 -16"><span class='ocrx_word' id='word_1_514' title='bbox 594 4143 816 4211; x_wconf 87' lang='lat' dir='ltr'><strong>tatibus,</strong></span> <span class='ocrx_word' id='word_1_515' title='bbox 850 4144 919 4198; x_wconf 92' lang='lat' dir='ltr'><strong>ad</strong></span> <span class='ocrx_word' id='word_1_516' title='bbox 949 4143 1259 4213; x_wconf 86' lang='lat' dir='ltr'><strong>sepulcrum</strong></span> <span class='ocrx_word' id='word_1_517' title='bbox 1290 4141 1408 4212; x_wconf 85' lang='lat' dir='ltr'><strong>ejus</strong></span> <span class='ocrx_word' id='word_1_518' title='bbox 1446 4142 1691 4211; x_wconf 89' lang='lat' dir='ltr'><strong>veniens,</strong></span> <span class='ocrx_word' id='word_1_519' title='bbox 1735 4145 1920 4201; x_wconf 91' lang='lat' dir='ltr'><strong>sanari</strong></span> <span class='ocrx_word' id='word_1_520' title='bbox 1957 4148 2178 4212; x_wconf 89' lang='lat' dir='ltr'><strong>meruit,</strong></span> 
     </span>
    </p>
   </div>
   <div class='ocr_carea' id='block_1_74' title="bbox 589 4233 2182 4310">
    <p class='ocr_par' dir='ltr' id='par_1_74' title="bbox 589 4233 2182 4310">
     <span class='ocr_line' id='line_1_74' title="bbox 589 4233 2182 4310; baseline 0.004 -20"><span class='ocrx_word' id='word_1_521' title='bbox 589 4233 733 4290; x_wconf 88' lang='lat' dir='ltr'><strong>sicut</strong></span> <span class='ocrx_word' id='word_1_522' title='bbox 761 4235 930 4291; x_wconf 89' lang='lat' dir='ltr'><strong>lector</strong></span> <span class='ocrx_word' id='word_1_523' title='bbox 969 4237 1083 4292; x_wconf 86' lang='lat' dir='ltr'><strong>suis</strong></span> <span class='ocrx_word' id='word_1_524' title='bbox 1106 4235 1241 4291; x_wconf 91' lang='lat' dir='ltr'><strong>locis</strong></span> <span class='ocrx_word' id='word_1_525' title='bbox 1279 4234 1489 4305; x_wconf 90' lang='lat' dir='ltr'><strong>plenius</strong></span> <span class='ocrx_word' id='word_1_526' title='bbox 1519 4236 1783 4306; x_wconf 90' lang='lat' dir='ltr'><strong>scriptum</strong></span> <span class='ocrx_word' id='word_1_527' title='bbox 1813 4238 2059 4296; x_wconf 91' lang='lat' dir='ltr'><strong>invenire</strong></span> <span class='ocrx_word' id='word_1_528' title='bbox 2086 4256 2182 4310; x_wconf 89' lang='lat' dir='ltr'><strong>pe-</strong></span> 
     </span>
    </p>
   </div>
   <div class='ocr_carea' id='block_1_75' title="bbox 594 4327 737 4380">
    <p class='ocr_par' dir='ltr' id='par_1_75' title="bbox 594 4327 737 4380">
     <span class='ocr_line' id='line_1_75' title="bbox 594 4327 737 4380; baseline -0.007 0"><span class='ocrx_word' id='word_1_529' title='bbox 594 4327 737 4380; x_wconf 87' lang='lat' dir='ltr'><strong>terit.</strong></span> 
     </span>
    </p>
   </div>
   <div class='ocr_carea' id='block_1_76' title="bbox 661 4417 2181 4494">
    <p class='ocr_par' dir='ltr' id='par_1_76' title="bbox 661 4417 2181 4494">
     <span class='ocr_line' id='line_1_76' title="bbox 661 4417 2181 4494; baseline 0.003 -20"><span class='ocrx_word' id='word_1_530' title='bbox 661 4420 790 4475; x_wconf 77' lang='lat' dir='ltr'><strong>CAP.</strong></span> <span class='ocrx_word' id='word_1_531' title='bbox 847 4417 967 4476; x_wconf 92' lang='lat' dir='ltr'><strong>XX.</strong></span> <span class='ocrx_word' id='word_1_532' title='bbox 990 4451 1056 4462; x_wconf 90' lang='lat'>-</span> <span class='ocrx_word' id='word_1_533' title='bbox 1078 4421 1250 4494; x_wconf 82' lang='lat' dir='ltr'><strong>Igitur</strong></span> <span class='ocrx_word' id='word_1_534' title='bbox 1280 4431 1503 4479; x_wconf 88' lang='lat' dir='ltr'><strong>sanctus</strong></span> <span class='ocrx_word' id='word_1_535' title='bbox 1526 4421 1645 4488; x_wconf 89' lang='lat' dir='ltr'><strong>Dei,</strong></span> <span class='ocrx_word' id='word_1_536' title='bbox 1670 4421 1877 4478; x_wconf 78' lang='lat' dir='ltr'><strong>ccelesti</strong></span> <span class='ocrx_word' id='word_1_537' title='bbox 1910 4423 2181 4478; x_wconf 85' lang='lat' dir='ltr'><strong>desiderio</strong></span> 
     </span>
    </p>
   </div>
   <div class='ocr_carea' id='block_1_77' title="bbox 593 4507 2176 4583">
    <p class='ocr_par' dir='ltr' id='par_1_77' title="bbox 593 4507 2176 4583">
     <span class='ocr_line' id='line_1_77' title="bbox 593 4507 2176 4583; baseline 0.002 -20"><span class='ocrx_word' id='word_1_538' title='bbox 593 4510 825 4577; x_wconf 88' lang='lat' dir='ltr'><strong>alllatus,</strong></span> <span class='ocrx_word' id='word_1_539' title='bbox 860 4513 1025 4583; x_wconf 74' lang='lat' dir='ltr'><strong>ccepit</strong></span> <span class='ocrx_word' id='word_1_540' title='bbox 1053 4528 1116 4569; x_wconf 91' lang='lat' dir='ltr'><strong>ea</strong></span> <span class='ocrx_word' id='word_1_541' title='bbox 1149 4528 1267 4582; x_wconf 74' lang='lat' dir='ltr'><strong>qua:</strong></span> <span class='ocrx_word' id='word_1_542' title='bbox 1304 4523 1431 4569; x_wconf 93' lang='lat' dir='ltr'><strong>sunt</strong></span> <span class='ocrx_word' id='word_1_543' title='bbox 1478 4511 1636 4580; x_wconf 89' lang='lat' dir='ltr'><strong>hujus</strong></span> <span class='ocrx_word' id='word_1_544' title='bbox 1691 4507 1877 4568; x_wconf 85' lang='lat' dir='ltr'><strong>mundi</strong></span> <span class='ocrx_word' id='word_1_545' title='bbox 1910 4514 2176 4576; x_wconf 72' lang='lat' dir='ltr'><strong>fastidire,</strong></span> 
     </span>
    </p>
   </div>
   <div class='ocr_carea' id='block_1_78' title="bbox 2287 3326 3874 3398">
    <p class='ocr_par' dir='ltr' id='par_1_78' title="bbox 2287 3326 3874 3398">
     <span class='ocr_line' id='line_1_78' title="bbox 2287 3326 3874 3398; baseline -0.004 -16"><span class='ocrx_word' id='word_1_546' title='bbox 2287 3330 2581 3398; x_wconf 89' lang='lat' dir='ltr'><strong>perlatum,</strong></span> <span class='ocrx_word' id='word_1_547' title='bbox 2623 3329 2677 3382; x_wconf 92' lang='lat' dir='ltr'><strong>in</strong></span> <span class='ocrx_word' id='word_1_548' title='bbox 2712 3329 2942 3385; x_wconf 88' lang='lat' dir='ltr'><strong>ecclesia</strong></span> <span class='ocrx_word' id='word_1_549' title='bbox 2983 3337 3189 3384; x_wconf 73' lang='lat' dir='ltr'><strong>sanctae</strong></span> <span class='ocrx_word' id='word_1_550' title='bbox 3226 3326 3409 3381; x_wconf 72' lang='lat' dir='ltr'><strong>Maria:</strong></span> <span class='ocrx_word' id='word_1_551' title='bbox 3445 3333 3528 3381; x_wconf 88' lang='lat' dir='ltr'><strong>est</strong></span> <span class='ocrx_word' id='word_1_552' title='bbox 3565 3327 3874 3380; x_wconf 87' lang='lat' dir='ltr'><strong>humatum.</strong></span> 
     </span>
    </p>
   </div>
   <div class='ocr_carea' id='block_1_79' title="bbox 2287 3416 3876 3488">
    <p class='ocr_par' dir='ltr' id='par_1_79' title="bbox 2287 3416 3876 3488">
     <span class='ocr_line' id='line_1_79' title="bbox 2287 3416 3876 3488; baseline -0.003 -14"><span class='ocrx_word' id='word_1_553' title='bbox 2287 3420 2432 3475; x_wconf 87' lang='lat' dir='ltr'><strong>[nter</strong></span> <span class='ocrx_word' id='word_1_554' title='bbox 2473 3429 2668 3474; x_wconf 54' lang='lat' dir='ltr'><strong>extera</strong></span> <span class='ocrx_word' id='word_1_555' title='bbox 2715 3419 3106 3475; x_wconf 65' lang='lat' dir='ltr'><strong>misericordiae</strong></span> <span class='ocrx_word' id='word_1_556' title='bbox 3155 3420 3330 3484; x_wconf 90' lang='lat' dir='ltr'><strong>bona,</strong></span> <span class='ocrx_word' id='word_1_557' title='bbox 3378 3431 3501 3487; x_wconf 75' lang='lat' dir='ltr'><strong>qua:</strong></span> <span class='ocrx_word' id='word_1_558' title='bbox 3550 3434 3653 3488; x_wconf 92' lang='lat' dir='ltr'><strong>pro</strong></span> <span class='ocrx_word' id='word_1_559' title='bbox 3692 3416 3876 3486; x_wconf 86' lang='lat' dir='ltr'><strong>requie</strong></span> 
     </span>
    </p>
   </div>
   <div class='ocr_carea' id='block_1_80' title="bbox 2286 3506 3876 3579">
    <p class='ocr_par' dir='ltr' id='par_1_80' title="bbox 2286 3506 3876 3579">
     <span class='ocr_line' id='line_1_80' title="bbox 2286 3506 3876 3579; baseline -0.004 -17"><span class='ocrx_word' id='word_1_560' title='bbox 2286 3510 2480 3564; x_wconf 73' lang='lat' dir='ltr'><strong>anima:</strong></span> <span class='ocrx_word' id='word_1_561' title='bbox 2507 3509 2591 3564; x_wconf 89' lang='lat' dir='ltr'><strong>sui</strong></span> <span class='ocrx_word' id='word_1_562' title='bbox 2631 3509 2844 3578; x_wconf 89' lang='lat' dir='ltr'><strong>nepotis</strong></span> <span class='ocrx_word' id='word_1_563' title='bbox 2882 3509 3106 3579; x_wconf 82' lang='lat' dir='ltr'><strong>agebat,</strong></span> <span class='ocrx_word' id='word_1_564' title='bbox 3134 3508 3303 3564; x_wconf 88' lang='lat' dir='ltr'><strong>etiam</strong></span> <span class='ocrx_word' id='word_1_565' title='bbox 3348 3507 3656 3573; x_wconf 88' lang='lat' dir='ltr'><strong>abbatiam,</strong></span> <span class='ocrx_word' id='word_1_566' title='bbox 3689 3506 3876 3563; x_wconf 85' lang='lat' dir='ltr'><strong>Utten-</strong></span> 
     </span>
    </p>
   </div>
   <div class='ocr_carea' id='block_1_81' title="bbox 2286 3600 3870 3672">
    <p class='ocr_par' dir='ltr' id='par_1_81' title="bbox 2286 3600 3870 3672">
     <span class='ocr_line' id='line_1_81' title="bbox 2286 3600 3870 3672; baseline -0.004 -16"><span class='ocrx_word' id='word_1_567' title='bbox 2286 3601 2422 3657; x_wconf 91' lang='lat' dir='ltr'><strong>bura</strong></span> <span class='ocrx_word' id='word_1_568' title='bbox 2451 3602 2679 3668; x_wconf 90' lang='lat' dir='ltr'><strong>dictam,</strong></span> <span class='ocrx_word' id='word_1_569' title='bbox 2708 3617 2870 3672; x_wconf 87' lang='lat' dir='ltr'><strong>quam</strong></span> <span class='ocrx_word' id='word_1_570' title='bbox 2903 3601 3014 3669; x_wconf 83' lang='lat' dir='ltr'><strong>ille,</strong></span> <span class='ocrx_word' id='word_1_571' title='bbox 3041 3601 3168 3656; x_wconf 87' lang='lat' dir='ltr'><strong>dum</strong></span> <span class='ocrx_word' id='word_1_572' title='bbox 3200 3601 3432 3667; x_wconf 88' lang='lat' dir='ltr'><strong>viveret,</strong></span> <span class='ocrx_word' id='word_1_573' title='bbox 3461 3601 3513 3655; x_wconf 92' lang='lat' dir='ltr'><strong>in</strong></span> <span class='ocrx_word' id='word_1_574' title='bbox 3546 3600 3870 3656; x_wconf 82' lang='lat' dir='ltr'><strong>beneﬁcium</strong></span> 
     </span>
    </p>
   </div>
   <div class='ocr_carea' id='block_1_82' title="bbox 2288 3693 3872 3766">
    <p class='ocr_par' dir='ltr' id='par_1_82' title="bbox 2288 3693 3872 3766">
     <span class='ocr_line' id='line_1_82' title="bbox 2288 3693 3872 3766; baseline -0.002 -17"><span class='ocrx_word' id='word_1_575' title='bbox 2288 3695 2527 3762; x_wconf 89' lang='lat' dir='ltr'><strong>tenebat,</strong></span> <span class='ocrx_word' id='word_1_576' title='bbox 2561 3694 2664 3750; x_wconf 91' lang='lat' dir='ltr'><strong>sibi</strong></span> <span class='ocrx_word' id='word_1_577' title='bbox 2700 3694 3010 3766; x_wconf 89' lang='lat' dir='ltr'><strong>acquisivit,</strong></span> <span class='ocrx_word' id='word_1_578' title='bbox 3041 3703 3096 3750; x_wconf 91' lang='lat' dir='ltr'><strong>et</strong></span> <span class='ocrx_word' id='word_1_579' title='bbox 3130 3693 3313 3748; x_wconf 89' lang='lat' dir='ltr'><strong>tandiu</strong></span> <span class='ocrx_word' id='word_1_580' title='bbox 3355 3695 3562 3758; x_wconf 89' lang='lat' dir='ltr'><strong>tenuit,</strong></span> <span class='ocrx_word' id='word_1_581' title='bbox 3591 3709 3872 3764; x_wconf 82' lang='lat' dir='ltr'><strong>quousque</strong></span> 
     </span>
    </p>
   </div>
   <div class='ocr_carea' id='block_1_83' title="bbox 2285 3786 3634 3859">
    <p class='ocr_par' dir='ltr' id='par_1_83' title="bbox 2285 3786 3634 3859">
     <span class='ocr_line' id='line_1_83' title="bbox 2285 3786 3634 3859; baseline 0.001 -19"><span class='ocrx_word' id='word_1_582' title='bbox 2285 3786 2454 3858; x_wconf 90' lang='lat' dir='ltr'><strong>ipsius</strong></span> <span class='ocrx_word' id='word_1_583' title='bbox 2482 3787 2666 3843; x_wconf 86' lang='lat' dir='ltr'><strong>studio</strong></span> <span class='ocrx_word' id='word_1_584' title='bbox 2691 3787 2892 3843; x_wconf 90' lang='lat' dir='ltr'><strong>donata</strong></span> <span class='ocrx_word' id='word_1_585' title='bbox 2916 3799 3000 3844; x_wconf 90' lang='lat' dir='ltr'><strong>est</strong></span> <span class='ocrx_word' id='word_1_586' title='bbox 3023 3787 3296 3844; x_wconf 88' lang='lat' dir='ltr'><strong>libertatis</strong></span> <span class='ocrx_word' id='word_1_587' title='bbox 3324 3788 3634 3859; x_wconf 80' lang='lat' dir='ltr'><strong>privilegio.</strong></span> 
     </span>
    </p>
   </div>
   <div class='ocr_carea' id='block_1_84' title="bbox 2356 3880 3870 3954">
    <p class='ocr_par' dir='ltr' id='par_1_84' title="bbox 2356 3880 3870 3954">
     <span class='ocr_line' id='line_1_84' title="bbox 2356 3880 3870 3954; baseline -0.001 -17"><span class='ocrx_word' id='word_1_588' title='bbox 2356 3880 2486 3937; x_wconf 79' lang='lat' dir='ltr'><strong>CAP.</strong></span> <span class='ocrx_word' id='word_1_589' title='bbox 2526 3880 2671 3936; x_wconf 84' lang='lat' dir='ltr'><strong>XXI.</strong></span> <span class='ocrx_word' id='word_1_590' title='bbox 2695 3882 2883 3938; x_wconf 88' lang='lat' dir='ltr'><strong>—Die</strong></span> <span class='ocrx_word' id='word_1_591' title='bbox 2925 3883 3156 3952; x_wconf 87' lang='lat' dir='ltr'><strong>quadam</strong></span> <span class='ocrx_word' id='word_1_592' title='bbox 3187 3892 3381 3938; x_wconf 89' lang='lat' dir='ltr'><strong>saneto</strong></span> <span class='ocrx_word' id='word_1_593' title='bbox 3413 3882 3506 3937; x_wconf 88' lang='lat' dir='ltr'><strong>Dei</strong></span> <span class='ocrx_word' id='word_1_594' title='bbox 3549 3883 3660 3938; x_wconf 89' lang='lat' dir='ltr'><strong>iter</strong></span> <span class='ocrx_word' id='word_1_595' title='bbox 3695 3886 3870 3954; x_wconf 82' lang='lat' dir='ltr'><strong>agenti</strong></span> 
     </span>
    </p>
   </div>
   <div class='ocr_carea' id='block_1_85' title="bbox 2285 3972 3871 4044">
    <p class='ocr_par' dir='ltr' id='par_1_85' title="bbox 2285 3972 3871 4044">
     <span class='ocr_line' id='line_1_85' title="bbox 2285 3972 3871 4044; baseline -0.001 -16"><span class='ocrx_word' id='word_1_596' title='bbox 2285 3973 2448 4030; x_wconf 85' lang='lat' dir='ltr'><strong>homo</strong></span> <span class='ocrx_word' id='word_1_597' title='bbox 2493 3973 2715 4044; x_wconf 85' lang='lat' dir='ltr'><strong>quidam</strong></span> <span class='ocrx_word' id='word_1_598' title='bbox 2767 3973 2961 4041; x_wconf 92' lang='lat' dir='ltr'><strong>astitit,</strong></span> <span class='ocrx_word' id='word_1_599' title='bbox 3013 3974 3104 4044; x_wconf 93' lang='lat' dir='ltr'><strong>qui</strong></span> <span class='ocrx_word' id='word_1_600' title='bbox 3145 3972 3382 4029; x_wconf 87' lang='lat' dir='ltr'><strong>Conradi</strong></span> <span class='ocrx_word' id='word_1_601' title='bbox 3437 3973 3871 4030; x_wconf 74' lang='lat' dir='ltr'><strong>Constantiensis</strong></span> 
     </span>
    </p>
   </div>
   <div class='ocr_carea' id='block_1_86' title="bbox 2283 4064 3869 4136">
    <p class='ocr_par' dir='ltr' id='par_1_86' title="bbox 2283 4064 3869 4136">
     <span class='ocr_line' id='line_1_86' title="bbox 2283 4064 3869 4136; baseline -0.001 -17"><span class='ocrx_word' id='word_1_602' title='bbox 2283 4065 2521 4136; x_wconf 87' lang='lat' dir='ltr'><strong>episcopi</strong></span> <span class='ocrx_word' id='word_1_603' title='bbox 2574 4064 2780 4121; x_wconf 88' lang='lat' dir='ltr'><strong>obitum</strong></span> <span class='ocrx_word' id='word_1_604' title='bbox 2827 4065 3195 4120; x_wconf 90' lang='lat' dir='ltr'><strong>certissimum</strong></span> <span class='ocrx_word' id='word_1_605' title='bbox 3235 4065 3516 4120; x_wconf 87' lang='lat' dir='ltr'><strong>indicavit.</strong></span> <span class='ocrx_word' id='word_1_606' title='bbox 3557 4065 3671 4120; x_wconf 90' lang='lat' dir='ltr'><strong>Illis</strong></span> <span class='ocrx_word' id='word_1_607' title='bbox 3722 4080 3869 4128; x_wconf 77' lang='lat' dir='ltr'><strong>vero,</strong></span> 
     </span>
    </p>
   </div>
   <div class='ocr_carea' id='block_1_87' title="bbox 2283 4155 3873 4227">
    <p class='ocr_par' dir='ltr' id='par_1_87' title="bbox 2283 4155 3873 4227">
     <span class='ocr_line' id='line_1_87' title="bbox 2283 4155 3873 4227; baseline 0 -17"><span class='ocrx_word' id='word_1_608' title='bbox 2283 4156 2375 4226; x_wconf 92' lang='lat' dir='ltr'><strong>qui</strong></span> <span class='ocrx_word' id='word_1_609' title='bbox 2420 4155 2670 4220; x_wconf 88' lang='lat' dir='ltr'><strong>aderant,</strong></span> <span class='ocrx_word' id='word_1_610' title='bbox 2714 4156 3060 4225; x_wconf 89' lang='lat' dir='ltr'><strong>sperantibus</strong></span> <span class='ocrx_word' id='word_1_611' title='bbox 3101 4155 3249 4225; x_wconf 92' lang='lat' dir='ltr'><strong>quod</strong></span> <span class='ocrx_word' id='word_1_612' title='bbox 3317 4155 3498 4210; x_wconf 88' lang='lat' dir='ltr'><strong>statim</strong></span> <span class='ocrx_word' id='word_1_613' title='bbox 3548 4171 3653 4227; x_wconf 92' lang='lat' dir='ltr'><strong>pro</strong></span> <span class='ocrx_word' id='word_1_614' title='bbox 3691 4157 3873 4225; x_wconf 67' lang='lat' dir='ltr'><strong>requie</strong></span> 
     </span>
    </p>
   </div>
   <div class='ocr_carea' id='block_1_88' title="bbox 2283 4243 3871 4316">
    <p class='ocr_par' dir='ltr' id='par_1_88' title="bbox 2283 4243 3871 4316">
     <span class='ocr_line' id='line_1_88' title="bbox 2283 4243 3871 4316; baseline -0.002 -16"><span class='ocrx_word' id='word_1_615' title='bbox 2283 4244 2427 4300; x_wconf 90' lang='lat' dir='ltr'><strong>illius</strong></span> <span class='ocrx_word' id='word_1_616' title='bbox 2461 4244 2619 4300; x_wconf 90' lang='lat' dir='ltr'><strong>solita</strong></span> <span class='ocrx_word' id='word_1_617' title='bbox 2651 4243 3032 4316; x_wconf 80' lang='lat' dir='ltr'><strong>exsequiarum</strong></span> <span class='ocrx_word' id='word_1_618' title='bbox 3065 4244 3235 4299; x_wconf 86' lang='lat' dir='ltr'><strong>ollieia</strong></span> <span class='ocrx_word' id='word_1_619' title='bbox 3260 4243 3419 4299; x_wconf 82' lang='lat' dir='ltr'><strong>vellet</strong></span> <span class='ocrx_word' id='word_1_620' title='bbox 3457 4245 3765 4308; x_wconf 86' lang='lat' dir='ltr'><strong>celebrare,</strong></span> <span class='ocrx_word' id='word_1_621' title='bbox 3790 4245 3871 4299; x_wconf 71' lang='lat' dir='ltr'><strong>ille</strong></span> 
     </span>
    </p>
   </div>
   <div class='ocr_carea' id='block_1_89' title="bbox 2283 4333 3870 4404">
    <p class='ocr_par' dir='ltr' id='par_1_89' title="bbox 2283 4333 3870 4404">
     <span class='ocr_line' id='line_1_89' title="bbox 2283 4333 3870 4404; baseline 0.001 -16"><span class='ocrx_word' id='word_1_622' title='bbox 2283 4349 2381 4404; x_wconf 91' lang='lat' dir='ltr'><strong>per</strong></span> <span class='ocrx_word' id='word_1_623' title='bbox 2412 4343 2682 4389; x_wconf 88' lang='lat' dir='ltr'><strong>secretum</strong></span> <span class='ocrx_word' id='word_1_624' title='bbox 2713 4334 2988 4399; x_wconf 91' lang='lat' dir='ltr'><strong>nuntium,</strong></span> <span class='ocrx_word' id='word_1_625' title='bbox 3024 4334 3128 4388; x_wconf 86' lang='lat' dir='ltr'><strong>sibi</strong></span> <span class='ocrx_word' id='word_1_626' title='bbox 3163 4335 3354 4390; x_wconf 85' lang='lat' dir='ltr'><strong>adesse</strong></span> <span class='ocrx_word' id='word_1_627' title='bbox 3400 4333 3651 4400; x_wconf 89' lang='lat' dir='ltr'><strong>solitum,</strong></span> <span class='ocrx_word' id='word_1_628' title='bbox 3699 4337 3870 4392; x_wconf 80' lang='lat' dir='ltr'><strong>sciens</strong></span> 
     </span>
    </p>
   </div>
   <div class='ocr_carea' id='block_1_90' title="bbox 2283 4423 3866 4494">
    <p class='ocr_par' dir='ltr' id='par_1_90' title="bbox 2283 4423 3866 4494">
     <span class='ocr_line' id='line_1_90' title="bbox 2283 4423 3866 4494; baseline 0.001 -17"><span class='ocrx_word' id='word_1_629' title='bbox 2283 4425 2428 4494; x_wconf 91' lang='lat' dir='ltr'><strong>quod</strong></span> <span class='ocrx_word' id='word_1_630' title='bbox 2469 4440 2536 4479; x_wconf 86' lang='lat' dir='ltr'><strong>ex</strong></span> <span class='ocrx_word' id='word_1_631' title='bbox 2584 4425 2687 4478; x_wconf 88' lang='lat' dir='ltr'><strong>hoc</strong></span> <span class='ocrx_word' id='word_1_632' title='bbox 2719 4433 2862 4479; x_wconf 88' lang='lat' dir='ltr'><strong>esset</strong></span> <span class='ocrx_word' id='word_1_633' title='bbox 2899 4437 3110 4488; x_wconf 90' lang='lat' dir='ltr'><strong>verum,</strong></span> <span class='ocrx_word' id='word_1_634' title='bbox 3143 4424 3220 4478; x_wconf 87' lang='lat' dir='ltr'><strong>ait</strong></span> <span class='ocrx_word' id='word_1_635' title='bbox 3248 4423 3602 4480; x_wconf 85' lang='lat' dir='ltr'><strong>eis:Manete</strong></span> <span class='ocrx_word' id='word_1_636' title='bbox 3654 4425 3866 4481; x_wconf 58' lang='lat' dir='ltr'><strong>interim</strong></span> 
     </span>
    </p>
   </div>
   <div class='ocr_carea' id='block_1_91' title="bbox 2285 4515 3867 4586">
    <p class='ocr_par' dir='ltr' id='par_1_91' title="bbox 2285 4515 3867 4586">
     <span class='ocr_line' id='line_1_91' title="bbox 2285 4515 3867 4586; baseline -0.001 -16"><span class='ocrx_word' id='word_1_637' title='bbox 2285 4515 2724 4586; x_wconf 68' lang='lat' dir='ltr'><strong>animmqniores,</strong></span> <span class='ocrx_word' id='word_1_638' title='bbox 2756 4531 2917 4571; x_wconf 91' lang='lat' dir='ltr'><strong>mane</strong></span> <span class='ocrx_word' id='word_1_639' title='bbox 2943 4515 3292 4585; x_wconf 83' lang='lat' dir='ltr'><strong>comperietis</strong></span> <span class='ocrx_word' id='word_1_640' title='bbox 3328 4515 3456 4584; x_wconf 89' lang='lat' dir='ltr'><strong>quid</strong></span> <span class='ocrx_word' id='word_1_641' title='bbox 3488 4515 3616 4570; x_wconf 89' lang='lat' dir='ltr'><strong>inde</strong></span> <span class='ocrx_word' id='word_1_642' title='bbox 3651 4517 3867 4570; x_wconf 64' lang='lat' dir='ltr'><strong>endem</strong></span> 
     </span>
    </p>
   </div>
   <div class='ocr_carea' id='block_1_92' title="bbox 597 4581 3866 4677">
    <p class='ocr_par' dir='ltr' id='par_1_92' title="bbox 597 4581 3866 4677">
     <span class='ocr_line' id='line_1_92' title="bbox 597 4581 3866 4677; baseline 0.001 -20"><span class='ocrx_word' id='word_1_643' title='bbox 597 4581 1336 4660; x_wconf 28' lang='lat' dir='ltr'><strong>terrenarum&#39;rerumlucra</strong></span> <span class='ocrx_word' id='word_1_644' title='bbox 1367 4605 1571 4661; x_wconf 88' lang='lat' dir='ltr'><strong>Christi</strong></span> <span class='ocrx_word' id='word_1_645' title='bbox 1601 4607 1774 4660; x_wconf 88' lang='lat' dir='ltr'><strong>amori</strong></span> <span class='ocrx_word' id='word_1_646' title='bbox 1815 4615 2175 4677; x_wconf 83' lang='lat' dir='ltr'><strong>postponere:</strong></span> <span class='ocrx_word' id='word_1_647' title='bbox 2212 4581 2260 4639; x_wconf 72' lang='grc' dir='ltr'><strong>ί)</strong></span> <span class='ocrx_word' id='word_1_648' title='bbox 2285 4581 2547 4660; x_wconf 78' lang='lat' dir='ltr'><strong>debeatis.</strong></span> <span class='ocrx_word' id='word_1_649' title='bbox 2579 4581 2828 4661; x_wconf 88' lang='lat' dir='ltr'><strong>Crastina</strong></span> <span class='ocrx_word' id='word_1_650' title='bbox 2874 4606 2961 4661; x_wconf 88' lang='lat' dir='ltr'><strong>die</strong></span> <span class='ocrx_word' id='word_1_651' title='bbox 3003 4581 3237 4660; x_wconf 80' lang='lat' dir='ltr'><strong>diluculo</strong></span> <span class='ocrx_word' id='word_1_652' title='bbox 3267 4581 3488 4674; x_wconf 82' lang='lat' dir='ltr'><strong>quidam</strong></span> <span class='ocrx_word' id='word_1_653' title='bbox 3530 4604 3866 4660; x_wconf 73' lang='lat' dir='ltr'><strong>Constantia:</strong></span> 
     </span>
    </p>
   </div>
   <div class='ocr_carea' id='block_1_93' title="bbox 573 4681 2182 4766">
    <p class='ocr_par' dir='ltr' id='par_1_93' title="bbox 573 4681 2182 4766">
     <span class='ocr_line' id='line_1_93' title="bbox 573 4681 2182 4766; baseline 0.001 -15"><span class='ocrx_word' id='word_1_654' title='bbox 573 4681 670 4764; x_wconf 83' lang='lat' dir='ltr'><strong>et,</strong></span> <span class='ocrx_word' id='word_1_655' title='bbox 730 4693 862 4751; x_wconf 89' lang='lat' dir='ltr'><strong>licet</strong></span> <span class='ocrx_word' id='word_1_656' title='bbox 913 4695 1005 4750; x_wconf 88' lang='lat' dir='ltr'><strong>hic</strong></span> <span class='ocrx_word' id='word_1_657' title='bbox 1055 4695 1386 4750; x_wconf 89' lang='lat' dir='ltr'><strong>retineretur</strong></span> <span class='ocrx_word' id='word_1_658' title='bbox 1431 4710 1661 4766; x_wconf 87' lang='lat' dir='ltr'><strong>corpore</strong></span> <span class='ocrx_word' id='word_1_659' title='bbox 1691 4736 1706 4763; x_wconf 96' lang='lat'><strong>,</strong></span> <span class='ocrx_word' id='word_1_660' title='bbox 1766 4697 1820 4750; x_wconf 90' lang='lat' dir='ltr'><strong>in</strong></span> <span class='ocrx_word' id='word_1_661' title='bbox 1869 4697 2182 4752; x_wconf 81' lang='lat' dir='ltr'><strong>coelestibus</strong></span> 
     </span>
    </p>
   </div>
   <div class='ocr_carea' id='block_1_94' title="bbox 593 4785 2178 4842">
    <p class='ocr_par' dir='ltr' id='par_1_94' title="bbox 593 4785 2178 4842">
     <span class='ocr_line' id='line_1_94' title="bbox 593 4785 2178 4842; baseline -0.001 -1"><span class='ocrx_word' id='word_1_662' title='bbox 593 4795 776 4842; x_wconf 89' lang='lat' dir='ltr'><strong>tamen</strong></span> <span class='ocrx_word' id='word_1_663' title='bbox 815 4785 1244 4842; x_wconf 87' lang='lat' dir='ltr'><strong>conversabatur</strong></span> <span class='ocrx_word' id='word_1_664' title='bbox 1292 4794 1512 4840; x_wconf 91' lang='lat' dir='ltr'><strong>mente:</strong></span> <span class='ocrx_word' id='word_1_665' title='bbox 1562 4794 1620 4839; x_wconf 91' lang='lat' dir='ltr'><strong>ut</strong></span> <span class='ocrx_word' id='word_1_666' title='bbox 1656 4786 1851 4841; x_wconf 90' lang='lat' dir='ltr'><strong>merito</strong></span> <span class='ocrx_word' id='word_1_667' title='bbox 1879 4787 1932 4841; x_wconf 93' lang='lat' dir='ltr'><strong>in</strong></span> <span class='ocrx_word' id='word_1_668' title='bbox 1966 4785 2178 4842; x_wconf 86' lang='lat' dir='ltr'><strong>illorum</strong></span> 
     </span>
    </p>
   </div>
   <div class='ocr_carea' id='block_1_95' title="bbox 592 4875 2180 4949">
    <p class='ocr_par' dir='ltr' id='par_1_95' title="bbox 592 4875 2180 4949">
     <span class='ocr_line' id='line_1_95' title="bbox 592 4875 2180 4949; baseline -0.002 -16"><span class='ocrx_word' id='word_1_669' title='bbox 592 4887 910 4934; x_wconf 85' lang='lat' dir='ltr'><strong>censeretur</strong></span> <span class='ocrx_word' id='word_1_670' title='bbox 957 4890 1176 4932; x_wconf 73' lang='lat' dir='ltr'><strong>numera</strong></span> <span class='ocrx_word' id='word_1_671' title='bbox 1241 4876 1334 4946; x_wconf 77' lang='lat' dir='ltr'><strong>qui</strong></span> <span class='ocrx_word' id='word_1_672' title='bbox 1375 4875 1556 4932; x_wconf 89' lang='lat' dir='ltr'><strong>dicere</strong></span> <span class='ocrx_word' id='word_1_673' title='bbox 1611 4885 1835 4948; x_wconf 87' lang='lat' dir='ltr'><strong>possent</strong></span> <span class='ocrx_word' id='word_1_674' title='bbox 1867 4893 1989 4934; x_wconf 93' lang='lat' dir='ltr'><strong>cum</strong></span> <span class='ocrx_word' id='word_1_675' title='bbox 2035 4877 2180 4949; x_wconf 75' lang='lat' dir='ltr'><strong>Apo-</strong></span> 
     </span>
    </p>
   </div>
   <div class='ocr_carea' id='block_1_96' title="bbox 2286 4697 3867 4770">
    <p class='ocr_par' dir='ltr' id='par_1_96' title="bbox 2286 4697 3867 4770">
     <span class='ocr_line' id='line_1_96' title="bbox 2286 4697 3867 4770; baseline -0.004 -15"><span class='ocrx_word' id='word_1_676' title='bbox 2286 4699 2450 4764; x_wconf 86' lang='lat' dir='ltr'><strong>venit,</strong></span> <span class='ocrx_word' id='word_1_677' title='bbox 2489 4699 2581 4768; x_wconf 93' lang='lat' dir='ltr'><strong>qui</strong></span> <span class='ocrx_word' id='word_1_678' title='bbox 2620 4698 2858 4770; x_wconf 68' lang='lat' dir='ltr'><strong>prmdicti</strong></span> <span class='ocrx_word' id='word_1_679' title='bbox 2900 4699 3002 4752; x_wconf 90' lang='lat' dir='ltr'><strong>viri</strong></span> <span class='ocrx_word' id='word_1_680' title='bbox 3037 4698 3357 4767; x_wconf 90' lang='lat' dir='ltr'><strong>sospitatem</strong></span> <span class='ocrx_word' id='word_1_681' title='bbox 3395 4697 3767 4753; x_wconf 81' lang='lat' dir='ltr'><strong>annuntiavit.</strong></span> <span class='ocrx_word' id='word_1_682' title='bbox 3808 4697 3867 4751; x_wconf 59' lang='lat' dir='ltr'><strong>Fit</strong></span> 
     </span>
    </p>
   </div>
   <div class='ocr_carea' id='block_1_97' title="bbox 2283 4787 3865 4860">
    <p class='ocr_par' dir='ltr' id='par_1_97' title="bbox 2283 4787 3865 4860">
     <span class='ocr_line' id='line_1_97' title="bbox 2283 4787 3865 4860; baseline -0.003 -15"><span class='ocrx_word' id='word_1_683' title='bbox 2283 4790 2668 4860; x_wconf 84' lang='lat' dir='ltr'><strong>omnipotentis</strong></span> <span class='ocrx_word' id='word_1_684' title='bbox 2695 4790 2788 4844; x_wconf 91' lang='lat' dir='ltr'><strong>Dei</strong></span> <span class='ocrx_word' id='word_1_685' title='bbox 2821 4789 3074 4854; x_wconf 78' lang='lat' dir='ltr'><strong>famulus,</strong></span> <span class='ocrx_word' id='word_1_686' title='bbox 3099 4787 3226 4844; x_wconf 90' lang='lat' dir='ltr'><strong>licet</strong></span> <span class='ocrx_word' id='word_1_687' title='bbox 3270 4795 3481 4858; x_wconf 90' lang='lat' dir='ltr'><strong>tempus</strong></span> <span class='ocrx_word' id='word_1_688' title='bbox 3524 4787 3865 4843; x_wconf 81' lang='lat' dir='ltr'><strong>resolutionis</strong></span> 
     </span>
    </p>
   </div>
   <div class='ocr_carea' id='block_1_98' title="bbox 2283 4878 3862 4952">
    <p class='ocr_par' dir='ltr' id='par_1_98' title="bbox 2283 4878 3862 4952">
     <span class='ocr_line' id='line_1_98' title="bbox 2283 4878 3862 4952; baseline -0.003 -14"><span class='ocrx_word' id='word_1_689' title='bbox 2283 4883 2524 4952; x_wconf 70' lang='lat' dir='ltr'><strong>suazjatn</strong></span> <span class='ocrx_word' id='word_1_690' title='bbox 2554 4884 2758 4938; x_wconf 86' lang='lat' dir='ltr'><strong>instare</strong></span> <span class='ocrx_word' id='word_1_691' title='bbox 2786 4897 2893 4936; x_wconf 92' lang='lat' dir='ltr'><strong>non</strong></span> <span class='ocrx_word' id='word_1_692' title='bbox 2943 4881 3236 4950; x_wconf 87' lang='lat' dir='ltr'><strong>ignoraret,</strong></span> <span class='ocrx_word' id='word_1_693' title='bbox 3285 4888 3465 4933; x_wconf 90' lang='lat' dir='ltr'><strong>tamen</strong></span> <span class='ocrx_word' id='word_1_694' title='bbox 3503 4878 3752 4948; x_wconf 90' lang='lat' dir='ltr'><strong>quandiu</strong></span> <span class='ocrx_word' id='word_1_695' title='bbox 3781 4892 3862 4949; x_wconf 88' lang='lat' dir='ltr'><strong>po-</strong></span> 
     </span>
    </p>
   </div>
  </div>
