4024 5370
209 298 353 355 ΕΜ·
1484 302 1641 360 νιτΑ
1679 301 1741 360 S.
1782 301 1810 357 Ι

1913 299 2124 371 ιωω.
2388 358 2395 371 ,
3339 310 3480 368 I202

210 420 314 475 set,
360 408 600 480 quandiu
652 407 797 463 vires
858 408 1218 476 sulliciebant,
1285 412 1425 469 inter
1476 414 1792 483 quotidiana
1822 408 1871 474 Α
1898 415 2017 470 viro
2037 414 2402 481 sanctissimo,
2432 416 2576 488 quod
2607 415 2696 474 ille
2724 417 2790 474 de
2813 417 3132 475 Paschasio.
3155 418 3291 477 Nam
3321 422 3483 489 Petro

210 501 507 557 missarum
559 500 844 568 solemnia,
916 502 1214 559 salutarem
1280 504 1519 561 hostiam
1566 506 1798 564 Domino
1837 520 1851 536 '
1902 520 2068 577 super
2113 505 2215 562 hoc
2253 505 2605 577 quaestionem
2658 509 2930 579 moventi,
2963 526 3062 566 cur
3106 511 3172 578 is,
3203 511 3294 582 qui
3324 523 3487 570 tantae

208 595 455 652 exterius
491 594 827 660 immolabat,
866 611 931 650 ac
962 596 1199 666 scipsutn
1252 598 1483 654 interius
1520 598 1798 654 victimam
1900 597 2207 654 sanctitatis
2236 599 2545 668 exstiterat,
2574 602 2719 673 quod
2775 602 2893 675 ejus
2930 601 3119 660 feretri
3147 605 3314 661 vestis
3342 607 3486 680 tangi

211 685 266 742 in
300 699 396 741 ara
424 685 605 741 cordis
632 686 927 742 mactabat.
971 686 1052 741 Ad
1097 702 1341 744 mensam
1386 705 1509 746 cum
1552 689 1671 747 aliis
1714 706 1799 748 se-
1899 689 2096 761 potuit,
2126 699 2181 746 et
2208 691 2474 763 malignus
2511 693 2736 766 spiritus
2764 696 2833 751 ab
2878 696 3106 755 obsesso
3148 697 3372 756 homine
3400 698 3488 755 fu-

211 781 374 847 dcns,
409 779 515 835 illis
552 778 1007 836 manducantibus
1040 789 1094 837 et
1125 778 1456 850 bibentibus,
1496 781 1610 854 ipse
1661 784 1800 840 bene
1902 780 2040 853 gari,
2085 788 2209 853 post
2250 791 2479 839 mortem
2514 786 2582 840 ad
2611 785 2880 856 pmnalem
2933 786 3113 845 locum
3163 790 3360 847 ductus
3393 790 3486 859 sit,

212 874 476 930 manebat
505 871 743 943 jejunus.
793 872 919 929 Erat
962 875 1011 929 ei
1041 875 1195 931 cibus
1223 885 1318 931 aut
1358 877 1531 933 dulcis
1564 877 1803 948 psalmo-

211 978 335 1017 rum
363 964 625 1029 suavitas,
672 974 766 1019 aut
814 979 1094 1021 sacrarum
1125 965 1412 1022 lectionum
1463 968 1799 1025 assiduitas:

211 1052 360 1108 inter
386 1068 523 1125 quas
563 1054 797 1109 maxime
843 1054 1214 1112 delectabatur
1257 1057 1469 1127 audire,
1501 1074 1567 1114 ex
1608 1068 1803 1129 quarto

213 1142 355 1200 libro
405 1145 755 1218 Dialogorum
813 1147 988 1202 sancti
1034 1146 1307 1221 Gregorii,
1356 1150 1592 1221 qualiter
1648 1149 1802 1206 multi

213 1251 246 1293 θ
288 1238 609 1309 corporibus
660 1240 921 1311 exempti,
967 1240 1022 1295 in
1076 1242 1272 1314 spiritu
1322 1242 1700 1314 rapiebantur,
1737 1259 1803 1300 ac

215 1329 419 1385 iterum
445 1331 883 1386 revertebantur.
927 1331 1074 1388 Inter
1123 1332 1239 1388 haec
1287 1336 1546 1407 praecepit
1575 1350 1803 1392 suarum

213 1438 401 1478 rerum
431 1423 899 1492 procuratoribus,
933 1432 991 1478 ut
1019 1422 1074 1479 in
1117 1424 1371 1481 omnibus
1396 1426 1622 1482 omnino
1648 1425 1804 1494 locis,

213 1514 285 1569 ad
311 1528 470 1569 suum
492 1513 583 1583 jus
609 1514 828 1586 proprie
859 1516 1274 1585 pertinentibus,
1297 1532 1634 1590 qutecunque
1656 1518 1805 1575 inve-

215 1604 338 1661 nire
363 1613 610 1676 possent,
639 1607 695 1661 in
727 1614 836 1663 tres
867 1607 1143 1678 portiones
1178 1608 1532 1678 partirentur,
1554 1617 1611 1666 et
1641 1624 1805 1666 unam

213 1712 283 1754 ex
315 1694 418 1763 his,
445 1695 566 1766 ipso
585 1695 762 1752 adhuc
782 1697 1019 1762 vivente,
1044 1683 1377 1769 presbyteris
1398 1706 1455 1755 et
1473 1689 1806 1771 pauperibus

214 1788 569 1861 largirentur.
604 1787 721 1858 Ipse
754 1798 937 1845 autem
964 1766 1223 1860 quadam'
1245 1790 1335 1846 die
1376 1802 1437 1847 se
1473 1766 1548 1846 ad
1577 1766 1799 1846 audien-
1828 1766 1880 1828 Β

214 1881 344 1935 dam
375 1880 598 1935 missam
624 1880 675 1935 in
708 1880 992 1936 ecclesiam
1023 1880 1220 1941 deferri
1243 1879 1427 1952 jussit.
1453 1881 1569 1950 Qua
1594 1882 1799 1950 audita,

214 1989 384 2028 unum
416 1984 595 2045 tapete
620 1990 804 2031 coram
841 1984 1031 2032 sancta
1061 1990 1227 2033 cruce
1257 1977 1423 2033 stemi
1456 1978 1608 2044 fecit,
1649 1993 1801 2034 sese-

213 2080 326 2135 que
368 2080 534 2135 super
568 2066 670 2121 hoc
718 2066 773 2121 in
821 2067 1129 2123 orationem
1179 2068 1347 2137 dedit,
1395 2079 1453 2124 et
1493 2070 1649 2140 quasi
1682 2077 1803 2139 post

213 2153 502 2211 dimidiam
536 2155 726 2212 horam
756 2172 1003 2230 surgens,
1035 2157 1294 2228 quidquid
1337 2158 1686 2231 supellectilis
1706 2160 1804 2215 ha-

213 2250 351 2304 bere
396 2248 607 2318 potuit,
634 2263 820 2306 coram
866 2265 928 2306 se
968 2249 1253 2320 importari
1290 2250 1575 2322 praeepit,
1607 2260 1807 2321 praeter

210 2351 533 2413 paraturam
578 2342 738 2397 unius
782 2342 976 2399 domus
1026 2358 1090 2399 ac
1139 2358 1489 2408 mensarum,
1540 2352 1597 2398 et
1640 2360 1804 2399 unum

212 2436 575 2505 opertorium,
618 2452 739 2506 quae
781 2437 998 2508 reliquit
1059 2437 1126 2492 ad
1174 2438 1257 2493 sui
1304 2439 1637 2494 successoris
1685 2454 1809 2495 ser-

213 2527 434 2581 vitium.
492 2527 699 2583 Caztcra
755 2543 879 2583 cum
939 2529 1349 2600 perspexisset,
1403 2529 1809 2603 ingemiscenda

211 2617 355 2671 dixit
386 2637 399 2671 :
425 2618 506 2674 Ah
533 2618 547 2673 !
588 2619 717 2691 quid
748 2620 879 2675 mihi
913 2621 1029 2676 lucc
1056 2621 1274 2677 omnia?
1303 2620 1545 2677 Fuerunt
1594 2630 1805 2677 tantum

210 2725 389 2779 pauca
423 2710 724 2776 camisalia,
772 2719 829 2768 et
858 2721 1065 2782 septem
1098 2711 1184 2768 vel
1229 2721 1353 2768 octo
1387 2714 1673 2779 mensalia,
1704 2715 1811 2770 duo

204 2789 458 2867 isarcilia,
495 2812 553 2858 et
596 2803 663 2859 dc
704 2811 930 2875 argento
972 2804 1161 2859 decem
1208 2803 1368 2860 solidi
1397 2822 1410 2858 :
1437 2819 1575 2874 quos
1620 2805 1808 2861 statim

210 2915 316 2970 per
349 2914 541 2953 manus
561 2899 835 2971 praepositi
876 2898 1129 2970 praecepit
1159 2897 1301 2952 inter
1329 2911 1597 2968 pauperes
1619 2895 1808 2962 dividi,

212 3000 421 3051 camera
449 3005 581 3047 vero
626 2989 843 3046 clericis
871 2990 1112 3061 erogari,
1144 2987 1333 3059 sicque
1375 2987 1670 3059 vigilanter
1694 2995 1810 3043 stu-

214 3083 342 3138 duit
387 3099 448 3139 sc
493 3083 560 3138 ad
607 3082 713 3139 hoc
764 3096 1097 3154 praeparare,
1149 3091 1209 3137 ut
1253 3080 1491 3151 pulsanti
1523 3082 1807 3138 confestim

217 3183 407 3245 posset
437 3173 673 3244 aperire.

292 3265 421 3319 Car.
438 3262 673 3317 XXII.—
685 3260 836 3317 Talia
858 3260 1184 3325 meditando,
1201 3261 1491 3331 aliquoties
1505 3258 1570 3315 ad
1584 3276 1816 3333 superna

222 3351 539 3424 rapiebatur
580 3352 633 3407 in
666 3350 897 3422 spiritu,
923 3367 987 3407 ac
1032 3353 1277 3423 quzcdam
1323 3351 1457 3407 vidit
1500 3360 1556 3408 et
1589 3332 1814 3420 audivit,

216 3456 345 3514 qua:
416 3440 577 3496 etiam
635 3456 702 3495 ex
750 3449 906 3512 parte
966 3440 1069 3497 sibi
1118 3440 1499 3497 assistentibus
1552 3443 1813 3497 narravit.

218 3531 362 3588 Nam
377 3531 682 3591 Wernltero
694 3531 1041 3588 Fuldensium
1063 3531 1245 3589 abbati
1265 3547 1325 3589 se
1347 3531 1588 3589 visitanti
1604 3548 1820 3589 annun-

220 3622 404 3686 tiavit,
438 3621 563 3677 utsi
591 3621 697 3677 duo
728 3621 780 3676 in
827 3621 1094 3678 electione
1134 3620 1252 3690 ejus
1281 3622 1495 3679 caeteris
1521 3624 1819 3679 concorda-

225 3721 375 3778 rent,
399 3711 503 3768 sibi
532 3712 586 3767 in
616 3712 932 3783 episcopatu
968 3726 1320 3768 successurus
1353 3721 1515 3769 esset.
1554 3712 1684 3767 Item
1710 3712 1817 3768 alia

216 3807 347 3863 vice
370 3806 529 3879 quasi
554 3806 620 3862 de
645 3806 796 3880 gravi
835 3820 1028 3862 somno
1056 3806 1349 3874 excitatus,
1376 3807 1453 3862 ait
1478 3822 1664 3862 coram
1696 3821 1817 3861 om-

219 3903 387 3960 nibus
421 3920 435 3957 :
466 3900 617 3959 Heu!
649 3903 783 3959 heu!
810 3902 954 3974 quod
982 3898 1545 3958 illumAdalberonem
1567 3910 1815 3973 nepotem

221 4008 407 4049 meum
426 3990 670 4064 unquam
705 3993 812 4048 vidi
847 3991 1014 4062 :quia
1066 4005 1165 4059 pro
1217 4006 1299 4057 eo,
1348 3992 1491 4064 quod
1514 3991 1563 4047 ei
1588 4007 1818 4048 consen-

228 4086 437 4142 tiebam
485 4085 781 4141 secundum
825 4101 980 4140 suum
1009 4084 1364 4152 desiderium,
1390 4085 1577 4140 nolunt
1604 4099 1690 4141 me
1719 4085 1820 4140 im-

221 4177 480 4248 punitum
537 4177 591 4232 in
647 4193 805 4233 suum
873 4176 1119 4246 recipere
1165 4176 1520 4232 consortium.
1569 4175 1819 4247 Legimus

225 4269 357 4325 huic
412 4267 610 4335 simile,
658 4278 846 4326 sancto
897 4267 1163 4339 Gregorio
1193 4269 1247 4323 in
1297 4267 1436 4324 libro
1475 4267 1815 4338 Dialogorum

1836 3131 1883 3198 C

1903 871 1978 927 ita
2010 873 2289 943 respondit
2315 888 2332 927 :
2355 864 2469 931 IIac
2489 875 2545 931 in
2574 891 2633 931 re
2664 892 2861 950 magna
2900 880 3061 936 debet
3099 881 3488 953 omnipotentis

1904 963 1997 1018 Dei
2028 965 2383 1036 dispensatio,
2410 975 2464 1023 et
2497 982 2662 1038 quam
2698 970 2769 1025 sit
2796 971 3097 1043 multiplex,
3130 974 3372 1047 agnosci,
3401 990 3491 1030 cu-

1896 1054 1987 1126 jus
2005 1057 2211 1128 judicio
2241 1066 2423 1115 actum
2453 1068 2561 1126 est,
2585 1068 2646 1115 ut
2675 1061 2818 1118 idem
2843 1063 2924 1117 vir
2947 1062 3275 1121 Paschasius
3295 1073 3351 1121 et
3377 1065 3493 1138 ipse

1906 1146 2051 1203 intus
2080 1147 2360 1219 aliquanto
2396 1158 2638 1220 tempore
2681 1152 2969 1223 reciperet,
3002 1154 3148 1225 quod
3190 1166 3490 1225 peccasset,

1904 1246 1960 1295 et
1981 1247 2162 1295 tamen
2184 1249 2310 1296 ante
2327 1241 2596 1296 humanos
2620 1240 2805 1297 oculos
2833 1242 2969 1299 mira
3000 1258 3096 1315 per
3115 1258 3313 1316 corpus
3334 1261 3491 1301 suum

1904 1338 2033 1400 post
2082 1339 2312 1385 mortem
2362 1329 2591 1396 faceret,
2647 1332 2737 1401 qui
2791 1341 2920 1387 ante
2968 1341 3197 1390 mortem
3232 1334 3313 1391 eis
3358 1348 3496 1404 quo-

1906 1432 2015 1491 que
2057 1420 2512 1490 cognoscentibus
2542 1420 2632 1491 pia
2682 1436 2847 1494 opera
2891 1420 3154 1501 fecisset:
3183 1432 3242 1481 ut
3277 1440 3381 1483 nec
3412 1423 3490 1494 hi,

1906 1509 2001 1582 qui
2040 1508 2159 1579 ejus
2195 1511 2339 1567 bona
2376 1510 2655 1580 viderant,
2700 1511 2766 1568 de
2830 1512 3297 1585 cleemosynarum
3349 1514 3493 1573 illius

1908 1600 2269 1658 aestimatione
2293 1600 2636 1670 fallerentur,
2661 1616 2838 1672 neque
2861 1602 2964 1673 ipsi
2988 1603 3104 1658 sine
3117 1603 3323 1660 ultione
3345 1604 3497 1660 laxa-

1912 1701 2066 1749 retur
2083 1692 2265 1765 culpa,
2297 1707 2460 1764 quam
2494 1708 2598 1751 nec
2632 1693 2752 1765 ipse
2790 1694 3006 1766 culpam
3035 1696 3289 1764 credidit,
3318 1706 3374 1753 et
3420 1697 3498 1755 id-

1904 1787 2054 1845 circo
2079 1789 2225 1844 hanc
2258 1788 2478 1845 fletibus
2506 1804 2618 1845 non
2660 1788 2943 1846 exstinxit.
2978 1788 3069 1847 Sic
3097 1791 3368 1861 quondam
3389 1790 3498 1847 dux

1903 1881 1993 1938 ille
2014 1898 2243 1954 magnus
2282 1881 2594 1937 Israeliticae
2620 1881 2794 1952 plebis
2823 1880 3058 1953 Moyses,
3083 1896 3206 1938 cum
3232 1897 3361 1953 quo,
3394 1882 3500 1939 sic-

1903 1981 1965 2028 ut
1993 1973 2271 2046 Scriptura
2303 1972 2492 2040 refert,
2518 1973 2840 2046 loquebatur
2872 1974 3135 2031 Dominus
3164 1973 3303 2031 facie
3327 1973 3394 2030 ad
3419 1972 3501 2028 fa-

1904 2065 2066 2132 ciem,
2083 2065 2224 2123 sicut
2244 2067 2483 2139 loquitur
2504 2069 2670 2126 homo
2692 2070 2762 2124 ad
2784 2069 3019 2124 amicum
3038 2065 3296 2135 suum,'ét
3316 2066 3499 2121 Aaron

1905 2160 2076 2216 frater
2104 2160 2220 2231 ejus
2266 2163 2553 2230 sacerdos,
2580 2170 2803 2232 propter
2828 2161 3043 2233 culpam
3071 2158 3498 2223 incredulitatis,

1905 2268 1937 2307 a
1964 2253 2193 2309 Domino
2247 2255 2435 2310 audire
2481 2262 2797 2311 meruerunt
2826 2269 2842 2309 :
2868 2254 3004 2323 Quia
3035 2269 3140 2310 non
3186 2251 3498 2309 credidistis

1909 2345 2067 2411 mihi,
2100 2353 2160 2399 ut
2209 2345 2633 2401 sanetillcaretis
2687 2361 2771 2401 me
2795 2361 2981 2401 coram
3019 2345 3144 2401 filiis
3171 2343 3361 2411 Israel,
3393 2359 3500 2410 non

1910 2433 2271 2490 introducelis
2301 2435 2406 2490 hos
2434 2435 2662 2519 populgs
2691 2435 2747 2491 in
2800 2442 3001 2492 terram
3028 2450 3192 2507 quam
3218 2434 3359 2490 dabo
3378 2433 3459 2489 eis
3484 2447 3501 2487 :
3592 2426 3595 2431 ’

1909 2535 1970 2582 ut
1995 2526 2325 2584 infirmiores
2377 2527 2597 2599 quidam
2646 2529 2984 2601 perpendant
3017 2534 3313 2600 qua‘poena
3342 2526 3396 2581 in
3421 2523 3501 2580 ul-

1913 2620 2049 2677 timo
2077 2618 2328 2676 examine
2355 2620 2637 2678 districtus
2662 2620 2836 2679 Judex
2865 2622 3105 2694 graviter
3124 2621 3504 2692 delinquentes

1911 2711 2095 2777 feriat,
2122 2726 2247 2768 cum
2278 2712 2445 2769 etiam
2478 2712 2556 2768 sic
2576 2727 2670 2770 eos
2693 2713 2952 2785 corrigat,
2981 2712 3184 2783 quosin
3206 2710 3500 2768 electorum

1913 2821 2204 2862 numerum
2237 2817 2362 2863 ante
2409 2807 2608 2863 sazcula
2664 2807 3089 2880 praedestinavit.
3141 2808 3246 2866 Sed
3294 2808 3362 2865 de
3416 2808 3504 2879 his

1912 2896 2207 2963 hactenus;
2239 2912 2380 2952 nunc
2409 2897 2477 2952 ad
2501 2898 2807 2953 intermissa
2845 2898 3149 2954 redeamus.

1984 2985 2115 3042 Car.
2147 2985 2332 3041 XXIII.
2360 3017 2431 3027 —
2458 2986 2662 3043 Aderat
2687 3003 2922 3058 namque
2955 2987 3051 3043 toti
3081 2987 3200 3042 orbi
3231 3000 3500 3043 veneran-

1915 3077 2016 3133 dus
2044 3076 2186 3146 dies,
2214 3077 2468 3134 videlicet
2498 3078 2851 3149 praecursoris
2892 3078 3094 3135 Christi
3125 3078 3421 3145 natalitius,
3450 3085 3506 3133 et

1919 3173 2004 3229 vir
2027 3171 2146 3241 Dei,
2180 3172 2330 3245 gravi
2361 3172 2699 3228 infirmitatis
2723 3187 3016 3244 oppressus
3043 3172 3327 3244 languore,
3348 3170 3505 3240 quasi
3529 3159 3539 3171 ’

1920 3262 1987 3320 de
2011 3248 2202 3319 somno
2227 3262 2514 3335 evigilans,
2540 3264 2705 3334 erepit
2742 3263 3045 3319 astantibus
3075 3261 3258 3317 dicere
3285 3278 3299 3315 :
3330 3259 3508 3316 Vesti—

1917 3353 2021 3411 bus
2048 3368 2138 3410 me
2164 3352 2392 3420 induite,
2422 3365 2478 3410 et
2519 3353 2888 3411 calceamenta
2932 3351 3156 3426 pedibus
3203 3351 3338 3408 meis
3366 3366 3506 3422 prte-

1918 3443 2060 3501 bete.
2095 3444 2195 3512 Qui
2225 3445 2351 3501 licet
2380 3444 2528 3500 illum
2556 3460 2654 3516 per
2683 3459 2966 3501 excessum
3016 3444 3213 3499 mentis
3250 3450 3507 3513 putarent

1919 3533 2045 3589 talia
2072 3534 2388 3605 praecipere,
2427 3542 2607 3589 tamen
2636 3535 2960 3590 studuerunt
3000 3533 3241 3588 obedire.
3280 3531 3507 3602 Insuper

1919 3628 2085 3683 etiam
2114 3627 2514 3697 pontificalibus
2543 3627 2763 3683 indutus
2796 3627 3152 3693 ornamentis,
3181 3641 3305 3681 cum
3329 3624 3500 3692 omni,

1918 3725 1978 3772 ut
2009 3706 2128 3773 mos
2156 3725 2259 3783 est,
2291 3717 2616 3773 clericorum
2656 3716 2835 3775 cilicio
2859 3726 3049 3773 contra
3079 3729 3231 3788 spem
3256 3715 3501 3772 omnium

1916 3810 2183 3882 processit
2228 3810 2283 3865 in
2334 3809 2610 3881 publicum
2636 3850 2651 3876 ,
2696 3819 2755 3866 et
2796 3809 2875 3865 sic
2923 3808 2992 3865 ad
3036 3806 3320 3865 ecclesiam
3353 3806 3502 3863 beati

1916 3898 2142 3956 Joannis
2186 3899 2445 3971 Baptistae.
2470 3941 2487 3966 ,
2530 3915 2688 3971 quam
2732 3901 2847 3972 ipse
2878 3898 3216 3966 construxit,
3254 3898 3499 3962 veniens.

1921 3989 2109 4045 tandiu
2143 3990 2261 4046 sine
2311 3989 2615 4059 aliquorum
2649 3988 3041 4046 sustentatione
3088 3987 3366 4044 hominum
3418 3987 3495 4042 ina

1920 4083 2096 4138 victus
2122 4082 2381 4152 perstitit,
2406 4082 2579 4136 donec
2604 4082 2707 4149 bis,
2740 4080 2881 4137 sicut
2902 4095 2964 4135 ea
2992 4081 3079 4136 die
3109 4086 3368 4134 statutum
3395 4084 3501 4143 est,

1920 4189 2072 4230 sacra
2102 4174 2391 4230 missarum
2419 4173 2679 4230 solemnia
2703 4172 3015 4229 celebravit.
3048 4171 3254 4239 Quibus
3278 4171 3383 4226 rite
3410 4184 3505 4224 ex-

1920 4266 2076 4336 pletis
2127 4266 2416 4331 consedit,
2473 4273 2636 4336 atque
2687 4280 2874 4321 coram
2928 4263 3233 4320 astantibus
3288 4261 3505 4319 clericis

227 4360 526 4426 referente,
559 4361 703 4432 quod
729 4360 950 4432 quidam
978 4359 1325 4426 Paschasius,
1343 4359 1650 4430 apostolicae
1675 4357 1819 4414 sedis
1920 4359 2055 4415 dixit
2082 4375 2096 4415 :
2127 4357 2298 4429 Hujus
2326 4358 2746 4415 celebrationem
2775 4355 2934 4414 oﬂicii
2982 4372 3089 4413 non
3139 4368 3384 4437 mearum
3426 4342 3508 4408 vi-

226 4454 383 4509 mirae
411 4454 717 4509 sanctitatis
746 4454 1039 4514 diaconus,
1083 4452 1239 4523 cujus
1285 4462 1408 4522 post
1448 4461 1675 4506 mortem
1707 4450 1818 4506 dal-
1850 4488 1896 4547 Ι)
1922 4449 2059 4504 rium
2111 4449 2504 4519 possibilitate,
2554 4449 2649 4505 sed
2720 4464 2787 4505 ex
2842 4449 3127 4505 divinitate
3186 4444 3508 4518 praesumpsi

226 4546 428 4601 matica
450 4544 654 4601 feretro
678 4545 796 4613 ejus
822 4544 1195 4619 superposita,
1225 4543 1617 4599 dmmoniacum
1647 4541 1822 4611 tetigit
1850 4537 1889 4547 ⁷
1921 4540 2128 4597 Christi
2179 4550 2343 4610 atque
2364 4537 2627 4610 jussione.
2679 4539 2818 4595 Nam
2847 4537 3008 4596 hodie
3034 4554 3158 4596 cum
3187 4537 3331 4597 dulci
3358 4537 3505 4607 quie-

229 4647 287 4695 et
316 4646 540 4695 sanatus
563 4646 647 4693 est
681 4654 694 4691 :
728 4636 847 4692 loco
886 4635 1065 4707 penali
1111 4637 1401 4706 deputatus
1452 4643 1537 4689 est
1578 4634 1649 4688 ob
1687 4632 1822 4687 nihil
1921 4645 2134 4686 scerem
2181 4644 2410 4697 somno,
2454 4631 2748 4686 astiterunt
2774 4646 2958 4686 coram
2986 4629 3184 4686 lectulo
3214 4642 3336 4682 meo
3356 4627 3510 4696 juve-

228 4728 377 4784 aliud
409 4728 514 4783 nisi
545 4726 689 4797 quod
728 4728 781 4782 in
813 4726 900 4780 illa
932 4725 1279 4791 conditione,
1306 4737 1426 4793 qua:
1476 4723 1620 4777 inter
1658 4720 1819 4795 Sym-
1924 4735 2021 4778 nes
2042 4720 2150 4778 duo
2180 4730 2405 4792 aspectu
2445 4719 2688 4787 formosi,
2737 4736 2968 4792 quorum
2997 4735 3140 4775 unus
3169 4717 3308 4774 dixit
3333 4715 3466 4769 mihi
3496 4732 3510 4767 :

232 4819 486 4875 machum
509 4834 702 4889 papam
733 4827 789 4873 et
809 4817 1161 4873 Laurentium
1184 4816 1323 4872 facta
1361 4823 1471 4882 est,
1490 4813 1557 4870 ad
1605 4812 1821 4883 pontiﬁ-
1925 4812 2106 4880 Quare
2132 4807 2242 4868 non
2266 4809 2480 4882 surgis?
2521 4810 2690 4867 debes
2733 4811 2882 4865 enim
2928 4809 3094 4864 hodie
3140 4805 3206 4858 ad
3255 4801 3520 4857 Sanctum

229 4922 385 4969 catus
415 4910 666 4968 ordinem
695 4910 1052 4966 Laurentium
1092 4908 1276 4978 elegit,
1319 4914 1375 4962 et
1413 4905 1655 4961 omnium
1702 4915 1826 4977 post
1924 4903 2189 4962 Joannem
2204 4905 2427 4961 missam
2448 4902 2747 4960 celebrare.
2763 4902 2866 4958 Cui
2889 4899 3031 4955 alter
3050 4893 3517 4975 responditzguo-

232 5007 592 5063 unanimitate
623 4986 932 5074 superatus,
953 5005 1005 5057 in
1032 5017 1129 5058 sua
1154 5011 1333 5056 tamen
1363 5000 1631 5056 sententia
1649 5013 1821 5070 usque
1924 4996 2083 5053 modo
2104 5003 2289 5068 potest
2305 4995 2406 5050 hoc
2421 4993 2572 5048 ﬁeri?
2587 4991 2714 5063 quia
2737 5007 2838 5062 pro
2860 4983 3315 5082 impossibiliwﬁ
3337 4980 3533 5082 νὶιξὶιιιιι

230 5097 377 5132 ἰιιυσσιη
408 5097 553 5132 Ᾱῖιπη
586 5096 668 5132 cui
717 5096 892 5132 avitum
923 5092 1157 5132 nnrclilil
1223 5091 1372 5132 illum
1403 5092 1638 5132 nmnntln
1663 5100 1828 5132 olmm
1926 5087 2101 5132 adhuc!
2130 5086 2373 5132 ih-imam
2411 5098 2518 5132 non
2563 5082 2836 5132 exolevit?
2884 5077 3058 5132 Tunc
3086 5074 3202 5132 ἱὶὶθι
3232 5074 3324 5132 (λὶὶί
3349 5074 3503 5132 prh‘s
3527 5085 3545 5120 ἶ

228 5097 377 5132 ign-Oct.
586 5096 668 5132 αιιῖ
