4024 5370
504 210 640 266 H01

1408 205 1751 262 BEllNONlS
1785 202 2075 259 ABBATIS
2111 201 2478 258 AUGIENSIS
2512 201 2842 261 CARMINA.

958 319 1087 388 Post
1115 325 1308 388 raptus
1336 316 1470 374 Hele

1037 387 1181 442 Mille
1207 397 1354 443 rates
1384 389 1470 460 ple

966 457 1280 526 Exuperare
1308 474 1368 513 ra

1033 526 1258 584 Faedere
1287 530 1429 585 nuda

959 596 1150 653 Graeco
1178 599 1342 654 ducto

1036 667 1142 723 Pro
1164 679 1414 726 consorte
1443 680 1500 727 to

969 735 1238 810 Pergama
1269 741 1357 796 dia
1390 757 1449 798 se

1029 807 1312 878 Inipetitur
1341 827 1449 867 mm

969 876 1277 934 Nutu—Juno

1039 949 1346 1005 Destruitur
1371 953 1439 1007 do

964 1016 1128 1090 Plena
1158 1020 1311 1075 malae
1340 1037 1440 1090 pro

1045 1089 1373 1161 Deleturque
1401 1092 1471 1147 do

973 1157 1124 1213 Tunc
1152 1157 1506 1218 dant—cuncta
1542 1177 1611 1219 ne

1040 1229 1344 1286 Obfirmant
1370 1231 1492 1288 Grte

976 1297 1113 1354 Hinc
1142 1301 1332 1357 ardent
1361 1319 1407 1358 te

1041 1368 1147 1424 Per
1170 1372 1350 1429 varias
1378 1387 1455 1428 ea!

971 1438 1264 1496 Muletatur
1295 1458 1374 1498 ea:

1048 1508 1227 1580 Seque
1254 1528 1352 1568 suo
1377 1512 1443 1568 fa:

960 1578 1210 1654 Fremina
1228 1583 1390 1654 digna
1419 1599 1508 1640 mo

1040 1650 1272 1707 Reddita
1289 1650 1446 1709 'victo

960 1720 1114 1793 Saeva
1152 1724 1282 1793 quid
1305 1739 1404 1780 eva

1040 1790 1151 1846 Cur
1169 1790 1270 1848 rea
1301 1803 1358 1850 tu
1388 1795 1469 1850 cla

967 1861 1137 1916 Passa
1168 1865 1326 1920 modo
1349 1865 1475 1920 Pari

1043 1931 1109 1985 Et
1138 1933 1347 1990 factura
1381 1934 1414 1990 li

971 2002 1179 2057 Rumor
1199 2004 1273 2060 ‘de
1303 2016 1423 2062 vete

1032 2074 1167 2129 Cras
1195 2085 1452 2145 poterunt
1484 2076 1552 2132 fle

963 2143 1211 2199 Foemina
1242 2148 1390 2202 victa
1425 2161 1516 2202 me

1034 2214 1145 2288 Nec
1172 2215 1288 2272 ﬁeri
1317 2233 1414 2288 spe

965 2283 1193 2354 Expleta
1222 2303 1300 2342 cae

1044 2357 1333 2414 Tractatur
1361 2358 1435 2416 foe

968 2424 1024 2478 ln
1059 2428 1197 2483 facie
1224 2429 1303 2485 Do

1016 2496 1404 2584 gsubsequitur
1431 2500 1484 2559 lo

966 2567 1113 2623 Vivit
1141 2578 1198 2624 at
1224 2567 1335 2626 invi

1035 2639 1104 2694 Et
1133 2641 1386 2710 planctus
1414 2642 1550 2698 meri

964 2703 1107 2782 Juno
1133 2703 1263 2779 quid
1293 2721 1378 2768 est
1406 2713 1549 2782 quod
1583 2728 1611 2766 a

1040 2779 1142 2837 Tot
1169 2796 1237 2836 ne
1263 2779 1436 2853 putas
1460 2783 1545 2852 pla

968 2848 1110 2920 Ergo
1137 2848 1316 2908 reocci

1036 2921 1178 2992 Ergo
1201 2922 1378 2992 reocci

964 2988 1181 3063 Nullu'm
1205 2989 1318 3058 jam
1352 3007 1480 3063 repe

1038 3060 1148 3113 lmo
1173 3060 1443 3132 persequi:

963 3129 1133 3184 Nemo
1165 3129 1370 3187 rebella

1037 3199 1291 3270 Belloque
1323 3210 1471 3257 secta
1522 3222 1523 3225 η

970 3270 1046 3324 Ne
1075 3285 1160 3326 me
1188 3271 1331 3330 Juno
1373 3271 1427 3327 fe

1039 3341 1148 3397 Fac
1183 3341 1335 3397 obitu
1376 3342 1491 3397 cele

979 3411 1162 3489 Usque
1177 3413 1348 3489 modo
1371 3411 1441 3466 ile

1039 3482 1192 3547 Quod
1221 3482 1472 3553 superest
1496 3498 1542 3538 re

975 3551 1223 3608 Pcrstitit
1248 3551 1329 3608 ira
1359 3552 1404 3609 D

1043 3622 1212 3679 Miror
1241 3623 1385 3694 quod
1427 3624 1500 3678 sit

969 3695 1142 3749 Nemo
1175 3695 1278 3750 mei
1311 3694 1476 3750 memi

1028 3764 1240 3820 Mecum
1270 3764 1449 3820 foedus
1476 3764 1491 3819 i

973 3835 1226 3891 Concutit
1265 3850 1388 3892 ossa
1424 3850 1511 3889 me

1051 3907 1186 3961 Dum
1219 3915 1444 3962 renovat
1464 3904 1532 3962 ﬂe

968 3976 1110 4032 Urbs
1137 3984 1282 4031 retro
1305 3975 1441 4032 subli

1044 4049 1159 4104 Una
1191 4047 1248 4102 fit
1276 4062 1340 4100 ex
1372 4047 1503 4101 mini

971 4119 1114 4174 Urbs
1150 4117 1366 4174 fortuna

1040 4189 1135 4245 Vel
1170 4195 1393 4258 possent
1420 4187 1471 4242 fa

963 4258 1145 4328 Regna
1186 4260 1342 4315 beata
1376 4274 1438 4314 sa

1044 4329 1204 4385 Dives
1241 4331 1451 4386 honora

970 4401 1157 4456 Reana
1188 4399 1344 4456 beata
1377 4415 1437 4456 sa

1092 4471 1234 4541 raedo
1263 4471 1480 4541 volupta

975 4540 1116 4596 Urbs
1148 4540 1376 4596 celebris
1392 4540 1475 4596 do

1041 4610 1182 4666 Ecce
1208 4611 1380 4666 solum
1411 4627 1481 4665 nu

965 4679 1134 4752 Troja
1165 4683 1386 4752 antiqua
1418 4696 1484 4752 pe

1041 4751 1273 4820 Jamjam
1301 4751 1475 4807 bubus
1500 4766 1531 4807 e

957 4823 1100 4882 Urbs
1133 4821 1272 4878 bona
1311 4821 1468 4892 plena
1487 4823 1558 4879 bo

1028 4893 1259 4949 Praedita
1289 4902 1447 4964 patro

962 4963 1124 5020 Plena
1155 4963 1377 5033 polenta

1033 5034 1370 5090 Felicissima

963 5103 1020 5159 Si
1054 5106 1374 5160 commende

1033 5173 1220 5208 Γοιιοηο
1251 5189 1412 5208 alanna

1715 369 1798 410 nm:

1665 569 1667 571 ι
1723 503 1808 550 tus

1720 633 1766 689 ri

1721 792 1818 832 CUS

1721 1197 1771 1253 ci

1729 1339 1823 1396 des

1727 1481 1791 1536 de

1724 1622 1768 1675 ri

1727 1761 1811 1818 dis

1728 1901 1849 1958 dem

1728 2045 1771 2098 ri

1730 2199 1794 2241 νο

1727 2325 1794 2382 de

1728 2482 1850 2522 runt

1731 2616 1784 2662 ta

1724 2748 1806 2817 gis

1722 2889 1816 2943 des

1724 3029 1801 3084 ris

1726 3178 1816 3226 tur

1727 3312 1771 3364 ri

1727 3452 1778 3505 vi

1727 3592 1776 3646 ei

1727 3733 1809 3789 nit

1729 3880 1819 3929 tus

1729 4014 1832 4070 mis

1725 4163 1780 4210 ta

1727 4296 1798 4351 tis

1725 4436 1793 4492 tis

1721 4577 1847 4631 dum

1723 4719 1797 4774 ris

1713 4875 1784 4916 no

1719 5009 1772 5054 tu

1759 5153 1841 5194 ἰῦὸ

2075 315 2316 373 Currunt
2336 317 2554 375 Larissa
2573 317 2731 388 Mycc

2147 388 2401 445 Fortibus
2429 391 2634 458 absque
2655 402 2714 443 se

2072 457 2422 514 Viduatorem
2451 457 2614 514 vidua

2145 527 2395 584 Fmderat
2423 544 2552 586 ense
2579 529 2626 583 la

2075 596 2334 654 Prohibet
2359 601 2515 656 dolor
2545 613 2665 656 esse
2694 598 2827 653 tirno

2147 669 2346 725 Vivere
2377 671 2493 726 sive
2525 685 2613 725 mo

2080 738 2224 864 Figt
2253 742 2485 797 tentoria
2512 739 2636 797 (ἐι-ω

2200 819 2222 864 ι
2251 810 2556 864 fabricatur
2587 824 2619 864 e

2200 819 2222 864 t
2251 810 2556 866 fabricatur
2587 824 2619 864 e

2080 877 2357 951 Eti_niqua
2385 880 2577 936 fraude
2606 879 2740 936 Sino

2151 949 2298 1007 Urbs
2326 952 2483 1008 modo
2509 951 2676 1022 plena
2699 951 2768 1005 bo

2081 1019 2235 1076 Parit
2265 1023 2474 1077 hostem
2502 1019 2752 1080 machina
2784 1035 2872 1086 mo

2154 1091 2286 1147 Tam
2309 1090 2568 1163 populosa
2589 1104 2660 1159 po

2081 1159 2397 1234 Praedaque
2424 1163 2682 1234 cupidine
2710 1175 2789 1217 cae

2151 1232 2376 1304 Pectora
2421 1233 2602 1288 clausa
2631 1247 2730 1304 pre

2084 1299 2223 1358 Hinc
2256 1303 2545 1360 detruncat
2575 1299 2763 1358 Dibme

2154 1373 2409 1444 Brachia,
2437 1388 2619 1437 crura,
2649 1388 2719 1444 pe

2086 1443 2276 1499 Prredo
2301 1443 2458 1500 Paris
2489 1459 2519 1498 a
2551 1443 2739 1500 Dioine

2158 1514 2356 1571 Reddit
2381 1515 2598 1570 alumna
2625 1514 2700 1569 Le

2042 1649 2046 1653 _
2085 1585 2311 1656 Reimeat
2338 1586 2407 1640 ab
2435 1599 2621 1640 amore
2649 1583 2769 1656 prio

2155 1655 2477 1727 Delitiisque
2513 1656 2607 1710 tho

2090 1724 2204 1780 Non
2231 1724 2425 1781 tradita
2456 1733 2652 1783 caetera
2679 1731 2763 1778 tra

2161 1797 2276 1851 Non
2306 1796 2468 1851 modo
2494 1795 2646 1850 clade
2672 1809 2737 1849 ca

2084 1865 2188 1922 Per
2216 1867 2357 1922 idem
2387 1865 2568 1927 modo,
2600 1864 2811 1920 Thesea
2836 1863 2918 1935 pri

2154 1936 2232 1992 Ne
2254 1936 2444 1992 redeas
2470 1936 2524 1991 in
2555 1936 2570 1990 i

2082 2004 2270 2063 Faciet
2298 2015 2524 2064 ventura
2550 2007 2682 2062 time

2157 2077 2359 2162 Turpia
2389 2077 2628 2162 sicut‘he'

2092 2148 2246 2217 Quod
2275 2146 2558 2204 inhaesitat
2585 2146 2736 2202 ebria
2773 2160 2837 2200 re

2164 2218 2275 2274 Nec
2301 2217 2588 2302 “estesse:
2614 2232 2648 2272 θ

2094 2287 2517 2360 Superadditur
2541 2287 2760 2345 Hecuba
2787 2301 2899 2360 pra:

2203 2359 2387 2429 agitur
2415 2359 2495 2414 ire
2523 2373 2590 2429 pe

2092 2429 2311 2484 Crinem
2338 2427 2539 2484 laniata
2565 2429 2700 2484 deco

2162 2499 2267 2555 Per
2297 2499 2562 2556 tbeatrale
2582 2497 2638 2554 fo

2089 2569 2224 2652 Quia
2254 2569 2390 2652 vivit
2416 2583 2654 2652 paupere
2680 2569 2732 2629 vi

2164 2639 2506 2696 Vociferatur
2528 2639 2549 2691 i

2088 2711 2215 2766 Post
2245 2719 2408 2766 tanta:
2443 2709 2636 2765 funera
2669 2718 2784 2765 stra

2156 2781 2382 2837 Addere-
2397 2794 2556 2850 posse
2580 2794 2665 2834 ma

2087 2850 2198 2906 Hos
2240 2866 2377 2921 quos
2417 2850 2620 2921 occidit
2665 2850 2782 2910 Atri

2158 2920 2306 2991 Quos
2339 2920 2541 2980 abiisse
2568 2921 2619 2979 vi

2078 2993 2192 3049 Nec
2220 2993 2301 3048 sic
2327 2993 2421 3047 ulli
2451 2991 2651 3046 misere

2149 3061 2596 3133 Belliquiascine

2083 3131 2191 3190 Sed
2214 3131 2354 3188 Juno
2382 3131 2639 3202 belligera

2152 3202 2430 3274 Sanguine
2453 3215 2643 3274 mucro
2683 3215 2741 3260 sa

2079 3270 2350 3331 Feriendo
2375 3280 2530 3344 potes
2555 3270 2756 3328 misere

2153 3345 2362 3414 Corpus
2376 3342 2535 3398 anile
2567 3350 2620 3414 te

1998 3396 2000 3398 ’
2082 3396 2252 3473 Casus
2263 3396 2626 3470 summa
2655 3410 2720 3466 lae

2156 3484 2384 3555 Corripe
2412 3483 2518 3538 fine
2542 3483 2640 3555 bre

2087 3554 2226 3611 Dare
2254 3552 2452 3611 caétera
2483 3552 2687 3624 pernici

2154 3625 2353 3681 Mentio
2376 3624 2520 3680 nulla
2551 3639 2603 3684 m

2079 3694 2304 3766 Gladius
2333 3696 2424 3766 qui
2455 3705 2650 3766 caetera
2676 3692 2710 3748 ii

2151 3765 2235 3822 Me
2258 3765 2541 3836 superesse
2564 3765 2607 3821 si

2087 3835 2175 3891 Fit
2199 3835 2425 3906 spiritus
2449 3836 2688 3906 irrequie

2159 3906 2345 3963 Denuo
2372 3921 2566 3962 caussa
2609 3920 2694 3960 me

2084 3976 2151 4034 Et
2165 3977 2461 4056 abundans
2489 3977 2650 4056 rebus
2673 3979 2761 4056 opi

2150 4047 2463 4104 Annihilata
2495 4047 2549 4102 ni

2082 4116 2141 4174 Si
2168 4126 2350 4188 posset
2379 4119 2599 4174 vincere
2621 4119 2674 4174 fa

2155 4189 2384 4258 Segnius
2406 4203 2526 4245 esse
2561 4205 2620 4244 ra

2083 4257 2442 4329 Urbs’prima‘.
2467 4261 2691 4316 nobilita

2156 4330 2424 4385 Dantibus
2452 4331 2657 4400 absque
2685 4332 2754 4386 da

2085 4400 2267 4456 Donec
2296 4415 2531 4456 nocuere
2560 4402 2659 4458 bea

2155 4471 2221 4526 Et
2249 4471 2389 4526 male
2416 4481 2569 4540 rapta
2602 4487 2660 4526 ra

2087 4541 2221 4596 Dum
2252 4543 2504 4598 terminat
2533 4541 2646 4596 alea
2677 4541 2729 4596 lu

2155 4609 2347 4667 Pastus
2378 4612 2486 4667 erit
2513 4627 2648 4681 pecu

2083 4679 2200 4752 Non
2227 4682 2342 4752 jam
2374 4679 2705 4752 mibi—Troja
2733 4681 2856 4738 vide

2151 4751 2350 4808 Pascua
2363 4794 2378 4818 ,
2406 4752 2574 4807 lustra
2604 4752 2654 4808 fe

2078 4821 2258 4887 Foris,
2290 4823 2455 4887 intus,
2480 4823 2619 4889 cive,
2646 4821 2764 4879 colo

2148 4891 2412 4948 Przeditus
2439 4893 2527 4949 ille
2553 4895 2678 4950 thro

2079 4961 2440 5034 Celeberrima
2468 4964 2626 5034 digna
2657 4964 2769 5020 rela

2148 5032 2420 5103 Principe,
2453 5032 2587 5098 civ‘e,
2618 5043 2701 5090 sta

2082 5102 2234 5170 Quod
2266 5104 2650 5158 commendare
2679 5104 2793 5160 sole

2152 5172 2264 5208 nnc
2319 5187 2447 5208 nnar
2497 5174 2635 5208 nan
2687 5191 2756 5208 nn

3190 491 3278 539 tus

3185 623 3232 678 ri

3195 781 3294 822 cus

3191 1187 3240 1243 ci

3194 1327 3291 1384 des

3192 1467 3258 1524 de

3193 1609 3236 1664 ri

3198 1751 3282 1806 dis

3195 1892 3318 1947 dem

3193 2033 3238 2087 ri

3201 2190 3262 2230 ro

3206 2316 3286 2370 da:

3202 2472 3321 2511 runt

3200 2739 3316 2810 gis?

3197 2881 3328 2936 des?

3197 3021 3275 3077 ris

3195 3170 3284 3216 tur

3191 3302 3236 3356 ri

3192 3443 3243 3498 vi

3191 3583 3241 3640 ei

3194 3724 3246 3779 ni

3196 3873 3280 3920 tus

3193 4005 3296 4063 mis

3190 4158 3243 4204 ta

3187 4291 3253 4346 tis

3195 4433 3258 4488 tis

3191 4576 3315 4629 dum

3184 4715 3260 4770 ris

3184 4869 3255 4908 no

3183 5153 3306 5195 Inus

3624 191 3753 250 ιεοι
