4024 5370
487 253 622 313 1211

559 370 684 429 845.
725 369 908 427 Judith
950 371 1104 427 obiit.

552 463 678 521 856.
718 463 1022 534 ilildigarht
1050 463 1207 521 obiit.

1320 253 1609 313 APPEND.
1649 254 1742 310 AD
1778 252 2175 311 BERNGNEM.
2208 251 2618 310 ~ANNALES
2653 249 3061 309 AUGIENSES.

2100 374 2149 435 Δ
2241 368 2371 427 858.
2416 370 2723 427 Folcwinus
2774 368 2945 440 abbas
2997 364 3155 436 obiit,
3195 375 3242 421 et
3290 362 3606 423 Waldarius
3646 378 3767 417 suc-

2168 463 2344 523 cessit.
2699 461 2702 463 λ

3622 246 3755 303 ill!

1544 670 1772 740 PARS
1824 669 2270 760 SECUNDA,
2323 670 2715 743 GENUINA

528 881 685 955 ‘860.
724 879 1060 953 Meginratns
1103 881 1370 955 heremita
1414 882 1800 956 martyrizatus
1824 892 1927 939 est.

553 972 680 1032 864.
719 970 1000 1028 waldheri
1030 972 1200 1029 abbas
1223 972 1405 1027 desiit.
1438 972 1618 1029 Iiecco
1645 974 1908 1031 successit
1932 975 2072 1047 (61).
2138 1000 2139 1005 π

556 1066 681 1123 868.
719 1065 849 1121 Visa
878 1073 963 1120 est
992 1076 1205 1121 cometa
1245 1063 1716 1121 manifestissime.

555 1158 678 1215 869.
717 1157 862 1229 lctus
897 1156 1140 1213 fulminis
1186 1155 1307 1213 Kal.
1347 1155 1475 1213 Julii
1526 1158 1673 1214 inter-
1701 1159 1969 1215 decimam
2017 1167 2107 1215 et'

485 1250 826 1307 undecimam
865 1250 1054 1305 horam
1096 1249 1226 1304 diei.
1798 1272 1802 1276 -
1865 1250 1869 1255 '

526 1328 681 1397 ‘871.
722 1324 868 1398 liceo
902 1339 1072 1396 abbas
1091 1340 1245 1405 obiit,
1274 1348 1330 1397 et
1358 1339 1590 1398 Buadho
1623 1342 1639 1376 ⁸
1673 1342 1960 1405 successit.

553 1432 679 1487 875.
717 1432 860 1488 Ictus
888 1432 1131 1487 fulminis
1161 1431 1516 1489 Worxtatiam
1540 1425 1856 1491 combussit.

552 1523 677 1577 875.
715 1522 1038 1578 Ludowieus
1087 1522 1271 1578 Caesar
1316 1523 1484 1579 Italia:
1530 1524 1688 1592 obiit,
1737 1535 1794 1582 et
1835 1525 2071 1583 Karolus

487 1629 584 1669 rex
615 1614 803 1671 Galliae
827 1615 1051 1670 Romam
1086 1618 1352 1686 pervenit.

553 1704 659 1760 876
712 1706 734 1737 ¹
805 1705 1130 1763 Ludowicus
1185 1707 1329 1764 filius
1394 1707 1671 1766 Lndowici
1731 1709 2077 1780 imperatoris

484 1795 640 1852 obiit.
667 1796 735 1850 Et
765 1796 965 1853 bellum
1008 1798 1154 1859 inter
1195 1798 1546 1855 Ludowicum
1574 1808 1630 1855 et
1671 1799 1927 1857 Karolum
1971 1800 2071 1854 im-

482 1895 815 1959 peratorcm.
1142 1898 1153 1905 '

552 1979 677 2036 878.
716 1980 946 2052 Eclipsis
974 1981 1105 2045 solis
1133 1998 1188 2038 ιγ
1214 1981 1334 2038 Kal.
1370 1981 1718 2039 Novembris.

2248 884 2371 941 915.
2416 884 2619 958 Ungari
2664 894 2836 947 totam
2889 884 3264 945 Alemanmam
3311 881 3439 956 igne
3480 889 3545 940 et
3582 881 3775 953 gladu

2177 985 2552 1033 vastaverunt.

2248 1069 2372 1125 9l7.
2415 1068 2616 1141 Ungari
2659 1083 2758 1140 per
2781 1066 3161 1127 Alemanniam
3187 1064 3242 1120 in
3288 1063 3558 1120 Alsatiam
3589 1071 3647 1119 et
3671 1076 3768 1117 us-

2178 1173 2285 1229 que
2319 1160 2387 1214 ad
2419 1160 2554 1216 ﬁnes
2604 1159 2849 1216 Lotharii
2902 1159 3057 1232 regni
3104 1164 3394 1213 venerunt.
3448 1153 3772 1223 Embanget

2179 1260 2234 1306 et
2260 1249 2544 1307 Peratolht
2569 1250 2825 1307 decollati
2859 1260 3009 1315 sunt.

2250 1346 2374 1403 919.
2418 1347 2486 1402 Et
2509 1346 2868 1415 Chuonradus
2895 1362 2991 1403 rex
3016 1344 3162 1408 obiit,
3180 1344 3224 1400 ‘.
3506 1398 3511 1403 ,

2246 1428 2373 1492 995.
2412 1437 2858 1495 Preciosissimus
2897 1438 3185 1494 thesaurus
3217 1431 3503 1507 sanguinis

2176 1531 2234 1588 in
2260 1531 2488 1602 Augiam
2515 1531 2536 1564 '
2581 1531 2729 1588 venit
2763 1530 2797 1587 6
2832 1529 2957 1586 ldus
2984 1527 3322 1584 Novembris.

2250 1619 2375 1676 926.
2420 1620 2622 1692 Ungari
2652 1628 2822 1676 totam
2866 1619 3179 1681 Franciam,
3208 1615 3499 1679 Alsatiam,
3532 1610 3787 1669 Galliam:

2180 1720 2344 1782 atque
2383 1710 2761 1766 Alemanniam
2814 1710 2939 1780 igne
2968 1718 3023 1763 et
3055 1707 3236 1779 gladio
3275 1711 3656 1767 vastaverunt.
3706 1701 3773 1755 Et

2150 1803 2534 1872 -Burghardus
2562 1802 2683 1866 dux-
2709 1801 2977 1857 occiditur
3004 1800 3045 1853 ⁸.

2249 1893 2374 1950 927.
2415 1891 2638 1961 Hiemps
2667 1905 2865 1962 magna
2898 1889 3061 1945 nimis
3090 1887 3223 1958 (66).

2076 1974 2149 2068 ’Β
2247 1984 2371 2040 951.
2410 1980 2695 2038 Heinricus
2745 1995 2841 2037 rex
2870 1995 3027 2052 reges
3056 1977 3444 2035 Abodritorum
3488 1984 3545 2032 et
3593 1971 3773 2068 Nord-

552 2074 678 2129 879.
717 2076 737 2106 ²
762 2073 995 2139 Karolus
1018 2073 1161 2139 filius
1181 2076 1459 2141 Ludowici
1493 2077 1632 2148 regis
1653 2075 2072 2149 Francorumet
2103 2066 2134 2068 ί
2174 2091 2501 2145 marmorum
2529 2074 2694 2132 eilicit
2738 2073 3098 2159 Christianos,
3143 2081 3201 2127 et
3250 2068 3529 2149 profectus
3580 2076 3669 2123 est.
3716 2066 3767 2119 in

482 2162 656 2219 frater
711 2164 1200 2229 Carolomannict
1251 2166 1528 2224 Ludowici
1576 2166 1787 2223 Italiam
1832 2166 2072 2239 primum

483 2252 735 2311 intravit.

551 2346 678 2427 880.
719 2347 1156 2405 Karolomannus
1187 2366 1282 2407 rex
1323 2350 1587 2419 Bavvaria:
1623 2350 1782 2407 obiit.
1854 2362 1857 2363 '

552 2437 679 2494 881.
725 2437 955 2495 Karolus
987 2439 1172 2496 Romae
1204 2438 1395 2497 Caesar
1419 2440 1694 2497 edicitur;
1780 2443 1793 2463 ‘

557 2530 681 2586 887.
722 2530 956 2589 Karolus
1002 2533 1303 2605 imperator
1349 2548 1516 2604 regno
1558 2520 1829 2605 privatur.~
1866 2533 1935 2599 Et
1973 2532 2074 2601 Ar-

486 2618 671 2675 nolfus
700 2620 843 2677 ﬁlius
883 2621 1273 2687 Karolomanni
1304 2623 1357 2677 in
1382 2638 1564 2695 regem
1588 2621 1856 2678 elevatur.
2039 2632 2042 2634 ‘

551 2712 675 2768 888.
717 2713 737 2743 '
769 2712 1000 2770 Karolus
1029 2714 1323 2785 imperator
1355 2714 1512 2779 obiit.

552 2804 677 2860 891.
721 2802 1015 2862 Sunderolt
1062 2805 1504 2878 archiepiscopus
1531 2821 1563 2861 a
1590 2804 2074 2875 Nordmannisoc-

482 2894 707 2949 ciditur.

555 2984 679 3041 896.
718 2984 979 3047 Arnolqu
1002 2985 1190 3042 Roma:
1215 2986 1399 3045 Caesar
1428 2986 1681 3043 eiﬁcitur.
1717 2987 1786 3042 Et
1814 2987 1867 3041 in
1902 2987 2076 3058 Angia

487 3077 712 3134 miseria
770 3078 935 3134 famis
984 3087 1041 3135 ct
1087 3079 1441 3135 mortalitatis
1477 3078 1777 3135 Christiani
1829 3078 2078 3136 homines
2124 3094 2131 3101 τ

487 3165 718 3227 alterius
752 3185 974 3227 carnem
1005 3171 1383 3233 comederunt.

516 3265 523 3274 '
555 3262 682 3318 897.
724 3279 765 3319 ιι
794 3261 919 3319 Idus
939 3262 1086 3318 Junii
1110 3264 1253 3322 ictus
1289 3261 1534 3319 fulminis
1568 3270 1696 3318 ante
1727 3277 2004 3319 auroram.

2175 2165 2622 2329 ὼξξζέῗιῦηεπί
2660 2271 2760 2329 per
2797 2253 3092 2312 orientales
3125 2253 3364 2309 Francos
3409 2257 3466 2307 et
3509 2248 3767 2305 Aleman-

2032 2358 2039 2365 '
2072 2358 2079 2363 ’
2160 2352 2320 2409 ’niam
2348 2350 2533 2432 multis
2571 2348 2903 2407 civitatibus:
2923 2348 3046 2418 igne
3094 2353 3148 2402 et
3184 2343 3364 2416 gladio
3405 2342 3762 2412 consumptis,

2166 2441 2325 2513 juxta
2368 2440 2731 2497 Wormatiam
2776 2439 2970 2495 Rheno
3016 2436 3270 2501 transito,
3305 2448 3476 2504 usque
3523 2432 3593 2488 ad
3619 2446 3767 2487 mare

2174 2548 2437 2591 oceanum
2468 2547 2723 2607 regnum
2743 2530 2930 2597 Gallia-
2971 2529 3412 2594 devastaverunt,
3445 2535 3502 2582 et
3528 2540 3631 2596 per
3656 2522 3765 2580 Ita-

2174 2624 2304 2683 liam
2332 2624 2632 2682 rediernnt.
2666 2624 2672 2630 ’

2246 2716 2371 2774 951.
2413 2714 2616 2785 Ungari
2638 2714 2708 2771 ab
2727 2712 2972 2772 exercitu
2998 2712 3143 2785 regis
3154 2709 3394 2770 Heinrici
3416 2708 3589 2765 occisi
3619 2714 3765 2773 sunt,

2176 2814 2233 2867 et
2256 2806 2425 2873 ,ωηιιί
2450 2805 2829 2877 comprehensi
2856 2813 3004 2862 sunt.

2249 2898 2376 2957 956.
2415 2897 2703 2956 Heinricus
2749 2913 2843 2954 rex
2871 2896 3049 2963 obiit,
3096 2902 3153 2952 et
3204 2893 3334 2951 Otto
3362 2891 3510 2948 filius
3558 2890 3681 2961 ejus
3714 2891 3779 2945 in-

2179 3008 2408 3065 regnum
2437 2991 2807 3049 constituitur.
2821 2989 3164 3051 Frithuricus
3185 2985 3298 3061 (67)
3324 2984 3773 3056 archiepiscopus

2177 3086 2480 3145 ordinatus.

2250 3176 2377 3233 957.
2414 3174 2800 3233 Monasterium
2828 3172 3003 3229 sancti
3041 3167 3302 3231 Bonifacii
3338 3178 3396 3225 et
3422 3168 3605 3225 sancti
3632 3166 3769 3223 Galli

2181 3268 2307 3341 igne
2334 3273 2746 3325 consumuntur.
2793 3261 3092 3325 Ruodolfus
3137 3274 3247 3323 rex
3279 3270 3335 3317 et
3373 3257 3637 3321 Arnolqu
3667 3258 3767 3311 dux

557 3351 683 3408 899.
730 3351 933 3423 Ungari
955 3352 1166 3408 Italiam
1183 3352 1408 3426 ingressi
1433 3351 1603 3415 multa
1622 3351 1811 3423 (mala)
1834 3350 2082 3407 fecerunt
2107 3373 2153 3436 ρ
2183 3360 2459 3418 obierunt.

486 3443 555 3498 Et
593 3441 852 3505 Arnolqu
881 3444 1179 3519 imperator
1213 3444 1462 3503 moritur.
1494 3444 1563 3500 Et
1589 3444 1917 3505 Ludowieus
1939 3442 2083 3523 ﬁlius

486 3532 603 3603 ejus
633 3534 687 3590 in
717 3550 900 3606 regem
923 3535 1185 3593 elevatur.
1340 3560 1345 3563 <
1854 3538 1859 3543 ”

557 3623 683 3680 900.
722 3625 1010 3683 Zuntibold
1038 3644 1131 3682 rex
1176 3627 1316 3684 filius
1354 3627 1562 3693 Arnolii
1591 3628 1860 3705 occiditur
1890 3634 1931 3681 ³.

563 3716 690 3773 905.
730 3718 936 3774 Bellum
989 3721 1132 3776 inter
1173 3720 1560 3778 Chuonradum
1590 3742 1593 3747 ‘
1618 3731 1674 3779 et
1728 3722 2095 3785 Adalbertum.

492 3806 762 3877 Francos,
788 3810 845 3865 in
877 3825 985 3882 quo
1010 3812 1206 3867 cecidit
1238 3811 1620 3869 Chuonradus.
1691 3870 1695 3875 ,

563 3901 689 3958 907.
725 3901 961 3959 Baioarii
990 3912 1047 3959 et
1072 3903 1095 3935 ⁸
1135 3905 1203 3960 ab
1232 3903 1540 3976 Ungaribus
1564 3904 1984 3960 interﬁciuntur.

567 3996 692 4053 908.
733 3983 981 4070 Ungares
1007 3998 1303 4056 Saxoniam
1329 4007 1386 4078 et
1405 3999 1724 4072 Turingiam
1754 4006 1992 4057 vastant.

563 4088 692 4147 909.
734 4088 984 4163 Ungares
1016 4088 1398 4150 Alemanniam
1425 4092 1656 4165 ingressi
1682 4099 1829 4148 sunt.

563 4178 690 4236 910.
727 4178 929 4238 Franci
958 4181 1028 4239 ab
1075 4181 1387 4256 Ungaribus
1436 4189 1533 4238 aut
1577 4181 1746 4239 occisi
1788 4188 1883 4238 aut
1908 4178 2082 4252 fugati

494 4280 642 4327 sunt.

562 4364 688 4421 911.
728 4365 1090 4426 Chuonraous
1124 4368 1181 4424 in
1212 4383 1398 4439 regem
1433 4375 1698 4443 erevatur.

563 4456 692 4512 915.
732 4456 853 4529 Hug
873 4460 1147 4516 abbatiam
1161 4459 1272 4533 (65)
1288 4460 1570 4517 successit.
1598 4457 1763 4531 Ungri
1773 4467 1957 4532 partes
1968 4458 2091 4519 Ale-

493 4545 729 4603 mannis:
763 4554 1140 4617 vastaverunt,
1182 4557 1239 4604 et
1273 4548 1430 4619 juxta
1466 4549 1522 4607 in
1565 4547 1788 4605 ﬂuvium
1820 4565 1852 4605 a
1891 4549 2086 4607 Bawa-

493 4637 592 4693 riis
644 4645 699 4694 et
746 4636 1086 4696 Allemannis
1145 4639 1315 4697 occisi
1352 4641 1375 4674 ⁸
1433 4648 1582 4696 sunt.
1627 4638 1850 4713 Hiemps
1892 4656 2089 4713 magna

492 4746 677 4790 nunts.

2254 3449 2380 3507 958.
2420 3446 2549 3504 Otto
2561 3445 2663 3501 rex
2688 3445 2741 3501 in
2762 3444 3038 3501 Bawarios
3061 3444 3197 3511 ibat,
3223 3442 3441 3513 illisque
3463 3442 3771 3505 resistenti-

2184 3541 2287 3598 bus
2315 3540 2499 3596 rediit.
2541 3538 2733 3595 Frater
2761 3536 2878 3608 ejus
2917 3536 3203 3594 Heinricus
3231 3534 3665 3604 comprehensus
3693 3539 3771 3588 est

2184 3631 2253 3687 ab
2284 3629 2623 3686 Eberhardo.
2668 3627 2766 3685 Illo
2807 3643 2940 3685 vero
2988 3626 3254 3693 liberato,
3311 3624 3690 3680 Eberhardum
3720 3625 3769 3677 in

2184 3719 2434 3776 exsilium
2486 3719 2656 3786 misit,
2704 3733 2768 3779 ac
2816 3718 3017 3777 iterum
3059 3716 3335 3774 Bawarios
3397 3716 3601 3772 invasit
3650 3730 3777 3771 eum.

2184 3814 2774 3885 exercitu,gomnesque
2799 3812 2905 3870 sibi
2934 3813 3194 3880 subdidit,
3239 3812 3342 3867 nisi
3371 3819 3582 3873 tantum
3611 3828 3770 3866 unum

2185 3905 2409 3969 Arnolii
2441 3905 2636 3962 tilium.
2679 3903 2905 3963 Interim
2949 3920 3147 3976 magna
3194 3919 3321 3979 pars
3370 3901 3771 3975 Ungaroruma

2186 3998 2494 4055 Saxonibus
2521 4000 2713 4063 occisa
2726 4011 2834 4058 est.

2257 4089 2383 4146 959.
2421 4088 2547 4147 Otto
2579 4105 2676 4146 rex
2706 4092 2820 4147 ibat
2866 4090 2921 4146 in
2948 4089 3307 4161 Lotheringos
3350 4105 3523 4158 usque
3568 4089 3639 4142 ad
3670 4085 3767 4142 Ca-

2186 4183 2536 4255 primontem.
2586 4184 2797 4242 Interea
2846 4182 3169 4249 Ludowicus
3216 4196 3313 4238 rex
3341 4180 3532 4239 Gallia:
3575 4180 3771 4235 invasit

2187 4275 2469 4332 Alsatiam.
2499 4275 2653 4332 Tunc
2675 4292 2773 4333 rex
2814 4275 2943 4343 Otto
2974 4281 3255 4333 revertens
3277 4273 3426 4329 venit
3465 4272 3557 4328 ad
3580 4270 3770 4329 Prisa-

2186 4384 2330 4432 cam,
2361 4378 2417 4426 et
2441 4369 2656 4432 obsedit
2681 4386 2836 4439 eam;
2882 4380 2940 4428 et
2971 4369 3292 4427 Ludowicus
3322 4367 3595 4424 discessit.
3625 4365 3770 4424 Inte-

2190 4459 2292 4514 rim
2321 4473 2452 4514 vero
2478 4459 2748 4517 Eberhart
2797 4460 2905 4517 dux
2944 4462 3158 4517 occisus
3197 4452 3301 4525 eSt,
3346 4467 3402 4513 et
3446 4455 3771 4513 Gisilbertus

2192 4551 2300 4606 dux
2327 4550 2382 4604 in
2428 4549 2621 4607 Rheno
2665 4552 2984 4608 submersus
3024 4547 3271 4607 mortuus
3299 4557 3405 4605 est.
3437 4547 3637 4603 Postea
3678 4560 3770 4602 rex

2194 4642 2308 4698 ibat
2328 4660 2450 4700 cum
2469 4643 2712 4713 exercitu
2736 4643 2791 4697 in
2813 4642 3194 4713 Lutheriogos,
3225 4649 3280 4697 et
3298 4654 3489 4715 omnes
3518 4654 3622 4695 suo
3644 4637 3767 4694 sub-

2119 4725 2164 4785 D
2183 4730 2396 4804 iugavit
2424 4733 2674 4804 imperio,
2706 4741 2907 4803 prater
2945 4731 3205 4792 Metensis
3234 4732 3258 4765 ⁹
3296 4731 3631 4803 episcopum.
3664 4726 3771 4784 Nec

1785 4865 2020 4924 VARUE
2058 4864 2469 4925 LECTIONES.

565 4960 588 4996 ⁸
616 4960 827 5017 madbo
857 4960 1050 5019 Batus.
1153 4966 1175 4999 ³
1204 4965 1259 5019 Ιιὶ
1286 4964 1490 5019 numeri
1527 4962 1717 5018 desunt
1747 4960 1804 5014 in
1842 4957 2056 5031 Boiuzii
2090 4958 2340 5031 editione.
2437 4960 2457 4993 ³
2508 4960 2652 5031 apud
2690 4958 2983 5015 Baluzitnn
3013 4955 3485 5031 initio_anni_899
3516 4955 3771 5031 collocata

496 5040 643 5110 sunt,
671 5032 761 5110 sed
792 5043 949 5098 certe,
971 5035 1186 5110 quodet
1205 5035 1424 5110 annales
1448 5033 1787 5110 Catonianae:
1806 5028 1960 5110 infra
1977 5028 2163 5110 edendi
2188 5029 2452 5110 evincunt,
2494 5024 2554 5086 ui
2584 5032 2674 5110 hic
2699 5031 2999 5110 factam,“
3026 5027 3395 5110 constituendo
3419 5034 3590 5110 erant.
3666 5024 3691 5056 δ
3716 5031 3774 5110 et

496 5099 674 5176 plura
696 5101 783 5176 (εἰσ
825 5099 1271 5176 υρεεεέπςὶάὶιεε
1309 5105 1528 5159 indicat.
1577 5102 1652 5173 cf.
1702 5099 1971 5176 Regium:
2004 5099 2140 5176 sant-3

2145 5115 2224 5176 n._
2269 5100 2324 5176 _'
2361 5095 2610 5176 succensi
2665 5095 2792 5176 sunt
2816 5098 3011 5153 Batus.
3191 5097 3305 5150 hinc
3341 5095 3599 5176 Ball-uias
3630 5109 3772 5173 aureo
