4024 5370
249 205 389 262 1217

1453 203 1613 260 VITA
1653 205 1877 262 CONliA
1887 207 1950 264 Dl
1988 206 2228 267 SALICI.

3380 213 3520 270 12l8

249 325 506 376 Iicateurs
542 317 608 372 de
643 331 740 372 son
775 327 968 389 tentps.
1004 320 1043 374 Λ
1073 318 1121 373 la
1144 316 1216 374 Ωιι
1248 326 1332 374 est
1361 316 1537 387 ajouté
1576 335 1646 374 un
1687 321 1822 391 petit
1850 328 1896 386 Α
1924 325 2177 394 strophes
2224 321 2468 379 cltacune
2503 320 2570 376 de
2621 321 2709 378 dix
2767 322 2933 392 petits
2974 338 3096 379 vers
3149 326 3332 383 rimds.
3383 328 3519 384 Μίιέ

241 409 441 481 ιιυόηιο
489 408 781 480 élégiaque,
825 409 918 479 qui
949 409 1030 464 fut
1079 410 1328 480 présenté
1380 410 1411 466 ὲ
1457 410 1508 465 la
1559 412 1703 467 table
1752 413 1826 468 du

248 503 430 556 méme
463 500 668 572 prince.
700 498 738 552 Il
769 499 920 555 roule
938 515 1034 562 sur
1058 499 1107 560 le
1133 499 1369 572 mystere
1405 501 1472 556 de
1501 501 1657 569 Noél,
1682 511 1737 558 et
1763 518 1831 559 ne

247 591 499 648 contient
523 590 796 645 d'ailleurs
817 591 1242 646 aucunebeauté
1263 591 1532 663 poétique.

320 682 570 738 Canisins
599 691 681 735 est
719 682 767 737 le
796 683 1033 751 premier
1059 683 1152 752 qui
1178 683 1255 738 ait
1283 683 1386 740 tiré
1413 685 1479 740 de
1522 684 1832 743 l‘obscurité

247 791 345 831 ces
375 775 514 830 deus
557 775 736 845 piéces
781 774 848 829 de
896 774 946 828 la
996 791 1147 831 muse
1174 776 1243 831 de
1267 775 1499 848 Vippon.
1534 777 1675 834 Elles
1708 788 1834 836 sont

250 868 468 938 placées
494 883 560 921 au
591 868 790 921 second
824 865 1041 922 volume
1069 867 1136 922 de
1164 883 1251 922 ses
1279 867 1548 922 Lectiones
1576 870 1829 941 antiquet,

250 960 378 1014 d‘ou
405 958 538 1013 elles
565 969 661 1012 ont
689 957 778 1014 été
808 958 1181 1028 transportées
1221 975 1288 1013 au
1326 975 1414 1016 ιιι·
1439 960 1651 1015 volume
1690 961 1757 1016 de
1781 961 1833 1017 la

247 1051 504 1106 nouvelle
530 1050 731 1105 editioti
757 1050 828 1105 du
856 1051 1034 1106 meme
1083 1051 1284 1106 recueil
1324 1066 1422 1122 par
1467 1050 1536 1105 Μ.
1564 1052 1826 1122 Basuage,

241 1144 340 1214 qui
374 1159 408 1215 y
439 1159 468 1198 a
496 1143 594 1198 l‘ait
621 1143 885 1215 quelques
912 1143 1124 1215 legeres
1151 1146 1551 1202 observations.

318 1233 380 1286 5°
409 1232 456 1286 Α
501 1233 552 1287 la
583 1233 656 1287 ﬁn
701 1235 768 1288 de
806 1232 1082 1290 I'Histoire
1112 1237 1178 1291 de
1227 1234 1548 1306 l'empereur
1591 1237 1830 1305 Conrad,

249 1322 488 1378 l’auteur
514 1339 542 1377 a
571 1323 750 1392 ajouté
775 1340 845 1379 un
874 1324 1035 1380 ebant
1063 1325 1287 1396 lugubre
1315 1344 1410 1382 sur
1431 1327 1479 1382 la
1505 1339 1648 1383 mort
1673 1329 1740 1384 de
1769 1343 1833 1386 ce

244 1415 460 1485 prince.
490 1415 569 1470 En
599 1414 811 1485 parlant
835 1416 900 1470 de
927 1415 1062 1471 celui
1093 1417 1184 1486 qui
1220 1417 1404 1472 l’avait
1432 1418 1549 1484 fait,
1591 1418 1627 1473 il
1669 1435 1737 1475 ne
1782 1418 1833 1476 le

246 1505 475 1575 désigne
497 1519 602 1574 que
629 1519 728 1574 par
757 1519 848 1560 ces
879 1513 1078 1561 termes
1100 1508 1315 1577 quidam
1343 1508 1407 1562 de
1435 1510 1648 1564 nostris.
1694 1508 1832 1566 Mais

243 1599 284 1654 il
319 1599 466 1654 n’est
491 1609 649 1653 autre
675 1614 781 1669 que
809 1597 1020 1670 Vippon
1054 1599 1352 1668 lui-meme,
1378 1602 1470 1671 qui
1517 1617 1578 1658 se
1619 1609 1732 1657 sert
1766 1602 1834 1659 de

1935 412 2204 480 l’éditeur,
2233 427 2302 468 en
2335 412 2385 467 la
2410 411 2610 468 faisant
2637 412 2937 484 imprimer,
2966 428 2995 468 a
3021 415 3164 486 joiut
3207 417 3346 472 deux
3393 435 3520 476 vers

1933 506 2216 563 ensemble
2241 507 2376 562 dans
2416 505 2468 562 la
2500 506 2694 564 'méme
2722 506 2884 578 ligne,
2916 509 2984 564 de
3012 520 3160 566 sorte
3201 512 3364 582 qu‘au
3395 530 3520 586 prc-

1934 596 2073 662 mier
2119 612 2258 667 coup
2298 595 2444 652 d'mil
2475 611 2544 653 on
2591 595 2669 652 les
2713 598 2996 668 prendrait
3025 613 3162 669 pour
3204 601 3272 656 de
3317 605 3522 674 grands

1937 701 2084 752 vers,
2114 698 2172 743 et
2199 687 2278 743 les
2301 688 2553 758 stropbes
2577 703 2716 760 pour
2744 690 2867 744 n’en
2896 691 3148 747 contenir
3173 707 3280 762 que
3311 695 3461 765 cinq.
3537 726 3546 749 ι

2003 777 2065 833 4⁸
2095 776 2165 832 Μ.
2209 777 2513 845 Fabricius,
2545 787 2660 834 lout
2684 779 2716 834 ὲ
2762 779 2812 833 la
2846 783 2919 836 lin
2947 781 3017 836 du
3061 797 3148 837 lli'
3177 783 3317 841 livre
3363 786 3430 842 de
3457 802 3516 842 sa

1937 871 2318 943 Bibliotheque
2356 870 2527 926 latine
2562 871 2632 926 du
2672 887 2863 943 moyen
2909 873 3032 944 Age,
3064 889 3094 928 a
3120 875 3301 946 publié
3331 893 3404 933 un
3433 893 3522 934 re-

1935 962 2077 1018 cueil
2122 963 2190 1018 de
2237 961 2539 1018 Proverbes
2567 977 2673 1032 que
2724 961 2774 1016 le
2817 968 3002 1033 pretre
3038 965 3246 1037 Vippon
3299 967 3454 1024 de'dia
3488 968 3519 1021 ξι

1935 1053 2125 1121 Henri,
2157 1053 2240 1110 liis
2283 1055 2348 1110 de
2383 1054 2709 1124 l'empereur
2735 1053 2966 1119 Conrad,
3015 1074 3226 1114 couime
3271 1067 3428 1128 porte
3467 1058 3517 1114 le

1936 1145 2086 1202 titre.
2139 1143 2214 1201 Ce
2263 1153 2392 1200 sont
2439 1145 2508 1199 de
2529 1153 2752 1200 courtes
2801 1156 3090 1204 sentences
3127 1150 3384 1216 cboisies,
3423 1151 3516 1220 qui

1937 1236 2161 1292 tendent
2194 1236 2225 1291 ξι
2256 1234 2463 1292 former
2491 1233 2569 1291 les
2596 1235 2809 1291 bonnes
2836 1251 3060 1302 mteurs,
3083 1247 3142 1293 et
3166 1254 3273 1309 que
3295 1239 3523 1294 l'auteu

1935 1341 1967 1381 a
2014 1325 2322 1398 exprimées
2350 1340 2420 1381 en
2466 1335 2596 1381 cent
2635 1324 2928 1396 ciuquante
2973 1326 3194 1398 espéces
3240 1327 3307 1383 de
3355 1329 3522 1400 petits

1937 1419 2202 1490 distiques
2248 1416 2433 1482 rimés,
2489 1417 2628 1472 mais
2681 1430 2811 1472 sans
2867 1432 3076 1473 aucune
3131 1433 3347 1474 mesure
3396 1419 3520 1475 uni-

1937 1509 2128 1567 forme.
2167 1508 2270 1566 Les
2312 1508 2620 1580 vingt-cinq
2651 1509 2898 1564 derniers
2940 1509 3156 1566 roulent
3183 1526 3281 1580 par
3327 1517 3522 1565 autaut

1936 1601 2292 1659 d'antitheses
2323 1616 2420 1657 sur
2443 1601 2522 1657 les
2565 1601 2714 1657 vices
2753 1610 2809 1656 et
2841 1601 2920 1658 les
2950 1612 3158 1668 vertus,
3189 1602 3322 1658 dont
3345 1602 3396 1657 le
3430 1617 3522 1656 ea-

244 1693 294 1748 la
326 1693 512 1748 meme
539 1693 854 1763 eXpression
881 1707 1019 1762 pour
1053 1691 1305 1764 désigner
1340 1693 1570 1750 l‘auteur
1607 1695 1676 1750 du
1723 1695 1828 1751 Té-
1864 1686 1908 1746 Β
1935 1697 2148 1754 ractére
2169 1698 2235 1754 de
2252 1697 2497 1754 cbacune
2523 1705 2606 1752 est
2629 1711 2782 1752 assez
2809 1695 2933 1752 bien
2958 1694 3294 1768 representé.
3323 1693 3524 1750 L‘écrit

239 1782 496 1852 tralogue
536 1797 604 1837 ou
657 1782 1020 1854 panégyrique
1065 1783 1136 1838 du
1167 1784 1247 1840 roi
1277 1783 1464 1840 Henri.
1517 1785 1557 1839 ll
1601 1802 1668 1842 en
1703 1802 1832 1858 rapo

243 1886 400 1949 porte
434 1875 464 1931 ὲ
492 1885 633 1932 cette
661 1877 914 1932 occasion
959 1877 1101 1934 deux
1131 1893 1275 1945 vers,
1303 1880 1395 1951 qui
1441 1895 1499 1935 se
1543 1880 1707 1936 lisent
1755 1895 1828 1935 un

242 1983 346 2032 pen
383 1967 786 2024 diﬂ‘éremment
827 1969 963 2027 dans
1011 1969 1062 2026 le
1109 1986 1268 2042 corps
1295 1971 1362 2028 du
1392 1975 1612 2044 poéme;
1644 1988 1706 2029 ce
1734 1974 1826 2045 qui

243 2067 399 2129 porte
455 2059 487 2113 δ
535 2059 692 2130 juger
717 2059 847 2131 qu’il
883 2061 933 2116 le
989 2062 1246 2118 retoucba
1278 2065 1411 2118 dans
1441 2081 1545 2119 une
1593 2067 1828 2120 secunde

231 2150 453 2208 edition
481 2154 570 2224 qui
603 2156 768 2210 suivit
797 2171 895 2212 son
923 2155 1160 2213 Histoire
1181 2159 1246 2212 de
1273 2158 1487 2213 Conrad
1509 2159 1558 2213 le
1587 2159 1826 2227 Salique.

243 2243 463 2314 Vippon
493 2245 743 2314 présenta
775 2261 836 2301 ce
863 2247 1028 2302 ebant
1059 2248 1280 2318 lugubre
1300 2264 1366 2302 au
1397 2248 1473 2302 mi
1504 2247 1666 2302 Heuri
1696 2248 1830 2303 lors-

239 2335 374 2407 qu'il
425 2335 564 2392 était
617 2336 648 2392 ὰ
698 2337 1020 2394 Constance.
1080 2339 1153 2394 La
1204 2339 1354 2410 piece
1403 2339 1648 2394 contient
1707 2337 1839 2393 ueul‘

1936 1798 2022 1845 est
2049 1788 2333 1860 ingénieux
2363 1796 2418 1843 et
2449 1789 2559 1844 fort
2584 1785 2882 1842 instructii'.

1971 1906 1977 1911 ο
2007 1881 2066 1936 5ο
2091 1881 2238 1936 Nous
2295 1895 2604 1952 apprenons
2645 1881 2711 1936 de
2759 1879 2964 1950 Vippon
2998 1878 3173 1933 méme
3199 1877 3329 1948 qu’il
3376 1877 3524 1933 avait

1935 1987 2134 2030 encore
2163 1969 2416 2042 composé
2445 1988 2517 2026 un
2554 1980 2712 2025 autre
2737 1971 2928 2040 poéme
2954 1968 3021 2023 de
3051 1976 3177 2022 cent
3204 1982 3328 2022 vers
3353 1983 3448 2023 sur
3472 1967 3525 2022 la

1936 2066 2158 2137 rigueur
2190 2065 2435 2120 extreme
2459 2064 2530 2117 du
2575 2061 2715 2118 froid
2752 2061 2882 2132 qu’il
2929 2059 2990 2113 iit
3016 2075 3082 2113 en
3113 2059 3271 2121 ltl33,
3303 2059 3524 2128 lorsque

1937 2154 2220 2218 Conrad,'a
2251 2154 2342 2225 qui
2375 2155 2412 2208 il
2443 2153 2494 2209 le
2508 2151 2928 2226 présenta,était
2951 2147 3156 2218 occupé
3178 2148 3208 2202 ὲ
3227 2149 3525 2218 reconqué-

1943 2247 2043 2312 rir,
2094 2263 2160 2301 en
2211 2248 2552 2318 Bourgogne,
2586 2245 2663 2302 les
2705 2243 2890 2316 places
2929 2241 3056 2296 dont
3103 2240 3304 2304 Eudes,
3346 2250 3526 2295 contte

1940 2339 2008 2394 de
2030 2338 2398 2402 Chamnavne,
2433 2335 2610 2392 s’était
2633 2333 2873 2405 emparé.
2904 2333 2976 2386 Ce
3003 2330 3191 2400 poéme
3213 2337 3298 2384 est
3325 2329 3522 2399 perdu.

755 2657 1216 2816 VITA
1329 2653 2302 2816 CHUNRADI
2415 2605 3031 2815 SALICI

1689 2950 2121 2997 IMPERATOBIS

857 3207 863 3216 ,
934 3095 1431 3206 Auctore
1513 3095 1833 3245 [Vim

1940 3134 2104 3204 me
2178 3098 2862 3242 presbytero.

827 3327 1003 3396 (Apud
1035 3326 1349 3392 Pistorium,
1377 3324 1570 3380 Rerum
1601 3322 2038 3381 Germanicarum
2064 3337 2164 3382 vet.
2191 3325 2408 3397 Scnpt.,
2438 3336 2572 3382 tom.
2596 3326 2636 3394 l,
2658 3343 2780 3398 pag.
2813 3327 2962 3397 421.)

1227 3609 1848 3705 WIPPONIS
1973 3609 2552 3702 EPISTULA

887 3803 980 3858 AD
1020 3803 1257 3861 REGEM
1292 3801 1675 3869 HENRICUM,
1713 3799 2071 3859 CHUNBADI
2106 3800 2875 3874 lMPERATORlS_FlLlUM.

321 3977 730 4036 Gloriosissimo
774 3972 1091 4045 imperatori
1142 3971 1380 4027 Hsmuco
1414 3970 1578 4026 tertio
1607 3971 1719 4042 regi
1767 3971 1833 4026 ad
1863 3972 1909 4034 C
1940 3971 2122 4027 beatis
2147 3970 2242 4026 sed
2273 3971 2569 4036 narrantis,
2605 3969 2863 4040 quoniam
2906 3984 3028 4024 cum
3059 3969 3353 4040 plurimum
3384 3979 3525 4027 tem-

253 4083 445 4141 pacem
478 4081 533 4123 et
560 4067 761 4122 bellum
793 4064 1011 4123 idoneo.
1048 4063 1238 4119 Wtrro
1276 4063 1370 4118 Dei
1403 4063 1576 4131 gratia
1605 4062 1835 4134 presby-

260 4174 362 4230 ter,
393 4177 586 4218 servus
617 4158 877 4230 regalium
905 4172 1212 4221 servorum,
1238 4156 1398 4225 hujus
1429 4155 1582 4210 orbis
1608 4154 1838 4210 Domino

255 4253 672 4310 dominantium.

325 4345 509 4402 Vitam
538 4342 810 4399 illustrem
839 4336 1121 4408 et'inclyta
1149 4345 1300 4408 gesta
1352 4334 1630 4394 Chunradi
1669 4335 1842 4405 impe-

257 4436 458 4492 ratoris
498 4435 672 4506 patris
713 4433 814 4498 tui,
847 4432 1064 4487 domine
1112 4431 1429 4500 imperator,
1470 4427 1711 4484 scribere
1742 4441 1841 4498 op-

257 4536 552 4596 portunum
581 4520 918 4587 existimavi,
949 4536 1018 4576 ne
1053 4519 1277 4575 lucerna
1303 4519 1472 4573 lateat
1493 4518 1597 4574 sub
1636 4517 1837 4582 modio,

260 4630 326 4670 ne
364 4615 494 4671 solis
531 4615 717 4670 radius
747 4612 818 4669 sit
858 4612 910 4666 in
948 4609 1154 4677 nubilo,
1197 4625 1265 4665 ne
1301 4609 1478 4664 virtus
1508 4606 1839 4663 memorialis

258 4709 559 4764 obducatur
583 4706 872 4764 oblivionis
895 4704 1162 4776 rubigine.
1193 4701 1356 4759 Gesta
1383 4701 1528 4757 enim
1565 4699 1709 4756 illius
1732 4699 1837 4756 nisi

263 4799 518 4866 praeclara
555 4808 611 4854 et
649 4797 809 4852 valde
861 4796 1038 4851 lucida
1094 4795 1486 4865 praecederent,
1524 4808 1554 4847 a
1588 4792 1838 4864 sequenti

265 4887 429 4943 nimio
472 4889 762 4960 Splendore
811 4895 1026 4942 tuarum
1077 4887 1337 4940 virtutum
1372 4884 1688 4940 viderentur
1735 4881 1838 4938 ali-

265 4989 529 5045 quatenus
591 4977 898 5036 obscurari.
956 4967 1086 5032 Mihi
1151 4983 1328 5030 autem
1386 4975 1602 5033 servulo
1652 4983 1743 5031 tuo
1792 4973 1840 5031 is

268 5070 476 5126 animus
517 5083 622 5136 est,
664 5071 708 5127 si
748 5071 890 5126 Deus
925 5067 1198 5132 annuerit,
1249 5068 1540 5140 utriusque
1584 5078 1704 5126 acta
1753 5082 1837 5123 re-

268 5158 424 5222 ferre,
456 5177 574 5231 quae
605 5163 923 5218 acciderunt
963 5171 1050 5214 me
1078 5156 1395 5225 superstite,
1443 5161 1518 5216 ita
1561 5161 1703 5216 inter
1740 5173 1840 5216 nos

268 5248 658 5323 distinguendo,
695 5265 753 5309 ut
801 5254 852 5307 in
895 5250 1120 5306 alterum
1161 5263 1334 5318 remp.
1388 5262 1574 5324 utpote
1633 5254 1835 5310 Roma-

268 5353 387 5370 I'Illm
421 5342 700 5370 :m-A—:..m
730 5343 1020 5370 ἈΙ-..ιιιξΙΛιι
1042 5340 1298 5370 ξηΛῖιΙῖοΩΔ
1335 5343 1391 5370 ..1

1400 5355 1565 5370 ..ι-η...
1602 5344 1838 5370 --.μοιἠ...
1873 5347 1922 5370 n
1951 5357 2162 5370 ---μ-...ιι
2221 5343 2521 5370 ξηιηΔΜίΛιι
2594 5336 2700 5370 ιιηο
2745 5347 2884 5370 Anna

1941 4080 2043 4134 pus
2091 4063 2385 4130 inﬁrmavi,
2433 4077 2542 4118 non
2591 4063 2748 4134 potui
2793 4063 2846 4116 in
2887 4061 3092 4131 capella
3132 4062 3368 4117 senioris
3419 4063 3524 4117 mei

1939 4155 2224 4214 Chunradi
2252 4155 2567 4224 frequenter
2594 4153 2804 4208 adesse.
2839 4152 2915 4208 De
2941 4152 3028 4208 bis
3063 4160 3242 4208 autem
3271 4165 3392 4223 qua:
3413 4153 3528 4223 ipse

1940 4247 2051 4304 vidi
2100 4257 2157 4304 et
2199 4247 2268 4302 ab
2298 4245 2421 4302 aliis
2467 4243 2674 4316 accepi,
2714 4243 2950 4300 fructum
2996 4255 3028 4299 a
3071 4243 3226 4299 vobis
3271 4243 3528 4314 colligere

1939 4337 2250 4396 volentibus
2270 4337 2410 4409 stylo
2439 4334 2689 4392 veritatis
2716 4334 2935 4390 innixus
2954 4334 3270 4406 propalabo.
3299 4334 3368 4389 Et
3391 4349 3528 4406 quo—

1940 4427 2087 4484 niam
2116 4434 2245 4482 sunt
2275 4426 2522 4497 quaedam
2566 4438 2689 4495 quae
2717 4425 2932 4480 vivente
2973 4433 3132 4494 patre
3178 4423 3530 4481 laudabiliter

1937 4517 2121 4589 egisti,
2150 4517 2339 4574 eadem
2367 4517 2510 4573 inter
2535 4524 2654 4571 acta
2686 4515 2860 4585 patris
2903 4514 3154 4586 ponenda
3182 4529 3526 4573 eensueram.

1940 4609 2071 4677 Quae
2102 4623 2235 4665 vero
2249 4618 2376 4681 post
2402 4608 2611 4664 obitum
2643 4607 2798 4663 illius
2821 4607 3060 4678 gloriose
3087 4606 3297 4662 feceras
3327 4621 3426 4676 per
3467 4620 3530 4661 se

1938 4701 2244 4758 ordinanda
2299 4700 2540 4756 decrevi.
2603 4698 2661 4755 Si
2721 4714 2852 4755 vero
2910 4699 3079 4770 aliqui
3135 4697 3533 4752 calumniantes

1939 4791 2210 4862 objiciunt
2239 4792 2373 4847 mihi
2403 4792 2508 4848 hoc
2537 4804 2676 4862 opus
2719 4803 3190 4860 supervacaneum
3231 4801 3374 4851 esse,
3405 4803 3531 4842 cum

1939 4891 1997 4940 et
2025 4883 2121 4939 alii
2151 4883 2219 4938 de
2245 4882 2436 4937 eadem
2481 4895 2542 4938 re
2587 4879 2932 4950 scripserint,
2964 4881 3094 4934 licet
3121 4876 3245 4930 inde
3269 4891 3375 4930 non
3407 4878 3535 4932 dum

1942 4971 2149 5047 aliquid
2181 4973 2446 5043 scriptum
2475 4971 2761 5032 vidissem,
2793 4966 3144 5036 respondebo
3169 4982 3183 5017 :
3209 4964 3267 5018 ln
3289 4979 3386 5019 ore
3408 4968 3542 5020 duo-

1943 5083 2064 5124 rum
2116 5066 2334 5119 testium
2381 5063 2554 5117 stabit
2594 5072 2756 5114 omue
2813 5057 3232 5120 testimonium;
3280 5061 3336 5107 et
3377 5056 3544 5111 verba

1942 5160 2151 5221 Christi
2183 5161 2237 5216 in
2263 5159 2586 5229 Evangeiio,
2615 5168 2722 5208 non
2748 5160 2849 5223 per
2873 5168 3050 5209 unum
3090 5150 3284 5212 solum,
3323 5149 3420 5204 sed
3449 5165 3550 5220 per

1942 5264 2185 5330 quatuor
2224 5259 2394 5308 testes
2447 5249 2679 5308 idoneos
2725 5247 2780 5300 in
2831 5243 3082 5302 Ecclesia
3127 5238 3362 5330 dilatari.
3407 5239 3550 5304 Tibi.

2944 5336 3183 5370 Anunum
3255 5327 3350 5370 θὶᾗί
3404 5341 3516 5370 amt
3525 5347 3552 5370 ρ
