4024 5370
539 305 676 362 ηις

1781 299 2116 356 WIPPONIS
2152 295 2585 356 PRESBYTER!

3671 293 3811 354 ιω

542 416 831 490 ιίιιε,‹ιιιο‹1
881 413 1211 471 haereditasti
1259 428 1290 468 a
1337 413 1528 484 patriis
1581 413 1874 480 radicibus,
1922 413 2016 484 qui
2064 422 2122 467 ιιι
2151 423 2197 479 Α
2229 427 2378 473 tuum
2417 413 2725 472 diuturnius
2751 412 3006 469 omnibus
3035 412 3166 474 illis.
3219 413 3436 471 favente
3481 411 3598 471 Deo
3626 419 3809 475 omni-

538 519 767 568 cunctos
812 517 1188 564 antecessores
1225 516 1347 563 tuos
1383 508 1436 562 in
1467 506 1808 593 quibusdam
1842 506 2042 561 divinis
2068 513 2121 559 et

539 601 828 656 mundanis
864 599 1028 656 rebus
1062 597 1352 668 superasti,
1383 597 1458 653 ita
1486 612 1713 670 regnum
1744 605 1800 654 et
1830 596 2117 668 imperium

2228 517 2468 578 potente,
2500 503 2763 562 merearis
2787 504 3055 562 obtinere.
3086 503 3236 560 Vale.

1932 749 2418 775 ψ

1605 889 2186 1019 INCIPIT
2282 880 2700 1018 VITA.

1131 1151 1522 1212 PROLOGUS.

609 1249 808 1308 Rerum
832 1248 1127 1305 labentium
1154 1247 1434 1318 fugitivam
1466 1243 1784 1301 memoriam
1809 1242 2113 1298 litterarum

527 1343 762 1399 vinculis
809 1349 1154 1405 connectere,
1205 1347 1260 1394 et
1318 1337 1618 1408 praesertim
1665 1335 1963 1392 Christiani
2008 1335 2114 1389 im-

534 1437 672 1508 perii
703 1435 890 1490 laudes
930 1434 1090 1488 inerti
1119 1432 1336 1487 silentio
1375 1447 1482 1485 non
1523 1429 1775 1495 transire,
1807 1443 1929 1484 cum
1951 1435 2006 1482 et
2028 1427 2115 1483 his

533 1530 626 1598 qui
676 1529 780 1583 hoc
832 1527 886 1582 in
946 1527 1049 1581 hac
1101 1525 1214 1580 vita
1260 1525 1398 1579 bene
1457 1520 1934 1585 adn'iinistrabant,
1990 1518 2115 1574 inde

533 1620 777 1690 quaedam
807 1617 1186 1689 perpetuitatis
1210 1616 1466 1686 perduret
1491 1614 1684 1685 gloria,
1710 1621 1823 1666 tum
1855 1609 2111 1682 posteris,

535 1712 579 1765 si
626 1710 867 1765 amulari
901 1715 1154 1778 parentes
1189 1706 1376 1770 velint,
1427 1705 1565 1758 bene
1612 1701 1823 1756 vivendi
1871 1698 2114 1769 apposita

535 1800 608 1854 sit
652 1799 847 1863 forma,
882 1807 1067 1867 aptum
1108 1805 1164 1851 et
1205 1794 1538 1850 conveniens
1573 1807 1692 1846 esse
1738 1790 1943 1861 putavi,
1991 1790 2118 1858 quia

539 1889 672 1944 utile
731 1889 1035 1957 exemplum
1097 1885 1364 1940 imitantis
1423 1884 1664 1937 animum
1727 1880 2118 1950 promptiorem

538 1987 707 2049 atque
741 1978 1051 2032 firmiorem
1103 1977 1156 2030 in
1205 1977 1365 2030 rebus
1414 1973 1638 2042 agendis
1689 1972 1923 2026 reddere.
1957 1969 2113 2024 solet.

533 2072 666 2126 Item
718 2070 778 2125 fit
827 2071 1147 2140 plerumque
1197 2075 1258 2121 ut
1309 2067 1374 2122 de
1429 2065 1586 2119 laude
1642 2061 1909 2130 majorum
1960 2059 2120 2114 facile

535 2171 797 2219 noscatur
824 2160 1150 2216 verecundia
1181 2177 1193 2212 :
1222 2167 1278 2214 et
1307 2158 1554 2215 confusio
1585 2165 1946 2227 posterorum,
1973 2153 2019 2207 si
2052 2151 2121 2207 de

535 2254 621 2308 his
652 2253 844 2309 saltem
869 2266 974 2306 non
1006 2249 1362 2319 aequaverint,
1390 2264 1512 2303 cum
1548 2254 1696 2315 gesta
1725 2259 1938 2309 eorum,
1970 2241 2116 2295 fama

535 2345 784 2409 docente,
845 2340 1203 2395 laudaverint.
1273 2339 1339 2394 Ut
1389 2338 1532 2393 enim
1593 2337 1764 2391 virtus
1829 2333 2119 2404 plerosque

531 2436 786 2504 vulgares
839 2432 1132 2498 nobilitat,
1196 2431 1276 2486 sic
1333 2430 1588 2485 nobilitas
1646 2428 1763 2482 sine
1821 2424 2118 2480 virtutibus

533 2527 734 2582 multos
783 2525 994 2582 nobiles
1051 2524 1363 2593 degenerat.
1416 2521 1683 2575 Praeterea
1741 2517 1955 2572 videtur
2009 2531 2117 2570 non

533 2615 704 2675 licere
740 2618 805 2673 de
841 2616 1088 2672 victoriis
1134 2613 1530 2671 catholicorum
1576 2611 1878 2682 principum
1911 2617 2117 2674 tacere,

535 2720 591 2767 et
625 2718 984 2782 tyrannorum
1014 2705 1310 2762 infidelium
1359 2704 1662 2775 triumphos
1692 2701 1855 2772 largis
1895 2699 2118 2774 vocibus

535 2803 814 2873 publicare
843 2818 856 2854 :
885 2799 1020 2855 satis
1047 2795 1406 2853 inconsultum
1437 2805 1520 2850 est
1550 2793 1840 2862 superbum
1882 2789 2114 2860 Tarqui‘

534 2893 708 2958 nium,
743 2890 978 2945 Tullium
1009 2898 1065 2945 et
1089 2890 1323 2953 Ancum,
1346 2894 1552 2956 patrem
1580 2882 1835 2945 Iliacam,
1881 2880 2115 2934 ferocem

536 2983 818 3049 Rutulum,
870 2992 924 3038 et
973 2981 1277 3050 hujusmodi
1332 2977 1602 3048 quoslibet
1652 2986 1706 3030 et
1762 2974 2003 3030 scribere
2063 2981 2118 3027 et

2223 1141 2592 1200 indubitanter
2645 1141 2970 1198 docuerunt.
3031 1141 3282 1198 Animam
3333 1151 3466 1202 vero
3513 1134 3817 1202 humanam

2224 1234 2587 1290 immortalem
2610 1249 2748 1300 esse,
2782 1235 2837 1292 id
2857 1250 2926 1290 ex
2949 1235 3134 1291 multis
3162 1237 3462 1292 rationibus
3482 1240 3810 1306 probarunt,

2226 1327 2341 1382 tum
2380 1325 2525 1393 inde,
2565 1326 2710 1397 quod
2745 1325 2874 1382 dum
2907 1328 3184 1397 corporeis
3215 1328 3446 1384 nexibus
3483 1328 3721 1395 inclusa,
3749 1345 3814 1384 ea

2225 1417 2479 1473 libertate
2507 1417 2696 1480 utitur,
2733 1427 2792 1472 ut
2837 1418 2998 1474 modo
3040 1419 3284 1475 sidereas
3328 1435 3602 1486 recessus,
3647 1423 3818 1476 modo

2224 1515 2537 1572 terrestres,
2596 1505 2867 1562 interdum
2900 1508 3108 1562 marina
3140 1509 3345 1576 abdita,
3369 1524 3490 1578 qua:
3528 1525 3813 1580 nunquam

2221 1597 2580 1668 corporaliter
2610 1595 2856 1663 videbat,
2897 1597 3071 1654 vivaci
3107 1608 3255 1654 motu
3292 1599 3644 1669 cogitationis
3688 1615 3812 1669 per-

2150 1695 2444 1774 Bcurrat;
2487 1687 2779 1757 aliquando
2836 1687 3122 1758 vigilante;
3171 1687 3439 1742 interdum
3490 1688 3813 1757 quiescente

2222 1793 2470 1848 corpore,
2499 1778 2732 1848 plurima
2768 1777 2946 1833 futura
2982 1794 3102 1844 suo,
3132 1793 3238 1834 non
3266 1779 3445 1834 alieno
3481 1779 3631 1848 visu,
3659 1779 3814 1834 colli-

2219 1878 2330 1940 gat,
2383 1885 2553 1940 eaque
2600 1870 2863 1925 memoria
2908 1869 3186 1926 retineat:
3221 1870 3483 1926 nebuloso
3528 1870 3810 1926 velamine

2219 1965 2402 2020 carnis
2445 1973 2631 2031 exuta,
2677 1962 2850 2020 multo
2881 1963 3105 2022 liberius
3136 1965 3322 2021 eadem
3363 1965 3660 2019 vivacitate
3690 1979 3812 2034 per-

2219 2055 2455 2123 fruatur,
2481 2055 2642 2126 idque
2694 2055 2939 2123 credere,
2973 2056 3104 2126 quin
3148 2056 3327 2128 potius
3375 2055 3520 2112 scire
3560 2057 3815 2110 maximo

2220 2150 2341 2204 usui
2372 2147 2488 2204 fore
2520 2148 2857 2219 principibus
2885 2146 3084 2213 aiebat,
3139 2149 3230 2217 qui
3261 2163 3405 2218 saepe
3429 2163 3529 2219 per
3557 2146 3811 2203 insolen-

2219 2240 2350 2294 tiam
2404 2248 2798 2310 torpescentes,
2830 2240 3106 2309 sequentis
3141 2240 3267 2295 vita:
3311 2239 3600 2296 commoda
3631 2241 3812 2294 minus

2218 2332 2524 2387 attendunt.
2567 2332 2928 2399 Quamobrem
2973 2333 3272 2388 victoribus
3326 2341 3539 2388 statuas
3581 2344 3640 2387 et
3691 2348 3812 2387 nio-

2219 2433 2481 2480 numenta
2510 2441 2674 2495 quam
2703 2426 3034 2496 amplissima
3059 2423 3303 2482 fecerunt
3326 2425 3568 2496 antiqui,-
3591 2441 3812 2481 eorum-

2219 2529 2326 2585 que
2354 2523 2474 2570 acta
2507 2515 2728 2570 inscribi
2761 2515 2958 2570 debere
2980 2525 3324 2581 censuerant,
3356 2525 3414 2570 ut
3441 2516 3548 2572 illis
3578 2511 3813 2572 mortuis

2219 2608 2398 2664 honor
2431 2617 2693 2676 exstaret,
2725 2611 2790 2664 ad
2819 2617 3138 2680 perpetuam
3168 2611 3485 2664 memoriam
3513 2611 3811 2680 pesterita-

2221 2702 2311 2770 tis,
2347 2717 2578 2772 quorum
2605 2702 2816 2757 animas
2842 2702 3027 2757 vivere
3057 2699 3350 2757 credebant
3377 2702 3430 2756 in
3460 2711 3810 2772 perpetuum.

2221 2792 2376 2848 Licet
2416 2793 2517 2863 ipsi
2559 2793 2796 2848 humana
2846 2801 3052 2849 tantum
3097 2794 3364 2864 sapientia
3416 2795 3812 2866 investigarent

2219 2883 2686 2939 immortalitatem
2730 2883 2944 2951 animai,
2987 2899 3108 2955 quae
3135 2884 3240 2940 illis
3267 2885 3499 2940 necdum
3525 2902 3558 2940 a
3589 2887 3818 2943 Christo

2221 2984 2315 3029 aut
2357 2976 2624 3045 promissa
2661 2975 2747 3031 vel
2793 2984 3014 3032 ostensa
3057 2975 3277 3032 fuerat:
3306 2977 3434 3032 hinc
3488 2987 3677 3034 tamen
3718 2980 3819 3034 ad-‘

539 3074 750 3144 legere;
782 3081 1003 3127 nostros
1036 3079 1215 3124 autem
1259 3067 1482 3123 Carolos
1524 3074 1688 3135 atque
1723 3075 1833 3119 tres
1869 3062 2120 3126 Ottoncs,
2146 3071 2188 3132 ο
2222 3064 2391 3131 ducti,
2428 3074 2484 3120 et
2503 3064 2772 3134 justitiam
2804 3067 2906 3137 ipsi
2936 3065 3206 3133 colebant,
3237 3076 3294 3122 et
3330 3066 3472 3122 hanc
3503 3070 3812 3125 rectoribus

539 3167 926 3235 imperatorem
1001 3164 1291 3218 Henricum
1347 3160 1665 3222 secundum,
1731 3157 2114 3214 Chuonradum

535 3256 918 3325 imperatorem
960 3263 1170 3324 patrem
1204 3250 1578 3323 gloriosissimi
1609 3250 1754 3319 regis
1787 3248 2004 3302 llenrici
2028 3247 2116 3310 lll,

532 3354 591 3399 et
621 3345 871 3399 eumdem
901 3344 1188 3399 Henricum
1222 3358 1404 3414 regem
1434 3343 1487 3395 in
1515 3341 1733 3396 Christo
1781 3338 2118 3408 triumphati-

537 3442 671 3499 tem,
713 3434 938 3488 omniuo
1000 3434 1292 3504 negligere.
1357 3431 1664 3487 Verendum
1718 3440 1802 3486 est
1846 3430 2118 3485 medernis

535 3524 894 3593 scriptoribus
942 3524 1072 3578 vitio
1125 3522 1357 3592 torporis
1402 3522 1542 3591 apud
1589 3521 1756 3576 Deum
1799 3520 2059 3575 vilescere
2100 3537 2114 3573 :

535 3629 659 3668 cum
714 3615 990 3685 primitiva
1045 3614 1343 3668 auctoritas
1390 3611 1593 3667 veteris
1635 3609 1968 3667 Tcstamenti
1997 3626 2117 3681 quae

533 3704 792 3760 historias
814 3705 1036 3760 Patrum
1065 3703 1344 3760 fructifero
1373 3703 1560 3758 labore
1585 3702 1874 3774 diligenter
1906 3711 2114 3768 exarat,

535 3811 796 3850 novarum
830 3811 1010 3849 rerum
1038 3795 1244 3866 frugem
1267 3795 1319 3850 in
1348 3796 1625 3850 memoria:
1651 3794 1874 3849 cellario
1895 3793 2116 3848 recondi

536 3885 732 3938 debere
782 3884 1089 3956 pratﬁguret
1129 3893 1182 3939 et
1233 3885 1444 3939 doceat.
1495 3884 1586 3940 Sic
1637 3884 1934 3949 Abraham,
1976 3883 2115 3938 Loth

536 3973 850 4030 fratruelcm
879 3992 1035 4030 suum
1062 3977 1115 4030 in
1144 3976 1282 4032 bello
1312 3977 1571 4031 liberasse
1601 3990 2113 4043 commemoramus,

535 4065 788 4135 sic.filios
827 4065 988 4121 Israel
1030 4067 1213 4122 hostes
1251 4067 1495 4122 diversos
1523 4081 1809 4136 superasse
1850 4069 2117 4138 comperi-

535 4169 680 4209 mus.
738 4154 831 4211 Sic
870 4155 1041 4210 David
1082 4156 1226 4227 regis
1264 4157 1468 4225 praelia,
1512 4157 1818 4212 Salomonis
1869 4157 2110 4219 consilia,

535 4244 808 4300 Gedeonis
864 4245 1104 4316 ingenia,
1155 4245 1582 4303 Machabzeorum
1636 4264 1848 4319 pugnas
1896 4257 2116 4318 propter

536 4336 861 4406 scriptorum
917 4336 1127 4405 copiam
1177 4353 1289 4407 prae
1339 4336 1509 4393 oculis
1558 4339 1838 4394 habemus.
1893 4340 2114 4395 Veteres

2221 3157 2433 3226 patriae,
2491 3157 2710 3228 scriptis
2751 3158 2865 3213 suis
2914 3158 3206 3228 diligenter
3256 3159 3626 3215 inculcabam.
3677 3162 3814 3216 Acta

2221 3260 2350 3302 vero
2396 3246 2732 3318 Reipublicae
2761 3249 2900 3304 mori
2947 3249 3108 3305 simul
3154 3265 3277 3306 cum
3327 3251 3444 3322 ejus
3497 3254 3816 3307 rectoribus

2221 3337 2466 3393 arbitrati
2523 3347 2694 3404 sunt,
2748 3339 2853 3394 nisi
2913 3342 3058 3410 quod
3111 3342 3309 3398 accidit
3366 3353 3712 3400 notaretur:
3759 3356 3812 3400 et

2221 3436 2444 3498 propter
2472 3429 2737 3484 desidiam
2763 3430 2961 3486 silendi
3003 3432 3294 3487 maximam
3329 3434 3632 3504 perniciem
3666 3436 3810 3499 fieri,

2221 3520 2266 3574 si
2297 3536 2363 3575 ex
2397 3522 2614 3592 scriptis
2643 3523 3052 3579 remanentibus
3079 3539 3184 3579 non
3211 3535 3425 3595 pateret
3457 3526 3588 3580 illud
3619 3543 3811 3581 unum-

2219 3613 2582 3684 quodcunque
2646 3616 2801 3685 sequi
2851 3613 3166 3672 defunctum
3211 3619 3302 3674 cui
3349 3619 3503 3674 vivus
3555 3618 3810 3674 abhibuit

2223 3703 2484 3757 studium.
2510 3702 2621 3758 Nos
2649 3713 2830 3758 autem
2858 3721 2887 3758 a
2918 3705 3114 3774 quibus
3134 3719 3318 3762 sermo
3347 3707 3598 3764 veritatis
3626 3710 3810 3763 elimi-

2220 3795 2370 3848 navit
2422 3803 2695 3864 torporem
2741 3797 3164 3865 taciturnitatis,
3213 3800 3444 3856 dicens:
3476 3801 3639 3869 Quod
3686 3803 3820 3858 dico-

2222 3884 2374 3938 vehis
2407 3884 2462 3939 in
2491 3885 2730 3942 tenebris
2753 3886 2915 3942 dicite
2943 3887 2999 3942 in
3026 3888 3250 3958 lumine,
3299 3900 3354 3946 et
3396 3892 3544 3962 quod
3575 3893 3632 3948 in
3677 3909 3814 3949 aure

2219 3977 2444 4042 auditis,
2518 3979 2808 4048 praedicate
2869 3995 3033 4052 super
3083 3991 3260 4050 tecta,
3319 4000 3418 4040 cur
3470 3987 3807 4058 principibus

2220 4067 2550 4124 Christianis
2581 4077 2635 4124 et
2657 4068 2994 4140 Evangelicre
3016 4072 3140 4128 fidei
3168 4075 3536 4131 asscrtoribus
3561 4079 3802 4135 sustine-

2225 4173 2346 4213 mus
2395 4160 2603 4230 negari,
2651 4162 2794 4232 quod
2841 4163 2955 4218 suis
2999 4163 3139 4219 ultro
3187 4163 3419 4221 olIerant
3465 4171 3708 4238 pagani?
3749 4170 3804 4227 Si

2219 4249 2368 4304 enim
2419 4251 2595 4306 nostri
2637 4251 2892 4308 catholici
2942 4269 3098 4326 reges
3139 4270 3282 4310 verae
3321 4255 3447 4312 fidei
3487 4257 3807 4316 defensores

2218 4339 2391 4409 legem
2419 4355 2482 4396 ac
2501 4357 2689 4411 pacem
2713 4341 2934 4408 Christi,
2965 4359 3128 4413 quam
3155 4345 3310 4400 nobis
3331 4361 3428 4415 per
3449 4347 3806 4420 Evangelium

537 4425 682 4480 enim
714 4421 1020 4496 philosophi
1051 4427 1266 4484 diverso
1293 4429 1454 4484 modo
1483 4428 1815 4499 Reipublicae
1839 4431 2118 4493 consulue-
2139 4417 2194 4481 Ι)
2219 4433 2644 4498 suumtradidit,
2672 4433 2792 4488 sine
2819 4434 3062 4504 periculo
3097 4435 3321 4502 erroris,
3350 4417 3684 4507 gubernant,
3716 4443 3806 4508 qui

539 4525 686 4571 runt.
746 4517 1076 4574 Referebant
1138 4519 1460 4590 plerumque
1519 4522 1728 4576 somnia
1793 4522 2111 4592 probabilia,

539 4607 734 4677 quibus
788 4608 998 4662 animos
1046 4610 1351 4664 auditorum
1399 4610 1722 4666 inducerent
1757 4611 1814 4666 in
1858 4611 1914 4667 id
1973 4611 2116 4681 quod

539 4695 809 4751 afﬁrmare
860 4696 1229 4752 instituerunt.
1285 4699 1557 4754 Interdum
1600 4700 1668 4756 ad
1691 4701 1835 4756 idem
1881 4699 2115 4757 ofﬁcium

538 4785 812 4841 fabulosas
850 4786 1192 4842 narrationes
1234 4788 1474 4843 honestis
1513 4790 1676 4845 rebus
1713 4800 1768 4846 et
1806 4791 2117 4846 nominibus

539 4876 764 4943 Velatas,
815 4893 939 4932 cum
987 4878 1294 4949 hujusmodi
1351 4878 1606 4949 figmenta
1652 4882 1727 4936 nil
1767 4881 2117 4952 philosophiae

540 4964 884 4998 vari-annulum
934 4969 1356 4998 ΑᾹξηινΛσ-ιΑ-ιηηοι
1391 4985 1532 4998 amna
1568 4974 1768 4998 -.οιΑ-..ελ
1793 4973 2083 4998 Ᾰξικηιλιὲη

2221 4534 2410 4576 eorum
2452 4521 2738 4579 benefacta
2780 4524 3002 4596 scriptis
3036 4525 3152 4580 suis
3192 4526 3648 4596 manifestabunt,
3677 4532 3806 4600 quid

2222 4609 2368 4665 aliud
2386 4626 2549 4679 quam
2573 4611 2921 4683 Evangelium
2947 4614 3148 4670 Christi
3173 4616 3585 4686 praedicabunt?
3606 4618 3817 4686 Quam--

2221 4701 2304 4754 vis
2335 4701 2550 4756 animus
2575 4702 2870 4759 scribentis
2899 4707 3340 4778 vacilletaggredi
3356 4713 3558 4767 arduas
3587 4727 3806 4768 resma-

2225 4803 2346 4848 turo
2370 4792 2621 4860 consilio,
2649 4796 2838 4850 morali
2861 4797 3125 4867 gravitate
3147 4813 3470 4870 summaque
3493 4805 3806 4858 constantia-

2222 4895 2497 4954 peractas,
2541 4897 2599 4941 et
2624 4887 2670 4942 si
2706 4888 2891 4958 inepto
2935 4888 3084 4956 luxu,
3129 4891 3216 4946 vel
3262 4891 3390 4948 ficta
3435 4893 3670 4949 audacia
3713 4909 3810 4950 aut-

2414 4985 2517 4998 I-n-
2586 4976 2842 4998 ην.-,9.9-Α-
2897 4979 2925 4998 l‘
