4024 5370
203 271 342 327 1221

1473 277 1630 336 ΥΙΤΑ
1672 279 1970 339 CONRADI
2013 283 2230 340 SALICI

3343 301 3483 356 {2'32

203 389 422 445 litatcm
445 387 762 480 legentium,
787 390 929 460 quod
952 383 1294 447 audientibus
1318 393 1802 462 cssetjucundum.‘
1827 401 1872 458 Λ
1902 397 2142 452 virorum
2188 397 2490 456 suﬁlamine
2538 400 2913 472 impediretur.
2977 406 3302 480 lmperalrix
3351 432 3480 476 vero

207 480 350 536 Nam
382 480 429 535 si
459 479 587 550 quid
629 480 683 534 in
736 481 820 536 his
869 480 1012 551 quod
1048 481 1393 538 inhonestum
1433 483 1711 548 offeratur,
1741 486 1792 539 in

207 578 488 643 potestate
523 569 743 627 lectoris
778 571 847 628 ad
881 572 1200 630 imitandum
1247 577 1352 630 erit
1382 575 1436 630 in
1466 577 1749 648 propatulo
1779 595 1791 631 :

205 661 368 729 Quod
399 661 566 718 etiam
608 661 752 718 facio
778 677 902 718 meo
926 674 1206 734 provectu,
1250 672 1312 719 ut
1340 664 1431 734 qui
1465 664 1647 720 multis
1675 682 1795 735 pre-

206 754 493 812 mentibus
533 755 681 812 vitiis
720 771 941 828 corpus,
984 759 1259 813 excitante
1300 757 1411 814 Deo
1465 760 1793 814 Otiositatem

203 847 576 905 velutanima:
602 848 878 903 inimicam
921 850 1006 905 his
1052 850 1333 920 occupatis
1362 851 1595 922 negotiis
1626 851 1797 906 vitare

204 939 448 997 valeam.
497 939 778 1009 Siquidem
819 956 941 996 cum
969 942 1052 996 de
1092 941 1321 1012 publicis
1368 943 1534 1010 gestis
1575 953 1795 1014 paratus

202 1046 328 1089 sum
387 1031 589 1095 dicere,
651 1033 921 1103 prmcipuc
975 1034 1202 1088 duorum
1248 1046 1366 1093 acta
1412 1050 1598 1106 regum
1647 1051 1795 1092 com-

199 1122 438 1193 plector,
472 1122 678 1178 scilicet
708 1121 941 1178 Conradi
970 1125 1312 1194 imperatoris
1339 1135 1500 1196 atque
1542 1127 1636 1180 ﬁlii
1679 1127 1795 1197 ejus

203 1212 452 1268 Heinrici
507 1214 682 1280 tertii,
721 1229 881 1284 quem
950 1215 1262 1271 Heinricum
1318 1217 1518 1273 lineam
1569 1217 1795 1286 jllSllll'J!

202 1304 390 1361 cuncti
430 1319 568 1374 pene
591 1305 973 1374 prudentiores
999 1307 1406 1377 cognominant.
1444 1307 1624 1362 Patris
1668 1323 1794 1361 vero

200 1403 380 1466 gesta,
414 1410 536 1463 quae
559 1395 696 1450 meis
731 1396 1066 1466 temporibus
1097 1397 1430 1463 acciderant,
1475 1407 1638 1467 prout
1681 1399 1794 1468 ipse

201 1487 332 1550 vidi,
363 1496 464 1542 aut
487 1487 659 1542 relatu
686 1487 917 1566 aliorum
945 1489 1130 1555 didici,
1170 1490 1396 1546 calamis
1427 1489 1790 1561 pingcntibus,

201 1578 410 1648 ignaris
444 1578 853 1635 successoribus
886 1577 1152 1650 eﬁigiabo.
1201 1581 1336 1634 Acta
1383 1591 1565 1636 autem
1606 1581 1796 1636 claris-

200 1673 337 1740 sima
391 1671 526 1740 ﬁlii,
579 1673 836 1742 quoniam
895 1672 1224 1728 adhuc'Dei
1279 1673 1457 1744 gratia
1517 1683 1792 1743 superstes

1899 485 2297 561 Chunigunda,
2347 506 2654 564 quanquam
2701 496 2935 552 maritali
2986 499 3172 571 vigore
3223 505 3480 564 destituta

1898 577 2062 646 foret,
2113 589 2294 637 tamen
2347 583 2574 640 consilio
2604 583 2834 642 fratrum
2881 603 3104 644 suorum
3157 592 3476 655 Theodorici

1896 668 2152 728 lletensis
2179 674 2414 746 episcopi
2463 685 2520 732 et
2564 677 2874 737 Hetzclonis
2929 684 3080 740 ducis
3108 685 3351 744 Bavariae
3380 707 3480 762 pro

1895 762 2101 818 viribus
2128 766 2439 836 reipublicae
2471 774 2843 842 succurrebat,
2871 784 2928 830 et
2961 777 3029 833 ad
3059 785 3480 841 restaurandum

1895 851 2180 924 imperium
2209 857 2380 912 aciem
2423 859 2623 930 ingenii
2667 851 2973 936 mentisque
3017 870 3251 928 sollicita
3303 878 3481 932 consi-

1896 947 2176 1003 deratione
2230 949 2458 1006 direxit.
2499 953 2605 1008 Res
2628 956 2764 1026 petit
2812 967 2871 1012 ut
2921 960 3096 1017 dicam
3143 979 3479 1024 summorum

1895 1035 2115 1091 nomina
2163 1040 2407 1109 quaedam
2460 1058 2556 1097 seu
2594 1046 2910 1115 pontiﬁcum
2958 1051 3074 1107 sive
3138 1056 3481 1112 stecularium

1893 1129 2223 1200 principum,
2274 1135 2365 1202 qui
2416 1143 2544 1191 tunc
2587 1135 2641 1191 in
2692 1140 2874 1210 regnis
2920 1142 3197 1213 vigebant,
3248 1161 3480 1218 quorum

1895 1220 2142 1278 consiliis
2167 1224 2453 1281 consuevit
2481 1224 2708 1284 Francia
2739 1245 2893 1302 reges
2919 1233 3140 1304 eligere,
3171 1221 3238 1292 ne
3268 1253 3331 1294 ea
3361 1254 3482 1310 qua:

1895 1310 2139 1368 dicturus
2166 1328 2306 1380 sum,
2359 1316 2502 1384 quali
2539 1316 2766 1375 fortuitu
2803 1322 3088 1381 videantur
3117 1327 3259 1395 ﬁeri,
3293 1331 3388 1384 sed
3420 1339 3482 1385 ut

1893 1403 2038 1473 quod
2065 1406 2613 1474 prudentissimorum
2641 1412 2883 1468 virorum
2937 1399 3185 1474 consulto
3229 1421 3477 1477 cernitur

1893 1501 2096 1560 actum,
2151 1495 2285 1551 utile
2336 1505 2391 1552 et
2429 1499 2719 1556 honestum
2764 1511 2926 1573 atque
2972 1507 3233 1576 Optimum
3275 1508 3478 1568 factum

1893 1585 2173 1642 credatur.
2207 1587 2284 1644 Eo
2313 1597 2554 1658 tempore
2579 1593 3105 1666 archiepiscopatum
3144 1598 3483 1672 Moguntien-

1893 1690 2006 1732 sem
2032 1678 2172 1734 rexit
2200 1679 2388 1746 Aribo,
2415 1683 2634 1740 natione
2674 1683 2927 1755 Noricus,
2956 1691 3152 1747 nobilis
3179 1701 3233 1747 et
3262 1694 3481 1764 sapiens

202 1773 420 1833 regnat,
465 1765 703 1835 quandiu
751 1765 936 1820 vixero
987 1779 1323 1836 congregare
1375 1782 1480 1821 non
1524 1766 1790 1821 desinam.
1825 1772 1872 1831 Β
1899 1775 2059 1837 aptus
2088 1769 2357 1840 regalibus
2385 1772 2665 1842 consiliis;
2711 1776 3088 1836 Coloniensem
3135 1797 3264 1838 vero
3304 1785 3484 1838 archi-

202 1855 360 1923 Quod
404 1857 449 1912 si
504 1858 606 1914 hoc
651 1858 932 1924 acciderit,
980 1867 1040 1913 ut
1071 1859 1212 1914 sicut
1243 1868 1368 1913 ante
1420 1874 1601 1930 regem
1649 1861 1790 1916 hanc

199 1948 365 2003 vitam
390 1949 528 2003 mihi
554 1950 820 2021 contingit
849 1949 1097 2014 introire,
1123 1948 1201 2004 sic
1225 1949 1354 2003 mihi
1386 1951 1596 2006 accidat
1619 1953 1787 2016 exire,

201 2051 256 2094 et
305 2052 372 2093 eo
422 2039 588 2094 modo
648 2054 783 2110 Opus
835 2054 1014 2094 meum
1078 2037 1456 2110 imperfectum
1515 2038 1788 2103 deseram,

199 2133 430 2186 obsecro
456 2139 582 2200 post
616 2145 702 2186 me
731 2129 1081 2193 scribentem,
1128 2144 1195 2184 ne
1229 2129 1427 2200 pudeat
1473 2129 1622 2184 illum
1655 2131 1788 2186 meis

197 2223 572 2277 fundamentis
597 2223 834 2292 parietes
861 2237 986 2277 suos
1011 2236 1379 2291 superponere
1415 2239 1427 2274 :
1459 2237 1527 2276 ne
1561 2229 1790 2290 spernat

199 2314 395 2385 stylum
429 2315 717 2369 cadentem
745 2316 955 2383 erigere
988 2330 1094 2391 :ne
1121 2313 1359 2369 invideat
1400 2314 1535 2366 meis
1573 2312 1786 2381 ereptis,

199 2406 336 2460 sicut
377 2405 548 2460 nollet
595 2405 827 2474 aliquem
872 2405 1114 2459 invidere
1171 2405 1282 2459 suis
1343 2419 1450 2458 non
1497 2401 1684 2456 ﬁnitis.
1731 2401 1786 2456 Si

197 2495 338 2550 enim
366 2496 460 2567 qui
512 2497 729 2566 imoepit
761 2496 994 2551 medium
1024 2497 1214 2561 habet,
1264 2511 1372 2550 non
1424 2503 1640 2563 oportet
1669 2509 1789 2549 esse

201 2588 435 2659 aliquem
482 2590 535 2642 in
566 2587 724 2658 hujus
764 2590 941 2659 operis
966 2589 1115 2644 calce
1141 2590 1432 2658 ingratum,
1461 2587 1552 2660 qui
1583 2587 1788 2658 princi-

201 2683 346 2752 pium
376 2683 622 2738 inveniet
665 2691 1050 2754 prrcparatum.
1084 2682 1208 2736 Haec
1247 2681 1313 2736 de
1343 2681 1593 2752 prooemii
1637 2694 1788 2734 com-

200 2775 396 2844 pendio
434 2776 695 2846 proposui
731 2794 745 2830 :
787 2791 934 2830 nunc
975 2775 1043 2830 ad
1088 2783 1237 2844 gesta
1289 2773 1636 2846 imperatoris
1691 2787 1788 2827 ve-

199 2867 343 2921 niam
378 2881 394 2920 :
427 2867 524 2922 sed
572 2868 724 2939 prius
765 2867 831 2923 de
873 2865 1142 2922 electione
1185 2864 1326 2934 ejus,
1373 2880 1538 2935 quam
1588 2864 1780 2918 idonea

198 2953 378 3022 fuerit,
409 2970 582 3026 pauca
605 2955 900 3012 edisseram
925 2972 939 3010 :
965 2965 1023 3009 nt
1046 2955 1169 3012 inde
1191 2954 1522 3026 probabilius
1547 2953 1788 3008 scribere

198 3029 436 3115 valeam,
464 3046 510 3100 si
540 3047 690 3116 prius
717 3046 808 3114 qui
842 3045 1130 3115 pontiﬁces
1174 3045 1258 3100 vel
1294 3043 1476 3100 caeteri
1514 3042 1786 3114 principes

201 3145 325 3193 tunc
377 3138 643 3208 temporis
684 3139 836 3207 regni
886 3138 1143 3208 praesidio
1184 3135 1407 3200 fuerint,
1459 3149 1790 3192 commemo-
1815 3135 1857 3194 C
1895 3137 2233 3191 necessarius
2276 3154 2288 3190 :

202 3228 349 3286 rabo.

625 3338 694 3378 DE
729 3338 1009 3380 CONVENTU
1048 3338 1354 3379 PRINCIPUI.

266 3415 429 3472 Anno
477 3416 546 3471 ab
603 3416 978 3474 incarnatione
1020 3415 1233 3472 Domini
1284 3414 1445 3481 1025,
1494 3414 1789 3485 imperator

203 3505 490 3564 Heinricus
535 3509 827 3575 secundus,
857 3509 997 3566 bene
1025 3507 1338 3578 compositis
1365 3505 1574 3576 imperii
1604 3506 1785 3569 rebus,

203 3612 324 3653 cum
366 3598 484 3668 jam
531 3609 655 3669 post
695 3600 915 3670 longum
963 3598 1204 3654 laborem
1251 3606 1524 3652 maturum
1551 3593 1783 3656 fructum

203 3690 348 3756 pacis
395 3700 603 3746 metere
655 3692 930 3761 cmpisset,
985 3689 1214 3760 imperio
1259 3685 1543 3752 incolumi,
1604 3692 1786 3740 mente

206 3795 354 3843 sana,
389 3782 635 3852 corporis
665 3789 947 3850 correptus
982 3787 1067 3834 est
1097 3777 1452 3832 inﬁrmitate:
1483 3790 1589 3844 qua
1636 3774 1790 3830 inva-

205 3867 441 3927 lescente
478 3888 536 3926 ιιι
588 3872 708 3928 idus
755 3869 878 3925 Julii
927 3871 1067 3925 hanc
1102 3869 1264 3922 vitam
1311 3867 1562 3923 excessit.
1627 3863 1789 3934 Cujus

204 3975 394 4030 corpus
420 3961 488 4016 de
517 3961 751 4015 Saxonia
779 3961 846 4015 ad
869 3959 1234 4030 sepeliendum
1269 3957 1486 4011 ducitur
1513 3956 1580 4010 ad
1608 3955 1784 4011 locant

205 4053 292 4118 qui
321 4052 900 4120 diciturPabemberg,
934 4049 1022 4104 ubi
1050 4048 1166 4119 ipse
1196 4048 1337 4125 bono
1362 4047 1480 4100 zelo
1514 4061 1576 4100 ac
1608 4046 1785 4100 studio

203 4141 446 4197 fundavit
479 4142 854 4212 episcopatum
903 4138 1052 4194 omni
1105 4136 1474 4192 ecclesiastico
1522 4143 1782 4206 apparatu

204 4230 489 4304 insignem.
517 4233 600 4289 Ad
629 4230 784 4302 cujus
814 4230 1212 4288 dedicationem
1244 4227 1523 4283 dominum
1567 4213 1782 4297 aposto-

201 4320 386 4390 licum,
415 4324 633 4379 nomine
657 4323 1037 4388 Benedictum,
1059 4321 1273 4384 ascivit,
1289 4315 1441 4387 cujus
1463 4316 1784 4373 auctoritate

205 4413 267 4468 ad
294 4417 578 4471 tutandum
625 4416 801 4471 locum
853 4412 1135 4484 privilegia
1186 4410 1402 4482 publica
1438 4409 1784 4480 stipulatione

1893 1860 2265 1931 episcopatum
2301 1861 2618 1935 Pelegrinus
2659 1869 2855 1935 tenuit,
2888 1873 3326 1943 consanguineus
3353 1874 3479 1928 Ari-

1889 1951 2048 2010 bonis
2081 1955 2336 2024 providus
2363 1966 2415 2012 et
2442 1959 2509 2013 ad
2541 1958 2595 2014 id
2619 1958 2852 2016 ofﬁcium
2883 1963 3148 2020 idoneus:
3181 1966 3474 2021 Treviren-

1891 2059 2006 2100 sem
2046 2061 2264 2117 quoque
2309 2049 2836 2120 archiepiscopatum
2895 2053 3216 2123 gubernavit
3272 2055 3478 2126 Poppo.

1891 2134 2059 2191 frater
2079 2137 2293 2193 Ernesti
2323 2138 2497 2204 ducis,
2530 2140 2616 2194 vir
2642 2141 2766 2211 pius
2795 2151 2850 2196 et
2884 2143 3126 2209 humilis,
3155 2145 3246 2214 qui
3278 2147 3472 2200 eodem

1891 2234 2135 2295 tempore
2187 2226 2358 2282 ﬁlium
2411 2227 2602 2284 fratris
2645 2231 2727 2284 sui
2776 2229 2967 2286 ducem
3013 2232 3303 2288 Ernestum
3354 2248 3477 2288 cum

1892 2313 2088 2368 ducatu
2136 2314 2453 2371 Alemanico
2518 2319 2619 2372 sub
2676 2319 2846 2374 tutela
2892 2320 3116 2375 habuit:
3184 2320 3478 2377 Metensetn

1892 2403 2263 2474 episcopatum
2307 2404 2677 2464 Theodericus
2701 2408 2915 2472 nobilis,
2947 2418 2999 2464 et
3030 2409 3082 2462 in
3111 2410 3313 2466 virtute
3339 2421 3482 2466 stre-

1895 2512 2031 2551 nuus
2079 2497 2324 2568 possedit
2370 2516 2383 2550 :
2435 2498 2750 2569 Argentinte
2819 2501 3022 2556 civitati
3094 2501 3479 2558 Wcrinharius

1891 2587 2176 2657 episcopus
2211 2587 2446 2658 prrefuit,
2475 2605 2770 2661 generosus
2798 2591 2850 2646 in
2890 2592 3091 2649 divinis
3120 2603 3175 2648 et
3203 2594 3480 2650 sazculari-

1890 2678 1991 2734 bus
2019 2677 2208 2733 oﬁiciis
2235 2680 2546 2736 studiosus:
2577 2680 3040 2754 Wurceburgensi
3091 2683 3350 2742 Ecclesia:
3399 2687 3482 2741 in-

1892 2768 2030 2822 sedit
2061 2767 2386 2825 Marcelinus
2435 2770 2777 2845 [Macelinus]
2829 2775 3066 2845 sapiens,
3121 2787 3176 2830 et
3207 2777 3260 2831 in
3298 2777 3479 2833 ecclee

1891 2858 2126 2914 siasticis
2156 2859 2511 2928 dignitatibus
2541 2860 2715 2918 ﬁdelis
2753 2877 2768 2917 :
2816 2863 3318 2936 Pabenbergensem
3355 2867 3476 2937 epi-

1892 2961 2172 3020 scopatum
2205 2950 2551 3008 Eberhardus
2586 2952 2726 3008 rexit
2771 2955 2979 3024 primus
3015 2956 3302 3026 episcopus
3333 2955 3480 3011 illius

1893 3043 2169 3109 Ecclesize,
2200 3045 2284 3098 vir
2314 3044 2531 3114 ingenio
2560 3054 2614 3099 et
2655 3045 2896 3101 moribus
2936 3046 3270 3116 Reipublicae
3320 3047 3480 3103 valde

2340 3135 2773 3193 Constantiensis
2807 3133 3066 3195 Ecclesia:
3112 3141 3310 3210 pracsul
3356 3149 3477 3196 erat

1896 3229 2103 3293 lleimo,
2137 3229 2219 3284 vir
2246 3228 2462 3300 sapiens
2491 3229 2544 3284 in
2573 3229 2704 3296 Deo,
2726 3232 3023 3299 modestus,
3051 3240 3108 3287 et
3125 3233 3384 3302 providus
3406 3233 3476 3287 ad

1893 3321 2176 3388 saeculum;
2207 3321 2506 3394 Augustam
2542 3321 2948 3378 Vindelicorum
3001 3324 3222 3395 regebat
3264 3324 3477 3394 episco-

1892 3427 1992 3483 pus
2012 3411 2193 3467 Bruno
2223 3413 2393 3469 frater
2413 3412 2632 3468 Henrici
2659 3413 3027 3484 imperatoris,
3053 3415 3199 3470 utilis
3224 3425 3276 3470 et
3298 3416 3476 3469 clarus

1893 3505 2129 3575 ingenio,
2173 3503 2218 3558 si
2288 3503 2532 3558 fraterno
2581 3504 2706 3560 odio
2754 3519 2860 3574 quo
2913 3505 3226 3574 imperatori
3286 3507 3478 3562 oherat

1891 3610 1998 3649 non
2042 3595 2433 3649 obscuraretur
2483 3610 2495 3646 :
2543 3591 2904 3648 Juvavensem
2952 3594 3280 3658 Ecclesium,
3311 3610 3473 3664 quam

1889 3686 2101 3757 vulgari
2130 3700 2380 3740 sermone
2413 3684 2704 3755 Saltzhurg
2736 3684 2942 3751 dicunt,
2975 3684 3116 3738 rexit
3160 3685 3312 3740 bonae
3362 3701 3477 3742 me-

1890 3776 2078 3831 moriae
2113 3775 2426 3832 Guntherus
2469 3776 2928 3845 archiepiscopus,
2977 3776 3146 3830 frater
3176 3777 3473 3832 Eberhardi

1891 3865 2013 3939 [al.,
2046 3863 2296 3936 Eccardi]
2325 3876 2378 3921 et
2402 3864 2695 3920 Hermanni
2720 3865 2998 3931 comitum,
3030 3867 3174 3921 mitis
3196 3880 3250 3922 et
3277 3867 3472 3934 bonus,

1889 3956 2031 4028 apud
2077 3958 2244 4011 Deum
2285 3965 2339 4010 et
2388 3957 2673 4010 homines:
2729 3955 3167 4012 Radesbonensis
3218 3959 3476 4014 Ecclesiae

1887 4045 2142 4119 cpiscOpo
2167 4059 2285 4103 erat
2315 4047 2630 4102 Burkardus
2661 4041 2784 4119 [al.,
2813 4046 3194 4120 Kehehardus]
3242 4050 3476 4104 benevo-

1861 4141 2066 4196 lentiae
2096 4141 2268 4212 gratia
2299 4141 2666 4210 conspicuus:
2715 4140 3133 4211 Frisengensem
3174 4141 3472 4196 Ecclesiam

1888 4229 2108 4300 regebat
2146 4229 2398 4284 Albertus
2451 4227 2804 4302 [Agilbertus]
2856 4232 3156 4315 episcopus,
3216 4229 3474 4300 providus

1887 4322 2214 4394 gubernator
2239 4322 2368 4377 cleri
2401 4329 2455 4376 et
2481 4323 2662 4392 populi
2693 4325 2809 4388 sui;
2842 4339 2964 4377 cum
3015 4323 3135 4377 istis
3183 4323 3337 4376 tnulti
3381 4321 3473 4377 alii

1888 4411 2168 4483 pontiﬁces
2194 4421 2250 4466 et
2273 4411 2498 4467 ahbates
2527 4426 2594 4466 ex
2633 4412 2826 4467 iisdem
2860 4413 3171 4482 regionibus
3220 4412 3471 4475 aderant,

206 4505 560 4561 conﬁrmavit.
590 4506 739 4578 .Post
771 4504 1110 4576 imperatoris
1157 4503 1388 4568 obitum,
1433 4500 1776 4571 Respublica,
1809 4486 1860 4544 Ῐ)
1885 4519 2020 4573 quos
2062 4504 2304 4576 singulos
2343 4504 2628 4559 nominare
2676 4505 2856 4573 operis
2903 4505 3180 4560 fastidium
3225 4512 3471 4574 generat.

205 4597 400 4653 atnisso
424 4609 602 4670 patre,
655 4608 910 4668 tanquam
941 4596 1207 4659 desolata,
1239 4594 1289 4648 in
1333 4594 1480 4649 brevi
1529 4594 1783 4650 vacillare

204 4690 362 4759 cwpit
393 4707 406 4743 :
442 4694 583 4747 unde
625 4690 824 4760 cuique
872 4689 1077 4759 optimo
1127 4695 1303 4741 metus
1331 4695 1385 4740 et
1435 4685 1780 4751 sollicitudo,

203 4782 444 4847 pessimis
488 4795 668 4840 autem
699 4785 766 4839 in.
803 4792 931 4838 voto
977 4779 1264 4850 imperium
1294 4775 1591 4847 periclitari
1641 4786 1778 4831 erat.

206 4868 397 4929 Verum
424 4877 603 4934 divina
635 4875 974 4949 providentia
1006 4872 1279 4927 anchoras
1329 4869 1589 4924 Ecclesiae
1635 4886 1782 4923 com-

205 4963 347 5019 misit
411 4969 543 5024 viris
594 4968 1012 5040 pontiﬁcalibus,
1076 4973 1132 5021 et
1185 4963 1273 5020 his
1323 4963 1776 5034 gubernatoribus

207 5056 387 5122 quales
421 5061 486 5114 ad
513 5063 819 5127 ducendam
839 5060 1072 5130 patriam
1105 5054 1453 5126 sinejactura
1481 5056 1532 5110 in
1558 5068 1772 5126 portum

210 5146 418 5212 quietis,
448 5164 513 5206 eo
537 5161 778 5223 tempore
809 5164 1098 5219 superesse
1141 5147 1446 5218 Oportebat.
1479 5147 1616 5202 Nam
1651 5163 1773 5204 cum

213 5233 492 5266 suum“.--
524 5245 630 5266 -z---
666 5245 787 5266 nm-
822 5243 1034 5266 4.3---.
1117 5240 1333 5266 -..:I:I....
1363 5241 1647 5266 ..Α--..ηυξ

213 5240 492 5266 ἷηὶυιΑ-Αιλ..
524 5245 630 5266 -3---
666 5245 787 5266 θ’θ’-
822 5243 1034 5266 Αιάερςαυιι
1117 5240 1333 5266 -..τιτι-Λ.
1363 5241 1742 5266 κΑοΑηιῖηκΞ-υ..-

1885 4596 2135 4652 Saxonia:
2162 4596 2441 4667 praesules,
2471 4585 2846 4666 quoniam'me
2875 4596 3034 4652 latuit
3075 4596 3204 4666 quid
3253 4597 3319 4651 de
3361 4596 3473 4651 vita

1883 4702 2070 4742 eorum
2114 4687 2424 4742 nominibus
2472 4687 2724 4742 addicere
2774 4689 3112 4752 conveniret,
3169 4700 3474 4740 memorare

1883 4776 2069 4843 vitavi,
2109 4792 2420 4848 quanquam
2447 4786 2502 4833 et
2522 4762 2615 4832 eos
2645 4777 2872 4833 summis
2907 4779 3072 4836 rebus
3103 4775 3316 4839 adesse,
3343 4789 3473 4828 con-

1885 4869 2083 4934 sulere,
2112 4885 2432 4925 succurrere
2457 4869 2645 4941 procul
2671 4869 2834 4925 dubio
2864 4866 3236 4940 perceperim.
3265 4864 3477 4919 Italiam

1885 4968 2105 5023 transeo
2135 4958 2289 5030 cujus
2319 4960 2593 5031 principes
2635 4959 2690 5014 in
2735 4960 2892 5014 brevi
2941 4953 3235 5015 convenire
3285 4954 3352 5006 ad
3399 4970 3485 5010 re-

1882 5051 2024 5123 giam
2073 5050 2390 5106 electionem
2435 5051 2821 5120 nequiverunt,
2848 5050 2986 5120 ‘qui
3029 5040 3376 5115 Postmodum
3432 5043 3494 5099 in

1880 5143 2017 5199 urbe
2041 5141 2440 5198 Constantiensi
2468 5155 2592 5197 cum
2642 5136 3078 5208 archiepiscopo
3109 5127 3500 5187 Mediolanensi

3355 5214 3380 5240 α

1883 5243 1934 5266 nl
1966 5231 2187 5266 malini-:0
2214 5231 2549 5266 ηνιηηςηςιιηα
2601 5237 2980 5266 nomn-Ponto:
3027 5219 3170 5266 mai.
3215 5216 3500 5266 suieﬂTeeii
