4024 5370
509 222 648 278 1223

1711 206 2047 272 WIPPUNIS
2083 202 2519 269 PRESBYTER!

3639 213 3782 268 {22‘

508 342 728 405 Gozeln,
753 339 904 393 Cuno
933 334 1348 393 Wormatiensis
1397 334 1503 388 dux
1550 331 1904 399 Francorum,
1936 322 2103 388 Udal-
2130 332 2179 391 Α
2206 327 2259 383 ἰη
2285 326 2457 383 oculis
2481 325 2788 399 ponendum
2817 335 2974 382 caute
2997 335 3080 383 est
3125 327 3543 399 providendum.
3575 327 3779 384 Eodem

509 437 656 492 ricus
689 432 794 486 dux
822 427 1131 494 Bohcmiaa;
1173 426 1481 498 Burgundia
1521 425 1667 480 enim
1711 425 1949 482 nondum
1985 421 2094 479 Ro-

510 538 671 580 mano
699 519 948 590 imperio,
974 519 1045 573 ita
1073 526 1132 572 ut
1157 533 1319 584 nunc,
1342 517 1562 573 acclivis
1589 513 1787 573 fuerat.
1818 515 1972 584 Quod
1994 529 2093 570 au-

495 616 619 672 tem
648 611 890 680 subjecta
925 619 1009 666 est
1032 610 1213 674 modo,
1243 609 1410 664 trium
1442 624 1628 679 regum
1659 607 1845 680 gloriae
1870 606 2098 664 ascribi-

511 714 617 760 tur.
665 702 950 759 Secundus
1005 701 1292 756 Heinricus
1355 702 1648 772 imperator
1694 697 1929 770 primum
1976 713 2096 754 eam

513 795 782 867 subjicere
813 791 1042 847 intendit
1075 787 1376 864 [teutavit,]
1406 800 1460 846 et
1489 791 1629 847 bene
1662 791 1716 846 in
1766 792 1871 847 hoc
1917 791 2098 847 studio

511 886 905 959 perseveravit.
939 884 1140 939 Deinde
1174 884 1457 940 Conradus
1506 884 1804 954 imperator
1849 882 2098 939 animoso

511 981 714 1050 impetu
738 977 975 1032 Francos
1000 973 1270 1032 hostiliter
1295 990 1360 1031 ex
1393 992 1456 1031 ea
1485 972 1668 1047 ejecit,
1697 974 1946 1046 belloque
1969 987 2092 1032 eam

511 1067 839 1137 subiugavit.
871 1067 952 1121 Ad
984 1062 1286 1120 ertti‘entttm
1331 1079 1425 1119 rex
1477 1064 1757 1121 lleinricus
1802 1064 1941 1136 pius,
1999 1080 2098 1134 pa-

511 1156 719 1222 ciﬁcus,
752 1157 890 1212 linea
921 1157 1164 1227 justitite,
1217 1153 1355 1211 bello
1403 1165 1458 1210 et
1503 1169 1635 1226 pace
1675 1157 1920 1212 eamdem
1964 1156 2101 1211 Bur-

510 1247 764 1319 gundiam
791 1249 1109 1318 temperavit
1140 1263 1260 1302 cum
1290 1246 1692 1318 magniﬁcentia
1719 1261 1732 1302 :
1758 1247 1846 1303 ubi
1874 1264 1994 1318 qua:
2020 1243 2099 1303 di-

508 1341 632 1392 vina
662 1341 1005 1410 pmvidcntia
1037 1350 1144 1394 tam
1174 1338 1323 1410 pacis
1345 1353 1508 1408 quam
1539 1337 1661 1395 belli
1685 1341 1945 1406 consiliis,
1974 1357 2099 1396 con-

510 1430 651 1486 ciliis
673 1441 727 1486 et
755 1429 1112 1487 conventibus
1140 1431 1338 1500 quibus
1383 1429 1652 1486 interdum
1686 1431 1804 1502 ipse
1851 1432 2096 1500 interfui,

489 1523 737 1594 peregit.
773 1522 907 1578 alias
940 1523 1403 1578 commemorabo.
1462 1521 1615 1580 Nunc
1645 1524 1714 1580 ad
1757 1527 2099 1596 propositum

519 1613 703 1669 redeo.
756 1613 992 1684 Ungaria
1041 1623 1221 1668 autem
1267 1629 1428 1684 quam
1471 1615 1611 1670 idem
1661 1627 1758 1672 rex
1812 1615 2102 1675 Heinr-iens

2202 419 2365 473 modo
2416 432 2542 474 cum
2596 418 2688 474 diu
2733 429 3034 475 certaretur
3083 419 3207 488 quis
3257 435 3488 492 regnare
3537 420 3783 488 deberet,

2199 521 2433 578 cumque
2475 507 2641 564 alium
2691 517 2824 564 aetas
2850 508 2935 564 vel
2966 509 3129 565 nimis
3175 510 3491 577 immatura,
3522 511 3611 568 vel
3645 512 3785 569 ultra

2199 596 2416 656 modum
2459 609 2745 671 provecta,
2788 599 2952 656 alium
2992 603 3164 658 virtus
3193 602 3567 673 inexplorata,
3616 620 3786 676 quos-

2200 689 2324 745 dam
2368 689 2667 747 insolentia:
2715 705 2876 747 eausa
2929 691 3214 748 manifesta
3264 703 3589 750 recusaret:
3641 699 3788 751 inter

2199 779 2399 837 multos
2429 780 2586 836 electi
2622 782 2779 852 pauci
2835 793 2982 850 sunt,
3035 793 3090 839 et
3141 783 3210 840 de
3251 785 3441 855 paucis
3486 785 3787 840 admodum

2201 872 2308 928 duo
2337 875 2660 944 sequestrati
2691 884 2837 943 sunt,
2866 874 2920 930 in
2964 869 3162 946 quibus
3200 890 3428 932 examen
3477 886 3790 933 extremum

2201 978 2539 1020 summorum
2571 964 2812 1020 virorum
2843 981 3050 1021 summa
3081 961 3355 1037 diligentia
3385 967 3478 1020 diu
3518 967 3793 1023 delibera-

2202 1065 2315 1109 tum
2347 1056 2398 1110 in
2441 1057 2668 1113 unitatis
2694 1066 2895 1127 puncto
2931 1058 3146 1112 tandem
3179 1058 3400 1127 quievit.
3455 1049 3635 1112 Erant
3688 1060 3791 1113 duo

2201 1146 2493 1205 Chunones
2525 1165 2756 1221 quorum
2785 1167 2953 1219 unus,
2980 1152 3123 1222 quod
3153 1152 3372 1224 majoris
3401 1154 3584 1208 :etatis
3621 1163 3792 1218 esset,

2203 1239 2376 1310 major
2401 1241 2592 1298 Chuno
2622 1243 2953 1312 vocabatur,
3002 1245 3140 1299 alter
3167 1255 3347 1301 autem
3377 1245 3569 1314 jnnior
3599 1246 3794 1303 Chuno

2201 1331 2503 1399 dicebatur,
2532 1334 2690 1389 antbo
2743 1333 2796 1388 in
2841 1333 3071 1390 Francia
3117 1334 3412 1391 Teutonica
3467 1335 3794 1391 nobilissimi

2199 1435 2269 1475 ex
2297 1422 2508 1478 duobus
2537 1423 2802 1480 fratribus
2851 1424 2987 1479 nati.
3039 1424 3275 1492 Quorum
3314 1426 3454 1480 alter
3499 1427 3696 1482 Πειιεί
3742 1439 3793 1482 et

2202 1513 2340 1570 alter
2369 1515 2558 1572 Chuno
2585 1517 2764 1572 dictus
2791 1526 2877 1573 est
2905 1536 2918 1572 :
2953 1518 3098 1589 ipsos
3127 1534 3257 1575 vero
3285 1520 3350 1574 ab
3402 1517 3607 1574 Ottone
3655 1521 3790 1576 duce

2204 1607 2537 1664 Francorum
2575 1621 2734 1666 natos
2765 1611 3091 1682 accepimus,
3122 1625 3244 1667 cum
3273 1613 3484 1668 duobus
3507 1613 3636 1667 aliis
3660 1612 3793 1666 Bru-

515 1708 710 1762 tertius
741 1709 904 1762 nobili
939 1717 1102 1778 atque
1131 1708 1438 1762 admirabili
1484 1709 1710 1764 victoria
1765 1710 1997 1776 domuit,
2049 1722 2103 1768 et
2132 1718 2178 1777 Β
2204 1713 2348 1755 mne
2375 1710 2429 1755 et
2456 1699 2756 1769 Willelmo;
2784 1715 2851 1756 ex
2879 1703 3075 1773 quibus
3101 1699 3284 1759 Βτιιηο
3307 1704 3622 1776 apostolica
3651 1705 3796 1760 sedis

514 1808 638 1868 post
663 1799 943 1853 victoriam
976 1799 1376 1868 sapientissimo
1400 1798 1628 1853 consilio
1654 1798 1755 1854 sibi
1796 1807 1851 1854 et
1887 1817 2108 1859 succes-

515 1890 731 1944 sorihus
760 1890 872 1944 suis
899 1889 1180 1955 stabilivit,
1209 1892 1467 1961 praedicto
1500 1899 1746 1961 tempore
1776 1905 1878 1949 nec
1915 1895 2106 1950 audire

516 1995 617 2036 nos
647 1978 923 2035 sustinuit.

590 2072 764 2141 Supra
801 2072 1082 2126 memorati
1115 2072 1353 2142 episcopi
1385 2081 1440 2128 et
1474 2072 1640 2128 duces
1673 2073 1964 2144 caeterique
2005 2083 2104 2144 po-

518 2170 691 2216 tentes
727 2162 870 2216 haud
918 2162 1076 2217 aliter
1121 2162 1418 2231 periculum
1467 2165 1726 2221 minitans
1774 2166 1966 2220 melius
2013 2167 2108 2221 aut

517 2251 677 2304 citius
707 2252 938 2306 evadere
971 2252 1092 2313 rati,
1134 2267 1344 2307 summa
1377 2268 1478 2323 0pc
1507 2263 1562 2307 et
1591 2254 1854 2311 industria
1902 2271 2107 2310 memo-

517 2341 676 2395 rabili
709 2343 1002 2397 utebantur
1032 2357 1100 2398 ne
1129 2343 1451 2413 Respublica
1484 2345 1691 2402 diutius
1719 2347 1839 2402 sine
1887 2359 2108 2421 regente

520 2440 756 2486 nutaret.
807 2432 1020 2488 Privata
1046 2435 1268 2490 consilia
1297 2444 1353 2490 et
1379 2435 1591 2492 animos
1643 2438 1973 2510 singulorum
2020 2441 2107 2496 cui

517 2524 805 2594 quisquam
836 2527 1186 2593 consentiret,
1224 2527 1309 2582 cui
1340 2528 1678 2595 dissentiret,
1708 2541 1801 2586 aut
1825 2547 1981 2603 quem
2006 2534 2106 2588 sibi

517 2613 792 2670 dominum
831 2626 1073 2686 optaret,
1115 2619 1466 2690 epistularum
1529 2630 1584 2676 et
1629 2621 1932 2692 legatorum
1961 2639 2112 2680 eont‘

520 2705 754 2761 moditas
783 2706 1120 2777 conferebat,
1153 2726 1329 2781 neque
1359 2711 1412 2766 id
1443 2711 1495 2765 in
1525 2727 1777 2766 vacuum.
1817 2713 1952 2768 Nam
1989 2731 2112 2785 pro-

519 2797 774 2853 videntia:
802 2810 885 2855 est
914 2801 1144 2858 interius
1164 2811 1475 2875 prasparare‘
1504 2821 1612 2875 quo
1643 2805 1776 2861 foris
1802 2808 2029 2880 indiges,
2057 2819 2112 2866 et

521 2887 804 2942 consilium
833 2899 961 2947 ante
987 2907 1140 2962 opus.
1182 2909 1366 2948 semen
1411 2905 1496 2949 est
1547 2897 1824 2965 sequentis
1879 2897 2109 2957 fructus.

525 2979 749 3037 Frustra
791 2985 937 3039 enim
969 2986 1037 3039 ab
1061 2985 1231 3042 altero
1256 2988 1517 3042 auxilium
1547 2999 1857 3059 exspectas,
1888 2991 1933 3046 si
1964 2992 2110 3062 igno-

2206 1791 2465 1847 Romame
2517 1791 2774 1848 Ecclesia:
2818 1809 2956 1866 papa
3006 1793 3252 1861 effectus,
3291 1805 3502 1850 mutato
3551 1797 3794 1860 nomine,

2206 1886 2499 1960 Gregorius
2526 1889 2829 1960 appellatus
2851 1900 2953 1946 est.
2969 1884 3308 1956 Wilhelmus,
3333 1889 3516 1946 factus
3539 1891 3798 1961 Argenti-

2207 1980 2392 2034 nensis
2406 1978 2662 2033 Ecclesia:
2674 1980 2979 2052 episcopus,
2995 1981 3132 2036 miro
3146 1982 3304 2036 modo
3325 1996 3447 2036 eam
3461 1981 3795 2036 sublimavit.

2207 2068 2454 2124 Praadicti
2482 2070 2588 2124 duo
2616 2069 2926 2138 Chunones,
2967 2087 3092 2127 cum
3119 2083 3319 2140 essent,
3355 2082 3415 2126 ut
3441 2073 3652 2126 dictum
3695 2081 3795 2136 est,

2207 2177 2271 2216 ex
2304 2170 2457 2232 parte
2485 2162 2789 2232 genitorum
2818 2164 3161 2230 nobilissimi,
3220 2164 3360 2219 haud
3395 2179 3559 2219 secus
3586 2179 3655 2218 ex
3687 2180 3799 2217 tua-

2210 2261 2363 2307 terno
2413 2269 2608 2324 genere
2638 2255 2964 2311 elaruerant.
3017 2254 3258 2310 Junioris
3301 2252 3588 2311 Chunonis
3626 2262 3797 2308 mater

2209 2345 2473 2401 Machilda
2510 2347 2577 2402 de
2605 2346 2709 2400 [ilia
2741 2346 3013 2401 Cbonradi
3042 2347 3184 2417 regis
3206 2345 3534 2416 Burgundim
3565 2343 3798 2417 [Longtr

2209 2435 2437 2509 bardiaa]
2460 2444 2584 2491 nata
2614 2436 2734 2491 fuit.
2762 2435 2978 2507 Majoris
3002 2435 3280 2492 Chunonis
3307 2443 3484 2489 mater
3503 2434 3798 2490 Adelberta

2211 2524 2310 2598 [rel
2339 2526 2630 2592 Adelbera,
2656 2525 2733 2580 vel
2760 2525 3092 2598 Adelheyda]
3118 2541 3182 2581 ex
3208 2524 3546 2580 nobilissima
3580 2523 3802 2595 [glorio-

2211 2614 2448 2689 sissima]
2493 2624 2652 2688 gente
2694 2615 3152 2684 Lotharingorum
3202 2613 3430 2671 oriunda
3487 2613 3618 2668 fuit.
3672 2612 3800 2680 Quae

2210 2709 2510 2781 Adelhayta
2558 2723 2716 2764 soror
2755 2717 2873 2764 erat
2904 2706 3166 2763 comitum
3213 2707 3484 2763 Gerhardi
3533 2716 3595 2761 et
3641 2705 3801 2760 Adel-

2214 2799 2374 2866 bcrti,
2425 2798 2517 2870 qui
2567 2807 2783 2869 semper
2833 2811 2955 2852 cum
3010 2795 3228 2867 regibus
3262 2803 3317 2851 et
3355 2795 3591 2851 ducibus
3618 2793 3802 2850 conﬂi-

2215 2900 2424 2962 gentes,
2451 2890 2516 2944 ad
2544 2897 2846 2945 extremum
2883 2902 3045 2945 causa
3097 2888 3384 2959 propinqui
3435 2887 3522 2942 sui
3568 2888 3802 2943 Conradi

2215 2981 2360 3052 regis
2390 2982 2478 3035 vix
2504 2981 2953 3050 acquieseebant;
2981 2995 3209 3050 quorum
3228 2988 3484 3050 parentes
3509 2981 3595 3049 (ut
3612 2979 3802 3048 fertur)

527 3084 619 3123 ras
648 3071 776 3140 quid
809 3072 1107 3129 desideres.
1142 3073 1198 3128 in
1232 3075 1391 3130 rebus
1441 3077 1627 3133 arduis
1667 3088 1882 3135 secreto
1911 3096 2110 3137 consn-
2139 3067 2184 3129 C
2217 3073 2282 3128 de
2313 3071 2536 3140 antiquo
2565 3084 2762 3140 genere
2791 3068 3146 3142 Trojanorum
3178 3085 3361 3141 regum
3391 3081 3684 3133 Veneram.
3715 3072 3800 3140 qui

520 3159 658 3223 lere,
687 3161 948 3231 paulatim
977 3163 1299 3228 deliberare,
1349 3164 1609 3221 velociter
1657 3166 1858 3235 facere,
1913 3170 2112 3229 bonum

525 3251 732 3304 exitum
766 3252 1003 3307 habebit.
1033 3252 1272 3308 Tandem
1300 3257 1548 3311 condicta
1575 3266 1660 3314 est
1694 3259 1832 3327 dies,
1871 3270 2116 3319 notatus-

529 3355 634 3409 que
663 3341 832 3408 locus,
859 3342 917 3396 lit
947 3345 1192 3414 publicus
1225 3359 1545 3416 conventus,
1571 3351 1784 3421 qualem
1805 3369 1891 3409 me
1916 3355 2116 3413 vidisse

528 3439 687 3486 antea
718 3447 821 3486 non
849 3434 1092 3489 memini.
1123 3435 1182 3491 ln
1213 3451 1319 3507 quo
1345 3449 1610 3496 conventu
1642 3438 1784 3514 quid
1815 3453 1996 3501 actum
2044 3448 2116 3503 sit

527 3524 744 3596 dignum
778 3528 1038 3584 memoria
1069 3531 1308 3587 scribere
1335 3547 1439 3588 non
1470 3533 1738 3592 diil‘eram.

1012 3633 1079 3674 DE
1117 3635 1414 3676 ELECTIONIS
1454 3638 1626 3680 REGIS.

599 3705 746 3762 inter
768 3707 1054 3780 Moguntiae
1084 3712 1319 3768 conﬁnia
1369 3722 1425 3768 et
1472 3713 1791 3774 Wormatiae
1839 3717 1992 3778 locus
2031 3733 2116 3778 est

530 3797 885 3868 amplitudine
928 3800 1172 3871 planitiei
1222 3819 1386 3860 causa
1448 3805 1811 3866 multitudinis
1863 3813 2116 3869 maximae

528 3890 897 3961 reccptibilis:
938 3908 1005 3947 ex
1057 3893 1354 3950 insularum
1383 3913 1600 3953 recessu
1646 3902 1712 3954 ad
1758 3912 1999 3960 secretas
2027 3920 2116 3960 res

531 3981 842 4036 tractandas
872 3991 1018 4037 tutus
1047 3993 1102 4038 et
1131 3983 1356 4051 habilis,
1385 3988 1478 4042 sed
1501 3989 1567 4044 de
1593 3991 1865 4047 vocabulo
1915 4003 1970 4049 et
2007 3996 2113 4050 situ

529 4069 632 4125 loci
661 4071 873 4140 plenius
895 4073 1077 4128 dicere
1127 4077 1473 4146 topOgraphis
1499 4078 1776 4150 relinquo,
1805 4093 1904 4152 ego
1931 4092 2113 4140 autem

531 4159 597 4213 ad
644 4159 937 4230 incoeptum
971 4163 1156 4219 redeo.
1205 4163 1281 4220 lbi
1334 4165 1460 4221 dum
1507 4172 1890 4227 convenissent
1932 4175 2113 4229 cuneti

528 4249 810 4317 primates,
838 4259 893 4304 et
921 4259 980 4305 ut
1005 4251 1079 4306 ita
1105 4253 1279 4308 dicam
1311 4254 1456 4314 vires
1481 4265 1535 4310 et
1565 4259 1770 4313 viscera
1818 4261 1990 4331 regni,
2037 4263 2115 4319 cis

529 4347 585 4392 et
611 4339 758 4393 circa
787 4340 1036 4396 Rhenum
1064 4354 1244 4400 castra
1265 4345 1532 4402 locabant.
1567 4349 1692 4416 Qui,
1723 4350 1852 4405 dum
1881 4351 2110 4409 Galliam

497 4442 502 4447 '
531 4442 560 4480 a
612 4426 902 4486 Germania
951 4433 1192 4501 dirimat,
1229 4451 1294 4492 ex
1325 4447 1477 4508 parte
1511 4437 1817 4496 Germaniae
1870 4442 2114 4502 Saxones
2143 4413 2191 4470 θ

529 4537 657 4576 eum
694 4522 796 4577 sibi
837 4525 1206 4594 adiacentibus
1255 4529 1462 4586 Sclavis
1487 4569 1502 4596 ,
1537 4530 1731 4588 Franci
1786 4532 2112 4604 Orientales,

531 4609 732 4674 Norici,
750 4612 1035 4669 Alemanni
1065 4627 1385 4673 convenere.

606 4703 680 4758 De
702 4703 874 4759 Gallia
902 4721 1033 4762 vero
1061 4707 1252 4764 Franci
1279 4710 1368 4779 qui
1393 4727 1552 4780 supra
1576 4713 1823 4769 Rhenum
1844 4715 2116 4783 habitant,

532 4793 801 4863 Ribuarii,
833 4797 1174 4867 Lutharingi,
1208 4802 1494 4858 coadunati
1532 4813 1676 4860 sunt.
1727 4805 2000 4872 Quaeritur
2045 4807 2113 4864 de

535 4900 594 4939 re
618 4900 849 4953 summa,
899 4890 1177 4971 dubitatur
1220 4892 1286 4946 de
1333 4893 1594 4950 electione
1651 4897 1861 4952 incerta
1907 4915 1921 4952 :
1975 4899 2118 4956 inter

536 4991 683 5045 spem
715 4987 771 5032 et
798 4991 1002 5035 metum
1030 4984 1299 5053 suspensi,
1331 4983 1538 5041 alterna
1566 4987 1831 5042 desideria
1861 5003 1982 5044 eum
2030 4990 2113 5044 in-

533 5081 686 5090 ..ιι-..-ι

2216 3164 2316 3219 sub
2343 3164 2499 3218 beato
2524 3161 2774 3232 Remigio
2801 3162 3115 3218 confessore
3157 3160 3288 3230 jugo
3333 3161 3457 3217 fidei
3492 3160 3637 3216 colla
3679 3177 3802 3232 sup-

2213 3255 2505 3326 ponebant.
2539 3253 2593 3308 In
2623 3254 2706 3309 bis
2735 3253 2963 3319 duobus,
2993 3255 3045 3309 id
3074 3263 3174 3319 est,
3207 3253 3262 3308 in
3295 3253 3506 3324 majore
3536 3253 3802 3309 Cbunonc

2214 3353 2269 3402 et
2297 3345 2515 3414 juniore
2546 3344 2800 3416 (minore)
2847 3345 2936 3400 ditt
2965 3344 3232 3415 pendebat
3257 3344 3464 3414 reliqua
3507 3344 3764 3400 nobilitas
3785 3383 3800 3397 .

2213 3445 2268 3491 et
2296 3449 2603 3507 quanquam
2635 3434 2894 3503 majorem
2921 3437 3235 3491 Chunonem
3263 3436 3551 3490 secretiori
3574 3435 3801 3491 consilio

2213 3535 2270 3584 et
2307 3527 2464 3582 avido
2489 3526 2758 3582 desiderio
2802 3537 3024 3598 prapter
3068 3528 3324 3602 virtutem
3368 3537 3424 3583 et
3470 3527 3800 3597 probitatem

2214 3617 2358 3672 illius
2384 3632 2520 3687 pene
2545 3633 2734 3674 omnes
2765 3619 3044 3691 eligerent.
3088 3629 3268 3675 tamen
3319 3630 3544 3691 propter
3565 3620 3802 3690 iunioris

2213 3708 2533 3782 potentiam,
2589 3726 2657 3767 ne
2703 3727 2801 3783 pro
2843 3713 3066 3768 honoris
3113 3713 3404 3769 ambitione
3449 3715 3799 3777 dissiderent,

2215 3803 2456 3857 animum
2487 3817 2643 3858 suum
2692 3802 2969 3873 ingeniose
3010 3805 3238 3876 quisque
3270 3806 3676 3862 dissimulabat.
3723 3807 3798 3862 Ad

2214 3903 2516 3950 extremum
2548 3908 2675 3950 vero
2716 3895 2896 3950 divina
2941 3893 3276 3965 providentia
3307 3898 3560 3967 contigit.
3594 3907 3656 3951 ut
3702 3897 3798 3967 ipsi

2217 3987 2358 4043 inter
2381 4002 2440 4043 se
2466 3987 2822 4044 convenirent
2847 3990 3081 4058 quodam
3109 3998 3271 4060 pacto
3299 3990 3354 4044 in
3389 3999 3499 4044 tam
3541 3992 3707 4046 dubia
3745 4004 3801 4045 re

2215 4079 2349 4133 satis
2377 4077 2744 4143 convenienti,
2775 4089 2836 4134 ut
2885 4078 2930 4134 si
2969 4094 3128 4149 quem
3176 4081 3392 4137 illorum
3449 4079 3632 4151 major
3677 4097 3801 4152 pars

2215 4166 2396 4238 populi
2424 4167 2689 4234 laudaret,
2725 4166 2863 4223 alter
2887 4168 3062 4224 eidem
3088 4169 3206 4224 sine
3235 4185 3384 4226 mora
3408 4171 3656 4227 cederet.
3686 4171 3802 4226 Ais-

2217 4257 2348 4311 timo
2398 4253 2540 4327 quod
2585 4257 2805 4328 dignum
2860 4259 2932 4313 sit
2995 4259 3176 4314 dicere
3213 4275 3318 4330 qua
3373 4261 3590 4317 ratione
3635 4263 3802 4330 major

2215 4345 2405 4403 Chuno
2431 4359 2586 4402 suum
2616 4348 2845 4417 prodidit
2875 4348 3170 4419 ingenium,
3197 4365 3300 4404 non
3337 4352 3480 4420 quod
3533 4351 3654 4422 ipse
3708 4354 3799 4408 de-

2219 4449 2464 4509 speraret
2501 4455 2594 4494 rex
2637 4438 2776 4513 ﬁeri,
2806 4441 2948 4495 unde
2967 4440 3080 4510 jam
3111 4451 3298 4496 nutum
3346 4442 3442 4498 Dei
3492 4445 3800 4516 principum

2219 4529 2473 4585 cordibus
2506 4529 2758 4599 inspirari
2791 4529 3161 4604 [inspiratum]
3189 4533 3453 4602 percepit,
3480 4534 3578 4588 sed
3615 4545 3676 4590 ut
3709 4551 3798 4591 co—

2219 4623 2364 4692 gnati
2394 4622 2657 4684 animum,
2691 4636 2798 4690 quo
2828 4624 3008 4676 minus
3036 4622 3088 4677 in
3119 4625 3271 4680 novis
3309 4626 3473 4680 rebus
3516 4628 3804 4696 perturba-

2220 4723 2387 4776 retur,
2421 4710 2794 4766 conﬁrmaret.
2834 4710 2946 4767 Hac
2976 4712 3141 4783 igitur
3179 4717 3635 4784 praestantissima
3682 4733 3803 4773 ora-

2218 4805 2364 4858 tione
2384 4802 2532 4857 illum
2554 4801 2847 4872 alloquitur
2872 4820 2885 4856 :
2914 4821 2934 4856 ι
2968 4803 3150 4860 Rebus
3174 4807 3447 4876 prosperis
3469 4809 3803 4881 cotidiguum

2219 4893 2503 4965 gaudium,
2540 4909 2639 4948 nec
2663 4894 2946 4963 gravitatis
2975 4896 3192 4951 modum
3229 4899 3466 4964 excedit,
3500 4916 3605 4956 nec
3634 4918 3806 4972 quan-

2218 5001 2380 5056 quam
2412 4987 2680 5055 ingratum
2707 5001 2828 5041 esse
2858 5001 2955 5056 pro
2977 4989 3215 5058 acceptis
3239 4990 3520 5046 beneﬁciis
3565 4992 3724 5057 sinit,
3753 5005 3807 5049 et
