4024 5370
217 297 356 354 1225

1465 293 1623 354 νιτΑ
1658 292 1960 352 CONRADI
1997 292 2230 351 SALICL

3334 297 3356 352 Ι
3373 295 3473 353 226

211 415 395 480 debat,
422 427 650 485 quorum
680 413 908 469 alterum
929 412 1094 485 regali
1118 412 1333 485 fastigio
1349 411 1578 469 locaret.
1603 411 1784 481 Neque
1810 419 1862 474 Α
1888 423 2190 480 cognovero
2227 421 2280 463 te
2308 406 2464 472 velle,
2489 415 2541 462 te
2565 406 2878 464 desiderare
2917 406 2972 463 in
2991 407 3268 465 dominum
3306 420 3364 467 et
3388 429 3478 470 re-

213 507 357 562 enim
387 505 661 561 mstimare
687 505 947 561 debemus
989 505 1074 558 vel
1105 505 1407 560 nobilitate.
1455 503 1540 558 vel
1590 503 1792 557 divitiis

211 596 549 668 propinquos
601 604 818 651 nostros
884 595 1240 662 antecedere;
1299 604 1392 650 aut
1444 595 1646 665 aliquid
1693 609 1792 650 nos

211 690 577 761 promeruisse
602 696 751 743 tanta
777 690 1127 743 veneratione
1154 689 1398 759 dignum,
1443 688 1644 752 verbis,
1679 703 1792 742 ma-

210 780 370 835 nibus
396 796 503 834 non
532 787 745 850 oportet
774 780 1051 835 extollere.
1090 779 1321 850 Majores
1351 779 1526 835 nostri
1559 780 1788 849 gloriam

207 883 363 924 suam
398 868 558 925 factis
601 885 766 940 quam
795 870 956 925 dictis
1003 871 1235 941 prodere
1277 870 1601 931 maluerunt.
1649 885 1792 925 eom-

207 959 356 1013 muni
404 959 513 1014 vita
562 968 850 1015 contentos
898 975 1018 1016 esse
1077 961 1290 1016 decebit
1335 963 1605 1032 quoslibet
1650 963 1793 1018 inter

206 1051 459 1122 aequales.
486 1052 755 1124 Quidquid
783 1063 988 1122 autem,
1042 1057 1095 1110 id
1145 1066 1248 1123 est,
1287 1057 1429 1128 quod
1467 1059 1534 1111 ad
1586 1058 1790 1128 aliquid

205 1144 496 1220 habiliores
524 1145 746 1215 reliquis
769 1157 1042 1216 putamur,
1071 1149 1196 1204 inde
1221 1158 1402 1220 grates
1427 1159 1651 1206 auctore
1681 1152 1790 1205 Deo

203 1218 514 1289 reddamus.
547 1234 713 1291 Nobis
749 1251 880 1308 ergo
907 1218 1248 1309 cogitandum
1276 1249 1358 1294 est
1394 1255 1461 1295 ne
1501 1241 1591 1310 qui
1618 1240 1788 1295 aliena

203 1325 565 1379 consensione
616 1326 764 1397 digni
816 1336 968 1383 tanto
1015 1329 1221 1384 honore
1266 1330 1520 1385 mstimati
1579 1346 1789 1396 sumus,

203 1417 424 1488 proprio
451 1427 507 1472 et
533 1416 785 1473 familiari
809 1419 1030 1473 dissidio
1054 1420 1256 1490 indigni
1284 1421 1382 1475 hac
1410 1421 1583 1490 gratia
1613 1423 1792 1476 vidca-

205 1524 346 1563 mur.
397 1508 637 1564 Stultum
685 1520 766 1565 est
814 1510 959 1566 enim
1013 1511 1189 1567 aliena
1229 1521 1498 1582 potestate
1546 1529 1644 1582 pro
1691 1529 1790 1567 sua

203 1599 428 1654 nimium
457 1599 626 1655 abuti.
654 1599 711 1654 ln
737 1601 886 1656 omni
913 1601 1181 1656 electione
1210 1603 1412 1656 nemini
1443 1604 1568 1658 licet
1594 1607 1658 1658 de
1699 1619 1787 1659 δρ-

203 1688 320 1760 ipso
343 1687 614 1760 judicare,
646 1691 774 1746 licet
798 1701 978 1746 autem
1014 1692 1082 1748 de
1111 1692 1233 1747 alio.
1284 1723 1292 1731 -

1895 518 2048 574 gem,
2080 502 2228 558 nullo
2262 501 2404 558 malo
2439 502 2654 574 ingenio
2702 502 2844 557 hanc
2880 501 3312 560 benevolentiam
3359 521 3388 560 a
3423 517 3477 562 te

1895 594 2180 659 revocabo,
2207 595 2334 663 quin
2354 595 2532 664 potius
2558 593 2815 665 teeligam
2833 601 2982 647 tanto
3001 593 3212 648 avidius
3239 599 3473 659 caeteris.

1893 694 2095 755 quanto
2147 701 2235 740 me
2283 687 2510 757 sperabo
2553 686 2648 740 tibi
2691 686 2981 756 gratiorem
3032 684 3156 740 illis.
3191 686 3246 740 Si
3290 698 3473 750 autem

1894 775 2034 830 Deus
2076 775 2144 830 ad
2196 791 2282 831 me
2341 777 2659 846 respexerit,
2716 776 2949 832 debitam
2996 777 3169 831 vicem
3205 776 3392 831 mihia
3423 785 3476 832 te

1894 868 2119 938 rependi
2151 883 2256 924 non
2280 869 2484 924 dubito.
2521 869 2600 923 Ad
2637 870 2750 924 haec
2779 868 2954 922 minor
2983 867 3173 923 Cbuno
3200 868 3475 936 respondit

1857 965 2061 1012 .totam
2120 958 2262 1012 hanc
2303 959 2625 1012 sententiam
2670 958 2772 1012 sibi
2822 965 3098 1026 acceptam
3147 956 3476 1026 fore,seque

275 1780 428 1848 Quod
460 1782 508 1836 si
545 1782 704 1837 alicui
730 1783 796 1837 de
822 1798 881 1837 se
926 1783 1134 1848 liceret,
1172 1792 1302 1853 quot
1341 1784 1576 1854 regulos,
1605 1800 1670 1840 ne
1707 1801 1782 1840 re-
1817 1757 1865 1817 Β

201 1885 298 1942 ges
341 1871 562 1939 dicam,
617 1873 947 1928 videremus.
1008 1874 1176 1938 Vota,
1233 1875 1445 1940 studia,
1494 1891 1790 1932 consensus

200 1961 560 2028 Francorum,
591 1961 1064 2033 Lotharingorum,
1101 1964 1397 2031 Saxonum,
1445 1963 1788 2031 Noricorum,

197 2051 624 2108 Alemarmorum
665 2055 756 2124 qui
801 2054 1061 2124 optimam
1105 2055 1439 2112 voluntatem
1492 2057 1786 2123 habebant,

200 2141 272 2196 ad
299 2157 396 2198 nos
427 2144 800 2210 conferebant,
849 2155 1105 2216 tanquam
1141 2146 1206 2200 ad
1246 2149 1405 2202 unius
1434 2149 1618 2217 stirpis
1659 2164 1788 2218 pro-

198 2232 474 2303 paginem,
505 2234 670 2288 veluti
705 2237 771 2290 ad
802 2251 963 2290 unam
995 2239 1234 2303 domum,
1284 2238 1423 2293 sicut
1449 2239 1514 2293 ad
1551 2240 1786 2294 indisso—

199 2321 422 2378 lubilem
449 2323 894 2390 familiaritatem,
912 2340 1049 2396 quos
1073 2342 1137 2381 ex
1169 2336 1278 2382 tam
1310 2329 1492 2383 multis
1517 2345 1790 2385 cotmexos

199 2413 421 2470 dissolvi
459 2430 618 2486 posse
673 2416 975 2474 inimicitiis
1023 2433 1182 2474 nemo
1235 2421 1615 2487 suspicabitur.
1648 2423 1790 2476 (lon-

195 2503 434 2561 cordare
473 2507 646 2572 decet,
702 2517 970 2578 quotquot
1015 2519 1207 2564 natura
1257 2511 1464 2581 ligavit,
1515 2528 1634 2581 quze
1687 2514 1787 2568 sibi

197 2605 486 2664 cegnatam
544 2595 718 2668 jungit
773 2599 1091 2653 amicitiam.
1128 2599 1282 2666 Quod
1323 2601 1368 2656 si
1423 2601 1566 2656 ultro
1609 2601 1786 2656 oblata

199 2685 274 2738 ab
292 2683 412 2738 aliis
441 2685 618 2754 aliqua
657 2702 716 2741 re
740 2687 1066 2756 impediente
1095 2687 1395 2756 rejicimus,
1435 2691 1539 2745 hoc
1587 2700 1692 2755 est,
1739 2691 1786 2745 si

202 2773 436 2830 invicem
493 2777 902 2845 discordamus,
965 2789 1175 2835 certum
1225 2789 1310 2836 est
1357 2783 1500 2851 quod
1561 2782 1787 2853 populus

200 2874 332 2919 tunc
356 2866 609 2921 velitnos
661 2869 930 2934 deserere,
979 2884 1046 2925 ac
1080 2871 1297 2925 tertium
1344 2871 1637 2941 quemlibet
1684 2873 1785 2927 sibi

195 2970 469 3024 quaerere,
497 2967 552 3012 et
600 2973 699 3013 nos
738 2975 843 3014 non
875 2968 1087 3015 tantum
1117 2977 1330 3018 summo
1361 2964 1564 3018 honore
1610 2964 1788 3032 priva-

199 3047 403 3111 himur,
435 3049 526 3103 sed
557 3050 700 3117 quod
740 3051 994 3107 omnibus
1024 3054 1180 3108 bonis
1207 3063 1384 3110 morte
1416 3055 1787 3111 detestabilius

197 3145 305 3201 est,
337 3137 616 3192 infamiam
646 3139 871 3210 ignavia:
897 3142 1228 3212 incidemus;
1273 3145 1427 3216 quasi
1451 3156 1503 3201 et
1536 3147 1668 3201 tanti
1703 3162 1785 3202 re-

193 3227 419 3296 giminis
459 3227 712 3283 virtutem
767 3246 872 3286 non
903 3247 1187 3302 possumus
1218 3237 1509 3302 sustinere,
1552 3247 1608 3291 et
1649 3236 1788 3291 alter

194 3314 447 3382 alterius,
496 3317 638 3384 quod
685 3318 826 3372 inter
862 3323 1293 3391 consanguineos
1339 3339 1592 3396 magnum
1635 3323 1787 3378 nefas

195 3419 324 3460 csse
373 3414 524 3474 puto,
579 3408 804 3463 credere
852 3411 1020 3464 nollet
1061 3413 1272 3468 honori.
1320 3415 1582 3469 Maximus
1623 3415 1788 3483 igitur

197 3497 398 3560 honor,
437 3511 646 3552 smnma
679 3509 920 3568 potestas
947 3504 1091 3559 circa
1124 3521 1219 3560 nos
1252 3508 1425 3562 adhuc
1455 3508 1782 3573 versabitur,

194 3594 256 3642 et
309 3587 383 3641 ita
408 3588 474 3642 ad
507 3603 605 3643 nos
635 3592 900 3660 pervenit,
941 3602 999 3646 ut
1033 3594 1078 3647 si
1121 3595 1368 3660 velimus,
1405 3597 1457 3650 in
1488 3597 1658 3652 altero
1685 3614 1780 3652 no-

193 3685 375 3733 strum
400 3691 725 3735 remaneret.
752 3681 1016 3749 Quocirca
1049 3684 1177 3738 mihi
1235 3687 1447 3741 videtur
1490 3690 1534 3744 si
1578 3691 1631 3744 in
1676 3709 1786 3750 uno

191 3768 264 3822 de
290 3769 446 3824 nobis
478 3770 567 3825 hic
595 3772 770 3827 honor
793 3775 1128 3831 coaduuatus
1163 3782 1502 3846 remanserit,
1551 3791 1611 3837 ut
1651 3785 1788 3842 alter

189 3857 440 3926 ejusdem
469 3861 690 3915 honoris
711 3864 1124 3934 participatione
1147 3867 1370 3923 ulterius
1389 3873 1787 3939 quodammodo

191 3965 305 4004 non
337 3960 524 4005 careat
553 3971 566 4005 :
597 3955 737 4009 sicut
767 3957 911 4010 enim
954 3959 1008 4012 in
1041 3973 1266 4028 regnum
1294 3974 1567 4031 parentes,
1591 3983 1786 4037 quam-

189 4041 280 4096 vis
304 4043 485 4097 cuncti
519 4060 676 4114 rcges
702 4062 807 4102 non
831 4049 962 4114 sint,
995 4051 1218 4107 honoris
1247 4056 1493 4122 quredam
1525 4059 1787 4115 derivatio

191 4130 614 4200 transfunditur,
647 4139 727 4191 sic
764 4147 818 4192 et
844 4141 896 4194 hi
945 4142 1035 4209 qui
1076 4145 1368 4214 conscripti
1414 4157 1467 4201 et
1497 4153 1785 4217 pramomi-

189 4225 311 4278 nati
348 4227 414 4279 ad
449 4237 770 4294 potestatem
831 4231 1052 4298 fuerint,
1108 4236 1230 4289 licet
1269 4239 1336 4290 ad
1369 4238 1506 4294 hanc
1533 4257 1634 4295 non
1666 4259 1789 4312 per-

186 4314 438 4379 veniant,
473 4325 648 4371 tamen
698 4320 902 4374 honore
945 4325 1179 4390 quodam
1224 4327 1350 4380 inde
1402 4337 1526 4383 nato
1575 4334 1788 4400 penitus

187 4419 305 4461 non
347 4407 638 4475 carebunt;
693 4426 797 4463 non
847 4413 914 4466 ad
964 4427 1115 4467 Suam
1161 4417 1476 4486 dignitatem
1532 4422 1784 4477 immeriti

187 4511 305 4552 non
335 4498 708 4568 exigerentur.
733 4501 998 4556 Praeterea
1026 4504 1069 4558 si
1098 4520 1283 4575 regum
1309 4509 1522 4577 cognati
1565 4523 1786 4580 propter

188 4600 354 4657 reges
404 4587 764 4653 honorantur,
805 4605 1040 4659 eumque
1092 4607 1283 4649 omnes
1335 4609 1463 4665 erga
1511 4613 1609 4652 nos
1653 4599 1784 4654 tales

185 4690 318 4732 esse
350 4677 538 4744 velint,
565 4679 754 4748 quales
782 4680 1015 4736 invicem
1049 4694 1416 4742 consentanea
1448 4698 1627 4744 mente
1667 4691 1785 4747 fuco

185 4767 386 4833 rimus,
421 4779 478 4824 et
501 4785 566 4825 eo
599 4775 758 4828 modo
784 4785 1075 4844 provectus
1104 4777 1327 4835 altmius
1356 4794 1423 4835 ex
1454 4781 1624 4838 altero
1650 4799 1776 4854 pen-

184 4858 362 4927 deat;
399 4862 490 4930 qui
538 4862 810 4921 fcliciores
856 4869 1013 4923 nobis
1063 4885 1185 4926 esse
1224 4879 1501 4940 poterunt,
1555 4875 1600 4930 si
1645 4877 1783 4930 alter

187 4957 484 5025 regnabit?
506 4959 643 5014 alter
673 4963 941 5031 regnanti,
966 4964 1233 5032 publicam
1265 4981 1395 5031 rem,
1423 4983 1522 5037 per
1552 4971 1784 5029 benevo-

183 5047 419 5102 lentiam
448 5065 602 5103 suam
639 5055 790 5121 quasi
821 5055 1138 5124 prmstabit?
1191 5059 1372 5125 Quare
1406 5063 1551 5118 eauti
1575 5065 1777 5126 simus:

181 5135 432 5191 alienum
451 5140 776 5211 propinquo,
795 5144 1063 5198 incertum
1085 5157 1238 5200 certo
1260 5161 1367 5200 non
1401 5150 1782 5221 praeferamus;

180 5241 263 5272 na
313 5229 574 5272 lmdiprna
602 5232 716 5272 ("ne
742 5233 846 5272 lum
890 5247 1062 5272 ηεηιιρ
1100 5251 1197 5272 nrn
1230 5235 1322 5272 In"
1378 5238 1599 5272 uulsis-1..
1655 5246 1784 5272 ..-ιτσ-

1813 4473 1864 4532 D

1893 1046 1969 1101 illi
2001 1047 2160 1103 sicuti
2213 1058 2444 1119 cognato
2485 1049 2825 1113 charissimo,
2872 1048 2919 1103 si
2967 1063 3091 1104 eum
3136 1063 3223 1103 res
3261 1064 3474 1104 sunnna

1891 1146 2134 1202 voearet,
2163 1152 2380 1192 omnem
2411 1137 2615 1209 regiam
2647 1137 2958 1193 fidelitatem
2987 1136 3255 1193 facturum
3285 1139 3476 1193 certis-

1893 1230 2030 1285 sime
2053 1231 2320 1299 promisit.
2348 1230 2492 1286 lnter
2512 1232 2627 1286 iure
2652 1233 2815 1286 verba
2829 1232 3000 1302 major
3021 1232 3209 1288 Clmuo
3229 1235 3475 1304 pluribus

1894 1321 2200 1375 videntibus
2229 1321 2503 1392 paululum
2536 1337 2593 1376 se
2620 1322 2916 1386 acelinans,
2950 1333 3235 1393 cognatum
3262 1324 3475 1380 oscula-

1895 1420 1983 1465 tus
2026 1421 2136 1475 cst;
2203 1427 2312 1483 quo
2376 1413 2560 1468 osculo
2635 1413 2869 1482 primmn
2919 1413 3308 1482 deprehensum
3360 1423 3471 1478 est,

1891 1511 2186 1572 utrumque
2227 1504 2439 1559 illorum
2471 1505 2628 1559 alteri
2673 1505 3029 1574 acquievisse.
3087 1504 3224 1560 llinc
3259 1515 3474 1574 sumpto

1885 1591 2092 1661 judicio
2109 1597 2434 1661 concordia),
2462 1597 2753 1653 consedere
2772 1597 3045 1668 principes
3070 1614 3082 1651 :
3110 1596 3338 1668 populus
3368 1595 3474 1651 frc-

1891 1687 2277 1754 quentissimus
2306 1688 2554 1744 adstabat
2577 1707 2590 1744 :

2000 1776 2150 1832 Tunc
2172 1780 2313 1850 quod
2335 1780 2564 1850 quisque
2590 1781 2678 1836 diu
2709 1780 2942 1837 velatum
2972 1783 3133 1838 corde
3168 1783 3400 1855 tegebat,

1999 1865 2166 1923 Ferre
2189 1869 2366 1939 palam
2396 1871 2604 1926 licitum
2643 1873 2910 1944 gaudebat
2940 1883 3152 1944 tempus
3181 1875 3391 1930 adesse.

1961 1957 2420 2030 Archiepiseopus
2446 1960 2854 2031 Moguntiensis,
2879 1962 3032 2032 cujus
3061 1965 3324 2018 sententia
3349 1974 3476 2020 ante

1891 2044 2028 2100 alios
2057 2048 2371 2117 accipienda
2423 2049 2545 2116 fuit,
2593 2063 2814 2121 rogatus
2841 2067 2869 2104 a
2898 2052 3092 2122 populo
3113 2054 3242 2122 quid
3267 2054 3368 2108 sibi
3394 2057 3477 2110 vi-

1891 2138 2130 2201 deretur,
2189 2138 2484 2194 abundanti
2533 2142 2717 2207 corde,
2751 2142 2911 2196 hilari
2962 2157 3094 2198 voce
3129 2142 3366 2199 laudavit
3416 2155 3475 2200 et

1889 2225 2051 2295 elegit
2083 2225 2304 2295 majoris
2333 2230 2508 2284 aetatis
2536 2229 2852 2286 Chunonem
2892 2248 3050 2287 suum
3101 2234 3152 2288 in
3196 2235 3472 2290 dominum

1889 2327 1946 2371 et
2002 2331 2202 2387 regem,
2240 2327 2404 2390 atque
2457 2332 2725 2377 rectorem
2779 2332 2833 2378 et
2878 2325 3217 2380 defensorem
3260 2328 3472 2396 patriae.

1891 2405 2043 2461 Hauc
2073 2409 2399 2464 sententiam
2431 2411 2614 2467 czeteri
2647 2414 3044 2485 archiepiscopi
3075 2424 3130 2471 et
3159 2416 3351 2487 reliqui
3381 2432 3471 2471 sa-

1888 2513 2108 2553 crurum
2179 2501 2432 2556 ordinum
2499 2504 2605 2558 viri
2663 2504 3032 2562 indubitanter
3084 2509 3469 2578 sequebantur.

1887 2586 2081 2642 Junior
2101 2588 2292 2644 Clmuo
2339 2592 2614 2661 paululum
2640 2609 2763 2650 eum
2805 2593 3151 2668 Lotbaringis
3180 2597 3471 2668 placitans,

1888 2678 2072 2732 statim
2109 2695 2366 2735 reversus
2397 2683 2637 2738 maxime
2661 2685 2842 2740 favore
2895 2685 3043 2741 illum
3100 2689 3168 2743 ad
3193 2688 3472 2744 dominum

1885 2781 1944 2826 et
1974 2787 2155 2843 regem
2184 2773 2372 2845 elegit;
2411 2791 2571 2846 quem
2594 2793 2690 2833 rex
2715 2793 2877 2834 manu
2906 2780 3312 2849 apprehendens
3342 2780 3472 2836 fecit

1889 2864 2038 2918 illum
2095 2867 2394 2922 consedere
2447 2869 2570 2924 sibi.
2623 2869 2775 2924 Tunc
2805 2871 2998 2941 singuli
3028 2872 3094 2926 de
3133 2872 3358 2942 singulis
3386 2887 3473 2927 re-

1887 2955 2010 3024 gnis
2038 2956 2227 3010 eadem
2267 2958 2433 3012 verba
2459 2958 2740 3016 electionis
2767 2962 3064 3031 saepissime
3108 2965 3421 3034 repetebant
3453 2981 3469 3018 :

1891 3044 1951 3098 fit
1979 3045 2186 3099 clamor
2213 3047 2426 3115 populi,
2465 3064 2656 3106 omnes
2701 3053 3034 3109 unanimiter
3080 3055 3132 3107 in
3177 3055 3317 3125 regis
3362 3054 3472 3111 ele-

1889 3134 2066 3188 ctione
2107 3136 2443 3205 principibus
2489 3143 2932 3208 consentiebant;
2971 3158 3161 3199 omnes
3209 3145 3470 3215 majorem

1887 3225 2205 3284 Cbunouem
2241 3230 2642 3298 desiderabant,
2678 3233 2729 3287 in
2753 3233 2844 3289 illo
2864 3234 3262 3303 persistebant:
3294 3236 3470 3306 ipsum

1889 3319 2100 3375 cunctis
2131 3321 2534 3379 dominantibus
2563 3323 2697 3378 nihil
2716 3325 3014 3380 haesitando
3029 3335 3469 3396 praeposuerunt,

1888 3412 2245 3482 eumdemque
2299 3416 2464 3486 regali
2517 3417 2773 3486 potentia:
2834 3418 3208 3488 dignissimum
3259 3418 3473 3489 judica-

1892 3507 2022 3559 bant
2050 3513 2142 3559 :et
2166 3515 2224 3560 ut
2261 3507 2407 3562 nulla
2451 3523 2604 3563 mora
2649 3509 3074 3564 consecrationis
3113 3510 3256 3565 illius
3295 3511 3467 3575 fieret,

1889 3597 2598 3672 postulabant,‘supradieta
2635 3600 2952 3670 imperatrix
2983 3600 3351 3672 Chunegunda
3380 3618 3470 3658 rc-

1888 3687 2027 3755 galia
2067 3688 2294 3758 insignia
2326 3705 2445 3760 qua:
2467 3691 2569 3747 sibi
2602 3692 2900 3762 imperator
2935 3691 3200 3748 Henricus
3229 3693 3469 3764 relique-

1888 3785 1973 3830 rat
1998 3787 2274 3848 gratanter
2295 3783 2423 3851 [non
2450 3781 2692 3854 gravate]
2723 3781 2938 3847 obtulit,
2961 3791 3016 3838 et
3042 3782 3107 3836 ad
3133 3785 3468 3854 regnandum

1889 3876 2155 3933 quantum
2199 3867 2358 3936 hujus
2385 3884 2548 3924 sexus
2575 3870 2916 3926 auctoritatis
2945 3879 3050 3936 est,
3083 3870 3232 3925 illum
3281 3886 3465 3927 corro-

1891 3959 2123 4014 boravit.
2187 3961 2361 4016 Credo
2409 3963 2626 4032 quidem
2686 3963 2814 4018 huic
2873 3963 3122 4018 clectioni
3167 3962 3468 4018 caelestium

1888 4052 2152 4106 virtutum
2182 4051 2420 4107 favorem
2465 4068 2570 4109 non
2600 4055 2810 4117 deesse,
2846 4068 2968 4108 cum
2999 4055 3144 4108 inter
3180 4054 3470 4127 singularis

1889 4146 2142 4214 potentia:
2178 4146 2323 4201 viros
2357 4155 2436 4202 tot
2484 4147 2668 4214 duces,
2701 4157 2756 4202 et
2787 4148 3130 4204 marchiones
3158 4149 3361 4220 absque
3389 4149 3471 4204 in-

1889 4242 2055 4305 vidia,
2108 4242 2226 4296 sine
2256 4242 2623 4297 controversia
2663 4243 2709 4296 is
2745 4242 3061 4311 eligeretur,
3102 4243 3192 4312 qui
3225 4243 3352 4298 licet
3379 4259 3472 4314 ge-

1889 4344 2020 4385 nere
2046 4335 2100 4384 et
2132 4329 2332 4385 virtute
2356 4339 2518 4399 atque
2565 4331 2620 4384 in
2648 4332 2882 4401 propriis
2912 4331 3068 4386 bouis
3092 4333 3306 4388 neruine
3325 4343 3475 4389 esset.

1891 4421 2145 4486 inferior,
2198 4430 2378 4476 tamen
2431 4422 2498 4476 de
2550 4423 2854 4491 republica,
2901 4423 2968 4476 ad
3009 4425 3468 4494 comparationem

1891 4512 2075 4567 talium
2101 4513 2340 4567 virorum
2377 4527 2566 4582 parum
2607 4512 2854 4567 beneficii
2877 4521 2931 4567 et
2955 4514 3237 4582 potestatis
3259 4514 3469 4575 habuit.

1885 4605 2205 4675 Quanquam
2254 4605 2691 4675 archiepisc0pns
2720 4605 3082 4671 (lolouiensis,
3112 4614 3166 4661 et
3209 4608 3314 4661 dux
3349 4608 3470 4662 Fri-

1885 4696 2103 4751 dericus
2161 4711 2286 4750 eum
2337 4695 2458 4751 aliis
2524 4697 2845 4767 quibusdam
2893 4697 3246 4767 Lutheringis
3311 4713 3477 4753 causa

1881 4787 2114 4858 junioris
2152 4787 2454 4854 Chunonis,
2484 4797 2545 4843 ut
2593 4787 2735 4842 fama
2785 4787 2908 4854 fuit,
2943 4790 3056 4846 imo
3097 4790 3255 4842 hoste
3303 4787 3478 4854 pacis,

1887 4881 2103 4937 diabolo
2132 4880 2440 4950 instigante,
2483 4880 2734 4950 impacati
2763 4881 3137 4942 discederent;
3168 4877 3258 4944 qui
3300 4883 3489 4936 tamen

1889 4976 2003 5032 cito
2041 4973 2267 5038 reversi,
2323 4972 2391 5026 ad
2443 4974 2672 5042 gratiam
2725 4971 2890 5042 regis,
2946 4980 3175 5043 propter
3219 4980 3314 5019 eos
3351 4981 3498 5035 quos

1890 5064 2197 5124 communis
2247 5063 2485 5120 conditio
2521 5065 2714 5119 mortis
2752 5064 3202 5136 praeoccupavit,
3230 5058 3511 5127 quidquid

1889 5157 2008 5230 ipse
2043 5160 2407 5226 praeceperat,
2457 5163 2738 5223 gratanter
2782 5153 3064 5222 accipere,
3119 5161 3171 5206 et
3225 5149 3516 5220 archiepi.

2127 5244 2170 5270 ἢ
2209 5242 2241 5270 ι.
2315 5241 2325 5252 .
2643 5244 2655 5255 ⁹
3042 5249 3054 5270 1
3123 5243 3134 5254 ⁸
3369 5237 3381 5249 ⁸
3464 5242 3478 5255 ο

2177 5258 2204 5270 ι-
2231 5256 2431 5270 sanguine!
2503 5259 2655 5270 ηιιηιιι
2710 5258 2807 5270 κιΑ
2852 5258 3010 5270 ηειδελ--
3030 5267 3035 5269 .
3062 5251 3252 5269 ρι-ΑιιΔ
3297 5251 3515 5268 hin-nu..-

1962 5262 2084 5272 -.ιι-Α
