4024 5370
542 335 683 392 1227

1785 317 2124 375 Wll‘PO'NlS
2167 315 2599 371 PRESBYTEBI

3681 306 3821 362 ωε

541 452 630 507 vir
657 459 866 516 magnae
900 438 1244 504 humilitatis,
1295 435 1557 507 providus
1602 431 1848 496 consilio,
1877 445 2039 484 verax
2080 430 2132 484 in
2163 433 2210 493 Α
2237 427 2684 500 gloriosissimum
2731 423 2785 479 iu
2833 422 3000 479 lsraet
3053 420 3216 476 fecit:
3249 420 3440 477 beatus
3487 425 3585 490 q'ui
3634 423 3826 475 sutiert

539 540 726 605 dictis,
751 545 1011 592 strenuus
1040 532 1094 587 in
1119 529 1298 594 lactis,
1329 529 1613 583 minimum
1643 539 1861 590 avarus,
1888 523 2129 579 omnium

537 648 732 706 regum
762 631 817 686 in
865 627 1043 684 dando
1081 623 1526 685 liberalissimus;
1571 621 1636 677 de
1687 619 1842 690 cujus
1892 618 2134 674 moribus

533 721 882 797 postmodum
911 716 1124 789 plenius
1149 716 1358 770 dixero.
1391 713 1524 768 lllud
1557 721 1768 767 tantum
1792 708 2020 783 [tamen]
2044 708 2134 762 hic

539 811 829 870 dicendum
852 817 958 872 est,
987 821 1110 877 qua:
1154 818 1494 874 nequaquam
1537 801 1713 872 potuit
1749 813 2032 854 remanere
2076 805 2136 850 ut

541 905 632 961 ille
666 917 772 958 non
803 900 956 955 fieret
979 897 1234 968 princeps
1269 903 1323 950 et
1368 893 1660 956 maximus,
1704 905 1826 945 cum
1873 889 2135 942 maxima-

540 1011 663 1066 ru_m
688 989 948 1048 v‘irtutum
977 988 1348 1060 vigorinerat.
1377 985 1512 1041 Cum
1554 986 1699 1040 enim
1743 983 2001 1052 scriptum
2043 980 2132 1044 sit,

543 1086 770 1159 gloriam
807 1081 1064 1154 praecedit
1095 1077 1398 1143 humilitas,
1438 1077 1632 1131 merito
1659 1073 1939 1145 praecessit
1974 1071 2137 1141 hujus

543 1176 726 1233 mundi
772 1173 1056 1246 gloriosos,
1106 1169 1194 1226 cui
1249 1169 1434 1236 regina
1493 1167 1755 1222 virtutum
1805 1163 2134 1219 adhaerebat.

540 1267 712 1339 Igitur
756 1279 861 1320 non
905 1271 1025 1320 erat
1072 1260 1156 1316 fas
1209 1259 1369 1314 alicui
1403 1259 1458 1313 in
1491 1266 1636 1312 terra
1685 1256 1941 1318 militare,
1972 1265 2134 1322 quem

544 1360 686 1415 Deus
711 1356 1051 1427 omnipotens
1072 1351 1476 1424 prtedestinavit
1495 1351 1746 1406 omnibus
1775 1350 2061 1418 imperare.

965 1461 1028 1501 DE
1067 1456 1333 1498 CONSECBA
1342 1457 1500 1496 TIONE
1541 1455 1712 1495 REGIS.

613 1537 840 1592 Peracta
866 1535 1132 1590 electione
1161 1547 1342 1602 regem
1381 1531 1533 1601 sequi
1571 1530 1927 1600 Moguntiam,
1955 1539 2016 1585 ut
2065 1530 2136 1585 ibi

541 1626 972 1684 saeratissimam
1014 1623 1321 1678 unctionem
1371 1622 1674 1690 acciperet,
1724 1635 1847 1674 cum
1892 1619 2139 1675 claritate

547 1718 783 1771 maxima
819 1728 1007 1769 omnes
1049 1712 1437 1782 properabant.
1471 1710 1625 1764 lbaut
1663 1710 1984 1780 gaudentes,
2031 1708 2140 1765 cle-

2235 520 2610 586 tentationem,
2673 516 2926 587 quoniam
2977 515 3066 570 hic
3116 515 3313 584 accipit
3367 527 3652 568 coronam.
3710 512 3826 569 Non

2235 613 2352 668 sine
2379 626 2542 668 causa
2575 619 2626 665 te
2660 610 2804 666 Deus
2832 608 3074 664 exercuit
3104 624 3119 672 ;
3145 607 3382 662 fructum
3412 617 3740 676 sequentem
3774 608 3825 662 in

2237 713 2288 759 te
2314 702 2686 768 dulcilicavit;
2739 700 2990 771 permisit
3037 699 3401 754 antecessoris
3454 698 3534 753 tui
3587 698 3827 768 impera-

2236 793 2369 848 toris
2396 793 2612 850 llenrici
2657 794 2887 864 gratiam
2939 791 3186 862 perdere,
3235 799 3290 844 et
3337 790 3590 844 eamdem
3632 789 3831 845 iterum

2237 885 2512 954 recipere;
2559 893 2618 938 ut
2666 884 2809 939 scias
2853 883 3012 938 modo
3050 882 3134 936 his
3167 881 3434 946 misereri,
3469 881 3562 950 qui
3597 883 3835 951 perdunt

2236 977 2467 1046 gratiam
2509 984 2699 1030 tuam:
2748 990 2940 1046 passus
2990 975 3334 1044 es‘injurias,
3378 985 3438 1029 ut
3487 990 3634 1030 nunc
3685 988 3832 1028 setas

2237 1065 2486 1121 misereri
2522 1064 2917 1120 sustinentibus
2947 1063 3175 1134 injurias
3206 1083 3218 1117 ε
3245 1064 3418 1135 pietas
3443 1064 3629 1119 divina
3663 1063 3834 1119 voluit

2239 1165 2292 1211 te
2317 1171 2438 1212 esse
2464 1157 2580 1212 sine
2603 1155 2911 1225 disciplina,
2948 1163 3009 1209 ut
3038 1164 3160 1225 post
3198 1155 3422 1210 cteleste
3453 1155 3831 1226 magisterium

2238 1247 2610 1303 Christianum
2637 1261 2863 1316 caperes
2895 1246 3203 1316 imperium.
3234 1246 3317 1300 Ad
3357 1261 3629 1300 summam
3657 1246 3835 1317 digni-

2242 1351 2408 1395 tatem
2466 1339 2798 1409 pervenisti,
2836 1337 3075 1392 vicarius
3119 1353 3178 1394 es
3226 1337 3452 1393 Christi.
3497 1336 3674 1394 Nemo
3729 1338 3833 1392 nisi

2241 1429 2381 1484 illius
2412 1429 2653 1484 imitator
2687 1443 2848 1483 verus
2879 1438 2962 1484 est
3007 1429 3347 1491 dominator;
3382 1437 3620 1499 oportet,
3673 1438 3738 1483 ut
3780 1429 3831 1483 in

2241 1527 2346 1582 hoc
2377 1526 2517 1582 solio
2562 1525 2711 1596 regni
2755 1525 2960 1596 cogites
2995 1525 3062 1580 de
3116 1525 3322 1582 honore
3357 1525 3606 1594 perenni.
3639 1525 3838 1596 Magna

2207 1664 2209 1666 .
2239 1615 2472 1675 felicitas
2504 1625 2589 1671 est
2634 1616 2686 1670 in
2720 1616 2923 1670 mundo
2953 1630 3202 1686 regnare,
3257 1615 3494 1668 maxima
3538 1624 3747 1669 autem.
3780 1616 3832 1669 in

2241 1708 2396 1763 cmlis
2424 1708 2781 1778 triumphare.
2815 1707 2949 1762 Cum
2997 1722 3128 1762 vero
3181 1706 3323 1762 Deus
3361 1721 3391 1762 a
3450 1716 3502 1762 te
3531 1707 3703 1761 multa
3750 1722 3835 1761 re-

549 1810 648 1865 rici
676 1807 1000 1878 psallebant,
1042 1805 1166 1860 laici
1210 1805 1500 1867 canebant,
1547 1804 1765 1872 utrique
1793 1817 1890 1858 suo
1933 1803 2128 1857 modo:
2163 1788 2206 1847 Β
2237 1801 2436 1872 quirat,
2470 1800 2572 1856 hoc
2619 1799 2960 1870 potissimum
3011 1798 3305 1865 desiderat,
3351 1807 3412 1853 ut
3459 1799 3632 1853 facias
3678 1798 3828 1867 judi-

551 1909 732 1956 tantas
764 1897 950 1953 laudes
1001 1897 1166 1951 Deum
1223 1895 1499 1964 accepisse
1544 1892 1613 1948 ab
1655 1892 1983 1953 hominibus,
2034 1907 2139 1946 una
2183 1940 2201 1964 ο

548 1981 640 2045 die
689 1989 741 2042 in
786 1987 903 2041 loco
932 1985 1165 2039 nondum
1202 1984 1624 2054 comperiebam.
1660 1981 1717 2038 Si
1766 1981 1997 2036 Carolus
2023 1997 2139 2036 ma-

547 2095 686 2150 gnus
716 2094 841 2134 cum
871 2085 1086 2145 sceptro
1121 2074 1272 2131 vivus
1297 2074 1533 2140 adesset,
1569 2089 1672 2128 non
1705 2073 1938 2128 alacrior
1971 2087 2141 2143 popu-

551 2170 638 2224 lus
667 2169 877 2232 luisset,
910 2182 1012 2222 nec
1064 2165 1185 2235 plus
1220 2167 1454 2236 gaudere
1502 2164 1709 2221 valeret
1737 2165 1806 2219 de
1849 2165 1981 2218 tanti
2036 2163 2140 2218 viri

553 2261 754 2325 reditu,
799 2274 956 2328 quam
1013 2258 1078 2312 de
1143 2257 1300 2311 istius
1342 2257 1483 2326 regis
1515 2256 1690 2324 primo
1721 2270 1967 2312 accessu.
2024 2255 2142 2311 Rex

548 2351 796 2422 pervenit
839 2348 1169 2419 Moguntiam
1218 2347 1338 2403 :ibi
1376 2349 1583 2403 honore
1634 2347 1817 2403 debito
1872 2356 2138 2418 receptus,

551 2442 1019 2499 consecrationem
1068 2457 1221 2496 suam
1271 2441 1524 2496 omnibus
1582 2440 1993 2496 desiderabilem
2047 2441 2146 2497 de-

548 2543 709 2589 votus
736 2532 1165 2602 praestolabatur.
1208 2531 1288 2586 Ad
1319 2547 1480 2601 quem
1515 2531 1938 2586 benedicendum
1969 2533 2021 2586 in
2054 2533 2142 2590 die

551 2621 865 2677 Nativitatis
901 2630 1106 2677 sanctae
1131 2620 1330 2683 Mariae,
1367 2635 1490 2675 cum
1533 2621 1976 2691 archiepiscopus
2026 2622 2141 2677 Mo-

551 2711 858 2782 gunliensis
886 2719 943 2766 et
990 2711 1170 2766 omnis
1203 2709 1383 2765 clerus
1411 2709 1727 2765 solemniter
1766 2724 1825 2766 se
1873 2726 2144 2781 praepara-

551 2810 694 2868 rent,
755 2803 898 2858 inter
954 2815 1109 2857 sacra
1157 2799 1330 2857 cilicia
1376 2800 1539 2871 regite
1566 2801 1837 2857 unctionis
1875 2802 2144 2872 archiepi-

551 2907 748 2961 scopus
773 2893 874 2947 hoc
926 2892 996 2946 ad
1047 2905 1228 2961 regem
1257 2906 1387 2946 usus
1420 2900 1504 2946 est
1543 2905 1794 2946 sermone
1848 2908 1862 2944 :
1907 2909 1925 2944 ι
1955 2890 2145 2948 Omnis

551 2990 798 3051 potestas
847 2981 1114 3036 ﬂuitantis
1166 2982 1346 3037 smeuli
1397 2982 1464 3037 de
1501 2997 1609 3037 uno
1661 2981 1810 3038 fonte
1852 2983 2144 3053 purissime

553 3072 852 3126 derivatur.
886 3071 1035 3126 Solet
1077 3080 1256 3127 autem
1285 3073 1556 3137 accidere,
1590 3083 1646 3128 ut
1673 3088 1798 3129 cum
1839 3074 2020 3142 plures
2075 3076 2145 3129 ri-

544 3162 664 3216 ‘vuli
724 3164 791 3217 de
847 3163 1035 3218 eodem
1082 3163 1349 3233 principio
1395 3164 1713 3230 procedant,
1754 3163 1859 3220 alio
1901 3174 2143 3235 tempore

551 3254 668 3308 sint
710 3253 934 3317 turbidi,
982 3253 1090 3308 alio
1139 3253 1327 3320 lucidi,
1374 3253 1524 3310 fonte
1560 3255 1777 3325 capitali
1824 3256 1877 3309 in
1909 3259 2144 3326 puritate

557 3360 656 3400 sua
703 3353 1090 3414 permanente;
1149 3346 1340 3401 eodem
1387 3345 1548 3401 modo
1596 3355 1860 3415 quantum
1909 3348 2145 3402 humana

553 3435 797 3490 conditio
817 3445 1123 3491 creatorem
1173 3443 1227 3489 et
1256 3444 1564 3491 creaturam
1610 3437 1754 3492 inter
1789 3451 1848 3492 se
1895 3436 2146 3495 conferre

560 3527 746 3593 audet,
779 3527 846 3582 dc
894 3527 1004 3581 Deo
1040 3541 1164 3597 rege
1215 3526 1506 3582 immortali
1557 3534 1612 3583 et
1647 3527 1878 3582 terrenis
1930 3529 2145 3600 regibus

562 3621 838 3690 conjicere
869 3619 1129 3674 volemus.
1162 3617 1436 3690 Scriptum
1470 3627 1554 3675 est
1573 3620 1718 3674 enim
1745 3637 1758 3674 :
1784 3619 1971 3677 Omnis
1997 3629 2147 3691 pote-

557 3721 671 3768 stas
701 3727 731 3765 a
757 3712 867 3766 Deo
891 3721 996 3764 est.
1026 3709 1082 3778 is.
1105 3711 1449 3780 omnipotens
1481 3725 1577 3766 rex
1622 3726 1831 3782 regum,
1869 3711 2031 3767 totius
2057 3711 2148 3767 ho-

557 3803 709 3859 noris
759 3811 950 3857 auctor
997 3810 1052 3857 et
1104 3801 1455 3872 principium,
1501 3804 1718 3872 quando
1770 3805 1822 3858 in
1873 3804 2147 3874 principes

549 3905 722 3952 terra:
750 3894 976 3964 alicujus
1004 3895 1283 3966 dignitatis
1323 3895 1552 3966 gratiam
1593 3895 1941 3960 transfundit,
1972 3912 2145 3966 quan-

564 3997 676 4041 tum
726 3986 794 4041 ad
840 3995 1088 4040 naturam
1149 3985 1402 4055 principii
1449 4003 1586 4058 pura
1659 3996 1714 4042 et
1762 3986 1982 4042 munda.
2010 3989 2145 4044 Cum

543 4089 744 4135 autem
768 4080 1078 4150 perveniret
1117 4080 1183 4134 ad
1213 4095 1309 4135 eos
1360 4080 1451 4149 qui
1491 4081 1629 4134 hanc
1663 4081 1978 4151 dignitatem
2012 4081 2150 4136 iudi-

561 4186 667 4240 gne
715 4179 1105 4235 tractaverunt,
1153 4180 1208 4227 et
1248 4187 1370 4227 eam
1431 4188 1553 4226 cum
1601 4171 1876 4242 superbia,
1923 4173 2146 4238 invidia,

561 4262 810 4328 libidine,
838 4263 1090 4327 avaritia,
1125 4263 1224 4326 ira,
1278 4262 1644 4331 impatientia,
1674 4262 1992 4318 crudelitate
2034 4263 2149 4334 pol-

561 4351 782 4418 iuerint,
813 4351 915 4406 sibi
945 4361 998 4406 ct
1032 4352 1284 4406 omnibus
1306 4350 1583 4420 subjectis,
1615 4350 1718 4406 nisi
1748 4352 2060 4420 paenitendo
2089 4368 2148 4408 se

556 4443 938 4512 purgaverint,
979 4441 1337 4511 periculosum
1389 4451 1575 4512 potum
1616 4441 1918 4512 iniquitatis
1969 4444 2140 4514 propi-

564 4530 794 4584 nabunt.
824 4531 956 4586 Oret
1001 4539 1055 4585 et
1085 4531 1384 4585 intercedat
1413 4530 1482 4584 ad
1522 4531 1810 4585 Dominum
1839 4532 2017 4586 omnis
2047 4532 2148 4588 Ec-

550 4621 734 4678 clesia
764 4631 1096 4686 sanctorum,
1126 4631 1184 4676 ut
1213 4621 1474 4691 dignitas,
1525 4637 1646 4691 quae
1673 4621 1832 4676 hodie
1877 4637 2010 4693 pura
2045 4622 2150 4678 Do-

565 4713 716 4768 mino
749 4720 804 4767 et
851 4711 960 4783 regi
998 4721 1184 4766 nostro
1226 4713 1476 4769 Conrado
1498 4713 1755 4781 praesenti
1809 4730 1839 4768 a
1869 4714 1980 4771 Deo
2009 4730 2148 4784 pra:-

553 4813 768 4866 statur,
796 4801 1053 4856 inviolata
1090 4811 1354 4872 quantum
1399 4785 1636 4858 hominis
1664 4811 1746 4858 est
1777 4804 1845 4858 ab
1875 4819 1940 4859 eo
1968 4819 2151 4861 serve—

567 4905 676 4950 tur.
711 4893 914 4950 Tecum
967 4903 1022 4948 et
1053 4904 1275 4964 propter
1308 4903 1359 4948 te
1387 4895 1544 4950 nobis
1587 4903 1672 4950 est
1700 4911 1901 4962 sermo,
1935 4896 2150 4954 domine

565 5001 697 5051 rex;
732 4983 997 5040 Dominus
1021 4985 1112 5054 qui
1154 4993 1207 5040 te
1233 4983 1398 5056 elegit
1425 4995 1482 5038 ut
1511 4999 1663 5042 esses
1709 5001 1804 5040 rex
1850 5001 2012 5055 super
2057 5001 2150 5058 po-

558 5076 757 5144 =pulum
789 5091 969 5140 suum,
1002 5076 1114 5144 ipse
1142 5084 1193 5130 te
1235 5075 1386 5144 prius
1426 5075 1596 5130 volui:
1619 5075 1871 5144 probare,
1903 5085 1958 5130 et
2004 5085 2148 5144 pessi-

2241 1893 2386 1948 cium
2413 1899 2468 1946 et
2495 1891 2764 1962 justitiam
2797 1907 2862 1947 ac
2887 1906 3074 1961 parem
3100 1891 3310 1960 patriae,
3340 1905 3459 1961 qua:
3484 1905 3710 1960 semper
3749 1905 3832 1946 re-

2242 1982 2403 2053 spicit
2434 1983 2501 2037 ad
2533 1991 2584 2037 te
2618 2001 2630 2036 :
2674 1990 2736 2036 ttt
2771 1984 2848 2037 sis
2883 1982 3134 2038 defensor
3171 1981 3538 2038 Ecelesiarum
3573 1990 3634 2037 et
3672 1981 3834 2038 cleri-

2242 2089 2452 2139 corum,
2482 2083 2629 2128 tutor
2653 2073 2942 2129 viduarum
2984 2083 3040 2128 et
3064 2075 3436 2145 orphanorum
3467 2093 3480 2128 :
3515 2090 3644 2130 cum
3672 2076 3761 2130 his
3785 2084 3839 2130 et

2243 2164 2363 2220 aliis
2388 2164 2546 2220 bonis
2573 2164 2880 2220 lirmabitur
2911 2165 3138 2220 thronus
3184 2173 3307 2219 tuus
3334 2165 3422 2219 hic
3463 2175 3521 2220 et
3561 2167 3615 2219 in
3647 2180 3839 2236 perpe-

2247 2264 2418 2309 tuum.
2447 2254 2516 2310 Et
2553 2270 2731 2320 nunc,
2762 2255 2976 2310 domine
3009 2269 3134 2320 rex,
3165 2255 3345 2310 omnis
3378 2265 3567 2311 sancta
3598 2255 3836 2311 Ecclesia

2245 2346 2524 2402 nobiscum
2575 2354 2728 2418 rogat
2757 2346 2987 2416 gratiam
3021 2355 3168 2403 tuam
3193 2362 3289 2417 pro
3316 2347 3398 2403 his
3425 2347 3520 2418 qui
3562 2359 3760 2404 contra
3790 2360 3839 2405 te

2245 2441 2510 2496 hactenus
2541 2439 2906 2510 deliquerunt,
2961 2449 3017 2494 et
3069 2438 3364 2494 oll‘ensione
3391 2440 3574 2510 aliqua
3605 2443 3837 2512 gratiam

2245 2539 2394 2584 tuam
2441 2529 2810 2599 perdiderunt.
2847 2528 2926 2583 Ex
2967 2529 3162 2599 quibus
3189 2535 3276 2583 est
3303 2544 3464 2593 unus,
3496 2527 3630 2584 Otto
3662 2529 3837 2584 nomi-

2245 2637 2334 2687 ne,
2359 2622 2444 2676 vir
2465 2621 2662 2676 nobilis
2689 2620 2783 2690 qui
2812 2629 2865 2675 te
2885 2619 3215 2683 offendebat,
3256 2635 3357 2691 pro
3397 2620 3489 2676 illo
3524 2631 3583 2677 et
3617 2621 3839 2691 reliqis

2244 2715 2500 2771 omnibus
2519 2714 2863 2770 clementiam
2896 2724 3044 2769 tuam
3081 2729 3323 2780 oramus,
3357 2723 3417 2769 ut
3447 2715 3556 2770 illis
3597 2715 3841 2771 dimittas

2247 2823 2344 2878 pro
2375 2806 2642 2861 charitate
2696 2805 2811 2872 Dei,
2847 2806 2938 2876 qui
2989 2813 3044 2860 te
3072 2805 3231 2860 hodie
3265 2805 3319 2858 in
3375 2805 3557 2858 virum
3604 2804 3840 2860 alterum

2247 2897 2496 2962 latitavit,
2528 2904 2585 2951 et
2633 2895 2871 2950 numinis
2913 2895 2997 2949 sui
3028 2895 3344 2965 participem
3373 2893 3539 2959 fecit;
3570 2904 3840 2964 quatenus

2248 2988 2366 3057 ipse
2403 2986 2502 3042 tibi
2551 2987 2798 3041 eamdem
2847 2986 3019 3041 vicem
3054 2999 3153 3056 pro
3181 2985 3450 3040 universis
3486 2985 3712 3041 delictis
3741 2986 3843 3041 tuis

2249 3080 2508 3152 dignetur
2525 3078 2843 3150 rependere.
2873 3099 2891 3132 ι
2920 3078 2975 3133 In
3007 3080 3109 3135 hoc
3129 3094 3382 3135 sermone
3403 3095 3498 3134 rex
3529 3081 3841 3136 misericor-

2171 3130 2216 3191 ε
2249 3130 2615 3234 am;
2630 3130 2894 3238 a.'.‘.1;.'..'....
2920 3130 3417 3240 ';.".'..‘.;.;".;.;;.;.'
3437 3130 3838 3241 3.5.3.3....

2249 3261 2503 3316 elluebat
2527 3261 2577 3314 in
2607 3259 2880 3331 lacrymis.
2907 3260 3129 3326 Deinde,
3159 3263 3299 3317 sicut
3318 3262 3564 3331 episcopi
3591 3271 3652 3317 et
3678 3261 3841 3318 duces

2252 3367 2376 3407 cum
2439 3351 2698 3406 universo
2746 3352 2943 3422 populo
3000 3352 3332 3424 ﬂagitabant,
3382 3355 3650 3408 omnibus
3699 3355 3842 3424 quod

2251 3442 2514 3498 adversus
2605 3440 2757 3494 illum
2805 3441 3177 3511 deliquerant,
3225 3442 3449 3497 dimisit.
3498 3441 3618 3497 Hoc
3665 3443 3842 3498 omnis

2249 3531 2480 3604 populus
2499 3539 2777 3604 gratanter
2801 3533 3147 3601 suscipiebat.
3173 3530 3376 3588 Omnes
3400 3530 3695 3588 manifesta
3727 3533 3843 3603 pie-

2254 3635 2362 3680 tate
2383 3625 2525 3695 regis
2549 3639 2659 3694 pra:
2679 3624 2874 3692 gaudio
2899 3625 3182 3694 plorabant
3204 3641 3219 3678 :

2323 3716 2553 3770 Ferreus
2582 3724 2729 3770 esset
2759 3717 2938 3777 homo,
2968 3716 3059 3784 qui
3101 3716 3357 3785 plangere
3396 3730 3502 3770 non
3536 3716 3836 3784 potuisset,

2323 3805 2476 3873 Quod
2506 3814 2684 3860 tantas
2711 3803 2896 3876 culpas
2937 3804 3136 3876 ignovit
3173 3814 3323 3858 tanta
3360 3815 3624 3873 potestas.

2257 3896 2322 3950 Et
2359 3911 2668 3965 quanquam
2725 3897 3004 3951 vindicare
3046 3905 3230 3966 posset
3275 3911 3403 3952 suas
3457 3897 3693 3967 injurias
3720 3938 3736 3962 ,
3793 3898 3839 3952 si

2256 4004 2529 4058 nunquam
2561 4003 2654 4042 rex
2687 3988 2857 4053 ﬁeret,
2891 3997 3070 4044 tamen
3103 4005 3199 4058 pro
3225 3989 3370 4043 nulla
3404 3997 3571 4044 tanta:
3600 3999 3840 4060 potesta-

2258 4078 2327 4131 tis
2358 4078 2552 4131 iiducia
2580 4077 2648 4132 ad
2679 4077 3045 4132 ulciscendum
3075 4077 3276 4148 aliquid
3306 4078 3646 4133 reservabat.
3686 4079 3842 4134 Pera-

2255 4171 2359 4224 ctis
2393 4169 2776 4224 decentissime
2804 4169 2999 4223 divinis
3024 4168 3236 4237 ciliciis,
3265 4178 3320 4223 et
3349 4169 3513 4239 regali
3543 4185 3839 4225 consecra-

2259 4263 2423 4327 tione,
2457 4275 2550 4318 rex
2594 4259 2880 4330 processit,
2915 4269 2971 4315 et
3014 4261 3155 4316 sicut
3197 4261 3264 4315 de
3293 4261 3423 4315 Saul
3468 4277 3596 4332 rege
3623 4261 3838 4333 legitur,

2255 4353 2410 4420 quasi
2445 4353 2513 4407 ab
2541 4352 2768 4407 humero
2799 4367 3014 4407 sursum
3045 4352 3254 4408 cunctis
3283 4352 3442 4406 altior
3473 4353 3610 4417 ibat,
3645 4362 3703 4407 et
3733 4352 3842 4406 vel-

2257 4447 2332 4501 uti
2372 4447 2424 4500 in
2463 4445 2751 4516 quamdam
2809 4443 3180 4499 habitudinem
3231 4455 3388 4499 antea
3439 4458 3550 4499 non
3583 4445 3762 4498 visam
3791 4445 3840 4499 in

2257 4538 2349 4592 illo
2402 4534 2858 4601 transformatus,
2923 4549 3047 4589 cum
3109 4549 3265 4589 sacro
3313 4534 3618 4594 comitatu.
3677 4534 3840 4589 alacri

2256 4631 2430 4695 vultu,
2463 4630 2692 4684 honesto
2720 4629 2934 4683 incessu
2969 4627 3036 4682 ad
3065 4626 3372 4682 cubiculum
3403 4627 3588 4682 rediit.
3620 4626 3754 4683 Inde
3777 4627 3839 4679 ad

2257 4739 2497 4780 mensam
2542 4723 2705 4794 regali
2739 4732 2998 4792 apparatu
3027 4731 3296 4792 receptus,
3331 4735 3450 4777 eam
3502 4722 3650 4776 diem
3687 4721 3842 4792 regis

2255 4812 2452 4884 speciei
2484 4812 2825 4881 primitivano
2848 4809 3236 4866 olliciosissime
3265 4810 3625 4879 consumpsit.

2476 4920 2542 4959 DE
2574 4917 2935 4958 DISPOSITIONE
2961 4917 3175 4957 CURIALI
3205 4917 3275 4957 ΕΤ
3298 4917 3364 4956 DE
3393 4917 3612 4957 REGINA.

2329 4995 2406 5050 De
2439 4994 2698 5048 ﬁdelitate
2723 4992 2864 5048 facta
2902 4992 3012 5062 regi
3049 4994 3230 5048 minus
3258 4992 3631 5047 necessarium
3664 4993 3842 5049 dicere

2256 5095 2428 5144 nuto.
2471 5083 2739 5144 frequenti
2790 5096 2887 5137 usu
2931 5090 3103 5143 teste,
3153 5083 3296 5144 quod
3340 5096 3532 5137 omnes
3577 5083 3838 5144 episcopi.
