4024 5370
1447 301 1606 358 ἮΤΔ
1643 300 1941 359 CONRADI
1977 300 2057 358 SA
2065 301 2211 360 ωσι.

3366 301 3387 356 l
3397 301 3504 358 230

239 431 320 479 est
341 415 801 490 supersedendum
825 429 948 472 cum
974 413 1105 470 illud
1130 409 1370 470 breviter
1393 411 1576 468 dicere
1600 411 1824 483 possim,
1855 421 1900 478 Α
1930 418 1990 466 ut
2020 411 2232 476 dicitis,
2264 409 2629 467 festinandum
2673 419 2777 476 est,
2811 417 2962 468 tanto
3002 410 3216 469 cautius
3258 411 3312 468 in
3342 429 3508 484 opere

239 513 378 585 quod
411 511 611 567 nullius
659 509 1027 565 antecesseris
1061 507 1144 562 sui
1184 505 1492 562 ministeria
1539 506 1720 575 aptius
1764 514 1822 560 et

242 602 691 660 honoriﬁcentius
735 601 949 671 provisa
995 599 1218 654 memini
1256 599 1342 653 vel
1373 598 1498 669 legi.
1551 598 1630 652 Ad
1657 613 1821 670 quam

242 712 354 751 rem
387 694 679 765 plurimum
710 691 878 746 voluit
907 690 1179 762 ingenium
1203 690 1561 759 Augustensis
1584 689 1823 760 episcopi

243 786 510 841 Brunonis
536 794 592 838 et
625 783 917 838 Wernheri
953 781 1362 852 Argentinensis
1383 780 1619 851 episcopi
1649 780 1826 836 consi-

242 877 392 932 lium.
425 876 515 931 Sic
541 877 706 930 etiam
750 873 1083 930 Werniharii
1112 873 1322 939 militis,
1356 888 1517 942 quem
1547 888 1640 926 rex
1669 872 1826 944 longe

241 984 366 1028 ante
391 979 610 1028 cautum
647 970 923 1033 consiliis,
972 970 1233 1024 audacem
1285 968 1462 1035 bellis,
1513 969 1827 1040 frequenter

242 1074 428 1117 secum
457 1058 860 1129 experiebatur,
894 1059 1156 1129 superbos
1204 1073 1393 1113 omnes
1433 1058 1628 1113 dilecta
1682 1059 1828 1129 regis

243 1149 436 1220 conjux
473 1147 652 1204 Gisela
685 1149 969 1218 prudentia
1005 1157 1060 1202 ct
1088 1148 1314 1203 consilio
1342 1148 1530 1218 viguit.
1559 1148 1644 1204 cui
1677 1158 1830 1218 pater

242 1252 358 1299 erat
374 1241 698 1296 llerinianus
713 1241 818 1295 dux
840 1240 1204 1306 Alemanniae;
1224 1250 1398 1296 mater
1418 1240 1826 1312 ejusKerbirga,

250 1332 357 1387 ﬁlia
379 1330 613 1386 Conradi
642 1331 786 1400 regis
816 1331 881 1385 de
905 1317 1211 1396 Burgundia
1241 1327 1362 1394 fuit,
1393 1327 1546 1399 cujus
1578 1340 1831 1398 parentes

242 1425 311 1480 dc
337 1423 513 1478 Caroli
561 1422 737 1492 Magni
767 1423 934 1492 stirpe
966 1431 1385 1492 processerant;
1431 1420 1572 1475 unde
1609 1421 1828 1490 quidam

244 1517 312 1572 de
339 1516 541 1571 nostris
567 1517 619 1569 in
653 1515 850 1578 libello,
875 1530 1037 1586 quem
1059 1513 1408 1586 Tetralogum
1437 1515 1754 1576 nominavit,
1776 1523 1832 1568 et

242 1615 427 1680 postea
462 1607 570 1678 regi
613 1605 844 1662 Henrico
889 1607 1070 1670 tertio,
1101 1621 1224 1661 cum
1256 1606 1488 1660 natalem
1535 1605 1746 1660 Domini
1777 1606 1830 1660 in

242 1699 534 1770 Argentina
589 1699 814 1752 civitate
883 1697 1190 1754 celebraret
1250 1697 1639 1766 prmsentavit,
1689 1697 1830 1752 inter

244 1787 403 1852 alios,
433 1789 568 1842 duos
595 1801 786 1842 versus
817 1786 986 1842 edidit
1011 1786 1114 1842 hoc
1144 1787 1304 1840 modo
1333 1804 1346 1838 :

364 1895 568 1956 Quando
588 1902 692 1958 post
707 1895 944 1945 decimam
970 1903 1256 1958 numeratur
1278 1895 1406 1958 linea
1426 1901 1598 1957 quarta

365 1959 442 2008 De
462 1955 634 2010 Carolo
659 1959 832 2019 Magno
856 1958 1075 2019 procedit
1099 1955 1261 2008 Gisela
1288 1955 1506 2019 prudens
1530 1970 1545 2004 :

314 2054 446 2111 Cum
472 2066 634 2111 tanta:
656 2057 952 2112 nobilitatis
969 2066 1113 2113 esset
1129 2068 1184 2112 et
1204 2042 1393 2112 formre
1413 2057 1837 2134 decentissime,

244 2145 480 2201 minimae
506 2147 830 2201 extollentia:
863 2147 981 2210 fuit,
1012 2148 1062 2200 in
1095 2147 1187 2201 Dei
1221 2147 1446 2201 servitio
1477 2149 1751 2215 timorata,
1783 2153 1839 2207 in

247 2237 586 2292 orationibus
611 2246 668 2292 et
689 2239 1046 2310 eleemosynis
1071 2238 1315 2304 assidua,
1346 2248 1402 2293 et
1427 2239 1531 2295 hoc
1580 2249 1638 2294 ut
1658 2257 1840 2299 secre-

247 2327 356 2382 llus
385 2329 587 2397 potuit,
625 2329 913 2384 attendens
956 2328 1085 2383 illud
1129 2329 1544 2402 Evangelicum,
1584 2328 1837 2398 nejusti-

247 2418 380 2473 tiam
405 2433 556 2474 suam
581 2419 784 2475 faceret
810 2435 994 2475 coram
1023 2421 1356 2476 hominibus.
1379 2421 1512 2475 Erat
1536 2421 1678 2476 enim
1705 2421 1839 2477 libe-

247 2507 382 2564 ralis
432 2509 659 2580 ingenii,
711 2509 937 2566 illustris
970 2510 1224 2576 solertiae,
1274 2510 1432 2566 avida
1475 2511 1680 2581 gloria),
1729 2525 1836 2565 non

246 2598 456 2665 laudis;
494 2600 714 2670 pudoris
743 2615 950 2665 amans,
995 2600 1213 2656 feminei
1237 2601 1438 2658 laboris
1474 2601 1713 2671 patiens,
1746 2601 1834 2655 in-

247 2706 466 2748 cassum
490 2693 710 2748 minime
734 2692 976 2762 profusa,
1001 2693 1055 2748 in
1078 2695 1241 2750 rebus
1262 2695 1504 2750 honestis
1530 2705 1587 2751 et
1614 2695 1838 2752 utilibus

250 2783 464 2838 abunde
511 2783 681 2856 larga,
713 2785 867 2840 dives
907 2785 961 2840 in
1006 2786 1220 2856 prazdiis
1246 2825 1262 2850 ,
1309 2801 1550 2840 summos
1599 2785 1836 2841 honores

250 2877 387 2932 bene
414 2887 648 2932 tractare
673 2878 864 2948 perita.
904 2877 1029 2932 Haec
1049 2877 1408 2947 quorumdam
1441 2876 1718 2930 hominum
1748 2876 1834 2930 in-

250 2970 390 3025 vidia
420 2986 540 3038 qua:
569 2985 710 3039 smpe
749 2969 816 3023 ab
847 2969 1194 3024 inferioribus
1235 2968 1460 3039 fumigat
1489 2968 1556 3023 ad
1588 2969 1835 3038 superio-

252 3075 359 3126 res,
389 3076 488 3130 per
527 3060 732 3130 aliquot
762 3061 876 3115 dies
907 3077 936 3115 a
977 3063 1386 3116 consecratione
1415 3060 1830 3130 impediebatur.

1925 500 2019 556 Dei
2049 517 2269 573 gressus
2296 517 2448 558 meos
2472 501 2724 558 convenit
2753 501 2884 557 mihi
2911 500 3167 558 ﬁrmare:
3195 516 3400 574 quanto
3421 523 3509 562 me

1923 593 2110 647 ardua:
2139 593 2388 664 dignitati
2411 608 2682 666 cognosco
2709 593 3096 664 propinquare.
3136 592 3263 650 Haec
3297 595 3506 661 dicens,

1925 682 1978 736 in
2003 684 2194 738 eadem
2222 684 2458 740 statione
2481 695 2742 750 moratus,
2773 686 2864 740 ubi
2891 686 3127 756 primum
3154 698 3508 744 occurrerant

1926 772 2000 827 illi
2038 774 2361 839 calamitosi,
2389 775 2640 846 passibus
2691 776 2928 832 immotis
2972 777 3147 848 legem
3190 779 3510 849 praefecerat

1927 863 2050 918 iliis.
2099 864 2237 920 llinc
2285 865 2560 936 paululum
2609 865 2948 938 procedens,
2995 869 3144 924 venit
3194 880 3324 924 ante
3357 870 3508 926 illum

1927 955 2170 1025 quidam,
2201 955 2386 1013 dicens
2405 972 2464 1013 se
2491 959 2773 1028 expulsum
2795 973 2916 1015 esse
2941 960 3116 1030 patria
3143 961 3365 1017 omnino
3393 963 3512 1018 sine

1929 1046 2107 1116 culpa.
2168 1046 2339 1115 Quem
2401 1063 2499 1104 rex
2553 1064 2651 1120 per
2705 1050 2991 1105 brachium
3055 1051 3509 1122 apprehendens,

1929 1153 2093 1208 super
2119 1151 2311 1194 omnes
2334 1139 2747 1196 circumstantes
2770 1141 2996 1196 attraxit
3027 1157 3198 1212 usque
3221 1143 3288 1198 ad
3318 1143 3512 1200 solium

1930 1244 2109 1292 suum,
2141 1229 2322 1299 ibique
2351 1245 2569 1285 causam
2601 1231 2784 1286 miseri
2817 1231 3032 1287 cuidam
3059 1233 3361 1305 principum
3388 1251 3517 1290 suo.

1932 1340 2052 1379 rum
2084 1325 2372 1396 diligenter
2391 1327 2813 1382 commendavit.
2835 1327 2987 1384 Felix
3008 1328 3220 1383 initium
3251 1330 3514 1398 regnandi

1932 1418 2176 1473 cernitur
2201 1432 2344 1483 esse,
2375 1419 2465 1473 ubi
2511 1418 2631 1489 plus
2672 1418 2960 1474 festinatur
2997 1420 3062 1473 ad
3104 1419 3405 1476 faciendam
3437 1421 3516 1478 le-

1933 1525 2076 1580 gem,
2117 1510 2262 1580 quod
2313 1509 2382 1564 ad
2427 1509 2852 1565 benedicendum
2899 1525 3100 1580 regem.
3138 1511 3516 1568 Abundantius

1933 1609 2053 1655 erat
2081 1600 2133 1654 in
2165 1613 2292 1671 rege
2322 1599 2559 1655 studium
2598 1600 2964 1655 miserationis
3001 1616 3162 1672 quam
3191 1602 3516 1658 desiderium
3591 1639 3596 1645 -

1934 1689 2358 1746 consecrationis
2404 1707 2418 1742 :
2465 1704 2564 1760 per
2629 1690 2877 1745 semitam
2934 1689 3161 1757 justitiae
3210 1691 3518 1758 incedebat,

1860 1768 1908 1828 B
1939 1781 2156 1852 quando
2208 1780 2417 1850 regium
2468 1781 2728 1836 honorem
2783 1782 3021 1852 petebat.
3067 1781 3291 1839 Poterat
3335 1785 3522 1840 dicere

1939 1887 2062 1927 cum
2089 1871 2376 1926 Psalmista
2409 1885 2422 1924 :
2455 1868 2558 1926 Pes
2589 1887 2730 1926 meus
2755 1873 2894 1926 stetit
2924 1873 2980 1926 in
3007 1874 3089 1928 uia
3122 1886 3282 1928 recta.
3308 1873 3522 1930 Firma-

1938 1966 2020 2021 vit
2056 1980 2114 2022 se
2151 1980 2248 2036 per
2281 1965 2467 2036 gratiae
2518 1965 2718 2020 bonum
2766 1966 3079 2035 priusquam
3131 1969 3523 2024 conscenderet

1931 2053 2244 2125 judicialem
2299 2056 2573 2110 thronum.
2633 2055 2880 2110 Timebat
2930 2057 3255 2128 praecipitari
3308 2059 3354 2114 si
3412 2073 3522 2114 non

1938 2155 2085 2201 esset
2111 2159 2284 2215 equus
2311 2145 2367 2200 in
2413 2145 2698 2201 altitudine
2743 2147 2927 2217 regali.
2978 2147 3125 2204 Satis
3161 2158 3281 2204 erat
3332 2149 3523 2206 lauda-

1937 2236 2048 2294 bile
2098 2237 2239 2292 inter
2283 2251 2421 2292 nova
2467 2238 2683 2308 gaudia,
2718 2237 2861 2293 inter
2887 2239 3142 2296 deliciosa
3181 2241 3326 2314 regis
3362 2243 3522 2298 mini-

1938 2330 2130 2395 steria,
2156 2337 2236 2386 tot
2259 2344 2558 2402 pauperum
2582 2329 2846 2386 clamores
2871 2333 3078 2399 audire,
3102 2343 3156 2388 et
3182 2348 3370 2389 eorum
3393 2349 3523 2390 cau-

1937 2433 2027 2475 sas
2057 2419 2231 2476 ﬁnire.
2547 2433 2550 2436 '
3108 2439 3115 2444 -

2011 2509 2191 2565 Noluit
2221 2509 2516 2581 negligere,
2548 2511 2692 2582 quod
2721 2511 2830 2568 cito
2860 2513 3034 2584 potuit
3065 2527 3288 2584 regere;
3343 2515 3526 2571 renuit

1933 2602 2199 2675 justitiam
2252 2603 2528 2669 dilatare,
2586 2604 2845 2674 quoniam
2913 2605 3043 2660 illud
3109 2615 3228 2661 erat
3275 2621 3522 2679 regnare.

1938 2695 2156 2750 Distulit
2194 2710 2346 2750 suam
2396 2695 2826 2751 benedictionem
2873 2706 3096 2766 propter
3124 2697 3330 2769 regium
3359 2699 3526 2753 hono-

1939 2800 2056 2841 rem
2082 2827 2097 2852 ,
2149 2787 2410 2856 scriptum
2461 2795 2547 2843 est
2589 2787 2736 2843 enim
2781 2804 2792 2840 :
2837 2805 2856 2839 ‹
2883 2788 3066 2843 llonor
3094 2789 3236 2858 regis
3261 2788 3526 2860 judicium

1939 2879 2135 2950 diligit.
2182 2899 2201 2932 ι

2080 2971 2139 3028 1η
2181 2973 2390 3028 cunctis
2419 2973 2582 3029 rebus
2613 2972 2687 3028 nil
2716 2973 2795 3029 sic
2833 2973 3087 3044 prodesse
3127 2973 3350 3041 valebit,

2152 3062 2305 3119 Sicut
2329 3063 2590 3132 judicium
2623 3065 2765 3134 regis
2807 3066 2874 3119 ad
2909 3064 3165 3121 oﬁicium.

252 3153 522 3210 Creterum
552 3154 596 3208 si
628 3154 757 3208 illud
798 3155 980 3209 odium
1011 3153 1156 3224 juste
1198 3171 1265 3210 an
1299 3154 1495 3224 injuste
1525 3153 1830 3224 pertulerit,
1863 3130 1908 3192 (ἶ
2009 3155 2087 3211 Ita
2118 3173 2208 3213 rex
2244 3157 2298 3212 in
2323 3130 2518 3212 talibus
2546 3130 2744 3224 causis,
2774 3173 2870 3228 pro
2897 3157 3093 3228 quibus
3121 3160 3357 3216 maxime
3379 3161 3528 3234 regia

253 3247 432 3300 adhuc
461 3246 512 3300 in
537 3246 820 3315 questiune
857 3253 1140 3301 moratur:
1180 3253 1360 3302 tamen
1391 3244 1566 3304 virilis
1593 3244 1836 3314 probitas

256 3337 311 3392 in
356 3337 559 3392 femina
585 3338 737 3405 vicit,
769 3348 823 3392 et
848 3353 915 3392 es
946 3353 1212 3394 consensu
1248 3347 1305 3393 et
1347 3337 1608 3409 petitione
1637 3337 1840 3406 princi-

253 3443 383 3498 pum
425 3437 762 3494 consecrata,
794 3429 1103 3484 necessaria
1142 3443 1324 3482 comes
1354 3442 1534 3496 regem
1574 3426 1840 3497 sequeba-

255 3529 365 3576 tur.
415 3520 543 3577 Hmc
593 3521 659 3577 de
705 3521 890 3593 regina
935 3521 1148 3576 interim
1193 3519 1466 3582 breviavi,
1516 3518 1842 3574 intermissis

253 3617 531 3689 regalibus
560 3619 746 3689 gestis,
785 3633 930 3672 nunc
962 3618 1028 3672 ad
1054 3617 1244 3672 eadem
1285 3625 1550 3672 revertar.

526 3727 592 3766 DE
625 3725 803 3766 ιδιωιιε
828 3724 1012 3765 GESTIS
1065 3723 1365 3764 CBUONRADI
1401 3721 1573 3763 REGIS.

327 3801 410 3856 Ad
458 3811 605 3872 gesta
651 3800 836 3872 inclyti
880 3801 1024 3870 regis
1043 3798 1352 3854 Chuonradi
1385 3798 1526 3869 stylo
1574 3798 1840 3865 revoluto,

254 3893 504 3969 quaedam
535 3899 659 3946 sunt
685 3891 931 3955 dicenda,
966 3906 1086 3961 qua:
1118 3890 1171 3945 in
1212 3889 1326 3960 ipsa
1364 3890 1448 3944 die
1477 3889 1847 3945 consecratio-

256 3983 345 4039 nis
366 3998 478 4038 suae
508 3981 740 4048 fecerat;
767 3997 887 4053 quae
912 3981 1038 4038 licet
1060 3997 1225 4052 parva
1251 3981 1556 4046 videantur,
1584 3979 1844 4052 mysterio

255 4081 439 4130 tamen
490 4074 724 4144 quodam
787 4074 1076 4144 magniﬁce
1141 4073 1362 4143 pollent.
1433 4071 1542 4128 Sed
1586 4072 1842 4142 quoniam

253 4165 484 4220 historia
531 4165 743 4235 publica
787 4165 1062 4232 scribitur,
1095 4179 1215 4234 qua:
1253 4165 1494 4219 animum
1525 4163 1741 4219 lectoris
1777 4163 1845 4219 ad

253 4257 558 4310 novitatem
587 4271 792 4318 rerum,
820 4272 982 4326 quam
1015 4257 1083 4310 ad
1116 4256 1317 4328 ﬁguras
1349 4257 1634 4312 verborum
1671 4264 1844 4311 atten-

253 4345 464 4400 tionem
508 4344 659 4410 facit,
700 4345 873 4414 magis
916 4345 1134 4400 videtur
1177 4361 1496 4416 congruere,
1531 4347 1699 4416 ipsam
1730 4361 1843 4400 rem

255 4435 528 4507 integram
559 4437 830 4507 persequi,
856 4452 1020 4506 quam
1050 4436 1291 4509 mysticis
1316 4436 1614 4491 rationibus
1638 4435 1842 4506 aliquid

252 4526 567 4596 promiscue
605 4529 980 4582 commentari.
1039 4527 1097 4582 ln
1155 4528 1269 4598 ipsa
1314 4525 1663 4597 processione
1700 4527 1847 4598 regis
1875 4496 1924 4558 θ

256 4626 373 4673 tres
405 4627 668 4673 venerunt
696 4628 824 4673 ante
856 4619 1026 4684 illum,
1054 4635 1176 4674 cum
1207 4619 1433 4687 singulis
1456 4621 1841 4689 querimoniis;

255 4723 404 4765 unus
433 4719 552 4766 erat
580 4711 805 4767 colonus
835 4711 1090 4767 Ecclesia:
1127 4711 1530 4782 Moguntiensis,
1586 4713 1722 4767 alter
1750 4728 1848 4784 pu-

254 4800 422 4871 pillus
452 4800 572 4868 fuit,
596 4811 652 4856 et
673 4804 918 4872 qumdam
936 4804 1116 4858 vidua.
1152 4804 1285 4858 Dum
1317 4819 1414 4858 rex
1445 4819 1633 4859 eorum
1655 4819 1848 4860 causas

257 4895 451 4949 audire
478 4896 733 4966 cmpisset
755 4937 770 4961 ,
831 4897 1048 4966 quidam
1078 4896 1144 4950 de
1172 4897 1507 4968 principibus
1546 4898 1659 4953 suis
1696 4911 1850 4953 aver-

257 4987 451 5041 tebant
475 4999 599 5041 eum
625 4987 892 5054 dicentes,
917 5004 983 5044 ne
1019 4990 1443 5044 consecrationis
1480 5005 1590 5045 suae
1620 4990 1854 5060 aliquam

1942 3250 2237 3306 auctoritas
2278 3249 2609 3320 interpellari
2654 3249 2810 3314 solet,
2856 3250 2957 3304 hoc
2992 3257 3076 3304 est
3112 3265 3212 3321 pro
3256 3251 3528 3308 Ecclesia-

1943 3355 2084 3405 rum,
2113 3340 2417 3404 viduarum,
2447 3340 2814 3410 orphanorum
2857 3338 3192 3407 defensione,
3222 3340 3290 3395 ad
3322 3341 3524 3413 reliqua

1943 3431 2206 3503 regimina
2231 3431 2334 3487 sibi
2359 3446 2422 3485 ea
2464 3431 2550 3486 die
2576 3431 2719 3484 viam
2751 3432 3096 3500 praeparavit.

2304 3534 2372 3574 DE
2398 3535 2616 3574 ITINERE
2651 3535 2810 3574 REGIS
2839 3536 2937 3574 PER
2970 3537 3159 3576 REGNA.

2013 3611 2206 3668 Omnia
2253 3611 2396 3682 regis
2442 3609 2634 3665 itinera
2663 3651 2677 3676 ,
2722 3618 2778 3665 et
2818 3612 2870 3665 in
2899 3613 3095 3680 quibus
3121 3612 3253 3668 locis
3282 3629 3525 3672 summas

1944 3703 2266 3758 festivitates
2293 3701 2499 3758 Natalis
2528 3701 2737 3756 Domini
2781 3711 2837 3757 et
2879 3701 3099 3758 Pascha:
3127 3706 3403 3760 annuatim
3433 3723 3528 3763 ce-

1943 3793 2214 3856 lebraret,
2269 3807 2377 3847 non
2431 3791 2592 3846 nimis
2642 3791 3008 3846 necessarium
3050 3809 3272 3850 narrare
3319 3797 3524 3865 putavi,

1945 3895 2172 3957 excepto
2203 3887 2345 3956 quod
2377 3885 2432 3939 id
2465 3883 2748 3940 dicendum
2783 3892 2870 3940 est
2895 3884 3064 3940 sicubi
3103 3884 3296 3953 fuerat,
3323 3888 3367 3943 si
3397 3889 3528 3959 quid

1947 3977 2157 4048 insigne
2201 3983 2256 4031 et
2301 3975 2504 4029 clarum
2537 3973 2828 4030 acciderat.
2866 3973 2922 4030 Si
2953 3976 3096 4030 enim
3125 3979 3306 4032 omnia
3334 3979 3526 4034 obser-

1946 4085 2076 4125 vare
2106 4068 2298 4124 vellem
2318 4110 2332 4135 ,
2363 4077 2489 4123 ante
2519 4083 2606 4122 me
2636 4066 2947 4124 desererent
2981 4070 3123 4126 vires
3159 4086 3320 4142 quam
3358 4081 3528 4127 mate-

1947 4162 2074 4218 ries.
2116 4162 2198 4217 Ad
2225 4173 2374 4232 gesta
2405 4161 2548 4217 illius
2584 4160 2886 4217 clarissima
2922 4173 3125 4232 quanto
3149 4164 3302 4221 ocius
3337 4172 3528 4236 potero

1947 4255 2180 4319 veniam,
2209 4255 2263 4310 in
2298 4255 2495 4326 quibus
2525 4263 2736 4309 tantum
2771 4253 2956 4326 gloriae
2979 4257 3204 4324 eminet,
3234 4267 3294 4314 ut
3323 4259 3390 4314 de
3421 4257 3524 4314 mi-

1949 4347 2175 4403 noribus
2213 4346 2373 4402 silere
2407 4345 2606 4401 nemini
2647 4345 2741 4400 ﬁat
2770 4345 3062 4416 ingratum.
3095 4346 3334 4404 Collecto
3362 4345 3530 4417 regali

1949 4442 2207 4498 comitatu
2226 4482 2240 4507 ,
2281 4455 2376 4497 rex
2401 4439 2722 4496 Chonradus
2749 4439 2983 4511 primum
3013 4453 3109 4509 per
3137 4437 3410 4509 regionem
3442 4437 3533 4493 Ri-

1947 4532 2266 4588 buariorum
2291 4571 2307 4597 ,
2348 4546 2522 4602 usque
2550 4531 2616 4586 ad
2647 4530 2825 4586 locum
2853 4529 2943 4600 qui
2985 4529 3185 4585 dicitur
3207 4527 3531 4601 Aquisgrani

1949 4620 2207 4692 palatium
2249 4621 2519 4690 pervenit,
2551 4619 2639 4676 ubi
2684 4618 2930 4690 publicus
2973 4617 3203 4675 thronus
3229 4617 3534 4689 regalis‘ab

1950 4713 2186 4784 antiquis
2207 4712 2440 4782 regibus,
2466 4720 2522 4768 et
2548 4727 2578 4765 a
2604 4709 2797 4767 Carolo
2820 4708 3089 4782 praecipue
3114 4702 3344 4772 locatus,
3369 4707 3536 4762 totius

1953 4805 2104 4875 regni
2134 4803 2484 4860 archisolium
2513 4803 2767 4859 habetur.
2803 4801 2921 4869 Quo
2963 4801 3159 4856 sedens
3205 4797 3542 4855 excellentis-

1953 4897 2089 4952 sime
2124 4896 2513 4966 rempublicam
2552 4893 2854 4957 ordinavit,
2888 4892 3071 4959 ibique
3098 4888 3316 4962 publice
3343 4888 3549 4956 placito

1953 4997 2008 5044 et
2036 4989 2277 5061 generali
2314 4989 2543 5044 concilio
2575 4987 2780 5052 habito,
2825 4984 3004 5039 divina
3053 4993 3110 5038 et
3154 4983 3404 5037 humana
3432 4979 3562 5049 jura

257 5093 471 5132 moram
499 5077 728 5144 faceret,
773 5088 830 5135 et
880 5090 1091 5135 matura
1123 5082 1306 5139 divina
1361 5079 1536 5136 ofﬁcia
1603 5082 1854 5147 audiret;

255 5169 561 5240 respiciens
600 5167 668 5222 ad
716 5171 1027 5240 episcopos,
1061 5177 1119 5224 ut
1168 5172 1405 5228 vicarius
1450 5171 1656 5230 Christi
1700 5173 1856 5229 Chri-

319 5258 595 5280 9-.-9..-!...-
632 5272 819 5282 .05----
847 5260 984 5282 ιλ.-.
1020 5277 1032 5282 -
1065 5258 1119 5282 ΕΞ
1152 5277 1325 5282 ω---..-
1375 5269 1446 5282 --ι
1495 5266 1606 5282 __-'
1673 5265 1684 5277 ⁸
1733 5265 1744 5276 ⁸
1778 5264 1789 5282 9

972 5268 984 5282 I
1020 5277 1032 5282 ι
1152 5277 1326 5284 ’μμ--..ι
1374 5269 1446 5286 Α...
1495 5266 1606 5286 ..ΑΔ-ξ
1631 5265 1744 5288 .-εκξ

1955 5084 2162 5139 utiliter
2189 5081 2554 5138 distribuebat
2586 5098 2598 5132 :
2632 5077 2776 5132 fama
2823 5076 2940 5145 ejus
2969 5073 3119 5130 vires
3153 5073 3226 5128 de
3259 5069 3570 5132 virtutibus

1955 5173 2234 5243 sumpsit:
2269 5169 2430 5224 hodie
2479 5182 2640 5238 quam
2689 5165 2802 5219 heri
2845 5179 2944 5234 pro
2991 5173 3186 5222 tenore
3223 5157 3387 5231 pacis
3432 5176 3577 5232 pm.

2106 5268 2187 5290 ἔ-..
2288 5277 2384 5290 λιιι-ι
2435 5259 2824 5290 ῑιΛηΛινΛΙΛηίῖω
2882 5258 3055 5290 ηιηιίῖη
3113 5251 3347 5290 Λιὶονίην
3482 5273 3582 5290 tam

257 5267 595 5280 αοῖ---ῗααῖμι
632 5272 819 5282 —A-‘--
