4024 5370
536 335 677 395 1231

1682 356 1691 366 κ
1760 319 2098 385 WtPPONtS
2138 268 2576 378 passurum

3659 306 3804 367 ιω

536 455 761 527 antiqua
792 448 1054 509 beneficia
1084 454 1369 522 parentum
1398 443 1602 504 nemini
1645 451 1989 515 posterorum
2023 454 2117 496 au-
2143 444 2189 503 Α
2219 435 2422 493 nullum
2459 448 2641 506 regem
2674 435 3024 497 haoeremus,
3063 443 3209 501 regis
3248 426 3419 484 nostri
3451 424 3679 483 domum
3709 426 3807 482 de-

525 547 666 607 ferri
709 544 983 603 sustinuit.
1026 541 1295 598 Praeterea
1345 539 1401 595 in
1438 537 1677 596 donariis
1722 534 2113 605 frequentibus,

520 638 732 709 :quibus
757 652 854 692 eos
880 634 1041 692 fortia
1069 633 1270 689 audere
1296 631 1473 702 coegit
1518 628 1601 686 sui
1629 627 1860 684 similem
1906 625 1960 679 in
2007 632 2118 680 toto

532 729 737 787 mundo
764 742 871 784 non
918 740 1079 799 posse
1128 723 1352 793 reperiri
1381 722 1809 778 aestimaverunt.
1842 717 2119 788 Suspicio-

535 836 657 879 sum
686 829 772 877 est
812 818 1201 889 relatuyquam
1241 814 1528 871 munificus
1567 814 1689 879 fuit,
1726 825 1887 882 quam
1925 810 2120 881 jucun-

536 912 659 979 dus,
689 925 852 984 quam
892 909 1193 967 constantis
1235 905 1425 971 animi,
1451 914 1711 976 quantum
1742 898 2116 972 imperterriti,

529 1003 695 1063 bonis
720 1000 971 1059 omnibus
1000 996 1263 1062 blandus,
1301 996 1459 1051 malis
1495 1008 1742 1058 severus,
1776 992 1827 1045 in
1858 991 2006 1045 cives
2032 988 2122 1044 be.

516 1098 755 1170 -nignus,
800 1094 853 1150 in
893 1092 1077 1149 hostes
1100 1088 1348 1153 acerbus,
1380 1088 1435 1142 in
1465 1086 1627 1141 rebus
1656 1081 1879 1153 agendis
1902 1078 2115 1145 eﬂicax,

535 1204 703 1260 quam
731 1187 970 1242 maximo
990 1178 1109 1238 usui
1135 1179 1275 1236 foret
1304 1192 1470 1250 regno
1500 1173 1847 1247 infatigabilis
1874 1181 1994 1226 erat
2021 1188 2035 1225 :
2065 1170 2120 1224 in

537 1258 693 1337 brevi
723 1284 927 1332 tantum
968 1271 1259 1344 proficiens
1284 1278 1343 1325 ut
1376 1282 1534 1324 nemo
1563 1266 1852 1326 dubitaret,
1884 1268 2003 1331 post
2025 1258 2123 1314 Ca-

540 1369 645 1427 roli
671 1366 848 1439 Magni
880 1375 1144 1435 tempora,
1176 1360 1411 1430 aliquem
1440 1356 1606 1428 regali
1647 1354 1775 1410 sede
1818 1350 2119 1421 digniorem

540 1477 652 1520 non
683 1460 915 1525 vixisse;
948 1455 1089 1513 unde
1117 1460 1295 1509 exstat
1322 1450 1699 1522 proverbium:
1738 1443 1881 1500 Sella
1910 1441 2123 1496 Chuon-

539 1551 660 1609 radi
690 1550 852 1608 habet
882 1543 1192 1603 ascensoria
1227 1540 1426 1598 Caroli.
1457 1538 1534 1593 De
1561 1537 1664 1592 hoc
1688 1530 1975 1605 proverbio
2003 1527 2121 1599 qui-

456 1693 471 1703 .
542 1644 668 1698 dam
699 1642 765 1698 de
794 1638 997 1696 nostris
1019 1637 1075 1692 in
1098 1633 1283 1691 libello
1310 1646 1469 1703 quem
1499 1625 1855 1684 Gallinariam
1879 1619 2116 1685 vocavit,

542 1742 725 1806 satyra
756 1739 949 1802 quarta
978 1725 1203 1800 protulit
1229 1726 1373 1779 hunc
1403 1733 1615 1776 versum
1651 1734 1665 1772 :

666 1842 981 1898 Cbuonradus
1001 1839 1158 1893 Caroli
1180 1836 1358 1901 premit
1379 1833 1653 1901 ascensoria
1676 1830 1814 1901 regis

669 1895 874 1959 Talibus
893 1903 1077 1956 indiciis
1097 1895 1274 1953 netuen
1292 1912 1382 1949 seu
1401 1898 1557 1960 gloria
1576 1895 1731 1956 regis.

619 1988 874 2046 Gentium
925 1983 1174 2054 regiones
1227 1976 1600 2040 transcendit,
1648 1970 1888 2028 marinos
1935 1965 2130 2023 ﬂuctus

551 2075 951 2141 transnatavit,
1010 2070 1215 2144 passim
1268 2065 1643 2137 divulgabatur
1688 2060 1861 2114 virtus
1905 2070 2026 2127 qua:
2073 2054 2128 2108 in

547 2170 813 2228 exhausto
861 2166 1047 2238 vigore
1099 2174 1312 2231 semper
1351 2155 1656 2215 emanabat.
1711 2151 1980 2206 Reversus
2034 2160 2130 2200 rex

548 2262 618 2317 de
650 2236 941 2316 Ribuariisv
969 2253 1038 2310 ad
1086 2250 1379 2308 Saxoniam
1410 2245 1589 2311 venit,
1629 2242 1702 2298 ibi
1732 2241 1907 2312 legem
1933 2236 2129 2292 crude-

526 2329 820 2410 lissimam
859 2347 1170 2410 Saxonum,
1209 2339 1504 2398 secundum
1546 2333 1877 2390 voluntatem
1921 2342 2129 2392 eorum,

553 2442 822 2501 constanti
869 2438 1192 2495 auctoritate
1232 2431 1525 2488 roboravit.
1574 2425 1778 2482 Deinde
1828 2437 1857 2476 a
1888 2418 2133 2476 barbaris

539 2536 651 2608 ,ιιιιί
678 2533 973 2592 Samniant
1000 2530 1275 2598 attingunt
1305 2524 1505 2581 tributa
1535 2519 1791 2590 exigens,
1834 2527 1997 2569 omne
2040 2511 2133 2566 de-

553 2603 731 2684 bitum
762 2623 945 2681 tiscale
980 2620 1206 2692 recepit.
1250 2617 1376 2674 inde
1403 2611 1704 2695 Bajoariam
1730 2617 1786 2665 et
1813 2603 2133 2663 orientalem

553 2716 844 2774 Franciam
883 2712 1291 2785 pertransiens,
1336 2706 1406 2763 ad
1444 2700 1819 2761 Alemanniam
1866 2695 2133 2768 pervenit.

550 2808 681 2879 ,Quo
706 2806 971 2873 transitu,
1007 2814 1173 2877 regna
1198 2799 1354 2875 pacis
1388 2796 1594 2853 foedere
1623 2800 1680 2850 et
1716 2790 1863 2862 regia
1907 2787 2136 2845 tuitione

555 2890 871 2957 ﬁrmissime
893 2899 1163 2968 cingebat.

756 3004 1060 3055 ,,QUALITER
1089 3002 1194 3042 REX
1225 3002 1331 3044 ουκ
1358 3001 1534 3042 ιτιιιιε
1563 2993 1902 3039 Ριλοιτλνιτ.

586 3112 587 3115 η
629 3080 789 3135 Anno
815 3079 991 3150 primo
1025 3077 1175 3149 regni
1206 3077 1291 3132 sui
1327 3075 1684 3131 Chuonradus
1711 3085 1807 3126 rex
1832 3068 1976 3123 diem
2006 3080 2132 3120 san-

2220 526 2489 582 struxisse
2537 536 2643 578 non
2683 520 2806 591 jure
2847 519 3246 576 accusabimur.
3276 517 3320 571 Ε
3347 513 3626 573 contrario
3667 529 3758 570 rex
3786 528 3806 568 :

2222 616 2370 684 Scio,
2401 617 2599 687 inquit,
2646 614 2789 685 quod
2833 613 3053 669 domum
3083 611 3227 679 regis
3256 608 3421 664 vestri
3451 622 3562 663 non
3589 607 3811 662 destru-

2220 708 2415 771 sistis,
2477 722 2599 763 cum
2647 720 2714 762 eo
2764 713 3007 773 tempore
3062 700 3269 755 nullum
3332 699 3647 762 haberetis;
3712 695 3809 750 sed

2224 800 2445 854 domum
2496 795 2732 869 regalem
2778 794 3007 851 scidisse
3052 807 3161 848 non
3203 790 3396 846 valetis
3444 789 3703 844 inﬁtiari.
3747 785 3810 841 Si

2222 907 2315 947 rex
2347 890 2542 960 periit,
2582 900 2809 960 regnum
2861 885 3142 951 remansit,
3181 884 3323 939 sicut
3363 881 3520 938 navis
3555 886 3811 936 remanet

2222 979 2375 1049 cujus
2402 979 2735 1050 gubernator
2761 975 2941 1041 cadit;
2978 974 3121 1031 aedes
3164 972 3391 1042 publicae
3428 970 3668 1030 fuerant,
3700 983 3814 1025 non

2220 1068 2446 1138 privata:
2486 1065 2628 1136 juris
2670 1073 2861 1131 erant,
2909 1063 3070 1119 alieni
3102 1078 3207 1118 non
3230 1061 3439 1133 [vestri.
3488 1060 3813 1115 Alienarutn

2220 1169 2401 1213 autem
2460 1172 2642 1212 rerum
2691 1155 2971 1210 invasores
3022 1152 3141 1222 regi
3182 1160 3312 1206 sunt
3367 1149 3615 1204 obnoxii.
3667 1148 3813 1219 Ergo

2223 1264 2317 1304 vos
2363 1248 2553 1303 aliena:
2597 1247 2674 1302 rei
2721 1247 3002 1302 invasores
3048 1243 3225 1299 fuistis
3253 1283 3269 1308 ,
3320 1242 3489 1311 igitur
3516 1238 3658 1312 {regi
3715 1242 3815 1296 ob-

2222 1339 2370 1394 noxii
2428 1338 2583 1394 estis.
2636 1335 3020 1406 Hujuscemodi
3078 1334 3263 1389 verbis
3315 1332 3562 1402 pluribus
3606 1331 3819 1386 instan-

2221 1437 2308 1484 ter
2360 1427 2591 1498 objectis
2658 1426 2820 1498 legati
2876 1426 3079 1480 frustra
3150 1431 3415 1479 tentatam
3464 1436 3657 1491 pacem
3722 1436 3815 1476 re-

2221 1521 2528 1591 linquentes
2582 1519 2849 1575 abierunt.
2909 1517 3125 1588 Reliqui
3175 1531 3304 1573 vero
3352 1514 3528 1570 Italici
3587 1514 3815 1585 amplis-

2222 1613 2376 1670 simis
2422 1611 2579 1667 donis
2616 1626 2648 1666 a
2682 1624 2810 1680 rege
2850 1609 3103 1666 ho’norati
3144 1610 3199 1664 in
3234 1622 3370 1678 pace
3409 1606 3622 1663 dimissi
3663 1615 3813 1662 sunt.

2230 1705 2348 1762 Rex
2375 1720 2508 1761 vero
2549 1706 2686 1760 bene
2726 1705 2980 1759 ordinato
3022 1717 3189 1774 regno
3230 1700 3442 1757 Suevize
3469 1699 3540 1755 ad
3569 1707 3815 1754 castrum

2160 1792 2204 1852 B
2235 1797 2527 1853 Turcicum
2566 1794 2808 1866 perrexit
2844 1794 3025 1865 ibique
3053 1793 3312 1863 quosdam
3352 1790 3589 1855 Italicos,
3617 1789 3711 1860 qui
3745 1788 3817 1843 ad

2154 1913 2163 1922 -
2228 1888 2600 1945 Constantiam
2628 1901 2734 1941 non
2765 1893 3048 1950 venerant,
3091 1886 3157 1940 ad
3191 1882 3490 1938 dominium
3525 1896 3687 1938 suum
3730 1897 3819 1936 re-

2230 1982 2394 2052 cepit.
2426 1980 2553 2036 lnde
2583 1987 2705 2050 post
2736 1992 2936 2049 paucos
2970 1977 3088 2033 dies
3123 1976 3193 2032 ad
3221 1974 3490 2031 Basileam
3537 1973 3819 2029 civitatem

2229 2070 2500 2143 pervenit.

2228 2178 2367 2228 QUOD
2390 2175 2495 2217 REX
2517 2175 2861 2217 CHUONRADUS
2888 2174 3123 2216 Βλειιειε
3148 2171 3437 2214 εριεοορυι
3464 2168 3818 2211 εοεετιτσιτ.

2302 2256 2516 2312 Basilca
2543 2256 2735 2312 civitas
2759 2255 2861 2310 sita
2890 2253 3051 2310 estin
3074 2251 3306 2323 quodam
3331 2247 3531 2303 triviali
3557 2244 3817 2311 conﬁnio,

2232 2349 2288 2405 id
2331 2357 2437 2414 est,
2480 2346 2836 2417 Burgundim,
2868 2344 3202 2400 Alemannis:
3248 2349 3302 2397 et
3353 2338 3601 2395 Francia:
3644 2354 3660 2391 :
3704 2336 3823 2405 ipsa

2231 2457 2364 2497 vero
2410 2440 2604 2497 civitas
2647 2440 2714 2494 ad
2763 2437 3127 2510 Burgundiam
3174 2433 3431 2504 pertinet.
3483 2429 3640 2487 Hanc
3684 2426 3823 2483 civi—

2235 2541 2401 2588 tatem
2426 2529 2633 2585 invenit
2657 2543 2750 2584 rex
2780 2535 3065 2583 vacuatam
3088 2524 3364 2594 episcopo,
3391 2518 3548 2591 cujus
3572 2516 3823 2588 provisor

2235 2622 2501 2678 Adalbero
2540 2629 2667 2676 ante
2698 2629 2808 2675 tres
2842 2630 3057 2673 menses
3098 2629 3264 2686 quam
3297 2629 3395 2668 res
3433 2611 3678 2672 veniret,
3716 2605 3824 2662 mi-

2235 2714 2412 2785 gravit
2440 2729 2470 2767 a
2501 2710 2721 2767 saeculo.
2764 2708 2841 2764 lbi
2886 2707 3197 2764 Simoniaca
3229 2702 3419 2759 haeresi
3448 2699 3636 2756 subito
3659 2710 3827 2769 appa-

2237 2805 2366 2870 ruit,
2411 2811 2469 2859 et
2514 2804 2624 2859 cito
2668 2800 2889 2857 evanuit
2923 2817 2937 2853 :
2970 2813 3096 2854 nam
3140 2798 3268 2853 dum
3317 2810 3411 2851 rex
3458 2800 3517 2848 et
3561 2790 3755 2862 regina
3792 2803 3827 2843 ι

2238 2895 2476 2965 quodam
2523 2892 2723 2949 clerico
2751 2890 2916 2947 nobili
2954 2889 3090 2954 viro,
3126 2886 3345 2943 nomine
3394 2882 3685 2947 Udalrico,
3733 2878 3827 2949 qui

2239 2987 2313 3044 ibi
2345 2996 2475 3042 tunc
2499 2986 2783 3057 episcopus
2810 2980 3033 3038 eﬂectus
3056 2989 3159 3045 est,
3196 2979 3516 3033 immensam
3541 2972 3829 3043 pecuniam

2238 3093 2339 3148 pro
2367 3076 2679 3147 episcopatu
2722 3073 3075 3142 susciperent.
3131 3068 3325 3124 Postea
3360 3080 3458 3121 rex
3500 3060 3832 3134 poenitentia

562 3177 712 3227 ctum
737 3137 1185 3225 Pentecostesvin
1220 3166 1535 3222 Constantia
1562 3163 1783 3219 civitate
1811 3154 2136 3218 celebravit;
2167 3137 2212 3201 C
2240 3137 2458 3232 'mom's,
2489 3137 2616 3222 vo'lo
2662 3180 2721 3221 se
2763 3137 3022 3233 obii—8a,,“
3058 3174 3156 3232 pm
3191 3158 3370 3228 aliqua
3398 3155 3720 3226 episcopatu
3746 3149 3832 3206 νει

562 3262 641 3318 ibi
686 3261 1123 3333 archiepiscopus
1169 3256 1583 3315 Mediolauensis
1639 3252 1956 3309 Heribertus
2013 3262 2138 3301 cum

561 3351 1152 3422 caeterisoptimatibus
1178 3349 1378 3405 Italicis
1408 3348 1519 3419 regi
1549 3346 1902 3411 occurrebat;
1936 3352 1991 3397 et
2016 3339 2146 3396 ell'e-

530 3455 688 3502 .rctus
706 3452 789 3501 est
809 3443 943 3510 suis,
970 3442 1239 3514 fidemque
1263 3441 1365 3496 sibi
1393 3439 1518 3495 fecit
1556 3453 1653 3509 per
1681 3443 2142 3493 sacramentorum

532 3581 539 3585 -
565 3549 622 3596 et
644 3538 892 3596 obsidum
923 3536 1137 3608 pignus,
1180 3544 1238 3590 ut
1268 3534 1484 3606 quando
1511 3532 1724 3609 veniret
1752 3545 1874 3587 cum
1901 3528 2145 3583 exercitu

564 3629 640 3685 ad
658 3628 1046 3698 subjiciendum
1079 3626 1310 3692 Italiam,
1338 3625 1453 3696 ipse
1478 3639 1599 3681 eum
1626 3623 1912 3692 reciperet,
1942 3627 1999 3675 et
2021 3633 2145 3673 cum

567 3720 820 3774 omnibus
848 3716 963 3774 suis
989 3717 1057 3773 ad
1082 3717 1358 3773 dominum
1387 3725 1443 3771 et
1467 3729 1649 3787 regem
1698 3711 1911 3783 publice
1954 3709 2145 3764 lauda-

562 3798 679 3874 ret.
706 3809 995 3879 statimque
1013 3816 1334 3864 coronaret.
1382 3788 1881 3872 Similiter-reliqui
1920 3802 2146 3869 Longo-

566 3900 728 3957 bardi
777 3900 1020 3954 fecerant
1060 3907 1283 3969 propter
1309 3896 1626 3952 Ticinenses
1649 3934 1665 3960 ,
1701 3893 1793 3964 qui
1821 3899 1876 3948 et
1919 3890 2024 3946 alio
2050 3904 2150 3945 no-

570 3989 718 4045 mine
766 3988 1055 4060 Papienses
1103 3997 1393 4053 vocantur,
1441 3998 1669 4055 quorum
1716 3982 1877 4052 legati
1927 3980 2153 4036 aderant

574 4094 697 4134 cum
729 4078 1048 4133 muneribus
1092 4085 1147 4131 et
1185 4075 1405 4140 amicis,
1436 4074 1719 4129 molientes
1747 4079 1805 4126 ut
1841 4084 2021 4140 regem
2050 4081 2150 4138 pro

554 4168 874 4224 .ol'fcnsione
903 4166 1101 4222 civium
1130 4164 1428 4235 placarent,
1458 4176 1764 4233 quanquam
1792 4160 1845 4214 id
1874 4157 2096 4226 adipisci
2118 4171 2150 4211 a

578 4276 704 4329 rege
723 4258 878 4329 juxta
913 4266 1094 4314 votum
1125 4272 1280 4312 suum
1311 4254 1457 4311 nullo
1488 4256 1648 4309 modo
1674 4252 1933 4306 valerent.
1963 4253 2018 4303 in
2047 4264 2152 4320 qua

577 4359 759 4403 autem
791 4363 848 4402 re
895 4345 1256 4410 offenderint,
1303 4344 1541 4399 breviter
1595 4340 1890 4397 absolvam.
1942 4339 2071 4393 Erat
2100 4338 2154 4393 in

581 4437 799 4492 civitate
825 4435 1077 4506 Papiensi
1107 4434 1365 4506 palatium
1394 4448 1423 4487 a
1450 4431 1784 4487 Theoderico
1814 4443 1940 4502 rege
1980 4444 2156 4497 quon-

583 4529 707 4581 dam
732 4529 871 4581 miro
897 4542 1062 4597 opere
1088 4526 1386 4590 conditum,
1418 4540 1481 4582 ac
1508 4532 1695 4595 postea
1737 4521 1806 4577 ab
1833 4521 2159 4592 imperatore

574 4616 786 4681 'Ottone
812 4617 973 4672 tertio
1003 4616 1163 4671 nimis
1189 4617 1529 4671 adornatum.
1561 4615 1788 4686 Cognito
1809 4622 1987 4669 autem
2008 4612 2156 4668 obitu

574 4707 931 4780 “tuperatoris
965 4705 1202 4761 Heinrici
1239 4706 1598 4762 antecessoris
1641 4704 1948 4762 Cbuonradi
1994 4705 2159 4776 regis,

610 4808 646 4854 tt
671 4813 789 4854 mos
817 4806 901 4853 est
937 4795 1217 4851 hominum
1259 4810 1470 4867 semper
1505 4796 1558 4849 in
1587 4795 1743 4849 novis
1770 4793 1933 4848 rebus
1964 4793 2161 4847 intem—

573 4892 841 4946 ‘aeranter
879 4904 938 4945 se
974 4887 1200 4955 habere,
1231 4888 1415 4942 statim
1449 4886 1737 4959 Papienses
1763 4886 2066 4943 inconsulto
2095 4885 2162 4942 ad

580 4979 858 5039 imbellem
886 4979 1064 5035 aulam
1096 4987 1334 5045 ruentes,

582 5070 585 5075 ’
659 5071 895 5126 Ausibus
944 5069 1145 5125 illicitis
1193 5067 1470 5139 fregerunt
1511 5067 1708 5122 muenia
1755 5065 1918 5136 regis.

584 5170 873 5233 totumque
892 5162 1149 5231 palatium
1171 5174 1342 5230 usque
1373 5159 1437 5212 ad
1462 5159 1626 5212 imum
1664 5154 1998 5212 fundamenti
2030 5156 2116 5228 lap

592 5252 715 5306 dem
737 5251 1020 5319 eruebant,
1045 5264 1111 5305 ne
1132 5249 1415 5319 quisquam
1432 5262 1616 5318 regum
1640 5246 1865 5301 ulterius
1882 5246 2017 5300 infra
2039 5247 2163 5303 civi-

576 5347 761 5370 αοηιαηι
783 5338 924 5370 ἶΙΙσιηι
945 5338 1201 5370 ,ηιασῖηιη
1224 5350 1432 5370 .nnnnrn
1454 5335 1778 5370 rinnrnviccnt
1806 5333 1909 5370 ὶπν
1943 5350 2044 5370 (“In
2075 5350 2162 5370 ηιι-

2247 3258 2462 3316 abbatia
2493 3256 2696 3312 nullam
2734 3255 3021 3326 pecuniam
3050 3250 3279 3321 amplius
3319 3247 3595 3316 accipere,
3630 3243 3687 3298 in
3725 3256 3832 3312 quo

2245 3356 2371 3403 voto
2416 3361 2556 3418 pene
2599 3345 2736 3401 bene
2764 3344 3088 3415 permansit;
3139 3339 3233 3395 sed
3267 3337 3410 3392 [ilius
3446 3335 3567 3405 ejus
3615 3332 3832 3398 tertius,

2246 3434 2551 3501 lleinricus,
2583 3433 2673 3503 qui
2705 3440 2890 3503 postea
2939 3445 3033 3488 rex
3068 3438 3124 3485 et
3158 3427 3433 3498 Augustus
3460 3423 3693 3477 effectus
3729 3428 3831 3486 est,

2245 3526 2448 3595 optime
2483 3534 2538 3580 et
2585 3525 2703 3579 sine
2749 3520 3001 3592 scrupulo
3044 3519 3281 3590 patrium
3319 3524 3507 3571 votum
3554 3510 3830 3583 expiavit;

2250 3619 2378 3690 quia
2429 3618 2484 3672 in
2529 3616 2679 3672 omni
2726 3614 2838 3669 vita
2888 3627 2986 3668 sua
3038 3626 3137 3681 pro
3177 3608 3431 3665 omnibus
3476 3602 3836 3675 dignitatibus

2249 3707 2636 3767 ecclesiasticis
2663 3705 2822 3761 unius
2847 3702 2991 3760 oboli
3018 3700 3247 3773 pretium
3296 3712 3402 3753 non
3433 3695 3637 3750 dicitur
3660 3692 3836 3747 adhuc

2250 3802 2543 3871 accepisse.
2592 3798 2709 3854 Rex
2757 3812 2887 3852 vero
2931 3793 3289 3852 Chuonradus
3345 3788 3619 3857 colloquio
3670 3782 3835 3855 regali

2251 3892 2438 3949 habito
2465 3890 2720 3955 Basileae,
2751 3896 2807 3944 et
2835 3886 3079 3942 terminis
3105 3880 3426 3953 Burgundia:
3466 3877 3611 3931 ultra
3652 3874 3836 3930 volun-

2253 3992 2419 4041 tatem
2450 3980 2724 4051 Rudolpbi
2753 3978 2996 4051 ejusdem
3021 3973 3348 4046 Burgundiac
3376 3969 3522 4040 regis
3554 3966 3836 4037 diligenter

2253 4071 2668 4147 praeoccupatis,
2717 4084 2813 4140 per
2862 4069 3111 4123 Rhenum
3158 4078 3330 4134 usque
3374 4058 3678 4116 Saxoniam
3719 4070 3836 4127 per-

2255 4165 2421 4222 venit.
2456 4162 2635 4230 Quare
2651 4168 2831 4216 autem
2859 4156 3127 4229 Rudolpbi
3161 4154 3304 4225 regis
3338 4149 3684 4206 meminerim
3719 4148 3836 4201 bre-

2255 4258 2396 4315 viter
2458 4256 2654 4312 dicam.
2719 4252 2828 4309 Iste
2874 4249 3204 4325 .Rudolphus
3257 4262 3354 4302 rex
3406 4243 3738 4315 Burgundia
3785 4240 3835 4294 in

2257 4355 2542 4406 senectute
2571 4360 2668 4400 sua
2702 4358 2929 4413 regnum
2960 4340 3197 4397 molliter
3231 4343 3512 4400 tractaret,
3548 4332 3839 4387 maximam

2259 4437 2516 4492 invidiam
2556 4433 2697 4504 apud
2738 4431 3011 4501 principes
3046 4428 3198 4499 regni
3232 4426 3315 4483 sui
3360 4439 3716 4494 comparans,
3760 4434 3842 4478 se-

2263 4528 2497 4585 cundum
2524 4524 2835 4581 Heinricum
2861 4522 3268 4593 imperatorem,
3299 4517 3469 4572 tilium
3493 4515 3708 4572 sororis
3737 4525 3844 4570 sua

2260 4621 2320 4678 in
2348 4634 2571 4692 regnum
2600 4616 2869 4682 invitavit,
2890 4628 3124 4684 eumque
3143 4619 3268 4682 post
3290 4610 3454 4664 vitam
3477 4623 3637 4664 suam
3664 4619 3843 4677 regem

2263 4708 2589 4781 Burgundiae
2618 4705 2936 4775 designavit,
2970 4711 3027 4758 et
3051 4701 3324 4774 principes
3350 4697 3499 4769 regni
3528 4698 3723 4767 jurare
3743 4692 3843 4750 sibi

2268 4797 2417 4854 fecit.
2472 4796 2554 4850 Ad
2613 4808 2775 4865 quam
2835 4808 2949 4846 rem
3013 4789 3492 4846 cemmendandam
3552 4786 3845 4857 imperator

2270 4887 2561 4946 lleinricus
2618 4884 2882 4940 infinitam
2929 4881 3213 4953 pecuniam
3258 4893 3401 4950 saepe
3445 4886 3504 4932 et
3546 4876 3847 4947 sepissime

2269 4977 2624 5048 consumpsit,
2654 4974 2750 5030 sed
2788 4975 3042 5029 defuncto
3078 4972 3403 5042 imperatore
3426 4968 3716 5035 Heinrico,
3744 4968 3849 5022 Ru-

2274 5064 2503 5141 dqlphus
2534 5083 2627 5141 rex
2656 5066 2923 5137 promissa
2954 5081 3050 5121 sua
3090 5064 3244 5119 irrita
3279 5063 3394 5117 tieri
3421 5062 3616 5117 voluit.
3638 5062 3845 5117 Chuon-

2270 5164 2436 5220 radus
2505 5170 2688 5216 autem
2753 5172 2850 5214 rex
2910 5157 3083 5227 magis
3123 5169 3322 5224 augere
3381 5169 3546 5222 quam
3606 5153 3850 5208 minuere

2272 5268 2499 5325 regnum
2546 5252 2802 5313 intentus,
2854 5248 3218 5303 antecessoris
3260 5245 3345 5300 sui
3388 5244 3607 5298 labores
3648 5250 3851 5298 metere

2273 5344 2457 5370 ..λιιι-υ.
2509 5341 2766 5370 ῠηηέιηηηιι
2796 5339 2896 5370 Αιά
2926 5335 3228 5370 subinane!“
3288 5345 3345 5370 III
3371 5335 3829 5370 aninlaﬂunplnm
