4024 5370
233 321 370 383 1255

570 449 636 488 nn
675 448 925 491 sousuo
962 449 1097 491 nues
1136 440 1469 492 scuvonuai.

297 525 500 584 Eodem
531 543 693 594 anno,
745 544 906 599 quem
950 544 1111 598 supra
1162 533 1500 594 notavimus,
1541 527 1806 586 Bolislaus

229 617 570 691 Sclavigena,
608 617 714 673 dux
740 617 1066 674 Bolonorum
1115 618 1349 690 insignia
1382 620 1580 690 regalia
1628 628 1684 675 et
1729 635 1808 675 re-

228 710 373 781 gium
405 723 597 764 nomen
627 709 681 763 in
723 709 975 781 injuriam
1019 709 1161 780 regis
1189 710 1495 765 Cbuonradi
1525 710 1629 765 sibi
1655 719 1810 781 apta-

227 801 344 855 vit:
376 799 530 870 cujus
557 798 915 854 temeritatem
958 809 1067 854 etto
1107 815 1255 855 mors
1282 801 1602 855 exinanivit.
1637 800 1806 856 Filius

228 899 412 946 autem
458 890 647 946 Misico
691 889 943 946 similiter
972 890 1186 947 rebellis
1214 891 1439 947 fratrem
1470 907 1624 949 suum
1653 890 1805 948 Otto.

225 996 370 1047 nem,
403 982 657 1052 quoniam
689 981 833 1051 regis
857 981 1106 1051 partibus
1146 982 1384 1050 favebat,
1433 984 1485 1039 in
1533 985 1801 1040 Ruhniam

224 1071 558 1143 provinciam
621 1073 844 1143 pepulit.
904 1072 1147 1140 Qualiter
1190 1090 1320 1130 vero
1362 1074 1605 1143 ejusdem
1656 1074 1803 1130 Misi-

224 1164 376 1220 conis
430 1164 841 1234 protervitatem
894 1174 950 1220 et
1007 1164 1285 1235 cujusdam
1348 1165 1591 1223 Udalrici
1648 1167 1803 1223 ducis

222 1255 494 1311 Bohemize
544 1256 829 1326 perfidiam
873 1271 970 1312 rex
1018 1256 1374 1314 Chuonradus
1420 1266 1608 1330 postea
1653 1274 1804 1315 com-

221 1356 489 1418 pesceret,
522 1348 574 1402 in
605 1348 724 1404 loco
750 1363 848 1404 suo
875 1348 1068 1404 dicam.

271 1452 337 1491 DE
375 1453 666 1494 lNlIlClTIL
708 1453 871 1493 INTER
907 1454 1082 1495 REGE“
1121 1455 1193 1496 ΕΤ
1226 1456 1507 1498 ΕΒΝΕδΤυΜ
1546 1457 1742 1499 υυεειί.

289 1527 496 1583 Eodem
543 1537 814 1600 tempore,
860 1529 1016 1585 hoste
1057 1530 1208 1600 pacis
1251 1531 1467 1588 diabolo
1517 1534 1797 1600 suadente,

220 1619 482 1676 Ernestus
508 1620 615 1676 dux
640 1620 999 1689 Alemannim,
1029 1622 1220 1678 Chuno
1245 1623 1351 1679 dux
1381 1623 1645 1690 Franciae,
1677 1623 1798 1681 Fri-

218 1711 434 1768 derieus
474 1713 582 1768 dux
632 1711 1120 1785 Lmharingorum,
1178 1730 1300 1771 cum
1352 1717 1472 1772 aliis
1523 1717 1795 1789 plerisque

1472 320 1629 381 Vl'fA
1666 320 1964 380 CONRADI
2003 321 2239 379 SALlCl.

3346 318 3480 376 £251

1830 438 1879 499 Λ
1908 432 2031 489 illuc
2061 433 2412 505 confugerat,
2450 432 2574 506 igne
2602 440 2657 488 et
2691 432 2868 507 gladio
2899 429 3086 504 periit;
3126 446 3241 504 ang
3283 434 3484 492 vastati

1910 534 2066 590 sunt,
2105 528 2273 581 vineae
2304 526 2721 592 truncabantur;
2759 526 2962 581 exitum
2990 535 3047 582 et
3077 525 3354 582 introitum
3386 543 3485 585 rex

1907 617 2253 689 prohibebat,
2291 618 2564 689 navigium
2597 617 2845 683 abstulit,
2890 602 3240 673 mercimonia
3280 618 3483 689 vetuit,

1907 716 1963 763 et
2013 716 2087 763 ita
2143 722 2239 778 per
2292 708 2570 763 biennium
2627 722 2816 763 omnes
2885 706 3199 772 Ticinenscs
3251 705 3483 775 afﬂixit,

1907 800 2078 855 donec
2126 800 2329 863 omnia,
2380 816 2499 870 qua:
2544 801 2820 873 praecepit,
2847 800 2994 857 omni
3035 800 3292 858 dilatione
3334 810 3487 875 post-

1905 890 2077 960 posita
2106 890 2529 962 compleverant.

2090 1000 2156 1040 DE
2194 999 2473 1040 SEDITIONE
2507 1001 2624 1050 ουκ
2665 1001 2922 1043 RAVENNE
2961 1003 3131 1059 ΡΔΟΤᾼ
3168 1004 3288 1045 EST.

1973 1073 2175 1132 Eodem
2223 1087 2464 1150 tempore
2494 1095 2590 1134 rex
2618 1078 2973 1137 Chuonradus
3026 1080 3336 1137 Ravennam
3396 1083 3501 1138 ino~

1904 1166 2097 1229 travit,
2152 1174 2206 1221 et
2252 1182 2597 1239 cummagna
2627 1177 2895 1239 potestate
2923 1170 2994 1225 ibi
3026 1169 3289 1242 regnavit.
3334 1170 3483 1239 Qua-

1902 1256 2023 1311 dam
2055 1257 2142 1311 die
2168 1257 2350 1312 miseri
2381 1257 2725 1314 Ravennates
2748 1260 2896 1315 litem
2921 1276 3044 1316 cum
3071 1261 3314 1321 exercitu
3339 1262 3481 1333 regis

1900 1346 2337 1411 commovebant,
2377 1356 2433 1403 et
2471 1347 2522 1402 in
2556 1348 2904 1405 multitudine
2933 1364 3030 1405 sua
3066 1350 3278 1417 conlisi,
3320 1367 3481 1406 exer-

1900 1436 2065 1493 citum
2093 1438 2159 1493 de
2182 1437 2397 1493 civitate
2424 1439 2691 1510 expellere
2718 1442 2896 1496 conati
2924 1451 3070 1509 sunt,
3098 1453 3153 1498 et
3172 1458 3270 1513 per
3294 1442 3480 1510 cujus-

1899 1530 2021 1585 dam
2049 1539 2217 1600 porta:
2262 1532 2540 1602 angustias
2582 1545 2676 1587 eos
2721 1535 2811 1603 qui
2858 1532 2992 1590 foris
3036 1544 3193 1590 erant
3227 1534 3482 1605 prohibe-

1896 1621 2025 1676 bant
2052 1621 2400 1678 interioribus
2427 1638 2764 1680 succurrere.
2810 1624 3002 1681 Excito
3028 1626 3255 1681 tumultu
3279 1625 3478 1681 bellum

1897 1712 2138 1784 undique
2188 1713 2355 1784 carpit
2403 1714 2801 1786 ingravescere.
2855 1716 3085 1784 Quidam
3140 1718 3196 1772 in
3232 1716 3481 1773 domibus

219 1810 406 1858 contra
443 1818 623 1876 regem
655 1805 1039 1861 Chuonradum
1070 1815 1486 1871 consenserunt,
1529 1817 1586 1864 et
1630 1808 1798 1864 multa
1828 1794 1875 1854 Β
1903 1801 2143 1874 hospites
2172 1818 2299 1859 suns
2325 1806 2564 1876 aggressi
2606 1814 2758 1874 sunt;
2810 1805 2901 1861 alii
2952 1807 3006 1862 in
3056 1807 3249 1877 plateis
3275 1823 3482 1879 pugna—

218 1895 531 1963 molientes,
563 1897 760 1953 multas
814 1897 1142 1955 munitiones
1180 1899 1454 1955 incassum
1489 1916 1807 1973 prmparan-.
1900 1894 2060 1960 ham,
2089 1894 2178 1949 alii
2201 1905 2386 1967 Pm'las
2408 1895 2762 1964 οδείάθικιηιν
2795 1896 2976 1967 Plures
2996 1899 3063 1955 de
3090 1899 3292 1965 muris.
3327 1898 3481 1953 mum

218 1995 314 2055 tes,
356 1989 499 2045 nihil
537 1989 643 2046 nisi
684 1990 1047 2046 calamitatem
1076 1991 1314 2046 futuram
1341 1993 1576 2050 assecuti
1615 2001 1741 2049 sunt
1779 2012 1793 2048 :

216 2078 360 2147 Quos
407 2094 600 2138 omnes
642 2096 739 2137 rex
792 2080 1151 2139 Chuonradus
1196 2084 1626 2155 parvipendens,
1696 2086 1799 2141 iter

215 2186 367 2226 suum
398 2171 458 2226 in
482 2171 691 2227 Italiam
719 2189 842 2229 cum
873 2173 1043 2238 copiis
1070 2174 1378 2230 destinavit.
1421 2174 1528 2232 Sed
1560 2175 1669 2231 dux
1699 2175 1798 2232 Er-

216 2270 402 2319 nestus
453 2264 732 2321 humiliter
780 2265 883 2320 iter
929 2264 1046 2336 ejus
1092 2275 1411 2336 prosecutus
1458 2283 1630 2338 usque
1683 2269 1796 2323 Au-

216 2365 428 2427 gustam
457 2355 819 2421 Vindelicam,
870 2356 1176 2413 interventu
1217 2358 1409 2413 matris
1452 2374 1562 2414 sua:
1600 2360 1799 2430 regina:

216 2451 271 2499 et
316 2444 507 2500 fratris
551 2445 632 2501 sui
688 2445 924 2502 lleinrici
974 2446 1147 2502 adhuc
1200 2448 1407 2518 parvuli
1460 2448 1798 2521 aliorumque

216 2532 544 2606 principum,
582 2535 814 2592 multum
848 2546 1113 2593 renuente
1144 2553 1287 2610 rege,
1332 2537 1422 2593 vix
1468 2538 1523 2594 in
1565 2540 1797 2612 gratiam

215 2621 329 2692 ejus
356 2636 610 2699 receptus
637 2636 741 2684 est.

326 2730 471 2781 QUOD
511 2733 616 2773 REX
654 2734 759 2775 CUI
794 2735 1063 2777 EXERCITU
1104 2737 1156 2777 IN
1204 2738 1425 2778 ITALIAI
1462 2739 1667 2779 REDIIT.

282 2808 443 2867 Anno
476 2811 864 2869 incarnationis
890 2812 1091 2869 Christi
1125 2813 1280 2881 1026,
1311 2816 1667 2872 Chuonradus
1696 2831 1795 2872 rex

217 2901 443 2958 consilio
490 2910 547 2959 et
594 2902 857 2974 petitione
897 2905 1202 2975 principum
1252 2908 1402 2978 regni
1439 2907 1608 2963 lilium
1637 2923 1795 2962 suum

218 2989 527 3049 lleiuricum
559 3009 784 3064 puerum
816 3009 996 3063 regem
1028 3006 1149 3065 post
1174 2999 1249 3052 se‘
1265 2998 1588 3069 designavit,
1618 2998 1797 3054 illum-

216 3096 316 3152 que
345 3083 592 3140 Brunoni
623 3084 980 3157 Augustcnsis
1017 3086 1273 3143 Ecclesize
1322 3090 1578 3160 episcopo
1620 3090 1671 3145 in
1713 3103 1797 3145 tu-

216 3173 375 3229 telam
412 3177 841 3243 commendavit;
892 3184 945 3231 et
995 3194 1156 3247 supra
1203 3179 1361 3234 dictis
1408 3179 1653 3247 hostibus
1680 3181 1795 3237 suis

215 3258 441 3319 insidias
469 3278 567 3334 per
596 3264 785 3331 filium,
814 3273 868 3320 et
896 3275 1123 3320 cazteros
1149 3265 1334 3323 fideles
1360 3283 1487 3324 suos
1512 3260 1796 3339 diligenter

214 3365 513 3421 Opponens,
544 3354 658 3423 ipse
684 3370 807 3409 cum
840 3356 1086 3411 exercitu
1113 3356 1334 3427 copioso
1358 3358 1567 3412 Italiam
1608 3367 1793 3429 petere

214 3435 412 3512 cte'pit;
464 3445 516 3498 in
562 3460 667 3515 qua
696 3447 1063 3516 expeditione,
1106 3463 1268 3518 supra
1315 3450 1494 3504 dictus
1535 3450 1792 3508 Ernestus

214 3532 317 3587 dux
345 3534 715 3601 Alemannire,
747 3537 1140 3608 aliquantulum
1186 3541 1296 3611 regi
1342 3541 1581 3598 militans
1634 3542 1793 3598 Cam-

121 3690 134 3700 _
213 3621 563 3689 pidoncnsem
610 3627 908 3693 abbatiam,
942 3628 1069 3684 licet
1099 3640 1286 3684 contra
1317 3630 1397 3687 fas
1427 3642 1480 3686 et
1505 3647 1596 3701 jus
1623 3641 1789 3699 esset,

212 3709 440 3770 liberam
476 3732 587 3772 rem
619 3718 722 3773 nisi
765 3718 1063 3774 liberaliter
1097 3722 1322 3786 servire,
1368 3722 1419 3778 in
1467 3722 1789 3779 beneficium

213 3806 419 3873 accepit
449 3822 478 3861 a
522 3823 682 3880 rege,
721 3817 776 3863 et
808 3810 874 3865 ad
905 3811 1184 3867 tutandam
1216 3812 1444 3883 patriam
1494 3815 1790 3873 honorifice

213 3895 471 3955 remissus
493 3908 598 3955 est.

511 4005 649 4053 QUOD
688 4008 788 4046 REX
828 4009 1107 4051 PAPIENSES
1143 4014 1484 4056 AFFLIXERIT.

279 4071 395 4131 Rex
427 4077 703 4151 ingressus
730 4083 939 4139 Italiam
985 4102 1081 4157 per
1113 4086 1377 4144 Veronam
1411 4093 1555 4146 inter
1592 4090 1789 4149 Medio-

213 4156 392 4250 lanum
429 4178 486 4223 et
514 4169 767 4240 Papiam,
798 4156 1070 4233 Vercellas
1096 4179 1274 4239 venit.
1325 4181 1505 4250 ibique
1538 4172 1786 4241 sanctum

211 4245 417 4345 Pascha
461 4261 777 4345 celebravit.
816 4265 872 4319 In
916 4267 1046 4338 ipsis
1085 4270 1274 4327 diebus
1316 4245 1656 4341 paschalibus
1679 4275 1788 4333 Leo

212 4340 447 4436 ejuslem
476 4340 708 4413 civitatis
735 4358 983 4424 antistes,
1012 4361 1096 4415 vir
1119 4363 1341 4418 multum
1369 4368 1606 4436 sapiens,
1634 4386 1789 4424 mun-

213 4430 338 4492 dum
385 4455 509 4499 cum
557 4462 689 4516 pace
737 4447 975 4519 reliquit,
1024 4452 1110 4506 cui
1160 4430 1488 4512 llardericus
1535 4430 1787 4514 Mediola-

214 4529 392 4585 nensis
441 4538 740 4595 canonicos
785 4542 1067 4597 successit.
1122 4542 1236 4599 Rex
1280 4562 1409 4602 vero
1451 4546 1565 4616 jam
1615 4557 1783 4605 totam

211 4629 344 4712 pene
387 4624 593 4687 Italiam
641 4632 856 4703 planam
897 4651 1007 4691 suae
1049 4639 1235 4694 ditioni
1280 4640 1585 4712 subjugavit
1627 4662 1640 4698 :
1682 4645 1784 4699 Pa-

212 4705 445 4773 piensem
472 4721 676 4787 urbem,
701 4726 954 4794 quoniam
985 4728 1139 4783 valde
1163 4705 1420 4800 populosa
1440 4705 1571 4799 fuit,
1604 4734 1783 4791 subito

213 4809 401 4867 capere
428 4825 533 4866 non
563 4815 762 4882 potuit;
815 4816 961 4886 ipsos
989 4817 1277 4888 Papienses
1304 4821 1356 4874 in
1388 4823 1616 4893 gratiam
1646 4824 1783 4880 rcci-

214 4899 335 4982 Pel‘e
376 4901 576 4970 noluit,
620 4908 746 4975 quia
785 4909 1035 4979 palatium
1077 4913 1220 4982 quod
1273 4904 1691 4971 deistruxerant
1725 4917 1777 4971 in

1822 3147 1866 3210 C

1814 4501 1863 4561 D

1900 1983 1968 2040 de
2014 1986 2258 2042 turribus
2305 1985 2430 2041 altis
2479 1987 2733 2058 ignavum
2776 1987 3021 2059 praelium
3072 2004 3193 2043 cum
3233 1989 3378 2043 saxis
3425 1996 3482 2041 et

1897 2075 2122 2133 sudibus
2148 2078 2558 2133 commiserunt.
2582 2078 2832 2133 Econtra
2880 2078 3161 2134 Teutonici
3213 2079 3379 2135 armis
3425 2076 3488 2137 et

1899 2167 2117 2237 ingenio
2148 2166 2508 2233 reluctantes,
2541 2166 2701 2223 factis
2728 2168 3037 2240 agminibus
3062 2176 3277 2240 ante-et
3310 2178 3497 2235 retro,

1899 2257 2245 2316 Ravennates
2293 2259 2739 2329 circumdabant;
2793 2270 2852 2317 et
2893 2261 3239 2318 servientibus
3287 2263 3482 2333 gladiis

1898 2350 2041 2405 viam
2076 2350 2142 2405 ad
2183 2350 2414 2407 invicem
2455 2350 2744 2417 facientes,
2775 2369 2868 2409 eos
2897 2354 2989 2424 qui
3024 2352 3244 2410 fuerant
3283 2354 3474 2418 medii",

1897 2448 2144 2495 mortuos
2191 2448 2284 2495 aut
2332 2442 2625 2509 sauciatos,
2680 2443 2763 2499 vel
2807 2441 3074 2515 fugientes
3118 2443 3475 2516 reliquerunt.

1899 2531 2128 2600 Quidam
2176 2546 2359 2588 comes
2405 2533 2623 2591 nomine
2667 2535 2853 2607 Eppo,
2907 2536 3144 2608 optimus
3200 2536 3355 2591 miles
3410 2536 3478 2590 de

1896 2623 2168 2696 Bajoaria,
2218 2640 2341 2681 cum
2392 2623 2613 2681 Panone
2656 2627 2931 2683 civitatem
2979 2621 3188 2694 exiens,
3235 2642 3331 2684 eos
3383 2627 3476 2698 qui

1895 2725 2116 2785 pontem
2147 2716 2525 2786 superstabant
2550 2715 2879 2788 subjugavit,
2921 2726 2977 2774 et
3022 2717 3240 2789 plurimi
3285 2731 3475 2774 eorum

1896 2817 1993 2874 per
2025 2803 2173 2859 illum
2204 2803 2376 2859 solum
2408 2805 2475 2861 de
2506 2816 2670 2875 ponte
2711 2807 3056 2879 praecipitati,
3105 2808 3158 2864 in
3199 2823 3335 2881 aqua
3381 2825 3477 2865 ne~

1898 2892 2006 2948 cati
2036 2904 2179 2949 sunt.
2210 2893 2325 2949 Rex
2350 2909 2482 2950 vero
2512 2896 2894 2965 Chuonradus,
2926 2900 3067 2955 sicut
3094 2909 3212 2955 erat
3241 2901 3296 2954 in
3323 2900 3497 2956 cubi-r

1897 2982 2057 3049 culo,
2099 2983 2243 3039 hanc
2287 2983 2607 3041 seditionem
2652 2987 2980 3058 intelligens,
3030 3004 3201 3045 arma
3225 2991 3503 3061 corripit...

1897 3088 2093 3144 equum
2123 3075 2324 3146 poscit,
2366 3085 2432 3130 et.
2452 3090 2702 3146 egressus
2728 3080 2925 3135 atrium
2972 3081 3049 3136 uti
3098 3081 3234 3135 vidit
3262 3081 3501 3136 Raven-.

1898 3176 2055 3222 nates
2076 3167 2216 3223 bello
2246 3166 2422 3223 victos
2435 3169 2501 3223 ad
2523 3169 2795 3227 Ecclesias
2817 3171 3126 3245 confugere,
3156 3182 3212 3230 et
3235 3173 3499 3244 undique»

1895 3257 2119 3313 latibula
2145 3272 2408 3328 qumrere,
2436 3259 2688 3317 misertus
2712 3276 2920 3329 eorum,
2953 3265 3206 3334 quoniam
3229 3279 3296 3319 ex
3325 3274 3474 3320 utra-

1895 3364 2001 3420 que
2049 3361 2204 3420 parte
2255 3350 2336 3407 sui
2388 3360 2577 3421 erant,
2629 3355 2930 3411 exercitum
2982 3356 3051 3413 de
3099 3359 3474 3428 persecutione

1893 3440 2092 3496 civium
2142 3442 2433 3507 revocavit,
2477 3451 2531 3496 et
2574 3442 2690 3514 ipse
2738 3444 2791 3499 in
2836 3445 3098 3517 palatium
3146 3462 3207 3503 se
3248 3450 3469 3518 recepit.

1894 3530 2050 3586 Mane
2081 3542 2260 3586 autem
2286 3531 2435 3586 facto
2471 3530 2812 3591 Ravennates
2846 3536 2937 3605 qui
2977 3546 3375 3603 remanserant,
3416 3537 3471 3593 itt

1893 3621 2073 3678 cilicio
2118 3630 2176 3678 et
2220 3623 2378 3678 nudis
2409 3624 2636 3694 pedibus
2678 3634 2842 3696 atque
2886 3643 2953 3690 ex
2990 3630 3107 3684 rtis
3133 3628 3361 3701 gladiis,
3410 3640 3471 3686 ut

1891 3714 1978 3769 lex
2011 3728 2198 3769 eorum
2231 3716 2495 3786 przecipit,
2528 3717 2687 3773 victis
2717 3718 2946 3785 civibus,
2989 3730 3115 3776 ante
3159 3736 3338 3793 regem
3381 3734 3471 3778 ve-

1891 3804 2126 3866 nientes,
2166 3803 2317 3858 sicut‘
2347 3804 2460 3874 ipse
2498 3808 2778 3877 prmcepit,
2822 3809 3073 3866 omnibus
3109 3812 3283 3870 modis
3313 3814 3472 3869 salis-

1888 3886 2179 3946 faciebant.
2213 3891 2285 3946 lbi
2318 3908 2410 3948 rex
2446 3894 2802 3953 Chuonradus
2827 3900 3117 3954 maximam
3150 3901 3470 3958 munificeno

1894 3983 2021 4037 tiam
2080 3982 2133 4038 in
2189 3986 2477 4054 quemdam
2534 3989 2837 4045 sauciatum
2897 3991 3252 4048 Teutonicum
3316 4009 3468 4049 more

1889 4071 2047 4128 solito
2098 4076 2370 4139 ostendit,
2421 4077 2508 4133 cui
2551 4092 2648 4147 pes
2698 4095 2821 4135 eum
2865 4097 3058 4151 magna
3103 4091 3260 4152 parte
3304 4094 3495 4155 supra,

1890 4166 2055 4235 talum
2084 4169 2136 4222 in
2165 4184 2345 4240 pugna
2368 4171 2584 4240 penitus
2611 4172 3049 4241 abseindebatur,
3077 4175 3232 4247 cujus
3277 4180 3497 4234 ocreas.

1888 4261 1955 4319 de
2017 4262 2167 4319 corio
2218 4261 2390 4318 factas
2441 4279 2536 4318 rex
2587 4264 2767 4321 aﬁ‘erri
2816 4267 3137 4338 praecipiens
3179 4280 3469 4338 utramque

1888 4353 2127 4408 nummis
2162 4352 2323 4420 jussit
2370 4354 2606 4424 impleri,
2635 4366 2691 4411 et
2724 4372 2892 4427 supra
2923 4358 3207 4429 grabatum
3236 4360 3468 4422 samiati

1890 4444 2080 4498 militis
2096 4443 2250 4513 juxta
2281 4443 2428 4497 illum
2465 4446 2613 4515 poni.

2003 4552 2107 4590 REX
2142 4552 2385 4593 PROPTER
2421 4553 2667 4594 CALOREII
2705 4556 2773 4596 IN.
2798 4553 3350 4597 l0NTANL-SECESSI'P.

1953 4628 2031 4683 Eo
2069 4636 2311 4698 tempore
2351 4632 2633 4689 maximus,
2658 4630 2806 4709 calor
2842 4630 3069 4709 Italiam.
3093 4633 3353 4709 vexabat,
3391 4632 3466 4686 ita

1883 4724 1943 4770 ut
1970 4717 2230 4775 animalia
2256 4719 2426 4775 multa
2452 4729 2508 4775 et
2537 4702 2819 4783 hominum
2848 4702 3138 4776 multitudo
3166 4708 3292 4774 inde
3323 4720 3475 4790 peri:

1882 4808 2223 4891 clitarentur.
2266 4810 2381 4871 Rex
2429 4828 2558 4873 vero
2601 4812 2965 4873 Chuonradus
3002 4812 3206 4874 nemini
3246 4812 3513 4877 οεύθιιει-

1881 4901 1986 4956 nisi
2028 4902 2129 4958 soli
2177 4903 2286 4959 Deo
2331 4915 2387 4959 et
2422 4907 2694 4963 caloribus
2732 4908 2948 4972 aestuis,
3000 4907 3141 4962 ultra
3182 4903 3327 4961 Atim
3377 4905 3478 4962 llu-

1887 4993 2029 5047 vium
2085 5003 2310 5067 propter
2353 5012 2520 5066 opaca
2570 4997 2687 5052 loca
2739 5006 2797 5051 et
2844 4998 2998 5054 aeris
3049 5006 3374 5061 temperiem
3425 4996 3521 5056 in.

1888 5097 2147 5143 montana
2176 5074 2433 5151 secessit,
2456 5088 2638 5157 ibique
2663 5087 2729 5142 ab
2757 5085 3197 5158 archiepiscopo,
3232 5080 3504 5151 Mediola:

1885 5178 2036 5235 nensi
2065 5192 2164 5249 per
2192 5175 2324 5229 duos
2370 5190 2584 5231 menses
2628 5184 2683 5229 et
2725 5173 2969 5244 amplius
3020 5169 3509 5244 regalemvietum

1887 5250 2199 5341 sumptuose
2242 5267 2450 5323 habuit.
2496 5268 2633 5323 Hinc
2667 5266 2938 5323 decedens
2990 5275 3241 5335 tempore
3288 5273 3511 5325 auten»,

216 4969 329 5034 loco
353 4984 436 5040 ubi
472 4993 622 5060 prius
652 4996 829 5052 fuerat
865 5000 1192 5058 reaedilicare
1233 5002 1410 5058 adhuc
1457 5006 1774 5070 renucbant,

216 5069 305 5152 sed
348 5074 656 5141 defensores
701 5103 885 5143 eorum
932 5087 1280 5149 Adelbertum
1321 5096 1688 5152 marchionent
1725 5107 1781 5150 et

219 5149 570 5257 “:ilhelmum,
600 5185 652 5230 et
673 5189 895 5233 caeteros
922 5178 1194 5255 principes
1229 5181 1281 5235 in
1306 5182 1501 5240 iisdem
1537 5187 1780 5245 terminis

216 5252 525 5336 mirabiliter
538 5269 840 5335 opprimere
859 5267 1043 5336 caspit;
1072 5252 1322 5329 castrum
1346 5287 1539 5330 eorum
1563 5277 1780 5332 "unum,

219 5329 317 5358 Πτ..ι.
332 5356 403 5370 hu
459 5350 483 5370 _,
