4024 5370
520 317 659 378 1235

1732 305 2065 370 WIPPONIS
2100 302 2534 362 PRESBYTERI

3642 284 3787 343 I256

517 447 657 497 aueo
685 446 879 489 LEGLTI
922 445 1188 487 aunorrm
1223 442 1377 486 necta
1417 443 1484 487 AD
1527 437 1884 483 cnuonnanmt
1914 433 2090 477 ascen
2120 435 2167 479 Α
2196 415 2466 479 dentibus,
2506 414 2804 486 Imperator
2843 425 3114 475 reversus,
3158 405 3477 479 praeteriens
3524 402 3783 466 Romam,

983 516 1037 557 IN
1071 513 1295 556 ITALILI
1329 512 1632 556 VENBBUNT.

587 616 886 688 Incltoante
940 594 1086 673 anno
1141 614 1445 673 nativitatis
1508 611 1713 670 Christi
1777 607 1945 674 l027,
1999 619 2097 661 rex

520 706 883 765 Chuonradus
920 707 977 763 in
1014 707 1105 779 lpo
1138 708 1286 780 regia
1325 705 1552 763 civitate
1594 700 1839 757 Natalem
1884 695 2097 752 Domini

522 796 867 873 celebravit:
912 786 1042 853 illuc
1080 796 1350 868 Rudolplti
1390 795 1533 866 regis
1577 789 1900 863 Burgundiaa
1940 784 2100 857 legati

521 898 792 947 venerunt
833 887 1217 962 promittentes
1250 889 1402 944 illttm
1437 887 1667 942 Romam
1711 889 1996 937 venturum
2034 875 2101 930 ad

522 961 847 1039 electionem
894 989 953 1038 et
992 980 1461 1038 consecrationem
1508 961 1910 1048 imperatoriam
1959 965 2104 1038 regis

522 1070 834 1129 Cbuonradi
868 1087 884 1129 :
914 1071 1060 1143 quod
1090 1086 1185 1127 rex
1215 1078 1493 1143 gratanter
1519 1063 1750 1136 accepit,
1780 1070 1836 1118 et
1859 1058 2104 1116 remissis

523 1160 716 1235 legatis
758 1176 884 1218 cum
929 1161 1267 1228 muneribus,
1314 1160 1430 1232 ipse
1472 1156 1677 1213 Padum
1723 1152 1993 1209 transiens
2037 1148 2104 1203 ad

523 1254 756 1311 Romam
783 1253 1003 1311 tendere
1022 1253 1207 1326 cmpit.
1232 1251 1469 1308 Veniens
1491 1250 1559 1305 ad
1582 1246 1785 1303 Lucam
1808 1240 2104 1303 civitatem,

527 1347 733 1404 invenit
786 1362 908 1404 eam
953 1347 1059 1405 sibi
1104 1346 1388 1403 adversam
1437 1358 1559 1400 cum
1606 1337 1916 1410 Reginbero
1964 1350 2108 1389 mar-

528 1439 745 1494 ebibne.
775 1437 857 1494 Ibi
882 1453 977 1493 rex
1000 1436 1278 1510 paululum
1309 1443 1553 1493 moratus
1594 1439 1717 1504 post
1747 1444 1949 1502 paucos
1992 1426 2109 1481 dies

528 1531 805 1586 civitatem
835 1538 890 1585 et
916 1528 1286 1585 marcltionem
1332 1528 1388 1583 in
1429 1524 1762 1582 deditionem
1800 1525 2107 1590 acceperat,

530 1634 859 1689 omnemque
885 1618 1137 1674 Tusciam
1165 1618 1266 1673 sibi
1294 1615 1534 1673 breviter
1556 1610 1883 1684 subjugavit,
1923 1608 2112 1678 sicque

532 1710 922 1781 triuntpbando
947 1708 1248 1766 Romanam
1284 1707 1466 1762 visitat
1493 1719 1696 1760 arcem.

599 1836 738 1884 QUOD
794 1835 898 1877 SEX
958 1833 1307 1876 CBDONBADUS
1366 1831 1528 1872 Μ)νῶ
1590 1794 1893 1871 ικηιιλίοιι
1942 1824 2040 1865 EST

1166 1902 1458 1943 EFFECTUS.

601 2005 770 2077 Igitur
799 2020 897 2060 rex
934 2003 1295 2059 Cbuonradus
1336 2000 1563 2055 Romam
1604 1999 1885 2069 ingressus
1923 1993 2114 2050 eodem

535 2112 704 2162 anno,
733 2104 794 2151 ut
817 2110 1002 2167 supra,
1041 2094 1094 2148 id
1117 2103 1224 2156 est,
1254 2107 1283 2145 a
1310 2091 1602 2147 Nativitate
1631 2087 1931 2143 Salvatoris
1957 2083 2116 2148 1027,

536 2188 833 2244 indictione
873 2185 1106 2251 decima,
1137 2200 1167 2239 a
1196 2198 1336 2255 papa
1370 2181 1581 2238 Joanne
1618 2189 1675 2235 et
1713 2174 1983 2234 universis
2011 2173 2115 2255 lio-

535 2280 713 2337 manis
738 2279 890 2351 regio
922 2279 1130 2335 hono:e
1165 2253 1395 2333 mirifice
1428 2283 1681 2343 receptus
1703 2279 1787 2326 est
1816 2288 1829 2325 :
1858 2277 1916 2325 et
1944 2268 1998 2323 in
2034 2253 2121 2321 die

535 2381 727 2428 sancto
763 2370 1013 2437 Pascha,
1041 2369 1133 2441 qui
1164 2384 1230 2425 eo
1254 2383 1398 2423 anno
1439 2381 1515 2422 vn
1546 2364 1665 2420 Kal.
1697 2362 1903 2434 Aprilis
1936 2359 2122 2417 termi-

543 2463 799 2529 nabatur,
829 2476 860 2516 a
883 2460 1143 2517 Romanis
1170 2460 1238 2514 ad
1267 2459 1651 2529 imperatorem
1693 2455 1918 2520 electus,
1952 2452 2124 2523 impe-

538 2553 731 2611 rialem
760 2552 1194 2610 benedictionem
1225 2565 1255 2605 a
1285 2563 1423 2621 papa
1448 2546 1707 2618 suscepit,

610 2643 795 2701 Caesar
820 2650 877 2698 et
898 2642 1173 2715 Augustus
1201 2639 1448 2695 Romano
1475 2636 1695 2691 nomine
1721 2632 1920 2688 dictus.

541 2756 685 2829 Quin
714 2755 881 2813 etiam
912 2755 1101 2828 regina
1129 2752 1311 2811 Gisela
1356 2749 1717 2823 imperatricis
1756 2754 2128 2803 consecratio-

540 2862 668 2905 nem
706 2854 762 2904 et
784 2860 984 2903 nomen
1025 2845 1227 2902 ibidem
1258 2850 1488 2914 accepit.
1515 2839 1611 2895 llis
1644 2840 1831 2908 itaque
1868 2836 2129 2909 peractis,

544 2940 603 2995 in
655 2937 888 2994 duorum
935 2950 1127 3007 regum
1169 2933 1459 3007 praesentia
1501 2930 1770 3001 Rudolplii
1816 2928 1956 3000 regis
1998 2925 2133 2981 Bur-

544 3028 781 3101 gundize,
811 3035 869 3084 et
902 3026 1166 3083 Cnutonis
1208 3025 1354 3096 regis
1391 3021 1709 3094 Anglorum,
1741 3018 1924 3075 divino
1952 3015 2133 3072 oliicio

2199 505 2396 561 iterum
2426 504 2635 561 Italiam
2659 504 2995 576 pertransiit.

2589 611 2657 651 DE
2696 609 2953 651 TYBANNO
3000 601 3393 647 TIIASSELGABO.

2274 689 2352 745 Eo
2380 697 2622 759 tempore
2649 696 2769 743 erat
2797 687 2848 741 in
2891 685 3040 740 Italia
3073 682 3292 750 quidam
3322 686 3590 748 tyrannus
3611 671 3791 729 Thas-

2203 779 2408 849 selgart
2426 779 2622 843 dictus,
2654 776 2747 848 qui
2773 777 2874 832 sub
2901 785 3141 845 tempore
3169 767 3405 826 lIeinrici
3440 761 3790 835 imperatoris

2205 870 2376 926 multa
2404 869 2639 925 facinora
2670 866 2943 924 commisit
2975 866 3026 919 in
3061 876 3224 933 regno
3253 878 3267 914 :
3298 859 3390 914 sed
3420 871 3519 926 per
3547 855 3792 908 marinos

2205 977 2456 1019 recessus
2483 971 2537 1016 et
2565 960 2698 1015 alias
2728 958 3081 1023 munitiones,
3122 968 3259 1025 quos
3287 951 3477 1006 [tabuit
3504 947 3647 1002 ultra
3673 959 3794 1001 mo-

2206 1053 2334 1109 dum
2358 1060 2523 1116 tutas,
2545 1050 2776 1106 Cmsaris
2799 1046 3037 1104 Heinriei
3063 1041 3493 1115 persecutionem
3513 1042 3786 1092 evaserat.

2206 1142 2340 1198 Erat
2383 1143 2530 1198 enim
2575 1140 2774 1196 nobilis
2802 1152 3022 1211 genere,
3053 1131 3394 1204 despicabilis
3436 1129 3490 1183 in
3532 1139 3791 1197 persona,

2210 1235 2383 1305 turpis
2412 1234 2466 1289 in
2493 1232 2759 1299 moribus,
2792 1244 3023 1302 magnus
3056 1226 3326 1299 praedator
3347 1221 3705 1278 ecclesiarum
3738 1226 3797 1273 et

2208 1325 2514 1384 viduarum.
2559 1325 2712 1381 lIunc
2758 1325 3055 1394 imperator
3080 1317 3439 1376 Chuonradus
3484 1309 3797 1381 diligentis.

2212 1421 2350 1491 sime
2400 1419 2813 1489 insequebatur,
2860 1424 2916 1471 et
2961 1412 3191 1469 insidias
3219 1408 3321 1465 sibi
3367 1417 3495 1462 ante
3541 1412 3600 1458 et
3649 1411 3800 1457 retro

2212 1510 2465 1565 omnibus
2508 1508 2684 1564 modis
2710 1504 2979 1577 Opposuit.
3028 1503 3131 1570 Qui
3165 1500 3289 1556 dum
3336 1514 3366 1552 a
3414 1494 3651 1567 quodam
3698 1504 3801 1546 sco

2214 1614 2397 1661 castro
2442 1601 2628 1673 fugere
2671 1601 2831 1656 vellet
2877 1599 2929 1653 in
2971 1597 3138 1661 aliud,
3172 1590 3201 1648 a
3255 1591 3518 1647 militibus
3564 1583 3799 1643 Caesaris

2217 1706 2407 1766 captus
2433 1702 2535 1750 est.
2560 1694 2712 1762 Quod
2734 1693 2860 1747 dum
2884 1691 3091 1745 audiret
3108 1688 3419 1758 imperator,
3451 1697 3575 1739 cum
3606 1690 3801 1750 magna

2137 1774 2191 1839 Β
2220 1784 2534 1842 festinantia
2561 1782 2908 1855 properabat,
2941 1780 3014 1834 ita
3046 1788 3104 1833 ut
3135 1776 3249 1832 fere
3279 1782 3495 1831 centum
3544 1768 3799 1825 milliaria

2213 1876 2405 1932 Latina
2441 1876 2584 1931 intra
2609 1874 2752 1930 diem
2778 1882 2834 1928 et
2861 1880 3077 1925 noctem
3105 1864 3463 1938 pertransiret
3488 1879 3502 1915 :
3531 1855 3805 1929 cogitabat

2215 1969 2384 2033 enim,
2405 1977 2461 2021 ut
2487 1981 2637 2020 more
2658 1962 2841 2028 solito,
2870 1962 3066 2017 iterum
3090 1960 3361 2014 evaderet.
3386 1952 3653 2007 Veniente
3675 1964 3807 2003 vero

2216 2057 2567 2128 imperatore,
2589 2058 2947 2125 praesentatus
2967 2058 3051 2103 est
3072 2046 3147 2102 illi
3168 2046 3293 2116 ipse
3321 2051 3603 2115 tyrannus.
3630 2037 3807 2105 Quem

2216 2165 2339 2207 cum
2375 2148 2626 2212 videret,
2676 2143 2851 2200 fertur
2895 2141 3100 2198 dixisse
3134 2139 3429 2208 imperator
3458 2150 3472 2187 :
3518 2130 3717 2186 Nonne
3745 2144 3807 2184 es

2218 2242 2309 2298 hic
2354 2239 2444 2296 ille
2479 2238 2586 2305 leo,
2626 2236 2719 2307 qui
2760 2232 3043 2290 devoravit
3086 2229 3289 2286 bestias
3316 2224 3516 2281 Italiae?
3544 2221 3655 2278 Per
3680 2235 3807 2274 san-

2219 2340 2363 2388 ctam
2400 2344 2619 2386 crucem
2648 2325 2886 2391 Domini,
2908 2323 3032 2378 talis
3057 2321 3142 2377 leo
3165 2335 3272 2375 non
3304 2315 3553 2372 comedet
3578 2310 3812 2381 amplius

2220 2423 2288 2477 de
2308 2437 2445 2492 pane
2472 2435 2593 2475 meo
2617 2436 2631 2473 :
2662 2417 2843 2472 ethoc
2862 2414 3072 2477 dicens,
3102 2410 3286 2467 statim
3303 2405 3517 2463 cunctis
3548 2399 3811 2475 principi-

2222 2513 2323 2569 bus
2344 2511 2495 2580 regui
2514 2506 2970 2580 adjudicantibus,
2991 2501 3235 2575 praecipit
3260 2499 3409 2554 illum
3435 2497 3488 2551 in
3510 2493 3812 2568 patibulum

2224 2604 2506 2674 suspendi.
2543 2601 2662 2669 Quo
2690 2610 2975 2668 suspenso,
3025 2608 3123 2664 per
3149 2605 3365 2648 omnem
3403 2588 3550 2642 illam
3590 2583 3816 2655 provin-

2227 2697 2364 2753 ciam
2396 2709 2499 2765 pax
2548 2701 2604 2747 et
2645 2689 2935 2755 securitas,
2973 2686 3067 2743 diu
3110 2684 3343 2740 latentes
3380 2678 3544 2736 simul
3576 2689 3817 2732 emerse-

2228 2793 2378 2842 runt.

2360 2894 2425 2932 DE
2455 2887 2852 2933 CONJURA'I'IONB
2884 2880 3213 2936 οῠοκωιυυι
3244 2874 3695 2937 τευτοκιεοιωι.

2304 2970 2514 3025 Interea
2545 2974 2792 3022 morante
2830 2962 2886 3017 in
2918 2959 3068 3015 Italia
3098 2958 3427 3026 imperatore
3454 2950 3599 3020 apud
3621 2947 3819 3003 Teuto-

2237 3063 2405 3124 nicos,
2437 3072 2633 3130 magna
2673 3054 2898 3119 invidia,
2925 3049 3093 3108 multa
3126 3046 3374 3111 consilia,
3411 3041 3600 3098 multae
3630 3038 3819 3093 factio-

547 3117 706 3175 Iinito
756 3116 827 3172 im
870 3124 1058 3173 crater
1092 3118 1320 3171 duorum
1351 3129 1410 3168 re
1449 3128 1541 3166 um
1571 3109 1784 3166 medius
1810 3110 1879 3165 ad
1908 3106 2131 3164 cubicu-
2237 3106 2405 3124 """"’
2437 3106 2633 3130 “"°""
2928 3106 2942 3108 '
3360 3106 3372 3111 '

548 3208 562 3216 -
704 3159 723 3186 ’
832 3131 866 3188 p
905 3205 920 3216 .
1083 3205 1133 3216 ...
1275 3203 1289 3216 .
1368 3128 1444 3216 ,⁸
1521 3215 1524 3216 ν
1570 3210 1581 3216 -
1652 3199 1702 3216 .,
2156 3123 2205 3187 ο
2234 3150 2631 3210 nesadversus
2661 3147 3043 3216 imperatorem
3082 3138 3357 3193 incassum
3402 3139 3723 3202 eruperant.
3753 3126 3824 3186 Ut

546 3208 662 3263 lum
706 3221 864 3263 suum
905 3205 1205 3261 honorifice
1258 3203 1452 3259 ductus
1504 3210 1606 3257 est.
1652 3199 1710 3255 In
1762 3199 1893 3269 ipsis
1939 3197 2130 3253 diebus

548 3297 907 3370 paschalibus
930 3297 1078 3353 inter
1116 3295 1395 3353 Romanos
1437 3303 1492 3350 et
1524 3292 1856 3349 Teutonicos
1892 3306 1994 3362 pro
2035 3289 2131 3346 vili

549 3406 715 3446 causa
742 3400 860 3448 orta
884 3401 969 3449 est
1001 3392 1197 3449 seditio
1223 3406 1437 3464 magna.
1464 3390 1873 3448 Contendebant
1900 3388 2005 3444 duo
2035 3400 2134 3458 pro

551 3481 705 3537 corio
742 3482 936 3538 bovis:
960 3497 1193 3553 cumque
1219 3496 1278 3538 se
1305 3482 1536 3538 invicem
1561 3479 1753 3551 pugnis
1782 3478 1991 3534 caedere
2018 3491 2131 3532 cm-

550 3573 782 3644 pissent,
812 3580 961 3630 totus
988 3574 1260 3630 exercitus
1306 3560 1654 3643 imperatoris
1680 3578 1985 3627 commotus
2009 3576 2091 3623 est
2118 3585 2131 3620 :

550 3673 607 3720 et
633 3664 829 3719 armati
858 3664 1072 3735 equites
1104 3673 1159 3720 et
1197 3664 1429 3736 pedites,
1464 3679 1531 3718 ex
1562 3671 1797 3732 utroque
1826 3667 1981 3731 parte
2007 3673 2136 3713 eon-

552 3765 838 3820 venerunt,
869 3757 943 3812 ibi
971 3755 1294 3813 interfectus
1317 3765 1404 3813 est
1426 3770 1495 3813 ex
1526 3763 1711 3810 nostra
1742 3761 1894 3824 parte
1917 3752 2136 3823 quidam

548 3845 765 3914 juvenis
791 3846 1011 3903 nomine
1045 3846 1465 3919 Berrengarius,
1506 3846 1651 3901 filius
1678 3830 1896 3898 τιυῑοίᾱί
1926 3840 2142 3897 comitis

556 3939 625 3991 de
650 3936 995 4004 Alemannia,
1038 3937 1265 3992 multum
1303 3936 1502 3993 nobilis
1539 3944 1590 3991 et
1624 3934 1914 3991 bellicosus
1953 3930 2138 3986 nimis.

556 4031 787 4087 Romani
813 4031 904 4086 diu
930 4030 1250 4087 resistentes
1279 4030 1347 4085 ad
1373 4037 1677 4084 extremum
1705 4025 1837 4081 victi
1866 4023 2139 4093 fugerunt,

556 4131 612 4179 et
639 4122 1066 4179 innumerabiles
1102 4137 1170 4177 ex
1200 4122 1308 4178 illis
1346 4120 1643 4193 perierunt.
1673 4117 1975 4188 Imperator
2011 4127 2144 4169 vero

557 4214 876 4284 praedictum
901 4212 1178 4284 juvenem,
1207 4212 1467 4284 quoniam
1497 4211 1600 4267 sibi
1643 4210 1875 4266 dilectus
1904 4215 1961 4262 et
1988 4204 2145 4260 fami-

564 4304 717 4362 liaris
737 4304 935 4373 fuerat,
955 4305 1112 4376 juxta
1140 4304 1407 4361 tttmulum
1431 4302 1664 4359 Caesaris
1685 4299 1898 4376 Otlonis
1925 4295 2141 4368 sepeliri

562 4398 842 4467 praecepit.
864 4396 1086 4454 Postera
1117 4397 1204 4454 die
1237 4395 1491 4461 Romani,
1524 4394 1617 4467 qui
1648 4391 1968 4448 seditionem
1997 4403 2143 4445 com-

2233 3243 2379 3300 enim
2431 3255 2463 3296 a
2505 3236 2809 3295 minoribus
2855 3230 3109 3303 incipiam
3156 3234 3211 3282 et
3252 3226 3318 3279 ad
3363 3224 3602 3293 majores
3636 3228 3824 3289 perve-

2234 3335 2402 3399 niam,
2444 3330 2662 3403 quidam
2713 3339 2902 3383 comes
2928 3324 2980 3377 in
3022 3319 3241 3384 Suevia,
3284 3314 3452 3371 Wolﬂ'
3485 3311 3820 3371 nominatus,

2234 3425 2386 3480 dives
2410 3401 2721 3492 inprmdiis,
2745 3424 2938 3485 potens
2961 3411 3014 3466 in
3038 3408 3227 3474 armis,
3249 3414 3304 3462 et
3323 3404 3509 3459 Bruno
3530 3401 3821 3470 episcopus

2234 3512 2614 3587 Augustensis,
2663 3509 2895 3566 invicem
2946 3500 3301 3571 confligentcs
3351 3493 3526 3550 multa
3578 3489 3729 3544 mala
3766 3486 3822 3542 in

2233 3584 2455 3680 praediis
2476 3615 2530 3661 et
2553 3599 2820 3658 incendiis
2846 3597 3092 3652 fecerunt
3115 3591 3170 3644 in
3194 3602 3378 3658 regno.
3408 3584 3491 3638 Ad
3515 3591 3824 3636 extremnm

2236 3677 2527 3772 praedictus
2553 3706 2738 3748 comes
2770 3689 2942 3760 ipsam
2977 3684 3276 3753 Augustam
3315 3677 3660 3742 irrumpens,
3689 3682 3823 3723 mra-

2239 3767 2379 3847 rium
2410 3785 2648 3858 episcopi
2676 3778 3025 3853 despoliavit,
3053 3782 3110 3829 et
3136 3780 3300 3827 totam
3328 3767 3615 3823 civitatem
3644 3769 3827 3815 vasta-

2238 3883 2343 3949 vit;
2375 3849 2520 3951 quod
2572 3849 2794 3948 postea,
2813 3878 3041 3942 cogente
3069 3866 3419 3935 imperatore,
3457 3864 3646 3951 totunl
3670 3849 3827 3907 resti-

2243 3941 2367 4035 tuii,
2393 3941 2464 4025 .et
2505 3941 2760 4038 episcopo
2813 3941 3140 4019 emendavit.
3188 3953 3378 4008 Chuno
3421 3948 3530 4003 dux
3572 3941 3825 3999 Wormao

2243 4066 2450 4129 tiensis,
2479 4032 2741 4134 patruelis
2766 4051 3132 4126 imperatoris,
3165 4062 3266 4102 nee
3304 4043 3443 4098 fidus
3484 4032 3824 4109 imperatori,

2244 4171 2342 4211 nec
2370 4128 2545 4208 tamen
2578 4148 2805 4204 multum
2836 4143 3032 4199 noxius
3061 4137 3160 4203 illi,
3207 4133 3423 4191 interim
3455 4128 3678 4199 quietus
3710 4137 3823 4179 ma-

2243 4244 2427 4301 nebat.
2482 4237 2797 4297 Fridericus
2862 4234 2971 4289 dux
3041 4225 3537 4294 Lotbaringorum,
3598 4214 3826 4271 vitricus

2243 4334 2488 4407 prmdicti
2547 4328 2831 4388 Cltunonis
2889 4318 3205 4394 imperatori
3265 4309 3600 4370 inimicando
3652 4314 3827 4361 morte

2248 4398 2468 4498 propria
2510 4427 2823 4496 prmventus
2865 4425 2969 4472 est.
3009 4414 3269 4468 Ernestus
3317 4408 3422 4463 dux
3460 4398 3825 4461 Alemannia,

561 4497 872 4590 )waemﬂl’
907 4498 1035 4590 fune
1064 4488 1459 4590 i"“’°.§"“°.'e'.‘,‘,
1476 4485 1775 4590 venien}es’
1810 4481 2145 4590 mfdausf
2170 4467 2223 4529 Β
2249 4467 3259 4590 ὶῑῐυιβέἆιῖδνίξδιιιιοηηάἰ,
3282 4509 3454 4565 nuper
3481 4490 3634 4546 abeo
3662 4488 3821 4542 bene-

562 4577 745 4644 dibus,
775 4578 927 4633 liberi
962 4595 1083 4635 eum
1108 4580 1267 4636 nudis
1299 4578 1515 4650 gladiis,
1538 4578 1680 4634 servi
1707 4592 1832 4634 cum
1862 4573 2147 4644 torquibus

565 4670 822 4727 vimineis
850 4670 1005 4747 circa.
1029 4671 1250 4736 collum,
1284 4671 1438 4741 quasi
1466 4671 1532 4725 ad
1579 4669 1985 4738 suspensionem
2012 4680 2148 4736 pra:—

563 4763 761 4833 parati,
788 4771 849 4818 ut
873 4762 1170 4833 imperator
1188 4760 1368 4833 jussit,
1397 4760 1820 4817 satisfaciebant.

837 4888 977 4938 QUOD
1008 4887 1323 4929 IMPERATOR
1351 4887 1406 4926 IN
1435 4886 1668 4927 APULIAH
1698 4886 1883 4926 VENIT.

642 4983 805 5039 Facta
834 4983 1001 5056 igitur
1045 4999 1181 5055 pace
1212 4984 1355 5043 inter
1392 4982 1670 5039 Romanos
1716 4988 1772 5034 et
1818 4977 2150 5033 Teutonicos

502 5144 505 5145 ν
572 5075 867 5142 imperator
902 5075 956 5131 in
999 5076 1250 5145 Apuliam
1282 5072 1566 5145 processit,
1601 5079 1656 5128 et
1707 5070 2149 5123 Beneventanum

506 5164 507 5167 “
571 5171 629 5216 et
648 5161 910 5232 Capuam,
946 5179 1010 5219 ac
1036 5163 1276 5235 reliquas
1315 5162 1566 5229 civitates
1603 5158 1746 5215 illius
1789 5156 2028 5228 regionis
2056 5170 2152 5211 seu

574 5252 628 5307 vi
659 5253 773 5309 sive
797 5255 1098 5310 voluntaria
1125 5255 1397 5311 deditione
1422 5253 1527 5309 sibi
1554 5249 1863 5322 subjugavit
1887 5265 1902 5315 ;
1931 5258 1987 5304 et
2020 5247 2155 5302 Nor-

2251 4614 2391 4669 tieiis
2437 4620 2493 4666 et
2536 4606 2850 4665 muneribus
2892 4601 3238 4663 sublimatus,
3276 4593 3561 4650 discedens
3611 4590 3825 4649 iterum,

2253 4703 2544 4774 instigante
2571 4697 2808 4762 diabolo,
2846 4692 3200 4750 rebellionem
3229 4684 3586 4741 moliebatur:
3619 4687 3675 4734 et
3712 4691 3829 4731 cotr

2251 4770 2753 4865 silio‘quorumdam
2776 4786 3009 4843 militum
3036 4786 3283 4838 suorum.
3314 4775 3577 4833 Alsatiam
3609 4770 3825 4841 provin-

2254 4887 2393 4944 ciam
2416 4859 2683 4947 vastavit,
2714 4888 2768 4932 et
2797 4874 3018 4932 castella
3050 4869 3292 4941 Ilugonis
3322 4864 3558 4928 comitis,
3585 4859 3682 4933 qui
3717 4864 3829 4914 erat

2252 4972 2694 5044 consanguineus
2721 4958 3386 5038 imperatoris,desolavit.
3409 4953 3615 5011 Deinde
3638 4962 3829 5021 magno

2253 5042 2494 5123 exercitu
2517 5061 2777 5131 juvenum
2808 5057 3054 5119 collecto,
3099 5049 3466 5122 Burgundiam
3502 5042 3705 5099 invasit
3734 5058 3749 5094 :
3777 5046 3829 5092 et

2252 5159 2396 5215 ultra
2444 5163 2683 5210 castrum
2730 5147 3081 5211 Solodurum,
3120 5140 3411 5215 quamdam
3458 5135 3693 5191 insulam
3743 5145 3831 5201 ag-

2255 5262 2382 5322 gere
2410 5253 2465 5301 et
2490 5242 2632 5299 vallo
2653 5240 2873 5296 ﬁrmare
2899 5236 3092 5306 cepit;
3117 5232 3211 5288 sed
3237 5227 3553 5298 Rudolphus
3575 5238 3671 5278 rex
3698 5221 3830 5326 Blll':
