4024 5370
246 276 374 336 1257
1478 277 1636 336 Vl'l'A
1674 277 1974 335 CONRADI
2015 279 2253 343 SALICI.
3353 278 3502 337 {253’

242 386 544 464 posthabita
571 384 687 459 lege
713 393 771 444 et
810 385 1020 459 justitia
1039 403 1214 460 usque
1241 389 1308 445 ad
1350 390 1695 461 imperatoris
1727 407 1811 446 re—
1837 398 1886 457 Λ
1915 395 2034 450 tuit.
2068 395 2232 452 Paulo
2283 405 2403 466 post
2441 395 2713 454 Adalbero
2752 395 2860 452 dux
2911 395 3337 460 Histrianorum,
3376 395 3497 454 sive

243 483 408 538 ditum
439 479 641 550 iniquis
670 477 957 535 conatibus
983 480 1287 536 insistebat.
1918 484 2354 552 Carintanormn,
2405 504 2530 544 reus
2573 489 2895 558 majestatis,
2935 487 3112 543 victus
3151 486 3218 541 ab
3247 486 3487 556 impera-

434 585 522 627 ust
561 586 667 628 nux
705 585 977 626 uastas-rus
1013 587 1072 627 se
1112 586 1288 629 DENUO
1325 589 1603 629 nsuntmr.
1918 583 2056 641 tore,
2089 591 2211 631 cum
2241 577 2367 632 filiis
2408 579 2522 634 suis
2540 578 2818 635 exsulatus
2847 586 2951 644 est,
3003 586 3058 632 et
3087 577 3343 632 ducatum
3374 573 3497 646 ejus
3558 590 3566 595 '

310 661 450 719 Pace
499 677 597 732 per
643 668 810 716 totam
865 660 1075 717 ltaliam
1126 663 1467 731 conﬁrmata,
1525 665 1820 736 imperator
1920 665 2022 722 iste
2047 667 2275 723 Chuono
2325 670 2395 724 ab
2443 671 2768 739 imperatore
2815 667 3097 739 suscepit:
3139 681 3300 737 quem
3331 666 3497 721 duca-

243 753 598 810 Chuouradus
623 760 882 824 prospero
927 753 1102 809 reditu
1130 754 1186 808 in
1227 755 1605 810 Alemanniam
1639 746 1836 822 venit;'
1920 764 2033 810 tum
2063 765 2220 827 pater
2240 757 2479 826 ejusdem
2509 758 2824 813 Chuononis
2871 756 3072 812 dudum
3099 756 3356 812 habuisse
3375 769 3500 824 per-

245 853 297 899 ct
341 843 397 898 in
443 843 686 914 Augusta
714 843 992 899 Vindelica
1045 844 1372 916 colloquium
1410 847 1675 902 familiare
1693 862 1818 902 cum
1921 849 2154 904 hibetur.
2183 849 2262 904 [ta
2300 849 2408 904 dux
2435 849 2662 906 Chuouo
2704 849 2842 904 [ldus
2870 858 2926 904 et
2954 849 3092 904 bene
3118 847 3356 902 militans
3399 861 3500 900 nn-

243 933 355 990 suis
378 931 625 988 ﬁdelibus
651 943 862 998 tenens,
893 933 958 989 de
971 935 1341 1003 proditoribus
1362 938 1552 1008 patria:
1583 946 1820 993 tractare
1918 939 2158 1009 peratori
2179 950 2234 996 et
2254 940 2364 997 ﬁlio
2389 956 2487 998 suo
2512 941 2768 998 Heinrico
2797 941 2907 1012 regi
2926 983 2940 1007 ,
2965 955 3246 1011 quousque
3271 940 3464 995 vixerit
3481 977 3507 1004 μ

244 1023 438 1094 coepit;
477 1024 601 1080 inde
640 1023 708 1082 ad
759 1025 1018 1095 oppidum
1075 1027 1219 1096 quod
1267 1027 1421 1084 Uhna
1461 1037 1687 1084 vocatur
1729 1044 1822 1084 ve-
1922 1033 2225 1102 permansit

245 1114 424 1178 niens,
472 1113 801 1184 colloquium
830 1115 1046 1185 publice
1102 1119 1412 1174 condictum
1462 1120 1572 1176 illic
1610 1120 1826 1175 habuit.
2133 1139 2201 1180 ut:
2238 1138 2536 1180 assumas
2573 1138 2808 1181 sriscort
2840 1140 3277 1182 ABGENTINENSIS.

243 1204 358 1261 llue
382 1204 492 1260 dux
529 1205 790 1262 Ernestus
818 1222 925 1262 non
955 1217 1082 1264 voto
1116 1210 1357 1280 supplice
1385 1212 1555 1277 venit,
1586 1211 1822 1267 conlisus
1995 1213 2199 1271 Eodem
2235 1225 2476 1284 tempore
2500 1213 2881 1270 Werinharius
2930 1217 3240 1287 Argentinae
3265 1214 3504 1270 civitatis

245 1299 474 1358 militum
524 1298 888 1364 multitudine,
935 1315 1073 1368 quos
1119 1303 1353 1371 optimos
1398 1302 1608 1369 habuit,
1655 1311 1713 1356 ut
1738 1301 1823 1357 vel

1951 1309 2237 1379 ipiscopus,
2268 1308 2336 1364 ab
2365 1309 2694 1378 imperatore
2737 1309 2944 1380 legatus
2977 1308 3503 1379 Constantinopolim

245 1387 540 1443 secundum
583 1387 796 1443 libitum
820 1404 944 1444 eum
974 1389 1187 1446 Caesare
1226 1407 1286 1448 se
1319 1402 1561 1463 pacaret,
1594 1392 1676 1447 vel
1699 1393 1824 1449 inde
1923 1399 2180 1456 mittitur.
2215 1399 2318 1467 Qui
2379 1398 2506 1454 dum
2565 1412 2728 1454 causa
2785 1399 3051 1455 orationis
3079 1396 3505 1470 Hierosolymam

245 1495 339 1550 per
360 1487 684 1548 potestatem
714 1480 943 1546 rediret;
961 1493 1017 1536 et
1039 1482 1223 1538 habito
1244 1483 1516 1554 colloquio
1537 1498 1659 1538 cum
1683 1483 1820 1547 suis,

1951 1506 2156 1563 tergere
2185 1506 2244 1546 se
2279 1490 2524 1562 ﬁngeret,
2561 1501 2622 1546 ut
2659 1490 2991 1561 putavimus,
3025 1488 3231 1560 judicio
3269 1490 3503 1552 Domini,

246 1569 480 1639 Primum
507 1570 832 1626 monllileos
859 1571 1484 1630 ﬁdeisacramenlalilel‘
1503 1574 1818 1646 ρτοηιίεεως
1928 1595 2091 1651 quem
2137 1579 2328 1637 fallere
2381 1596 2541 1637 nemo
2571 1580 2794 1648 valebit,
2840 1581 3163 1637 mirabiliter
3203 1581 3508 1652 prohibitus

245 1658 442 1714 dehinc
473 1659 796 1715 hortabatur
819 1676 914 1716 eos
939 1676 1007 1716 ne
1039 1662 1186 1716 illum
1213 1663 1548 1729 desererent,
1565 1678 1632 1718 ne
1654 1665 1824 1719 hono-
1925 1681 2029 1728 est,
2062 1671 2198 1727 Nam
2219 1674 2347 1727 dum
2370 1687 2620 1744 magnum
2649 1672 2968 1728 comitatum
3017 1672 3321 1736 hominum,
3342 1670 3509 1740 majo-

248 1762 359 1802 rem
391 1762 550 1802 suum
602 1749 916 1817 perderent,
976 1765 1081 1805 non
1121 1751 1315 1807 decere
1343 1768 1437 1808 θος
1479 1753 1825 1810 immemores
1853 1770 1900 1830 Β
1929 1780 2042 1820 rem
2068 1778 2282 1834 quoque
2319 1773 2592 1820 mulorum
2634 1763 2974 1828 animalium,
3002 1778 3290 1834 equorum,
3322 1763 3514 1824 boum,

248 1841 381 1908 fore,
418 1842 472 1895 in
508 1841 756 1897 historiis
786 1852 1023 1912 patrum,
1058 1859 1274 1914 semper
1305 1845 1634 1901 Alemannos
1678 1847 1833 1902 bona:

248 1930 374 1986 ﬁdei
400 1942 456 1986 et
481 1931 794 1986 stabilitatis
824 1932 878 1986 in
904 1934 1158 1988 dominos
1193 1935 1560 1990 testimonium
1599 1935 1829 2000 habere;

249 2031 302 2075 et
324 2020 431 2076 sibi
461 2019 553 2076 fidi
602 2021 804 2087 forent,
835 2021 942 2078 illis
973 2025 1194 2093 prmmia
1229 2025 1463 2094 posteris
1505 2040 1695 2081 eorum
1722 2025 1834 2096 glo-

250 2115 388 2170 riam
435 2129 492 2170 et
547 2117 809 2172 honorem
840 2133 961 2173 esse
999 2119 1261 2175 futurum.
1295 2121 1446 2176 Talia
1480 2122 1680 2178 dicenti
1728 2123 1835 2179 duo

249 2207 500 2271 comites,
526 2205 835 2262 Friderieus
859 2217 914 2261 et
941 2208 1228 2265 Anselmus
1249 2226 1348 2280 pro
1370 2212 1582 2266 caneris
1613 2227 1837 2281 respon-

251 2299 582 2354 debant‘hoc
613 2301 773 2354 modo
807 2318 820 2354 :
852 2299 1114 2357 Nolumus
1160 2302 1390 2358 inliciari
1413 2304 1540 2373 quin
1571 2304 1725 2358 vobis
1747 2303 1836 2358 fir-

253 2391 413 2446 miter
459 2393 904 2462 promitteremus
948 2403 1140 2448 contra
1195 2410 1418 2461 omnes,
1468 2404 1670 2465 praeter
1707 2410 1834 2451 eum

253 2481 341 2548 qui
384 2497 486 2537 nos
515 2482 669 2538 vobis
698 2483 887 2538 dedit:
920 2483 964 2538 si
1004 2485 1149 2540 servi
1206 2501 1454 2541 essemus
1493 2487 1634 2557 regis
1657 2495 1712 2541 et
1738 2486 1838 2540 itu-

254 2572 528 2640 peratoris
559 2574 754 2639 nostri,
777 2582 834 2628 et
859 2575 928 2629 ab
954 2589 1020 2630 eo
1043 2575 1154 2645 juri
1176 2585 1359 2651 vestro
1382 2575 1694 2646 mancipati,
1728 2589 1834 2630 non

254 2663 416 2719 nobis
444 2663 633 2719 liceret
678 2681 710 2719 a
749 2665 902 2720 vobis
938 2667 1202 2734 separari.
1243 2666 1398 2722 Nunc
1431 2681 1560 2720 vero
1615 2680 1738 2720 cum
1776 2664 1841 2719 li-

254 2752 369 2808 beri
392 2754 556 2808 simul
577 2765 633 2810 et
661 2755 932 2811 libertatis
952 2765 1154 2810 nostrae
1174 2772 1447 2812 summum
1469 2755 1837 2822 defensorem,

261 2841 470 2900 interea
519 2859 700 2916 regem
727 2854 784 2900 et
827 2847 1212 2916 imperatorem
1245 2856 1489 2903 nostrum
1518 2847 1838 2914 habeamus,

261 2934 352 2990 ubi
399 2935 551 2990 illum
605 2936 926 3003 deserimus,
989 2937 1296 2995 libertatem
1324 2941 1645 3006 amittimus,
1676 2955 1839 3010 quam

259 3039 425 3080 nemo
453 3025 647 3090 bonus,
675 3035 734 3080 ut
781 3026 857 3081 ait
900 3029 1142 3097 quidam,
1175 3028 1280 3084 nisi
1327 3046 1452 3086 cum
1501 3031 1612 3085 vita
1676 3029 1839 3086 simul

1935 1857 2139 1922 ovium,
2188 1871 2522 1925 porcorum,
2572 1856 2882 1926 multasque
2947 1855 3172 1912 delicias
3227 1853 3528 1910 saeculares.

1937 1945 2080 2001 ultra
2131 1946 2348 2000 modum
2401 1960 2586 2001 secum
2623 1947 2899 2012 educeret,
2958 1946 3286 2017 perveniens
3325 1945 3377 1999 in
3401 1943 3517 2000 Un-

1935 2037 2167 2106 gariam,
2219 2051 2249 2089 a
2278 2049 2403 2104 rege
2450 2033 2728 2103 Stephano
2779 2034 3116 2088 contradicta
3158 2041 3242 2088 est
3272 2031 3374 2086 sibi
3404 2033 3511 2096 via,

1935 2128 2080 2196 quod
2111 2142 2178 2182 eo
2216 2135 2458 2194 tempore
2508 2125 2636 2179 nulli
2681 2133 2956 2179 aratorum
3007 2122 3224 2178 accidit.
3270 2121 3398 2176 lnde
3430 2137 3516 2176 re-

1935 2231 2126 2272 versus
2161 2229 2263 2284 per
2311 2213 2619 2282 Bajoariam
2647 2229 2775 2270 cum
2815 2214 2959 2270 omni
2983 2213 3241 2268 comitatu
3270 2227 3368 2268 suo
3391 2227 3512 2281 per-

1937 2320 2068 2376 gens
2104 2305 2318 2360 Italiam
2349 2305 2609 2372 intravit;
2639 2317 2695 2362 et
2723 2305 2951 2360 multum
3000 2306 3144 2360 circa
3183 2303 3316 2358 fines
3345 2302 3516 2357 Vero-

1939 2413 2021 2452 nae
2043 2405 2306 2458 moratus,
2330 2396 2548 2451 tandem
2577 2411 2699 2451 cum
2730 2395 2966 2449 maximo
3005 2393 3191 2448 labore
3218 2407 3316 2461 per
3347 2391 3518 2446 Vene-

1938 2480 2070 2541 tiam
2117 2501 2269 2541 mare
2317 2485 2654 2540 Adriaticum
2713 2485 3012 2555 ingressus,
3063 2483 3278 2551 navigio
3301 2495 3519 2535 catami-

1931 2584 2060 2636 .toso
2090 2575 2619 2644 Constantinopolim
2668 2573 2916 2644 pervenit
2945 2591 2957 2626 :
2995 2586 3226 2640 cumque
3251 2571 3318 2626 ab
3344 2569 3530 2640 impe-»

1939 2676 2122 2722 ratore
2149 2665 2460 2722 Grtccorum
2485 2662 2785 2720 honorifice
2816 2669 3100 2733 susceptus
3124 2669 3290 2726 esset,
3311 2672 3520 2713 secum-

1941 2771 2046 2826 que
2104 2755 2239 2812 satis
2299 2753 2645 2810 familiariter
2702 2759 3146 2814 conversaretur,
3213 2747 3524 2804 desiderare

1942 2847 2108 2916 ccepit
2138 2855 2197 2900 ut
2225 2844 2570 2914 imperatoris
2604 2842 2807 2898 auxilio
2842 2840 3266 2912 Hierosolymam
3303 2837 3521 2892 adiret:

1945 2952 2053 3007 quo
2109 2936 2398 2998 desiderio,
2429 2948 2644 3005 semper
2692 2933 2872 3003 aliqua
2907 2947 2966 2987 re
2989 2931 3364 2993 iuterdicente,
3389 2943 3525 2982 nun.-

1942 3045 2103 3100 quam
2127 3028 2287 3099 potiri
2317 3027 2561 3082 invaluit.
2601 3025 2858 3095 Sequenti
2895 3039 3026 3090 vero
3083 3031 3325 3091 tempore
3365 3018 3535 3085 obiit,

263 3115 485 3170 amittit.
516 3115 674 3181 Quod
704 3131 828 3172 cum
857 3118 933 3173 ita
987 3118 1080 3184 sit,
1107 3119 1367 3189 quidquid
1397 3120 1606 3176 honesti
1635 3133 1693 3176 et
1713 3119 1844 3190 justi
1872 3116 1916 3178 C
1949 3130 2003 3178 et
2025 3121 2268 3191 sepultus
2297 3130 2382 3174 est
2430 3119 2485 3173 in
2516 3117 2704 3173 eadem
2738 3116 2890 3180 urbe,
2915 3125 2968 3170 et
3009 3114 3378 3185 episcopatum
3411 3111 3528 3180 ejus

261 3221 295 3260 a
324 3207 500 3262 nobis"
524 3207 822 3276 requiritis,
855 3209 906 3262 in
952 3209 1054 3264 hoc
1112 3224 1305 3278 parere
1351 3209 1600 3264 volumus
1633 3211 1787 3266 vobis
1827 3227 1840 3263 :

263 3299 310 3353 si
341 3308 524 3354 autem
555 3310 742 3356 contra
770 3301 875 3356 hoc
901 3302 1081 3366 vultis,
1110 3303 1236 3356 illuc
1287 3311 1626 3357 revertemur
1648 3303 1846 3358 libera-

265 3390 416 3460 liter,
443 3393 584 3448 uude
604 3400 673 3447 ad
721 3408 818 3449 vos
863 3395 1111 3448 venimus
1139 3394 1597 3449 conditionaliter.
1632 3393 1728 3449 llis
1756 3410 1848 3448 au-

267 3483 420 3547 ditis,
457 3483 588 3547 dux,
609 3500 732 3540 cum
761 3499 820 3539 se
874 3485 1228 3540 intellexisset
1259 3501 1288 3538 a
1337 3486 1453 3541 suis
1483 3485 1704 3550 dimitti,
1733 3486 1851 3539 sine

267 3575 416 3628 omni
445 3574 697 3642 pactione
727 3575 1043 3644 imperatori
1077 3590 1196 3630 sese
1229 3575 1441 3630 reddit:
1477 3590 1637 3646 quem
1668 3575 1851 3630 Caesar

269 3666 323 3719 in
371 3667 668 3721 Saxoniam
694 3666 930 3722 exsulari
965 3666 1094 3722 fecit
1127 3681 1292 3736 super
1330 3667 1620 3736 quamdam
1660 3681 1850 3736 rupem

271 3771 392 3824 qua:
421 3756 836 3814 Gibichenstein
870 3759 1091 3822 dicitur,
1131 3770 1188 3812 ut
1233 3758 1323 3813 ubi
1377 3759 1676 3828 castigatus
1708 3773 1738 3811 a
1768 3773 1854 3813 re-

271 3847 506 3903 bellione
543 3848 770 3904 ulterius
794 3849 1088 3906 desineret.

369 3980 508 4030 QUOD
540 3982 645 4022 REX
684 3981 1002 4023 ΒΟΒΟΟΝῸΙΕ
1043 3981 1371 4021 IMPERATORI
1411 3978 1757 4020 OCCUBREBAT

943 4052 1199 4092 BASILEE.

346 4125 650 4196 Imperator
691 4125 1067 4196 pertransiens
1093 4122 1495 4187 Alemanniam,
1523 4131 1746 4176 cunctos
1767 4123 1859 4190 qui

277 4215 383 4270 sibi
416 4217 648 4272 rebelles
698 4216 932 4279 fuerant,
967 4215 1020 4268 in
1049 4213 1380 4268 deditionem
1408 4211 1638 4282 recepit,
1664 4221 1720 4266 et
1744 4227 1879 4282 mu-_

280 4307 542 4362 nitionem
599 4323 788 4363 eorum
835 4306 1061 4376 dejecit;
1121 4313 1175 4359 et
1221 4305 1546 4372 perveniens
1593 4318 1768 4373 usque
1795 4303 1862 4357 ad

281 4396 575 4464 Basileam,
609 4398 951 4465 Rudolplium
986 4410 1165 4465 regem
1193 4395 1517 4465 Bnrgundite
1548 4393 1860 4464 alloquitur,

1950 3213 2279 3270 Wilhelmus
2312 3211 2724 3283 Argentinensis
2752 3208 3047 3264 canonicus
3075 3207 3331 3275 suscepit.
3361 3204 3526 3272 Lega-

1951 3309 2115 3364 tionis
2171 3318 2347 3362 tamen
2375 3321 2594 3362 causam
2633 3313 2819 3374 postea
2877 3303 3172 3370 imperator
3205 3299 3533 3355 Graecorum.

1951 3400 2134 3453 aureis
2165 3397 2361 3453 litteris
2391 3394 2703 3466 imperatori
2731 3392 3058 3448 Chuonrado
3084 3389 3374 3458 rescripsit.

1952 3524 2090 3573 QUOD
2115 3520 2420 3563 ωρΕειΑτοῐι
2444 3519 2625 3560 FILIUM
2656 3518 2794 3558 ευυυ
2821 3515 3098 3554 ηεαιιιεωι
3129 3511 3304 3552 REGE“
3340 3510 3531 3550 C0859“

2553 3588 2712 3629 CBA!!!
2752 3586 2929 3626 FECIT.
3181 3593 3184 3599 λ

2025 3667 2185 3720 Anno
2250 3663 2462 3719 pomini
2529 3660 2692 3726 1028,
2747 3658 3045 3714 indictione
3099 3672 3186 3721 χι,
3240 3655 3532 3724 imperator

1957 3757 2511 3833 ChuonradusJilium
2547 3769 2702 3810 suum
2734 3752 3046 3807 Ileinricum
3101 3748 3281 3821 magni
3326 3746 3530 3816 ingenii

1959 3860 2015 3908 et
2046 3851 2201 3906 bona!
2231 3847 2426 3903 indolis
2455 3859 2681 3917 puerum
2708 3852 2868 3898 actate
2894 3857 2946 3894 χι
2968 3836 3533 3906 annorum,principj—

1959 3945 2062 4000 bus
2089 3941 2239 4013 regni
2271 3956 2393 3996 cum
2432 3947 2541 3994 tota
2572 3935 2916 3992 multitudine
2963 3931 3144 4002 populi
3174 3930 3225 3985 id
3255 3927 3532 3998 probanti-

1961 4034 2128 4098 hus,a
2151 4031 2423 4102 Peligriuo
2445 4027 2856 4097 archiepiscopo
2878 4021 3186 4080 Coloniensi
3217 4021 3269 4075 in
3301 4018 3536 4088 regalem

1963 4125 2172 4193 apicem
2199 4122 2338 4192 apud
2365 4120 2690 4191 Aquisgrani
2722 4117 2982 4188 palatium
3003 4112 3282 4170 sublimari
3313 4110 3536 4166 fecerat.

1965 4213 2116 4269 Tunc
2142 4215 2194 4268 in
2227 4211 2515 4283 principali
2543 4208 2823 4265 Dominica
2853 4205 3077 4262 Pascha:
3107 4210 3457 4258 consecratus
3487 4207 3544 4253 et

1965 4315 2288 4370 coronatus,
2315 4301 2624 4372 paschalem
2649 4299 2891 4354 laetitiam
2918 4295 3224 4366 triplicavit.
3255 4292 3388 4347 Nam
3413 4291 3542 4345 dum

1969 4395 2023 4450 in
2053 4394 2423 4465 superioribus
2451 4392 2606 4446 annis
2650 4391 2787 4445 duas
2834 4403 3083 4452 coronas,
3139 4386 3193 4439 id
3237 4393 3342 4448 est,
3375 4380 3547 4452 patris

279 4489 376 4557 qui
407 4487 514 4542 illic
552 4489 653 4544 sibi
689 4487 1027 4548 occurrebat,
1067 4494 1223 4539 extra
1254 4484 1465 4549 urbem,
1485 4482 1638 4552 juxta
1679 4483 1858 4537 vicum
1889 4479 1939 4538 D
1965 4495 2017 4540 ct
2073 4484 2262 4538 matris
2312 4499 2424 4538 sua:
2469 4480 2704 4535 mundus
2751 4484 3129 4540 veneraretur,
3187 4489 3329 4528 nunc
3388 4470 3548 4526 tertia

283 4581 374 4648 qui
407 4578 669 4634 Mitthena
701 4579 900 4634 dicitur
928 4592 942 4631 :
970 4586 1026 4632 et
1054 4577 1242 4632 habito
1273 4573 1530 4629 familiari
1572 4573 1860 4642 colloquio,

287 4671 584 4740 imperator
613 4685 796 4740 regem
828 4683 1011 4724 secum
1041 4667 1195 4722 duxit
1225 4667 1278 4720 in
1297 4665 1509 4719 urbem.
1534 4663 1864 4720 Conﬁrmata

291 4762 434 4816 inter
455 4775 550 4816 eos
575 4775 730 4831 pace,
757 4760 940 4816 Gisela
979 4756 1325 4829 imperatrice
1350 4757 1467 4809 haec
1491 4753 1672 4810 omnia
1703 4753 1868 4807 medi-

288 4861 460 4917 tante,
493 4868 766 4923 regnoque
818 4853 1142 4922 Burgundite
1180 4849 1493 4918 imperatori
1525 4847 1742 4910 tradito,
1771 4860 1866 4900 eo-

290 4945 410 4999 dem
471 4955 628 5012 pacto
693 4945 1146 5015 quemadmodum
1201 4941 1350 5011 prius
1391 4940 1723 4996 antecessori
1769 4953 1876 4994 suo

293 5032 550 5089 lleinrico
582 5033 897 5102 imperatori
922 5034 1104 5088 datum
1130 5033 1338 5094 fuerat;
1367 5045 1461 5084 rex
1495 5032 1692 5086 iterum
1715 5029 1870 5085 donis

295 5125 582 5194 ampliatus
620 5142 741 5182 cum
772 5124 890 5179 suis
945 5139 1198 5180 reversus
1247 5131 1331 5175 est
1363 5122 1416 5175 in
1445 5122 1818 5194 Burgundiam
1854 5137 1866 5171 :

295 5217 589 5240 :.~.—.~--.l-_
633 5233 756 5240 -.ε-ι..-
807 5214 1130 5240 ληηιιηηιιι-...ρ
1177 5227 1274 5240 nn-
1315 5211 1564 5240 ηι-Α.......
1613 5216 1664 5240 2...
1713 5212 1851 5240 Dur-nun

1969 4577 2186 4641 addita,

2041 4664 2176 4735 Spes
2201 4662 2370 4733 pacis,
2403 4676 2563 4730 quam
2601 4675 2695 4714 rex
2719 4674 2840 4713 cum
2885 4657 3098 4710 Caesare
3126 4651 3290 4706 fecit:

1977 4756 2276 4828 praesertim
2320 4770 2442 4808 cum
2481 4769 2528 4806 ιε
2575 4759 2867 4806 coronatus
2896 4756 3075 4810 esset,
3107 4742 3258 4811 cujus
3288 4750 3423 4795 aetas
3466 4739 3552 4792 via

1975 4850 2230 4904 diuturna
2251 4843 2386 4898 satis
2409 4843 2568 4913 digna
2583 4841 2780 4895 fuerat.
2798 4839 3000 4892 Deinde
3014 4836 3228 4890 diversa
3253 4843 3558 4899 regnaper-

1974 4935 2471 5013 agrantes,Ca:sar
2519 4949 2614 5002 per
2659 4947 2718 4986 se
2765 4944 2859 4983 rex
2911 4929 3012 4982 sub
3061 4934 3241 4979 tutore
3287 4929 3570 4976 etactore

1974 5008 2305 5104 Augustensi
2345 5027 2597 5094 episcopo
2641 5022 2894 5075 lli-unone
2925 5025 3153 5072 cunctos
3203 5008 3448 5104 rebelles
3478 5011 3565 5066 do-

1976 5099 2203 5183 mabant
2223 5128 2278 5173 et
2304 5117 2509 5172 foedera
2542 5113 2685 5184 pacis
2711 5111 2910 5177 ubique
2934 5108 3168 5163 feliciter
3197 5099 3522 5156 ﬁrmabant.
3547 5151 3549 5153 ,

2307 5222 2368 5240 ηις
2394 5221 2552 5240 nul-ru
2583 5214 2812 5240 coiernm
2845 5207 3224 5240 armnc'rpvms.
