4024 5370
397 277 399 279 ’
494 278 636 341 I239

1747 284 2079 351 WIPPONIS
2116 292 2545 354 PRESBYTER!

3617 294 3757 359 tuo

490 400 805 473 episcopus
865 410 1023 453 runo.
1078 402 1213 456 nam
1253 412 1380 452 unm
1426 406 1572 456 esset
1629 399 1801 457 frater
1826 401 2067 459 IIeinrici
2092 409 2145 470 Α
2171 415 2398 476 peteret,
2437 410 2574 477 sive,
2615 411 2813 480 nollet,
2868 414 2985 471 sive
3027 429 3134 472 non
3171 415 3413 481 auderet,
3450 414 3529 471 nil
3571 414 3756 474 solatii

494 487 862 558 imperatoris,
892 487 1033 544 filius
1062 498 1180 545 erat
1231 499 1567 550 marterterze
1615 493 1807 551 Giselre
1840 497 2077 568 impera-

493 577 646 632 trieis
669 592 684 642 ;
711 592 869 632 soror
895 593 1023 633 vero
1044 579 1282 649 ejusdem
1312 582 1571 653 ep'isc0pi,
1603 592 1768 655 nupta
1799 585 2074 657 Stephano

494 665 611 737 regi
648 665 1010 738 Ungarorum,
1041 684 1204 724 causa
1238 670 1338 725 fuit
1363 671 1803 739 Christianitatis,
1838 677 2070 747 primum

491 755 547 810 in
573 765 732 827 gente
752 756 1082 819 Pannonica.
1115 761 1493 836 Episcopatum
1527 780 1654 821 vero
1678 766 2075 838 Augustensem

491 845 844 905 Eberhardus
873 852 1129 923 suscepit.

494 990 767 1039 QUALI'IRR
807 993 915 1037 θυι
959 995 1230 1038 εωεετυε
1255 998 1507 1040 ΒυϐΔΤυΜ
1535 1000 1757 1042 ACCEPIT
1779 1000 1849 1042 ετ
1878 1002 2078 1044 ετΑτιιι

1178 1068 1382 1109 Ληιειτ.

567 1162 726 1219 Anno
763 1163 977 1223 Domini
1022 1165 1181 1230 1050,
1209 1167 1507 1237 imperator
1553 1169 1910 1226 Chuonradus
1939 1170 2083 1240 apud

500 1253 846 1325 lngelnheym
886 1254 1095 1311 Pascha
1140 1257 1454 1314 celebravit.
1487 1260 1564 1315 Ibi
1614 1261 1876 1317 Ernestus
1920 1257 2088 1333 supra

501 1355 834 1399 memoratus
871 1344 978 1399 dux
1006 1345 1356 1416 Alemannize,
1389 1364 1419 1403 a
1448 1352 1693 1407 custodia
1723 1353 1952 1420 solutus,
1986 1353 2082 1410 du-

500 1445 683 1490 catum
717 1436 944 1506 recepit,
990 1451 1056 1491 eo
1095 1447 1300 1505 tenore,
1350 1449 1410 1495 ut
1456 1441 1807 1499 Wehelonem
1857 1445 2083 1501 militem

504 1539 681 1589 suum,
708 1525 802 1595 qui
842 1526 1027 1582 multis
1068 1527 1395 1586 factionibus
1424 1534 1770 1601 turbaverat,
1802 1538 1954 1607 quasi
1985 1537 2086 1592 ho-

506 1621 645 1673 stem
676 1615 986 1685 reipublicae
1034 1633 1157 1673 cum
1202 1621 1450 1677 omnibus
1491 1624 1606 1681 suis
1650 1637 2086 1696 persequeretur,

2172 509 2360 557 contra
2391 501 2769 574 imperatorem
2790 506 2893 562 sibi
2912 507 3092 563 dedit-

2491 613 2761 660 QUALITEB
2793 615 2899 655 DUI
2926 615 3195 657 EBNESTUS
3226 615 3429 658 PBBIIT.

2248 682 2363 740 Dux
2382 701 2511 741 vero
2530 686 2791 747 Ernestus
2811 704 3060 745 reversus
3085 691 3276 745 iterum
3301 691 3355 745 in
3378 690 3758 749 Alemanniant

2174 776 2347 843 venit,
2377 777 2558 848 ibique
2583 780 2637 835 in
2659 781 2892 851 quadam
2920 796 3124 848 eremo,
3156 796 3275 851 qua:
3299 781 3464 852 Nigra
3499 782 3649 838 Silva
3678 784 3764 838 dio

2177 866 2343 934 citur,
2373 868 2424 922 in
2456 868 2589 926 locis
2617 872 2903 929 tutissimis
2946 883 3212 940 moratus,
3241 875 3421 944 praeda
3461 874 3762 932 miserabili

2177 969 2275 1026 per
2300 956 2519 1027 aliquod
2566 969 2778 1031 tempus
2816 962 3052 1017 vivebat.
3090 962 3173 1017 Ad
3215 971 3517 1018 extremum
3557 963 3686 1019 dum
3727 978 3763 1018 ι

2178 1045 2367 1101 militia
2403 1047 2634 1105 Caesaris
2656 1050 2894 1125 undique
2941 1058 3331 1118 coarctaretur,
3375 1054 3619 1123 quidam,
3665 1053 3763 1123 qui

2180 1134 2499 1204 imperatori
2535 1136 2804 1205 favebant,
2855 1155 3023 1210 equos
3049 1155 3187 1211 quos
3211 1140 3321 1197 dux
3366 1152 3424 1198 et
3450 1156 3649 1197 omnes
3676 1142 3765 1197 sui

2179 1223 2415 1292 optimos
2457 1225 2749 1294 habebant,
2791 1242 2889 1297 per
2924 1228 3150 1301 insidias
3188 1230 3243 1285 in
3283 1232 3502 1301 pascuis
3531 1245 3766 1303 excepe-

2182 1323 2328 1370 runt.
2361 1316 2476 1372 Dux
2499 1332 2648 1383 vero,
2677 1319 2906 1390 perditis
2925 1321 3079 1391 equis
3104 1321 3157 1376 in
3179 1323 3376 1397 quibus
3412 1322 3727 1379 conﬁdebat
3744 1362 3765 1388 ,

2181 1406 2259 1463 nil
2283 1408 2437 1478 pensi
2466 1408 2586 1478 plus
2623 1410 2859 1477 habens,
2888 1411 2943 1467 in
2978 1420 3127 1467 tanta
3176 1413 3585 1483 perturbatione
3631 1413 3766 1484 quid

2184 1506 2371 1569 ageret
2425 1498 2743 1568 dubitabat;
2783 1501 3026 1558 collectis
3062 1512 3261 1560 tamen
3307 1504 3545 1575 undique
3590 1504 3770 1576 quali-

2184 1589 2501 1662 buscunque
2527 1594 2680 1663 equis
2701 1608 2837 1664 quos
2865 1594 3067 1651 habere
3097 1602 3339 1664 poterat,
3367 1610 3492 1652 cum
3513 1595 3765 1651 omnibus

503 1701 666 1772 idque
711 1683 773 1758 se
818 1704 1088 1761 facturum
1128 1722 1249 1762 cum
1317 1683 1667 1769 sacramento
1715 1683 2085 1771 confirmaret:
2114 1745 2156 1805 Β
2361 1683 3769 1805 ίξὲίξζῗῗυῖἱιςιιθξξθξξξῖθῗηῗινδξξῗῗιωξξῗῗῗ

506 1792 659 1860 Quod
690 1809 813 1849 cum
836 1810 931 1850 rex
956 1795 1139 1852 facere
1170 1798 1355 1863 nollet,
1386 1801 1560 1859 hostis
1581 1803 1827 1872 publicus
1850 1805 2082 1876 impera-

502 1884 637 1940 toris
660 1884 985 1953 dijudieatus
1012 1899 1115 1954 est,
1146 1897 1201 1944 et
1241 1892 1455 1962 penitus
1492 1894 1692 1955 ducatu
1720 1895 1925 1951 amisso
1955 1910 2081 1950 cum

504 1975 697 2045 paucis
733 1977 858 2031 inde
884 1979 1132 2037 recessit.
1160 1984 1460 2053 Imperator
1501 2000 1629 2040 vero
1674 1987 1935 2042 ducatum
1960 1988 2085 2043 Ale-

505 2066 743 2124 mannite
792 2066 1102 2131 Hermanno
1133 2074 1359 2144 juniori,
1390 2073 1541 2131 fratri
1586 2077 1823 2147 ejusdem
1870 2079 2084 2140 Ernesti

505 2156 674 2225 dedit,
720 2176 955 2232 eumque
1002 2164 1336 2222 Warmanno
1377 2167 1780 2225 Constantiensi
1832 2172 2086 2241 episcopo

504 2251 924 2309 commendavit.
976 2255 1276 2325 Imperator
1327 2274 1458 2314 vero
1522 2262 1794 2317 eomnmni
1854 2263 2085 2320 consilio

506 2340 751 2396 omnium
804 2344 1110 2415 principum
1173 2348 1324 2416 regni
1389 2350 1639 2404 eumdem
1695 2350 1981 2406 Ernestum
2031 2360 2088 2407 et

508 2438 737 2486 cunctos
758 2429 984 2501 iustitia:
1022 2444 1073 2490 ct
1104 2437 1219 2505 paci
1256 2437 1582 2495 reluctantes
1603 2438 1671 2493 ab
1700 2441 1967 2511 episcopis
1992 2454 2087 2495 ex-

512 2521 903 2586 communicari
938 2524 1089 2590 fecit,
1134 2540 1430 2599 eorumque
1473 2544 1561 2584 res
1609 2530 1872 2599 publicari
1898 2531 2082 2602 jussit.

505 2608 630 2683 Ipsa
674 2612 992 2683 imperatrix
1032 2615 1211 2672 Giscla
1260 2619 1427 2690 (quod
1481 2621 1628 2676 dictu
1666 2631 1751 2677 est
1792 2623 2087 2693 mirabile),

509 2700 606 2757 sed
626 2711 749 2758 actu
770 2703 1059 2772 laudabile,
1082 2707 1248 2763 lilium
1272 2709 1636 2767 inconsultum
1653 2713 2088 2784 sapientimarito

511 2799 859 2863 postponens,
889 2798 1157 2867 publicam
1182 2799 1341 2857 fidem
1369 2802 1517 2858 dedit
1538 2805 1807 2871 omnibus,
1831 2807 2088 2878 quidquid

511 2881 587 2937 illi
616 2884 923 2950 accidisset,
971 2888 1174 2945 nullam
1196 2891 1476 2959 ultionem,
1512 2908 1687 2966 neque
1734 2897 1934 2952 malum
1969 2898 2089 2952 ani-

505 2986 658 3030 mum
680 2990 782 3046 pro
804 2976 911 3034 hac
936 2994 993 3034 re
1016 2995 1083 3038 se
1100 2983 1434 3039 reddituram
1466 2985 1603 3042 fore.

512 3100 654 3149 QUOD
682 3103 992 3147 ιιιιιειηοιὶ
1020 3108 1185 3150 SUPER
1212 3111 1449 3153 UNGAROS
1475 3114 1580 3154 CUM
1606 3115 1872 3159 ESERCITU
1908 3118 2086 3158 VENIT.
2116 3094 2163 3159 Ο

581 3179 786 3236 Eodem
812 3190 1053 3253 tempore
1087 3185 1268 3240 multa:
1305 3187 1663 3247 dissentiones
1693 3193 1832 3247 inter
1872 3205 2087 3264 gentem

512 3268 881 3329 Pannonicam
912 3283 967 3327 et
992 3273 1290 3344 Bojoarios,
1332 3279 1487 3348 culpa
1518 3290 1694 3336 tamen
1716 3281 2087 3350 Bajoariorum

509 3362 669 3419 factae
712 3375 861 3434 sunt,
892 3366 966 3421 ita
997 3376 1057 3422 ut
1080 3368 1389 3440 Stephanus
1416 3387 1508 3427 rex
1532 3372 1868 3444 Ungarorum
1892 3374 2089 3430 multas

508 3454 851 3513 incursiones
884 3466 939 3513 et
982 3461 1193 3528 praedas
1237 3462 1290 3516 in
1330 3478 1495 3534 regno
1520 3463 1862 3533 Noricorum,
1901 3466 1953 3521 id
1982 3475 2086 3532 est,

508 3547 879 3618 Batjoariorum
935 3552 1178 3619 faceret;
1241 3556 1384 3609 unde
1438 3566 1744 3613 commotus
1792 3558 2090 3628 imperator

509 3635 868 3701 Chuonradus
894 3656 1017 3697 cum
1042 3645 1234 3714 grandi
1263 3646 1502 3700 exercitu
1528 3663 1692 3717 super
1724 3649 1967 3719 Ungaros
1989 3665 2086 3705 ve-

507 3729 610 3784 nit.
636 3730 751 3786 Rex
781 3740 962 3787 autem
995 3733 1301 3804 Stephanus
1325 3738 1548 3793 minime
1578 3738 1848 3795 sufﬁciens
1890 3742 2086 3796 adver-

509 3835 605 3875 sus
625 3821 1030 3892 imperatorem,
1056 3827 1391 3883 orationibus
1420 3838 1471 3883 et
1489 3829 1721 3899 jejnniio
1748 3831 1800 3886 in
1831 3832 2087 3888 universo

505 3923 677 3975 regno
711 3926 810 3968 suo
841 3913 1078 3980 indictis,
1118 3917 1425 3985 praesidium
1455 3919 1665 3974 Domini
1718 3923 2088 3978 tantummodo

504 3996 805 4069 ﬂagitabat.
838 4001 1135 4073 Imperator
1157 4012 1264 4059 tam
1298 4007 1564 4061 munitum
1593 4024 1814 4078 regnum
1846 4010 2090 4067 lluviiset

508 4087 661 4145 silvis
690 4089 897 4147 intrare
934 4107 1039 4148 non
1069 4094 1276 4161 valens,
1307 4097 1490 4151 multis
1520 4106 1698 4155 tamen
1741 4102 2088 4170 praedationi-

506 4177 629 4246 bus,
660 4180 926 4238 incendiis
959 4183 1104 4239 circa
1135 4185 1397 4241 terminos
1446 4188 1600 4258 regni
1645 4190 1895 4260 injuriatn
1929 4208 2086 4247 suam

511 4271 649 4325 satis
675 4272 966 4340 ulciscens,
991 4288 1238 4331 reversus
1260 4286 1372 4342 est,
1406 4275 1592 4333 volens
1625 4289 1866 4348 tempore
1892 4295 2089 4350 oppor-

504 4361 707 4417 tuniori
763 4375 940 4435 erepta
990 4380 1088 4422 sua
1134 4382 1414 4440 peragere.
1456 4369 1562 4424 Sed
1621 4371 1763 4426 filius
1814 4387 1943 4428 suns
1988 4388 2085 4429 rex

506 4450 798 4510 licinricus
849 4456 1027 4512 adhuc
1067 4459 1324 4529 puerulus
1379 4459 1689 4532 Eigelberto
1746 4463 2081 4534 Frisingensi

505 4543 763 4615 episcopo
808 4547 1064 4616 creditus,
1096 4548 1362 4621 legatione
1403 4551 1664 4623 Stephani
1719 4555 1863 4625 regis
1892 4571 2083 4626 pacem

505 4634 750 4705 regentis
773 4644 1017 4707 accepta,
1050 4637 1195 4707 juste
1210 4650 1263 4694 et
1290 4641 1562 4711 sapienter
1580 4658 1763 4714 agens,
1792 4645 1882 4715 qui
1904 4660 2083 4714 regem

509 4722 709 4795 injuste
744 4727 1080 4799 injuriatum,
1128 4730 1271 4787 ultro
1299 4741 1570 4802 petentem
1621 4738 1851 4808 gratiam
1883 4739 2086 4808 recepit

508 4816 564 4871 in
590 4818 909 4876 amicitiam.
2024 4818 2027 4819 ν

505 4949 643 5009 quon
675 4951 779 5001 nux
795 4950 1070 5003 Ennssrus
1090 4952 1349 4995 AUXtLtnu
1375 4957 1554 5007 Ριξξι-ιη
1572 4958 1636 4998 ΑΒ
1662 4958 1834 5001 ODONE
1863 4960 2084 5001 COIIITE.

575 5024 789 5079 Interea
838 5027 964 5082 dum
1013 5029 1129 5085 hsce
1173 5042 1484 5102 agerentur,
1534 5036 1794 5103 praefatus
1827 5036 2087 5092 Ernestus

507 5116 737 5164 ducatus
783 5118 1043 5164 dignitate
1088 5122 1331 5164 nrivnlnc
1404 5125 1570 5164 multo
1622 5128 1869 5164 nnnitonc
1920 5128 2082 5164 ιιιιιΙΙοι

2184 1786 2314 1829 rans
2380 1773 2573 1832 melius
2635 1790 2755 1832 esse
2797 1777 3024 1833 honeste
3071 1777 3247 1843 mori,
3300 1792 3463 1847 quam
3529 1779 3767 1848 turpiter

2184 1864 2388 1919 vivere.
2429 1863 2670 1936 Cumque
2698 1867 3073 1937 pervenissent
3124 1868 3178 1923 in
3216 1867 3387 1923 saltus
3414 1868 3676 1923 silvarum
3700 1869 3769 1922 ad

2187 1953 2329 2009 illam
2356 1955 2627 2025 regionem
2656 1956 2988 2015 Alemannia:
3016 1974 3137 2029 qua:
3166 1957 3303 2013 Bara
3334 1959 3537 2015 dicitur
3555 1999 3573 2024 ,
3618 1959 3771 2013 vide-

2182 2057 2311 2102 runt
2341 2057 2518 2104 castra
2553 2048 2788 2115 deserta,
2835 2065 2954 2119 qua:
2983 2050 3151 2120 priori
3188 2060 3346 2107 nocte
3383 2050 3569 2106 hostes
3608 2065 3774 2106 occu-

2186 2146 2445 2210 paverant
2471 2157 2485 2193 :
2509 2138 2794 2196 confestim
2815 2150 3171 2212 perceperunt
3190 2142 3291 2199 sibi
3309 2142 3534 2199 insidias
3557 2144 3768 2213 parari.

2184 2230 2320 2287 Nam
2347 2230 2694 2304 Manegoldus
2724 2246 2927 2298 comes,
2956 2232 3109 2290 miles
3157 2233 3523 2303 imperatoris,
3562 2234 3633 2289 de
3658 2234 3772 2288 Au-

2185 2324 2341 2396 gensi
2376 2324 2591 2380 abbatia
2630 2339 2885 2395 magnum
2909 2324 3235 2381 beneficium
3272 2324 3477 2381 habens
3502 2323 3575 2379 ab
3598 2324 3771 2394 impe-

2187 2422 2388 2477 ratore,
2435 2422 2490 2469 et
2540 2411 2872 2469 Warmanno
2905 2414 3307 2470 Cunstantiensi
3345 2415 3621 2483 episcopo,
3675 2415 3771 2484 qui

2188 2511 2317 2559 tunc
2340 2502 2456 2558 vice
2480 2502 2633 2558 ducis
2656 2501 2984 2557 Heremanni
3002 2502 3376 2557 Alemanniam
3399 2502 3761 2572 gubernabat,

2189 2594 2445 2664 praesidio
2472 2594 2682 2650 locatus
2707 2593 2908 2661 fuerat,
2935 2610 3004 2650 Ile
3019 2596 3126 2651 dux
3148 2595 3413 2650 Ernestus
3441 2596 3657 2664 praedas
3676 2604 3775 2649 aut

2191 2686 2441 2741 incendia
2464 2685 2670 2741 faceret
2698 2686 2750 2741 in
2791 2685 3031 2757 regione.
3058 2684 3255 2742 Statim
3283 2686 3389 2741 dux
3421 2685 3689 2741 Ernestus
3715 2694 3775 2740 et

2191 2787 2531 2834 assecutores
2567 2779 2649 2835 sui
2680 2778 2908 2833 nimium
2956 2776 3165 2834 alacres
3192 2777 3370 2834 effecti
3403 2784 3555 2842 sunt,
3580 2775 3775 2832 existi-

2193 2883 2405 2924 mantes
2431 2868 2657 2938 injurias
2692 2885 2821 2926 suas
2845 2869 2955 2925 cito
2984 2868 3192 2924 ulturos
3231 2868 3347 2925 fore
3391 2868 3445 2923 in
3474 2866 3772 2931 hostibus;

2191 2970 2516 3030 arreptoque
2563 2962 2772 3024 itinere,
2824 2976 2952 3017 suos
2994 2962 3328 3017 insecutores
3349 2959 3562 3029 insequi
3589 2972 3774 3028 crepe-

2193 3058 2339 3104 runt.
2383 3049 2585 3115 Eadem
2622 3050 2921 3107 intentione
2967 3050 3314 3121 Manegoldus
3357 3063 3564 3113 cernes,
3597 3057 3656 3103 et
3679 3046 3772 3117 qui

2195 3154 2315 3194 cum
2349 3137 2437 3193 illo
2465 3137 2703 3204 fuerant,
2749 3139 2852 3195 huc
2893 3150 2947 3194 et
2973 3139 3100 3194 illuc
3134 3138 3547 3209 progredientes
3576 3137 3775 3192 itinera

2193 3230 2345 3285 ducis
2384 3230 2671 3299 diligenter
2701 3228 3083 3289 observabant.
3122 3229 3235 3286 Hac
3283 3230 3574 3287 occasione
3602 3228 3775 3282 utrin—

2190 3335 2295 3389 que
2334 3318 2547 3386 collata,
2583 3320 2653 3374 ita
2677 3319 3117 3388 conjunctisunt,
3144 3329 3202 3375 ut
3232 3335 3292 3377 se
3319 3320 3553 3375 invicem
3587 3318 3774 3373 videre

2189 3417 2246 3463 et
2300 3408 2449 3463 affari
2500 3419 2737 3479 possent.
2792 3409 2961 3465 Erant
3008 3422 3190 3466 autem
3255 3426 3323 3466 ex
3374 3419 3532 3480 parte
3582 3408 3773 3467 Mane.

2189 3497 2332 3570 goltli
2363 3499 2533 3554 multo
2559 3499 2740 3569 plures
2764 3500 2967 3556 milites
2993 3517 3153 3572 quam
3183 3500 3251 3556 de
3270 3509 3422 3571 parte
3449 3500 3627 3555 ducis.

2261 3587 2372 3644 Nec
2396 3604 2566 3656 mora,
2599 3591 2872 3661 congressi
2901 3592 3212 3662 pugnabant
3251 3592 3456 3646 acriter
3483 3604 3680 3646 omnes
3700 3603 3771 3643 ex

2188 3692 2342 3752 parte
2362 3682 2536 3749 ducis,
2561 3683 2660 3749 ira,
2675 3683 3218 3749 ferocitate,audacia
3246 3682 3448 3739 incitati
3467 3699 3484 3749 ;
3502 3696 3571 3736 ex
3596 3680 3771 3735 altera

2190 3781 2344 3842 parte
2374 3758 2471 3842 pro
2496 3772 2687 3842 gloria,
2709 3787 2807 3842 pro
2827 3774 3263 3829 remuneratione
3288 3772 3529 3828 adducti.
3561 3770 3650 3835 Ili,
3678 3758 3772 3840 qui

2190 3880 2313 3920 cum
2345 3864 2481 3919 duce
2511 3865 2743 3931 fuerant,
2768 3880 2888 3920 cum
2917 3864 3052 3924 nihil
3081 3865 3146 3921 de
3172 3865 3281 3920 vita
3304 3864 3626 3936 cogitarent,
3654 3878 3771 3918 om-

2189 3968 2288 4010 nes
2316 3955 2382 4009 ad
2414 3955 2691 4011 interitum
2722 3954 3103 4026 properabant.
3134 3955 3249 4011 Dux
3269 3969 3399 4010 vero
3420 3968 3545 4009 cum
3566 3952 3769 4009 nemini

2187 4053 2456 4115 parceret,
2503 4044 2556 4099 in
2586 4044 2690 4100 hoc
2735 4043 2943 4116 przrlio,
2985 4044 3258 4099 nominent
3305 4044 3407 4099 sibi
3451 4051 3765 4112 parcentem

2187 4135 2412 4202 invenit,
2446 4143 2502 4191 et
2543 4151 2574 4191 a
2603 4135 2852 4207 plurimis
2896 4136 3231 4199 vulneratus,
3282 4144 3556 4206 postremo
3600 4134 3770 4188 inter-

2185 4224 2380 4290 fectus,
2406 4284 2409 4289 ,
2440 4225 2715 4280 occubuit.
2763 4225 2839 4281 Ibi
2903 4225 3096 4280 cecidit
3133 4223 3339 4279 Weeilo
3389 4222 3485 4296 [aL
3517 4220 3767 4294 Wehelo}

2161 4312 2399 4381 'comcs,
2438 4316 2595 4371 miles
2628 4315 2802 4383 ducis,
2834 4315 2986 4385 cujus
3006 4329 3166 4369 causa
3198 4314 3312 4367 hmc
3341 4312 3524 4367 omnia
3550 4311 3769 4368 accide-

2112 4435 2165 4495 Β
2193 4416 2313 4463 rant
2338 4426 2351 4463 :
2380 4407 2702 4463 Adelbertus
2725 4416 2780 4464 et
2803 4407 2993 4463 lwerin
3021 4405 3227 4461 nobiles
3266 4405 3365 4460 viri
3400 4413 3469 4495 et
3494 4403 3586 4459 alii
3614 4401 3768 4495 multi

2193 4498 2464 4555 interfecti
2492 4506 2618 4554 sunt
2648 4496 2742 4552 ibi.
2775 4497 2850 4553 Ex
2874 4497 3043 4552 altera
3069 4504 3223 4566 parte
3269 4496 3382 4565 ipse
3420 4493 3770 4564 Manegoldus

2195 4605 2399 4657 comes,
2432 4597 2626 4644 auctor
2665 4585 2826 4656 hujus
2860 4588 3278 4659 congressionis,
3317 4586 3536 4651 cecidit,
3585 4594 3642 4641 et
3676 4585 3769 4638 alii

2193 4681 2376 4753 plures
2409 4695 2614 4737 secum.
2645 4680 2851 4749 Corpus
2882 4678 3093 4735 Ernesti
3121 4679 3271 4734 ducis
3314 4680 3366 4732 in
3395 4677 3769 4733 Constantiam

2195 4771 2452 4836 delatum,
2492 4771 2642 4841 prius
2673 4779 2893 4841 accepta
2925 4769 3253 4841 indulgentia
3283 4785 3311 4822 a
3346 4777 3614 4838 potestate
3655 4768 3771 4839 epi-

2196 4861 2419 4930 scopali,
2450 4876 2547 4930 pro
2561 4861 3138 4925 excommunicatione,
3166 4861 3221 4915 in
3250 4860 3480 4915 ecclesia
3499 4859 3559 4915 S.
3588 4860 3770 4916 Maria:

2192 4950 2457 5022 sepultum
2485 4960 2588 5008 est.
2619 4950 2829 5023 Corpus
2858 4951 3155 5024 Manegoldi
3197 4951 3251 5006 in
3277 4950 3449 5022 Augia
3492 4949 3769 5007 subterra~

2194 5053 2306 5096 tum
2340 5050 2443 5096 est.

2270 5135 2466 5164 ,ιιιηῖιῑῗι
2501 5136 2604 5164 Ιυυι
2656 5133 2853 5164 ιιΛΙΙιηνι
2910 5146 3122 5164 ιυηνιηιηι
3163 5131 3470 5164 ηηῖοιηιηιιῖιη
3517 5128 3744 5164 mullnln
