  <div class='ocr_page' id='page_1' title='image "/cluster/home/n/w/nwhite01/storage/ocr_20150623/142/hvd.32044015471808/626.png"; bbox 0 0 4024 5370; ppageno 0'>
   <div class='ocr_carea' id='block_1_1' title="bbox 214 267 345 326">
    <p class='ocr_par' dir='ltr' id='par_1_1' title="bbox 214 267 345 326">
     <span class='ocr_line' id='line_1_1' title="bbox 214 267 345 326; baseline -0.015 0"><span class='ocrx_word' id='word_1_1' title='bbox 214 267 345 326; x_wconf 68' lang='lat' dir='ltr'><strong>{2M</strong></span> 
     </span>
    </p>
   </div>
   <div class='ocr_carea' id='block_1_2' title="bbox 1408 266 2239 331">
    <p class='ocr_par' dir='ltr' id='par_1_2' title="bbox 1408 266 2239 331">
     <span class='ocr_line' id='line_1_2' title="bbox 1408 266 2239 331; baseline -0.004 0"><span class='ocrx_word' id='word_1_2' title='bbox 1408 274 1413 277; x_wconf 22' lang='grc' dir='ltr'><em>Α</em></span> <span class='ocrx_word' id='word_1_3' title='bbox 1460 269 1625 331; x_wconf 70' lang='lat' dir='ltr'><strong>“TA</strong></span> <span class='ocrx_word' id='word_1_4' title='bbox 1658 266 1966 329; x_wconf 77' lang='lat' dir='ltr'><strong>CONRADl</strong></span> <span class='ocrx_word' id='word_1_5' title='bbox 2000 270 2239 329; x_wconf 82' lang='lat' dir='ltr'><strong>SALlCl.</strong></span> 
     </span>
    </p>
   </div>
   <div class='ocr_carea' id='block_1_3' title="bbox 3331 266 3473 325">
    <p class='ocr_par' dir='ltr' id='par_1_3' title="bbox 3331 266 3473 325">
     <span class='ocr_line' id='line_1_3' title="bbox 3331 266 3473 325; baseline 0 -1"><span class='ocrx_word' id='word_1_6' title='bbox 3331 266 3473 325; x_wconf 63' lang='lat'><strong>£243</strong></span> 
     </span>
    </p>
   </div>
   <div class='ocr_carea' id='block_1_4' title="bbox 219 381 3475 458">
    <p class='ocr_par' dir='ltr' id='par_1_4' title="bbox 219 381 3475 458">
     <span class='ocr_line' id='line_1_4' title="bbox 219 381 3475 458; baseline 0.001 -17"><span class='ocrx_word' id='word_1_7' title='bbox 219 381 510 441; x_wconf 76' lang='lat' dir='ltr'><strong>avunculus</strong></span> <span class='ocrx_word' id='word_1_8' title='bbox 538 382 735 443; x_wconf 69' lang='lat' dir='ltr'><strong>Gisela</strong></span> <span class='ocrx_word' id='word_1_9' title='bbox 757 384 1142 458; x_wconf 82' lang='lat' dir='ltr'><strong>imperatrlcis,</strong></span> <span class='ocrx_word' id='word_1_10' title='bbox 1175 385 1310 445; x_wconf 87' lang='lat' dir='ltr'><strong>obiit</strong></span> <span class='ocrx_word' id='word_1_11' title='bbox 1342 386 1396 442; x_wconf 90' lang='lat' dir='ltr'><strong>in</strong></span> <span class='ocrx_word' id='word_1_12' title='bbox 1422 401 1586 458; x_wconf 88' lang='lat' dir='ltr'><strong>pace;</strong></span> <span class='ocrx_word' id='word_1_13' title='bbox 1628 386 1782 457; x_wconf 88' lang='lat' dir='ltr'><strong>cujus</strong></span> <span class='ocrx_word' id='word_1_14' title='bbox 1812 388 1860 449; x_wconf 71' lang='grc' dir='ltr'><strong>Α</strong></span> <span class='ocrx_word' id='word_1_15' title='bbox 1890 388 2420 457; x_wconf 74' lang='lat' dir='ltr'><strong>constringerentur,</strong></span> <span class='ocrx_word' id='word_1_16' title='bbox 2480 395 2540 442; x_wconf 91' lang='lat' dir='ltr'><strong>ut</strong></span> <span class='ocrx_word' id='word_1_17' title='bbox 2589 401 2952 458; x_wconf 80' lang='lat' dir='ltr'><strong>nequaquam,</strong></span> <span class='ocrx_word' id='word_1_18' title='bbox 2982 385 3083 442; x_wconf 85' lang='lat' dir='ltr'><strong>nisi</strong></span> <span class='ocrx_word' id='word_1_19' title='bbox 3112 387 3391 443; x_wconf 78' lang='lat' dir='ltr'><strong>securibus</strong></span> <span class='ocrx_word' id='word_1_20' title='bbox 3418 398 3475 445; x_wconf 89' lang='lat' dir='ltr'><strong>et</strong></span> 
     </span>
    </p>
   </div>
   <div class='ocr_carea' id='block_1_5' title="bbox 220 476 1795 552">
    <p class='ocr_par' dir='ltr' id='par_1_5' title="bbox 220 476 1795 552">
     <span class='ocr_line' id='line_1_5' title="bbox 220 476 1795 552; baseline -0.002 -15"><span class='ocrx_word' id='word_1_21' title='bbox 220 493 437 552; x_wconf 85' lang='lat' dir='ltr'><strong>regnum</strong></span> <span class='ocrx_word' id='word_1_22' title='bbox 457 492 643 536; x_wconf 87' lang='lat' dir='ltr'><strong>comes</strong></span> <span class='ocrx_word' id='word_1_23' title='bbox 664 476 779 535; x_wconf 89' lang='lat' dir='ltr'><strong>Odo</strong></span> <span class='ocrx_word' id='word_1_24' title='bbox 805 479 901 552; x_wconf 77' lang='grc' dir='ltr'><strong>[σι.</strong></span> <span class='ocrx_word' id='word_1_25' title='bbox 936 478 1075 552; x_wconf 87' lang='lat' dir='ltr'><strong>Udo]</strong></span> <span class='ocrx_word' id='word_1_26' title='bbox 1119 481 1472 551; x_wconf 77' lang='lat' dir='ltr'><strong>Francigcna,</strong></span> <span class='ocrx_word' id='word_1_27' title='bbox 1509 479 1653 534; x_wconf 81' lang='lat' dir='ltr'><strong>illius</strong></span> <span class='ocrx_word' id='word_1_28' title='bbox 1703 493 1795 534; x_wconf 88' lang='lat' dir='ltr'><strong>so-</strong></span> 
     </span>
    </p>
   </div>
   <div class='ocr_carea' id='block_1_6' title="bbox 221 569 1794 642">
    <p class='ocr_par' dir='ltr' id='par_1_6' title="bbox 221 569 1794 642">
     <span class='ocr_line' id='line_1_6' title="bbox 221 569 1794 642; baseline -0.001 -16"><span class='ocrx_word' id='word_1_29' title='bbox 221 570 356 628; x_wconf 82' lang='lat' dir='ltr'><strong>roris</strong></span> <span class='ocrx_word' id='word_1_30' title='bbox 399 584 512 625; x_wconf 73' lang='lat' dir='ltr'><strong>sute</strong></span> <span class='ocrx_word' id='word_1_31' title='bbox 541 570 764 637; x_wconf 83' lang='lat' dir='ltr'><strong>invasit,</strong></span> <span class='ocrx_word' id='word_1_32' title='bbox 811 579 869 626; x_wconf 90' lang='lat' dir='ltr'><strong>et</strong></span> <span class='ocrx_word' id='word_1_33' title='bbox 922 571 1168 642; x_wconf 65' lang='lat' dir='ltr'><strong>quaedam</strong></span> <span class='ocrx_word' id='word_1_34' title='bbox 1210 580 1389 626; x_wconf 84' lang='lat' dir='ltr'><strong>castra</strong></span> <span class='ocrx_word' id='word_1_35' title='bbox 1430 569 1794 625; x_wconf 85' lang='lat' dir='ltr'><strong>munitissima</strong></span> 
     </span>
    </p>
   </div>
   <div class='ocr_carea' id='block_1_7' title="bbox 220 660 1797 732">
    <p class='ocr_par' dir='ltr' id='par_1_7' title="bbox 220 660 1797 732">
     <span class='ocr_line' id='line_1_7' title="bbox 220 660 1797 732; baseline -0.001 -16"><span class='ocrx_word' id='word_1_36' title='bbox 220 660 329 717; x_wconf 89' lang='lat' dir='ltr'><strong>sive</strong></span> <span class='ocrx_word' id='word_1_37' title='bbox 354 660 624 726; x_wconf 73' lang='lat' dir='ltr'><strong>civitates,</strong></span> <span class='ocrx_word' id='word_1_38' title='bbox 662 675 762 716; x_wconf 90' lang='lat' dir='ltr'><strong>seu</strong></span> <span class='ocrx_word' id='word_1_39' title='bbox 814 660 961 728; x_wconf 88' lang='lat' dir='ltr'><strong>dolo,</strong></span> <span class='ocrx_word' id='word_1_40' title='bbox 1011 676 1105 717; x_wconf 91' lang='lat' dir='ltr'><strong>seu</strong></span> <span class='ocrx_word' id='word_1_41' title='bbox 1135 661 1275 718; x_wconf 87' lang='lat' dir='ltr'><strong>bello</strong></span> <span class='ocrx_word' id='word_1_42' title='bbox 1296 670 1546 732; x_wconf 87' lang='lat' dir='ltr'><strong>ceperat:</strong></span> <span class='ocrx_word' id='word_1_43' title='bbox 1600 675 1699 715; x_wconf 89' lang='lat' dir='ltr'><strong>nec</strong></span> <span class='ocrx_word' id='word_1_44' title='bbox 1736 673 1797 715; x_wconf 90' lang='lat' dir='ltr'><strong>se</strong></span> 
     </span>
    </p>
   </div>
   <div class='ocr_carea' id='block_1_8' title="bbox 223 750 1799 823">
    <p class='ocr_par' dir='ltr' id='par_1_8' title="bbox 223 750 1799 823">
     <span class='ocr_line' id='line_1_8' title="bbox 223 750 1799 823; baseline -0.001 -17"><span class='ocrx_word' id='word_1_45' title='bbox 223 765 395 823; x_wconf 84' lang='lat' dir='ltr'><strong>regem</strong></span> <span class='ocrx_word' id='word_1_46' title='bbox 417 765 586 806; x_wconf 87' lang='lat' dir='ltr'><strong>ausus</strong></span> <span class='ocrx_word' id='word_1_47' title='bbox 630 761 716 807; x_wconf 87' lang='lat' dir='ltr'><strong>est</strong></span> <span class='ocrx_word' id='word_1_48' title='bbox 763 752 969 818; x_wconf 87' lang='lat' dir='ltr'><strong>facere,</strong></span> <span class='ocrx_word' id='word_1_49' title='bbox 1017 768 1122 808; x_wconf 88' lang='lat' dir='ltr'><strong>nec</strong></span> <span class='ocrx_word' id='word_1_50' title='bbox 1162 762 1341 807; x_wconf 84' lang='lat' dir='ltr'><strong>tamen</strong></span> <span class='ocrx_word' id='word_1_51' title='bbox 1370 766 1596 823; x_wconf 77' lang='lat' dir='ltr'><strong>regnum</strong></span> <span class='ocrx_word' id='word_1_52' title='bbox 1627 750 1799 805; x_wconf 88' lang='lat' dir='ltr'><strong>voluit</strong></span> 
     </span>
    </p>
   </div>
   <div class='ocr_carea' id='block_1_9' title="bbox 221 843 1792 916">
    <p class='ocr_par' dir='ltr' id='par_1_9' title="bbox 221 843 1792 916">
     <span class='ocr_line' id='line_1_9' title="bbox 221 843 1792 916; baseline 0 -16"><span class='ocrx_word' id='word_1_53' title='bbox 221 844 507 901; x_wconf 89' lang='lat' dir='ltr'><strong>dimiuere.</strong></span> <span class='ocrx_word' id='word_1_54' title='bbox 564 843 858 901; x_wconf 74' lang='lat' dir='ltr'><strong>Referebat</strong></span> <span class='ocrx_word' id='word_1_55' title='bbox 898 846 1118 916; x_wconf 89' lang='lat' dir='ltr'><strong>quidam</strong></span> <span class='ocrx_word' id='word_1_56' title='bbox 1163 846 1314 901; x_wconf 89' lang='lat' dir='ltr'><strong>illum</strong></span> <span class='ocrx_word' id='word_1_57' title='bbox 1370 846 1573 901; x_wconf 82' lang='lat' dir='ltr'><strong>dixisse</strong></span> <span class='ocrx_word' id='word_1_58' title='bbox 1630 859 1792 914; x_wconf 60' lang='lat' dir='ltr'><strong>saepe,</strong></span> 
     </span>
    </p>
   </div>
   <div class='ocr_carea' id='block_1_10' title="bbox 220 932 1800 1005">
    <p class='ocr_par' dir='ltr' id='par_1_10' title="bbox 220 932 1800 1005">
     <span class='ocr_line' id='line_1_10' title="bbox 220 932 1800 1005; baseline 0 -17"><span class='ocrx_word' id='word_1_59' title='bbox 220 932 358 1005; x_wconf 89' lang='lat' dir='ltr'><strong>quod</strong></span> <span class='ocrx_word' id='word_1_60' title='bbox 383 948 659 1004; x_wconf 83' lang='lat' dir='ltr'><strong>nunquam</strong></span> <span class='ocrx_word' id='word_1_61' title='bbox 682 949 774 989; x_wconf 76' lang='lat' dir='ltr'><strong>rex</strong></span> <span class='ocrx_word' id='word_1_62' title='bbox 803 932 947 1000; x_wconf 80' lang='lat' dir='ltr'><strong>ﬁeri,</strong></span> <span class='ocrx_word' id='word_1_63' title='bbox 974 936 1070 991; x_wconf 87' lang='lat' dir='ltr'><strong>sed</strong></span> <span class='ocrx_word' id='word_1_64' title='bbox 1100 943 1280 990; x_wconf 89' lang='lat' dir='ltr'><strong>tamen</strong></span> <span class='ocrx_word' id='word_1_65' title='bbox 1304 949 1518 1005; x_wconf 88' lang='lat' dir='ltr'><strong>semper</strong></span> <span class='ocrx_word' id='word_1_66' title='bbox 1539 934 1800 1005; x_wconf 76' lang='lat' dir='ltr'><strong>magister</strong></span> 
     </span>
    </p>
   </div>
   <div class='ocr_carea' id='block_1_11' title="bbox 220 1025 1798 1100">
    <p class='ocr_par' dir='ltr' id='par_1_11' title="bbox 220 1025 1798 1100">
     <span class='ocr_line' id='line_1_11' title="bbox 220 1025 1798 1100; baseline -0.001 -19"><span class='ocrx_word' id='word_1_67' title='bbox 220 1040 334 1083; x_wconf 63' lang='lat' dir='ltr'><strong>(ssc</strong></span> <span class='ocrx_word' id='word_1_68' title='bbox 358 1026 502 1097; x_wconf 83' lang='lat' dir='ltr'><strong>regis</strong></span> <span class='ocrx_word' id='word_1_69' title='bbox 520 1025 704 1082; x_wconf 85' lang='lat' dir='ltr'><strong>vellet.</strong></span> <span class='ocrx_word' id='word_1_70' title='bbox 731 1026 810 1082; x_wconf 83' lang='lat' dir='ltr'><strong>Eo</strong></span> <span class='ocrx_word' id='word_1_71' title='bbox 853 1026 1015 1084; x_wconf 88' lang='lat' dir='ltr'><strong>modo</strong></span> <span class='ocrx_word' id='word_1_72' title='bbox 1050 1043 1295 1100; x_wconf 84' lang='lat' dir='ltr'><strong>magnam</strong></span> <span class='ocrx_word' id='word_1_73' title='bbox 1318 1036 1527 1098; x_wconf 86' lang='lat' dir='ltr'><strong>partem</strong></span> <span class='ocrx_word' id='word_1_74' title='bbox 1552 1027 1798 1097; x_wconf 88' lang='lat' dir='ltr'><strong>Burgun-</strong></span> 
     </span>
    </p>
   </div>
   <div class='ocr_carea' id='block_1_12' title="bbox 220 1117 1799 1191">
    <p class='ocr_par' dir='ltr' id='par_1_12' title="bbox 220 1117 1799 1191">
     <span class='ocr_line' id='line_1_12' title="bbox 220 1117 1799 1191; baseline 0 -19"><span class='ocrx_word' id='word_1_75' title='bbox 220 1117 599 1183; x_wconf 64' lang='lat' dir='ltr'><strong>diaedistraxit,</strong></span> <span class='ocrx_word' id='word_1_76' title='bbox 614 1117 742 1173; x_wconf 87' lang='lat' dir='ltr'><strong>licet</strong></span> <span class='ocrx_word' id='word_1_77' title='bbox 765 1134 989 1189; x_wconf 87' lang='lat' dir='ltr'><strong>regnum</strong></span> <span class='ocrx_word' id='word_1_78' title='bbox 1012 1117 1337 1191; x_wconf 67' lang='lat' dir='ltr'><strong>Burgundia:</strong></span> <span class='ocrx_word' id='word_1_79' title='bbox 1355 1118 1678 1174; x_wconf 86' lang='lat' dir='ltr'><strong>Cbuonrado</strong></span> <span class='ocrx_word' id='word_1_80' title='bbox 1693 1117 1799 1172; x_wconf 84' lang='lat' dir='ltr'><strong>im-</strong></span> 
     </span>
    </p>
   </div>
   <div class='ocr_carea' id='block_1_13' title="bbox 219 1206 1796 1279">
    <p class='ocr_par' dir='ltr' id='par_1_13' title="bbox 219 1206 1796 1279">
     <span class='ocr_line' id='line_1_13' title="bbox 219 1206 1796 1279; baseline 0.001 -19"><span class='ocrx_word' id='word_1_81' title='bbox 219 1206 452 1276; x_wconf 85' lang='lat' dir='ltr'><strong>peratori</strong></span> <span class='ocrx_word' id='word_1_82' title='bbox 480 1214 536 1261; x_wconf 86' lang='lat' dir='ltr'><strong>ct</strong></span> <span class='ocrx_word' id='word_1_83' title='bbox 564 1206 674 1261; x_wconf 87' lang='lat' dir='ltr'><strong>lilio</strong></span> <span class='ocrx_word' id='word_1_84' title='bbox 697 1207 814 1277; x_wconf 85' lang='lat' dir='ltr'><strong>ejus</strong></span> <span class='ocrx_word' id='word_1_85' title='bbox 840 1207 1094 1264; x_wconf 78' lang='lat' dir='ltr'><strong>lleinrico</strong></span> <span class='ocrx_word' id='word_1_86' title='bbox 1126 1209 1256 1279; x_wconf 88' lang='lat' dir='ltr'><strong>regi,</strong></span> <span class='ocrx_word' id='word_1_87' title='bbox 1286 1224 1315 1263; x_wconf 90' lang='lat' dir='ltr'><strong>a</strong></span> <span class='ocrx_word' id='word_1_88' title='bbox 1335 1207 1621 1277; x_wconf 80' lang='lat' dir='ltr'><strong>Rodulpho</strong></span> <span class='ocrx_word' id='word_1_89' title='bbox 1649 1221 1796 1278; x_wconf 85' lang='lat' dir='ltr'><strong>rege,</strong></span> 
     </span>
    </p>
   </div>
   <div class='ocr_carea' id='block_1_14' title="bbox 218 1296 1797 1371">
    <p class='ocr_par' dir='ltr' id='par_1_14' title="bbox 218 1296 1797 1371">
     <span class='ocr_line' id='line_1_14' title="bbox 218 1296 1797 1371; baseline 0.001 -21"><span class='ocrx_word' id='word_1_90' title='bbox 218 1304 503 1367; x_wconf 85' lang='lat' dir='ltr'><strong>postquam</strong></span> <span class='ocrx_word' id='word_1_91' title='bbox 535 1296 652 1366; x_wconf 88' lang='lat' dir='ltr'><strong>ipse</strong></span> <span class='ocrx_word' id='word_1_92' title='bbox 675 1308 954 1365; x_wconf 72' lang='lat' dir='ltr'><strong>superstes</strong></span> <span class='ocrx_word' id='word_1_93' title='bbox 973 1314 1078 1355; x_wconf 91' lang='lat' dir='ltr'><strong>non</strong></span> <span class='ocrx_word' id='word_1_94' title='bbox 1105 1307 1269 1363; x_wconf 89' lang='lat' dir='ltr'><strong>esset,</strong></span> <span class='ocrx_word' id='word_1_95' title='bbox 1300 1314 1398 1369; x_wconf 90' lang='lat' dir='ltr'><strong>per</strong></span> <span class='ocrx_word' id='word_1_96' title='bbox 1416 1298 1797 1371; x_wconf 85' lang='lat' dir='ltr'><strong>jusjurandum</strong></span> 
     </span>
    </p>
   </div>
   <div class='ocr_carea' id='block_1_15' title="bbox 219 1387 1798 1447">
    <p class='ocr_par' dir='ltr' id='par_1_15' title="bbox 219 1387 1798 1447">
     <span class='ocr_line' id='line_1_15' title="bbox 219 1387 1798 1447; baseline -0.001 -1"><span class='ocrx_word' id='word_1_97' title='bbox 219 1387 597 1446; x_wconf 81' lang='lat' dir='ltr'><strong>conﬁrmatum</strong></span> <span class='ocrx_word' id='word_1_98' title='bbox 639 1399 811 1446; x_wconf 87' lang='lat' dir='ltr'><strong>esset.</strong></span> <span class='ocrx_word' id='word_1_99' title='bbox 860 1390 970 1446; x_wconf 91' lang='lat' dir='ltr'><strong>Sed</strong></span> <span class='ocrx_word' id='word_1_100' title='bbox 1008 1393 1135 1446; x_wconf 90' lang='lat' dir='ltr'><strong>dum</strong></span> <span class='ocrx_word' id='word_1_101' title='bbox 1180 1391 1295 1447; x_wconf 90' lang='lat' dir='ltr'><strong>Odo</strong></span> <span class='ocrx_word' id='word_1_102' title='bbox 1340 1406 1525 1446; x_wconf 87' lang='lat' dir='ltr'><strong>comes</strong></span> <span class='ocrx_word' id='word_1_103' title='bbox 1573 1391 1689 1447; x_wconf 63' lang='lat' dir='ltr'><strong>haec</strong></span> <span class='ocrx_word' id='word_1_104' title='bbox 1742 1390 1798 1445; x_wconf 90' lang='lat' dir='ltr'><strong>in</strong></span> 
     </span>
    </p>
   </div>
   <div class='ocr_carea' id='block_1_16' title="bbox 217 1479 1799 1555">
    <p class='ocr_par' dir='ltr' id='par_1_16' title="bbox 217 1479 1799 1555">
     <span class='ocr_line' id='line_1_16' title="bbox 217 1479 1799 1555; baseline -0.001 -18"><span class='ocrx_word' id='word_1_105' title='bbox 217 1479 526 1551; x_wconf 85' lang='lat' dir='ltr'><strong>Burgundia</strong></span> <span class='ocrx_word' id='word_1_106' title='bbox 550 1481 773 1547; x_wconf 86' lang='lat' dir='ltr'><strong>faceret,</strong></span> <span class='ocrx_word' id='word_1_107' title='bbox 795 1481 1153 1539; x_wconf 89' lang='lat' dir='ltr'><strong>Chuonradus</strong></span> <span class='ocrx_word' id='word_1_108' title='bbox 1173 1484 1469 1555; x_wconf 81' lang='lat' dir='ltr'><strong>imperator</strong></span> <span class='ocrx_word' id='word_1_109' title='bbox 1488 1483 1541 1537; x_wconf 90' lang='lat' dir='ltr'><strong>in</strong></span> <span class='ocrx_word' id='word_1_110' title='bbox 1575 1482 1799 1538; x_wconf 87' lang='lat' dir='ltr'><strong>Sclavo-</strong></span> 
     </span>
    </p>
   </div>
   <div class='ocr_carea' id='block_1_17' title="bbox 222 1571 1801 1644">
    <p class='ocr_par' dir='ltr' id='par_1_17' title="bbox 222 1571 1801 1644">
     <span class='ocr_line' id='line_1_17' title="bbox 222 1571 1801 1644; baseline 0.001 -17"><span class='ocrx_word' id='word_1_111' title='bbox 222 1571 312 1627; x_wconf 87' lang='lat' dir='ltr'><strong>nia</strong></span> <span class='ocrx_word' id='word_1_112' title='bbox 346 1588 471 1627; x_wconf 91' lang='lat' dir='ltr'><strong>cum</strong></span> <span class='ocrx_word' id='word_1_113' title='bbox 502 1573 671 1627; x_wconf 88' lang='lat' dir='ltr'><strong>armis</strong></span> <span class='ocrx_word' id='word_1_114' title='bbox 692 1571 915 1629; x_wconf 79' lang='lat' dir='ltr'><strong>fecerat.</strong></span> <span class='ocrx_word' id='word_1_115' title='bbox 951 1572 1090 1640; x_wconf 92' lang='lat' dir='ltr'><strong>Quid</strong></span> <span class='ocrx_word' id='word_1_116' title='bbox 1116 1574 1189 1628; x_wconf 87' lang='lat' dir='ltr'><strong>ibi</strong></span> <span class='ocrx_word' id='word_1_117' title='bbox 1220 1581 1423 1644; x_wconf 85' lang='lat' dir='ltr'><strong>ageret,</strong></span> <span class='ocrx_word' id='word_1_118' title='bbox 1448 1573 1536 1628; x_wconf 83' lang='lat' dir='ltr'><strong>vel</strong></span> <span class='ocrx_word' id='word_1_119' title='bbox 1565 1572 1801 1644; x_wconf 85' lang='lat' dir='ltr'><strong>qualiter</strong></span> 
     </span>
    </p>
   </div>
   <div class='ocr_carea' id='block_1_18' title="bbox 196 1663 1801 1737">
    <p class='ocr_par' dir='ltr' id='par_1_18' title="bbox 196 1663 1801 1737">
     <span class='ocr_line' id='line_1_18' title="bbox 196 1663 1801 1737; baseline -0.001 -19"><span class='ocrx_word' id='word_1_120' title='bbox 196 1672 397 1734; x_wconf 88' lang='lat' dir='ltr'><strong>.postea</strong></span> <span class='ocrx_word' id='word_1_121' title='bbox 422 1663 664 1720; x_wconf 82' lang='lat' dir='ltr'><strong>Odo&#39;uem</strong></span> <span class='ocrx_word' id='word_1_122' title='bbox 687 1664 975 1737; x_wconf 84' lang='lat' dir='ltr'><strong>repulisset</strong></span> <span class='ocrx_word' id='word_1_123' title='bbox 1003 1666 1070 1720; x_wconf 89' lang='lat' dir='ltr'><strong>de</strong></span> <span class='ocrx_word' id='word_1_124' title='bbox 1096 1664 1431 1735; x_wconf 84' lang='lat' dir='ltr'><strong>Burgundia,</strong></span> <span class='ocrx_word' id='word_1_125' title='bbox 1456 1679 1801 1735; x_wconf 87' lang='lat' dir='ltr'><strong>consequen-</strong></span> 
     </span>
    </p>
   </div>
   <div class='ocr_carea' id='block_1_19' title="bbox 196 1740 1874 1828">
    <p class='ocr_par' dir='ltr' id='par_1_19' title="bbox 196 1740 1874 1828">
     <span class='ocr_line' id='line_1_19' title="bbox 196 1740 1874 1828; baseline -0.003 -11"><span class='ocrx_word' id='word_1_126' title='bbox 196 1765 300 1817; x_wconf 85' lang='lat' dir='ltr'><strong>ter</strong></span> <span class='ocrx_word' id='word_1_127' title='bbox 338 1757 539 1814; x_wconf 88' lang='lat' dir='ltr'><strong>dicam.</strong></span> <span class='ocrx_word' id='word_1_128' title='bbox 572 1757 747 1828; x_wconf 84' lang='lat' dir='ltr'><strong>Supra</strong></span> <span class='ocrx_word' id='word_1_129' title='bbox 794 1757 971 1813; x_wconf 90' lang='lat' dir='ltr'><strong>dictus</strong></span> <span class='ocrx_word' id='word_1_130' title='bbox 1008 1757 1277 1813; x_wconf 88' lang='lat' dir='ltr'><strong>Bolislaus</strong></span> <span class='ocrx_word' id='word_1_131' title='bbox 1318 1758 1427 1813; x_wconf 79' lang='lat' dir='ltr'><strong>dux</strong></span> <span class='ocrx_word' id='word_1_132' title='bbox 1468 1758 1795 1813; x_wconf 74' lang='lat' dir='ltr'><strong>Bolanorurn</strong></span> <span class='ocrx_word' id='word_1_133' title='bbox 1830 1740 1874 1800; x_wconf 77' lang='grc' dir='ltr'><strong>Β</strong></span> 
     </span>
    </p>
   </div>
   <div class='ocr_carea' id='block_1_20' title="bbox 218 1845 1793 1916">
    <p class='ocr_par' dir='ltr' id='par_1_20' title="bbox 218 1845 1793 1916">
     <span class='ocr_line' id='line_1_20' title="bbox 218 1845 1793 1916; baseline 0 -15"><span class='ocrx_word' id='word_1_134' title='bbox 218 1854 487 1912; x_wconf 91' lang='lat' dir='ltr'><strong>mortuus,</strong></span> <span class='ocrx_word' id='word_1_135' title='bbox 511 1846 727 1916; x_wconf 89' lang='lat' dir='ltr'><strong>reliquit</strong></span> <span class='ocrx_word' id='word_1_136' title='bbox 753 1847 886 1902; x_wconf 92' lang='lat' dir='ltr'><strong>duos</strong></span> <span class='ocrx_word' id='word_1_137' title='bbox 911 1847 1071 1908; x_wconf 89' lang='lat' dir='ltr'><strong>lilios,</strong></span> <span class='ocrx_word' id='word_1_138' title='bbox 1101 1845 1414 1903; x_wconf 78' lang='lat' dir='ltr'><strong>Misiconem</strong></span> <span class='ocrx_word' id='word_1_139' title='bbox 1443 1858 1498 1902; x_wconf 92' lang='lat' dir='ltr'><strong>et</strong></span> <span class='ocrx_word' id='word_1_140' title='bbox 1516 1845 1793 1903; x_wconf 89' lang='lat' dir='ltr'><strong>Ottonem.</strong></span> 
     </span>
    </p>
   </div>
   <div class='ocr_carea' id='block_1_21' title="bbox 216 1936 1795 2008">
    <p class='ocr_par' dir='ltr' id='par_1_21' title="bbox 216 1936 1795 2008">
     <span class='ocr_line' id='line_1_21' title="bbox 216 1936 1795 2008; baseline -0.001 -16"><span class='ocrx_word' id='word_1_141' title='bbox 216 1936 399 1994; x_wconf 79' lang='lat' dir='ltr'><strong>Misico</strong></span> <span class='ocrx_word' id='word_1_142' title='bbox 431 1939 559 1993; x_wconf 92' lang='lat' dir='ltr'><strong>dum</strong></span> <span class='ocrx_word' id='word_1_143' title='bbox 601 1936 828 1993; x_wconf 78' lang='lat' dir='ltr'><strong>fratrem</strong></span> <span class='ocrx_word' id='word_1_144' title='bbox 867 1953 1023 1993; x_wconf 90' lang='lat' dir='ltr'><strong>suum</strong></span> <span class='ocrx_word' id='word_1_145' title='bbox 1058 1936 1310 1993; x_wconf 87' lang='lat' dir='ltr'><strong>Ottouem</strong></span> <span class='ocrx_word' id='word_1_146' title='bbox 1352 1945 1795 2008; x_wconf 84' lang='lat' dir='ltr'><strong>persequeretur,</strong></span> 
     </span>
    </p>
   </div>
   <div class='ocr_carea' id='block_1_22' title="bbox 214 2027 1797 2101">
    <p class='ocr_par' dir='ltr' id='par_1_22' title="bbox 214 2027 1797 2101">
     <span class='ocr_line' id='line_1_22' title="bbox 214 2027 1797 2101; baseline 0 -17"><span class='ocrx_word' id='word_1_147' title='bbox 214 2029 498 2099; x_wconf 78' lang='lat' dir='ltr'><strong>expulerat</strong></span> <span class='ocrx_word' id='word_1_148' title='bbox 545 2044 671 2084; x_wconf 87' lang='lat' dir='ltr'><strong>eum</strong></span> <span class='ocrx_word' id='word_1_149' title='bbox 720 2028 775 2083; x_wconf 93' lang='lat' dir='ltr'><strong>in</strong></span> <span class='ocrx_word' id='word_1_150' title='bbox 819 2027 1093 2084; x_wconf 78' lang='lat' dir='ltr'><strong>Russiam.</strong></span> <span class='ocrx_word' id='word_1_151' title='bbox 1145 2028 1282 2084; x_wconf 90' lang='lat' dir='ltr'><strong>Dum</strong></span> <span class='ocrx_word' id='word_1_152' title='bbox 1336 2029 1413 2084; x_wconf 88' lang='lat' dir='ltr'><strong>ibi</strong></span> <span class='ocrx_word' id='word_1_153' title='bbox 1462 2029 1797 2101; x_wconf 88' lang='lat' dir='ltr'><strong>aliquantum</strong></span> 
     </span>
    </p>
   </div>
   <div class='ocr_carea' id='block_1_23' title="bbox 194 2104 1798 2190">
    <p class='ocr_par' dir='ltr' id='par_1_23' title="bbox 194 2104 1798 2190">
     <span class='ocr_line' id='line_1_23' title="bbox 194 2104 1798 2190; baseline 0.001 -17"><span class='ocrx_word' id='word_1_154' title='bbox 194 2127 430 2190; x_wconf 85' lang='lat' dir='ltr'><strong>tempus</strong></span> <span class='ocrx_word' id='word_1_155' title='bbox 454 2118 832 2175; x_wconf 84' lang='lat' dir='ltr'><strong>miserabiliter</strong></span> <span class='ocrx_word' id='word_1_156' title='bbox 869 2118 1097 2184; x_wconf 84' lang='lat' dir='ltr'><strong>viveret,</strong></span> <span class='ocrx_word' id='word_1_157' title='bbox 1128 2120 1295 2190; x_wconf 71' lang='lat' dir='ltr'><strong>cmpit</strong></span> <span class='ocrx_word' id='word_1_158' title='bbox 1343 2104 1538 2189; x_wconf 87' lang='lat' dir='ltr'><strong>rogare</strong></span> <span class='ocrx_word' id='word_1_159' title='bbox 1563 2119 1798 2189; x_wconf 80' lang='lat' dir='ltr'><strong>gratiam</strong></span> 
     </span>
    </p>
   </div>
   <div class='ocr_carea' id='block_1_24' title="bbox 214 2210 1801 2282">
    <p class='ocr_par' dir='ltr' id='par_1_24' title="bbox 214 2210 1801 2282">
     <span class='ocr_line' id='line_1_24' title="bbox 214 2210 1801 2282; baseline 0.001 -16"><span class='ocrx_word' id='word_1_160' title='bbox 214 2210 562 2282; x_wconf 88' lang='lat' dir='ltr'><strong>imperatoris</strong></span> <span class='ocrx_word' id='word_1_161' title='bbox 580 2210 911 2277; x_wconf 87' lang='lat' dir='ltr'><strong>Chuonradi,</strong></span> <span class='ocrx_word' id='word_1_162' title='bbox 942 2220 1001 2266; x_wconf 91' lang='lat' dir='ltr'><strong>ut</strong></span> <span class='ocrx_word' id='word_1_163' title='bbox 1022 2212 1140 2282; x_wconf 89' lang='lat' dir='ltr'><strong>ipso</strong></span> <span class='ocrx_word' id='word_1_164' title='bbox 1178 2213 1480 2282; x_wconf 85' lang='lat' dir='ltr'><strong>imperante</strong></span> <span class='ocrx_word' id='word_1_165' title='bbox 1508 2211 1801 2280; x_wconf 87' lang='lat' dir='ltr'><strong>etjuvante</strong></span> 
     </span>
    </p>
   </div>
   <div class='ocr_carea' id='block_1_25' title="bbox 216 2300 1800 2373">
    <p class='ocr_par' dir='ltr' id='par_1_25' title="bbox 216 2300 1800 2373">
     <span class='ocr_line' id='line_1_25' title="bbox 216 2300 1800 2373; baseline 0.002 -19"><span class='ocrx_word' id='word_1_166' title='bbox 216 2302 601 2357; x_wconf 89' lang='lat' dir='ltr'><strong>restitueretur</strong></span> <span class='ocrx_word' id='word_1_167' title='bbox 632 2300 824 2372; x_wconf 69' lang='lat' dir='ltr'><strong>patria:</strong></span> <span class='ocrx_word' id='word_1_168' title='bbox 853 2317 985 2357; x_wconf 66' lang='lat' dir='ltr'><strong>suae.</strong></span> <span class='ocrx_word' id='word_1_169' title='bbox 1014 2302 1168 2369; x_wconf 85' lang='lat' dir='ltr'><strong>Quod</strong></span> <span class='ocrx_word' id='word_1_170' title='bbox 1211 2303 1340 2357; x_wconf 89' lang='lat' dir='ltr'><strong>dum</strong></span> <span class='ocrx_word' id='word_1_171' title='bbox 1388 2303 1680 2373; x_wconf 87' lang='lat' dir='ltr'><strong>imperator</strong></span> <span class='ocrx_word' id='word_1_172' title='bbox 1716 2300 1800 2357; x_wconf 88' lang='lat' dir='ltr'><strong>fa-</strong></span> 
     </span>
    </p>
   </div>
   <div class='ocr_carea' id='block_1_26' title="bbox 217 2390 1801 2464">
    <p class='ocr_par' dir='ltr' id='par_1_26' title="bbox 217 2390 1801 2464">
     <span class='ocr_line' id='line_1_26' title="bbox 217 2390 1801 2464; baseline 0.003 -19"><span class='ocrx_word' id='word_1_173' title='bbox 217 2405 341 2446; x_wconf 87' lang='lat' dir='ltr'><strong>cere</strong></span> <span class='ocrx_word' id='word_1_174' title='bbox 372 2390 556 2457; x_wconf 79' lang='lat' dir='ltr'><strong>vellet,</strong></span> <span class='ocrx_word' id='word_1_175' title='bbox 584 2390 823 2447; x_wconf 80' lang='lat' dir='ltr'><strong>decrevit</strong></span> <span class='ocrx_word' id='word_1_176' title='bbox 850 2392 1039 2463; x_wconf 90' lang='lat' dir='ltr'><strong>utipse</strong></span> <span class='ocrx_word' id='word_1_177' title='bbox 1065 2406 1189 2447; x_wconf 91' lang='lat' dir='ltr'><strong>cum</strong></span> <span class='ocrx_word' id='word_1_178' title='bbox 1219 2393 1388 2464; x_wconf 85' lang='lat' dir='ltr'><strong>copiis</strong></span> <span class='ocrx_word' id='word_1_179' title='bbox 1413 2409 1482 2450; x_wconf 74' lang='lat' dir='ltr'><strong>ex</strong></span> <span class='ocrx_word' id='word_1_180' title='bbox 1512 2410 1617 2449; x_wconf 89' lang='lat' dir='ltr'><strong>una</strong></span> <span class='ocrx_word' id='word_1_181' title='bbox 1646 2403 1801 2463; x_wconf 89' lang='lat' dir='ltr'><strong>parte</strong></span> 
     </span>
    </p>
   </div>
   <div class='ocr_carea' id='block_1_27' title="bbox 216 2481 1798 2556">
    <p class='ocr_par' dir='ltr' id='par_1_27' title="bbox 216 2481 1798 2556">
     <span class='ocr_line' id='line_1_27' title="bbox 216 2481 1798 2556; baseline 0.004 -22"><span class='ocrx_word' id='word_1_182' title='bbox 216 2494 283 2536; x_wconf 79' lang='lat' dir='ltr'><strong>ex</strong></span> <span class='ocrx_word' id='word_1_183' title='bbox 335 2481 513 2537; x_wconf 88' lang='lat' dir='ltr'><strong>altera</strong></span> <span class='ocrx_word' id='word_1_184' title='bbox 578 2482 748 2539; x_wconf 80' lang='lat' dir='ltr'><strong>frater</strong></span> <span class='ocrx_word' id='word_1_185' title='bbox 797 2481 925 2539; x_wconf 91' lang='lat' dir='ltr'><strong>Otto</strong></span> <span class='ocrx_word' id='word_1_186' title='bbox 985 2482 1301 2540; x_wconf 77' lang='lat' dir='ltr'><strong>Misiconem</strong></span> <span class='ocrx_word' id='word_1_187' title='bbox 1355 2484 1798 2556; x_wconf 74' lang='lat' dir='ltr'><strong>aggrederentur.</strong></span> 
     </span>
    </p>
   </div>
   <div class='ocr_carea' id='block_1_28' title="bbox 215 2570 1799 2649">
    <p class='ocr_par' dir='ltr' id='par_1_28' title="bbox 215 2570 1799 2649">
     <span class='ocr_line' id='line_1_28' title="bbox 215 2570 1799 2649; baseline 0.003 -22"><span class='ocrx_word' id='word_1_188' title='bbox 215 2570 371 2629; x_wconf 89' lang='lat' dir='ltr'><strong>llunc</strong></span> <span class='ocrx_word' id='word_1_189' title='bbox 414 2574 676 2645; x_wconf 87' lang='lat' dir='ltr'><strong>impetum</strong></span> <span class='ocrx_word' id='word_1_190' title='bbox 720 2574 908 2631; x_wconf 80' lang='lat' dir='ltr'><strong>Misico</strong></span> <span class='ocrx_word' id='word_1_191' title='bbox 957 2573 1104 2631; x_wconf 90' lang='lat' dir='ltr'><strong>ferre</strong></span> <span class='ocrx_word' id='word_1_192' title='bbox 1156 2592 1266 2632; x_wconf 88' lang='lat' dir='ltr'><strong>non</strong></span> <span class='ocrx_word' id='word_1_193' title='bbox 1321 2577 1509 2634; x_wconf 88' lang='lat' dir='ltr'><strong>valens</strong></span> <span class='ocrx_word' id='word_1_194' title='bbox 1564 2577 1699 2649; x_wconf 84' lang='lat' dir='ltr'><strong>fugit</strong></span> <span class='ocrx_word' id='word_1_195' title='bbox 1745 2579 1799 2633; x_wconf 88' lang='lat' dir='ltr'><strong>iu</strong></span> 
     </span>
    </p>
   </div>
   <div class='ocr_carea' id='block_1_29' title="bbox 217 2662 1802 2738">
    <p class='ocr_par' dir='ltr' id='par_1_29' title="bbox 217 2662 1802 2738">
     <span class='ocr_line' id='line_1_29' title="bbox 217 2662 1802 2738; baseline 0.003 -19"><span class='ocrx_word' id='word_1_196' title='bbox 217 2662 496 2720; x_wconf 84' lang='lat' dir='ltr'><strong>Boetniam</strong></span> <span class='ocrx_word' id='word_1_197' title='bbox 527 2666 597 2721; x_wconf 89' lang='lat' dir='ltr'><strong>ad</strong></span> <span class='ocrx_word' id='word_1_198' title='bbox 650 2665 960 2736; x_wconf 32' lang='lat' dir='ltr'><strong>U‘dalricum</strong></span> <span class='ocrx_word' id='word_1_199' title='bbox 1008 2666 1223 2733; x_wconf 89' lang='lat' dir='ltr'><strong>ducem,</strong></span> <span class='ocrx_word' id='word_1_200' title='bbox 1250 2668 1338 2723; x_wconf 91' lang='lat' dir='ltr'><strong>cui</strong></span> <span class='ocrx_word' id='word_1_201' title='bbox 1372 2676 1499 2724; x_wconf 89' lang='lat' dir='ltr'><strong>tunc</strong></span> <span class='ocrx_word' id='word_1_202' title='bbox 1541 2668 1802 2738; x_wconf 84' lang='lat' dir='ltr'><strong>temporis</strong></span> 
     </span>
    </p>
   </div>
   <div class='ocr_carea' id='block_1_30' title="bbox 216 2752 1802 2834">
    <p class='ocr_par' dir='ltr' id='par_1_30' title="bbox 216 2752 1802 2834">
     <span class='ocr_line' id='line_1_30' title="bbox 216 2752 1802 2834; baseline 0.004 -27"><span class='ocrx_word' id='word_1_203' title='bbox 216 2752 519 2825; x_wconf 85' lang='lat' dir='ltr'><strong>imperator</strong></span> <span class='ocrx_word' id='word_1_204' title='bbox 565 2754 738 2811; x_wconf 90' lang='lat' dir='ltr'><strong>iratus</strong></span> <span class='ocrx_word' id='word_1_205' title='bbox 783 2754 982 2834; x_wconf 78' lang='lat' dir='ltr'><strong>fuerat.</strong></span> <span class='ocrx_word' id='word_1_206' title='bbox 1028 2754 1136 2811; x_wconf 88' lang='lat' dir='ltr'><strong>Sed</strong></span> <span class='ocrx_word' id='word_1_207' title='bbox 1196 2756 1286 2813; x_wconf 91' lang='lat' dir='ltr'><strong>ille</strong></span> <span class='ocrx_word' id='word_1_208' title='bbox 1335 2765 1396 2813; x_wconf 91' lang='lat' dir='ltr'><strong>ut</strong></span> <span class='ocrx_word' id='word_1_209' title='bbox 1433 2757 1512 2813; x_wconf 92' lang='lat' dir='ltr'><strong>sic</strong></span> <span class='ocrx_word' id='word_1_210' title='bbox 1561 2758 1802 2828; x_wconf 88' lang='lat' dir='ltr'><strong>placaret</strong></span> 
     </span>
    </p>
   </div>
   <div class='ocr_carea' id='block_1_31' title="bbox 217 2842 1803 2917">
    <p class='ocr_par' dir='ltr' id='par_1_31' title="bbox 217 2842 1803 2917">
     <span class='ocr_line' id='line_1_31' title="bbox 217 2842 1803 2917; baseline 0.004 -19"><span class='ocrx_word' id='word_1_211' title='bbox 217 2842 604 2913; x_wconf 78' lang='lat' dir='ltr'><strong>imperatorem</strong></span> <span class='ocrx_word' id='word_1_212' title='bbox 643 2845 815 2900; x_wconf 91' lang='lat' dir='ltr'><strong>voluit</strong></span> <span class='ocrx_word' id='word_1_213' title='bbox 855 2845 958 2901; x_wconf 87' lang='lat' dir='ltr'><strong>sibi</strong></span> <span class='ocrx_word' id='word_1_214' title='bbox 997 2846 1224 2901; x_wconf 78' lang='lat' dir='ltr'><strong>reddere</strong></span> <span class='ocrx_word' id='word_1_215' title='bbox 1269 2846 1620 2903; x_wconf 83' lang='lat' dir='ltr'><strong>Misiconem:</strong></span> <span class='ocrx_word' id='word_1_216' title='bbox 1658 2849 1803 2917; x_wconf 92' lang='lat' dir='ltr'><strong>quod</strong></span> 
     </span>
    </p>
   </div>
   <div class='ocr_carea' id='block_1_32' title="bbox 216 2934 1804 3004">
    <p class='ocr_par' dir='ltr' id='par_1_32' title="bbox 216 2934 1804 3004">
     <span class='ocr_line' id='line_1_32' title="bbox 216 2934 1804 3004; baseline 0.004 -16"><span class='ocrx_word' id='word_1_217' title='bbox 216 2944 436 3003; x_wconf 85' lang='lat' dir='ltr'><strong>pactum</strong></span> <span class='ocrx_word' id='word_1_218' title='bbox 479 2934 807 2990; x_wconf 83' lang='lat' dir='ltr'><strong>sceleratum</strong></span> <span class='ocrx_word' id='word_1_219' title='bbox 857 2935 1038 2991; x_wconf 89' lang='lat' dir='ltr'><strong>renuit</strong></span> <span class='ocrx_word' id='word_1_220' title='bbox 1092 2935 1296 3004; x_wconf 83' lang='lat' dir='ltr'><strong>Caesar,</strong></span> <span class='ocrx_word' id='word_1_221' title='bbox 1344 2937 1532 2995; x_wconf 87' lang='lat' dir='ltr'><strong>dicens</strong></span> <span class='ocrx_word' id='word_1_222' title='bbox 1565 2953 1625 2993; x_wconf 90' lang='lat' dir='ltr'><strong>se</strong></span> <span class='ocrx_word' id='word_1_223' title='bbox 1662 2939 1804 2994; x_wconf 86' lang='lat' dir='ltr'><strong>nolle</strong></span> 
     </span>
    </p>
   </div>
   <div class='ocr_carea' id='block_1_33' title="bbox 216 3025 1802 3099">
    <p class='ocr_par' dir='ltr' id='par_1_33' title="bbox 216 3025 1802 3099">
     <span class='ocr_line' id='line_1_33' title="bbox 216 3025 1802 3099; baseline 0.003 -20"><span class='ocrx_word' id='word_1_224' title='bbox 216 3025 503 3081; x_wconf 87' lang='lat' dir='ltr'><strong>inimicum</strong></span> <span class='ocrx_word' id='word_1_225' title='bbox 532 3040 715 3080; x_wconf 82' lang='lat' dir='ltr'><strong>eruere</strong></span> <span class='ocrx_word' id='word_1_226' title='bbox 748 3026 817 3080; x_wconf 90' lang='lat' dir='ltr'><strong>ab</strong></span> <span class='ocrx_word' id='word_1_227' title='bbox 847 3026 1085 3081; x_wconf 89' lang='lat' dir='ltr'><strong>inimico.</strong></span> <span class='ocrx_word' id='word_1_228' title='bbox 1114 3025 1242 3083; x_wconf 87' lang='lat' dir='ltr'><strong>Otto</strong></span> <span class='ocrx_word' id='word_1_229' title='bbox 1278 3029 1562 3084; x_wconf 85' lang='lat' dir='ltr'><strong>restitutus</strong></span> <span class='ocrx_word' id='word_1_230' title='bbox 1592 3031 1802 3099; x_wconf 80' lang='lat' dir='ltr'><strong>patriae,</strong></span> 
     </span>
    </p>
   </div>
   <div class='ocr_carea' id='block_1_34' title="bbox 218 3116 1806 3191">
    <p class='ocr_par' dir='ltr' id='par_1_34' title="bbox 218 3116 1806 3191">
     <span class='ocr_line' id='line_1_34' title="bbox 218 3116 1806 3191; baseline 0.003 -18"><span class='ocrx_word' id='word_1_231' title='bbox 218 3125 270 3173; x_wconf 92' lang='lat' dir='ltr'><strong>et</strong></span> <span class='ocrx_word' id='word_1_232' title='bbox 306 3118 417 3173; x_wconf 88' lang='lat' dir='ltr'><strong>dux</strong></span> <span class='ocrx_word' id='word_1_233' title='bbox 462 3116 641 3172; x_wconf 87' lang='lat' dir='ltr'><strong>factus</strong></span> <span class='ocrx_word' id='word_1_234' title='bbox 672 3132 703 3171; x_wconf 89' lang='lat' dir='ltr'><strong>a</strong></span> <span class='ocrx_word' id='word_1_235' title='bbox 734 3116 964 3184; x_wconf 66' lang='lat' dir='ltr'><strong>Caesare,</strong></span> <span class='ocrx_word' id='word_1_236' title='bbox 1008 3118 1137 3174; x_wconf 90' lang='lat' dir='ltr'><strong>dum</strong></span> <span class='ocrx_word' id='word_1_237' title='bbox 1183 3130 1305 3191; x_wconf 88' lang='lat' dir='ltr'><strong>post</strong></span> <span class='ocrx_word' id='word_1_238' title='bbox 1348 3119 1564 3191; x_wconf 87' lang='lat' dir='ltr'><strong>aliquod</strong></span> <span class='ocrx_word' id='word_1_239' title='bbox 1596 3133 1806 3191; x_wconf 77' lang='lat' dir='ltr'><strong>tempus</strong></span> 
     </span>
    </p>
   </div>
   <div class='ocr_carea' id='block_1_35' title="bbox 216 3210 1807 3282">
    <p class='ocr_par' dir='ltr' id='par_1_35' title="bbox 216 3210 1807 3282">
     <span class='ocr_line' id='line_1_35' title="bbox 216 3210 1807 3282; baseline 0.004 -19"><span class='ocrx_word' id='word_1_240' title='bbox 216 3210 398 3267; x_wconf 84' lang='lat' dir='ltr'><strong>minus</strong></span> <span class='ocrx_word' id='word_1_241' title='bbox 427 3220 589 3266; x_wconf 87' lang='lat' dir='ltr'><strong>caute</strong></span> <span class='ocrx_word' id='word_1_242' title='bbox 637 3221 844 3282; x_wconf 86' lang='lat' dir='ltr'><strong>ageret,</strong></span> <span class='ocrx_word' id='word_1_243' title='bbox 890 3227 920 3266; x_wconf 87' lang='lat' dir='ltr'><strong>a</strong></span> <span class='ocrx_word' id='word_1_244' title='bbox 949 3213 1185 3282; x_wconf 89' lang='lat' dir='ltr'><strong>quodam</strong></span> <span class='ocrx_word' id='word_1_245' title='bbox 1228 3213 1482 3270; x_wconf 87' lang='lat' dir='ltr'><strong>familiari</strong></span> <span class='ocrx_word' id='word_1_246' title='bbox 1538 3231 1637 3271; x_wconf 89' lang='lat' dir='ltr'><strong>suo</strong></span> <span class='ocrx_word' id='word_1_247' title='bbox 1669 3217 1807 3270; x_wconf 80' lang='lat' dir='ltr'><strong>clam</strong></span> 
     </span>
    </p>
   </div>
   <div class='ocr_carea' id='block_1_36' title="bbox 218 3296 1810 3374">
    <p class='ocr_par' dir='ltr' id='par_1_36' title="bbox 218 3296 1810 3374">
     <span class='ocr_line' id='line_1_36' title="bbox 218 3296 1810 3374; baseline 0.006 -23"><span class='ocrx_word' id='word_1_248' title='bbox 218 3296 548 3356; x_wconf 81' lang='lat' dir='ltr'><strong>interfectus</strong></span> <span class='ocrx_word' id='word_1_249' title='bbox 593 3309 699 3355; x_wconf 89' lang='lat' dir='ltr'><strong>est.</strong></span> <span class='ocrx_word' id='word_1_250' title='bbox 738 3299 890 3356; x_wconf 86' lang='lat' dir='ltr'><strong>Tunc</strong></span> <span class='ocrx_word' id='word_1_251' title='bbox 923 3300 1115 3357; x_wconf 80' lang='lat' dir='ltr'><strong>Misico</strong></span> <span class='ocrx_word' id='word_1_252' title='bbox 1161 3303 1414 3359; x_wconf 89' lang='lat' dir='ltr'><strong>omnibus</strong></span> <span class='ocrx_word' id='word_1_253' title='bbox 1456 3306 1631 3360; x_wconf 87' lang='lat' dir='ltr'><strong>modis</strong></span> <span class='ocrx_word' id='word_1_254' title='bbox 1663 3321 1810 3374; x_wconf 57' lang='lat' dir='ltr'><strong>quar-</strong></span> 
     </span>
    </p>
   </div>
   <div class='ocr_carea' id='block_1_37' title="bbox 216 3389 1809 3467">
    <p class='ocr_par' dir='ltr' id='par_1_37' title="bbox 216 3389 1809 3467">
     <span class='ocr_line' id='line_1_37' title="bbox 216 3389 1809 3467; baseline 0.005 -24"><span class='ocrx_word' id='word_1_255' title='bbox 216 3389 375 3445; x_wconf 88' lang='lat' dir='ltr'><strong>rebat</strong></span> <span class='ocrx_word' id='word_1_256' title='bbox 422 3390 660 3462; x_wconf 86' lang='lat' dir='ltr'><strong>gratiam</strong></span> <span class='ocrx_word' id='word_1_257' title='bbox 715 3389 1079 3463; x_wconf 89' lang='lat' dir='ltr'><strong>imperatricis</strong></span> <span class='ocrx_word' id='word_1_258' title='bbox 1121 3393 1320 3451; x_wconf 65' lang='lat' dir='ltr'><strong>Giselte</strong></span> <span class='ocrx_word' id='word_1_259' title='bbox 1380 3404 1437 3451; x_wconf 95' lang='lat' dir='ltr'><strong>et</strong></span> <span class='ocrx_word' id='word_1_260' title='bbox 1478 3397 1809 3467; x_wconf 90' lang='lat' dir='ltr'><strong>reliquorum</strong></span> 
     </span>
    </p>
   </div>
   <div class='ocr_carea' id='block_1_38' title="bbox 216 3481 1811 3559">
    <p class='ocr_par' dir='ltr' id='par_1_38' title="bbox 216 3481 1811 3559">
     <span class='ocr_line' id='line_1_38' title="bbox 216 3481 1811 3559; baseline 0.006 -24"><span class='ocrx_word' id='word_1_261' title='bbox 216 3481 550 3552; x_wconf 86' lang='lat' dir='ltr'><strong>principum,</strong></span> <span class='ocrx_word' id='word_1_262' title='bbox 569 3490 628 3536; x_wconf 89' lang='lat' dir='ltr'><strong>ut</strong></span> <span class='ocrx_word' id='word_1_263' title='bbox 655 3492 958 3540; x_wconf 91' lang='lat' dir='ltr'><strong>mereretur</strong></span> <span class='ocrx_word' id='word_1_264' title='bbox 977 3485 1159 3541; x_wconf 91' lang='lat' dir='ltr'><strong>redire</strong></span> <span class='ocrx_word' id='word_1_265' title='bbox 1173 3486 1239 3541; x_wconf 88' lang='lat' dir='ltr'><strong>ad</strong></span> <span class='ocrx_word' id='word_1_266' title='bbox 1269 3488 1499 3558; x_wconf 86' lang='lat' dir='ltr'><strong>gratiam</strong></span> <span class='ocrx_word' id='word_1_267' title='bbox 1524 3488 1811 3559; x_wconf 88' lang='lat' dir='ltr'><strong>imperato-</strong></span> 
     </span>
    </p>
   </div>
   <div class='ocr_carea' id='block_1_39' title="bbox 218 3572 1813 3645">
    <p class='ocr_par' dir='ltr' id='par_1_39' title="bbox 218 3572 1813 3645">
     <span class='ocr_line' id='line_1_39' title="bbox 218 3572 1813 3645; baseline 0.006 -17"><span class='ocrx_word' id='word_1_268' title='bbox 218 3573 317 3628; x_wconf 86' lang='lat' dir='ltr'><strong>ris.</strong></span> <span class='ocrx_word' id='word_1_269' title='bbox 341 3572 532 3629; x_wconf 68' lang='lat' dir='ltr'><strong>Caesar</strong></span> <span class='ocrx_word' id='word_1_270' title='bbox 561 3574 935 3631; x_wconf 86' lang='lat' dir='ltr'><strong>misericordia</strong></span> <span class='ocrx_word' id='word_1_271' title='bbox 962 3588 1145 3633; x_wconf 88' lang='lat' dir='ltr'><strong>motus</strong></span> <span class='ocrx_word' id='word_1_272' title='bbox 1174 3579 1324 3634; x_wconf 88' lang='lat' dir='ltr'><strong>dedit</strong></span> <span class='ocrx_word' id='word_1_273' title='bbox 1345 3581 1449 3635; x_wconf 88' lang='lat' dir='ltr'><strong>sibi</strong></span> <span class='ocrx_word' id='word_1_274' title='bbox 1488 3582 1727 3645; x_wconf 86' lang='lat' dir='ltr'><strong>veniam,</strong></span> <span class='ocrx_word' id='word_1_275' title='bbox 1757 3593 1813 3638; x_wconf 87' lang='lat' dir='ltr'><strong>et</strong></span> 
     </span>
    </p>
   </div>
   <div class='ocr_carea' id='block_1_40' title="bbox 218 3663 1809 3741">
    <p class='ocr_par' dir='ltr' id='par_1_40' title="bbox 218 3663 1809 3741">
     <span class='ocr_line' id='line_1_40' title="bbox 218 3663 1809 3741; baseline 0.005 -23"><span class='ocrx_word' id='word_1_276' title='bbox 218 3663 393 3720; x_wconf 89' lang='lat' dir='ltr'><strong>divisa</strong></span> <span class='ocrx_word' id='word_1_277' title='bbox 435 3667 718 3734; x_wconf 82' lang='lat' dir='ltr'><strong>provincia</strong></span> <span class='ocrx_word' id='word_1_278' title='bbox 762 3666 1086 3725; x_wconf 84' lang='lat' dir='ltr'><strong>Bolanorum</strong></span> <span class='ocrx_word' id='word_1_279' title='bbox 1115 3669 1168 3724; x_wconf 93' lang='lat' dir='ltr'><strong>in</strong></span> <span class='ocrx_word' id='word_1_280' title='bbox 1196 3679 1306 3727; x_wconf 90' lang='lat' dir='ltr'><strong>tres</strong></span> <span class='ocrx_word' id='word_1_281' title='bbox 1343 3681 1547 3741; x_wconf 89' lang='lat' dir='ltr'><strong>partes,</strong></span> <span class='ocrx_word' id='word_1_282' title='bbox 1595 3672 1809 3728; x_wconf 80' lang='lat' dir='ltr'><strong>Misico-</strong></span> 
     </span>
    </p>
   </div>
   <div class='ocr_carea' id='block_1_41' title="bbox 198 3758 1811 3830">
    <p class='ocr_par' dir='ltr' id='par_1_41' title="bbox 198 3758 1811 3830">
     <span class='ocr_line' id='line_1_41' title="bbox 198 3758 1811 3830; baseline 0.007 -20"><span class='ocrx_word' id='word_1_283' title='bbox 198 3771 347 3827; x_wconf 88' lang='lat' dir='ltr'><strong>_uem</strong></span> <span class='ocrx_word' id='word_1_284' title='bbox 396 3758 535 3813; x_wconf 85' lang='lat' dir='ltr'><strong>fecit</strong></span> <span class='ocrx_word' id='word_1_285' title='bbox 581 3760 910 3815; x_wconf 86' lang='lat' dir='ltr'><strong>tetrarcham</strong></span> <span class='ocrx_word' id='word_1_286' title='bbox 938 3800 954 3827; x_wconf 94' lang='lat'><strong>,</strong></span> <span class='ocrx_word' id='word_1_287' title='bbox 999 3761 1238 3830; x_wconf 84' lang='lat' dir='ltr'><strong>reliquas</strong></span> <span class='ocrx_word' id='word_1_288' title='bbox 1282 3764 1415 3819; x_wconf 88' lang='lat' dir='ltr'><strong>duas</strong></span> <span class='ocrx_word' id='word_1_289' title='bbox 1439 3764 1651 3820; x_wconf 90' lang='lat' dir='ltr'><strong>duobus</strong></span> <span class='ocrx_word' id='word_1_290' title='bbox 1689 3765 1811 3821; x_wconf 73' lang='lat' dir='ltr'><strong>aliis</strong></span> 
     </span>
    </p>
   </div>
   <div class='ocr_carea' id='block_1_42' title="bbox 219 3849 1808 3922">
    <p class='ocr_par' dir='ltr' id='par_1_42' title="bbox 219 3849 1808 3922">
     <span class='ocr_line' id='line_1_42' title="bbox 219 3849 1808 3922; baseline 0.005 -20"><span class='ocrx_word' id='word_1_291' title='bbox 219 3849 660 3916; x_wconf 87' lang='lat' dir='ltr'><strong>commendavit;</strong></span> <span class='ocrx_word' id='word_1_292' title='bbox 707 3849 788 3905; x_wconf 90' lang='lat' dir='ltr'><strong>sic</strong></span> <span class='ocrx_word' id='word_1_293' title='bbox 811 3849 1095 3905; x_wconf 72' lang='lat' dir='ltr'><strong>imminuta</strong></span> <span class='ocrx_word' id='word_1_294' title='bbox 1137 3862 1404 3922; x_wconf 87' lang='lat' dir='ltr'><strong>potestate</strong></span> <span class='ocrx_word' id='word_1_295' title='bbox 1442 3856 1622 3910; x_wconf 91' lang='lat' dir='ltr'><strong>minor</strong></span> <span class='ocrx_word' id='word_1_296' title='bbox 1668 3855 1808 3910; x_wconf 73' lang='lat' dir='ltr'><strong>facta</strong></span> 
     </span>
    </p>
   </div>
   <div class='ocr_carea' id='block_1_43' title="bbox 221 3941 1811 4004">
    <p class='ocr_par' dir='ltr' id='par_1_43' title="bbox 221 3941 1811 4004">
     <span class='ocr_line' id='line_1_43' title="bbox 221 3941 1811 4004; baseline 0.006 -9"><span class='ocrx_word' id='word_1_297' title='bbox 221 3948 306 3995; x_wconf 87' lang='lat' dir='ltr'><strong>est</strong></span> <span class='ocrx_word' id='word_1_298' title='bbox 344 3941 655 3997; x_wconf 87' lang='lat' dir='ltr'><strong>temeritas.</strong></span> <span class='ocrx_word' id='word_1_299' title='bbox 709 3941 974 4000; x_wconf 87' lang='lat' dir='ltr'><strong>Defuncto</strong></span> <span class='ocrx_word' id='word_1_300' title='bbox 1021 3941 1278 4000; x_wconf 84' lang='lat' dir='ltr'><strong>Misicone</strong></span> <span class='ocrx_word' id='word_1_301' title='bbox 1321 3945 1620 4003; x_wconf 81' lang='lat' dir='ltr'><strong>Casimirus</strong></span> <span class='ocrx_word' id='word_1_302' title='bbox 1671 3950 1811 4004; x_wconf 82' lang='lat' dir='ltr'><strong>illius</strong></span> 
     </span>
    </p>
   </div>
   <div class='ocr_carea' id='block_1_44' title="bbox 220 4031 1812 4108">
    <p class='ocr_par' dir='ltr' id='par_1_44' title="bbox 220 4031 1812 4108">
     <span class='ocr_line' id='line_1_44' title="bbox 220 4031 1812 4108; baseline 0.007 -23"><span class='ocrx_word' id='word_1_303' title='bbox 220 4031 339 4101; x_wconf 87' lang='lat' dir='ltr'><strong>ejus</strong></span> <span class='ocrx_word' id='word_1_304' title='bbox 394 4032 632 4089; x_wconf 89' lang='lat' dir='ltr'><strong>Iideliter</strong></span> <span class='ocrx_word' id='word_1_305' title='bbox 682 4033 955 4089; x_wconf 86' lang='lat' dir='ltr'><strong>serviebat</strong></span> <span class='ocrx_word' id='word_1_306' title='bbox 1014 4035 1118 4091; x_wconf 61' lang='lat' dir='ltr'><strong>huc</strong></span> <span class='ocrx_word' id='word_1_307' title='bbox 1176 4052 1347 4107; x_wconf 88' lang='lat' dir='ltr'><strong>usque</strong></span> <span class='ocrx_word' id='word_1_308' title='bbox 1395 4038 1812 4108; x_wconf 82' lang='lat' dir='ltr'><strong>imperatoribus</strong></span> 
     </span>
    </p>
   </div>
   <div class='ocr_carea' id='block_1_45' title="bbox 223 4124 451 4178">
    <p class='ocr_par' dir='ltr' id='par_1_45' title="bbox 223 4124 451 4178">
     <span class='ocr_line' id='line_1_45' title="bbox 223 4124 451 4178; baseline 0.004 -2"><span class='ocrx_word' id='word_1_309' title='bbox 223 4124 451 4178; x_wconf 85' lang='lat' dir='ltr'><strong>nostris.</strong></span> 
     </span>
    </p>
   </div>
   <div class='ocr_carea' id='block_1_46' title="bbox 220 4251 1809 4300">
    <p class='ocr_par' dir='ltr' id='par_1_46' title="bbox 220 4251 1809 4300">
     <span class='ocr_line' id='line_1_46' title="bbox 220 4251 1809 4300; baseline 0.002 -7"><span class='ocrx_word' id='word_1_310' title='bbox 220 4251 362 4300; x_wconf 74' lang='lat' dir='ltr'><strong>QUOD</strong></span> <span class='ocrx_word' id='word_1_311' title='bbox 402 4252 716 4294; x_wconf 71' lang='lat' dir='ltr'><strong>IIPERATOR</strong></span> <span class='ocrx_word' id='word_1_312' title='bbox 752 4254 860 4294; x_wconf 71' lang='grc' dir='ltr'><strong>ευκ</strong></span> <span class='ocrx_word' id='word_1_313' title='bbox 898 4256 1041 4297; x_wconf 65' lang='grc' dir='ltr'><strong>ειιιυ</strong></span> <span class='ocrx_word' id='word_1_314' title='bbox 1069 4256 1168 4297; x_wconf 75' lang='grc' dir='ltr'><strong>δυο</strong></span> <span class='ocrx_word' id='word_1_315' title='bbox 1196 4257 1426 4297; x_wconf 70' lang='lat' dir='ltr'><strong>HENRICO</strong></span> <span class='ocrx_word' id='word_1_316' title='bbox 1467 4257 1809 4298; x_wconf 67' lang='lat' dir='ltr'><strong>BUBGUNDMM</strong></span> 
     </span>
    </p>
   </div>
   <div class='ocr_carea' id='block_1_47' title="bbox 941 4326 1113 4366">
    <p class='ocr_par' dir='ltr' id='par_1_47' title="bbox 941 4326 1113 4366">
     <span class='ocr_line' id='line_1_47' title="bbox 941 4326 1113 4366; baseline 0 -1"><span class='ocrx_word' id='word_1_317' title='bbox 941 4326 1050 4365; x_wconf 70' lang='lat' dir='ltr'><strong>ADll</strong></span> <span class='ocrx_word' id='word_1_318' title='bbox 1065 4328 1113 4366; x_wconf 82' lang='grc' dir='ltr'><strong>ι’.</strong></span> 
     </span>
    </p>
   </div>
   <div class='ocr_carea' id='block_1_48' title="bbox 1896 476 3474 547">
    <p class='ocr_par' dir='ltr' id='par_1_48' title="bbox 1896 476 3474 547">
     <span class='ocr_line' id='line_1_48' title="bbox 1896 476 3474 547; baseline -0.002 -12"><span class='ocrx_word' id='word_1_319' title='bbox 1896 478 2119 535; x_wconf 87' lang='lat' dir='ltr'><strong>sudibus</strong></span> <span class='ocrx_word' id='word_1_320' title='bbox 2142 479 2208 532; x_wconf 90' lang='lat' dir='ltr'><strong>de</strong></span> <span class='ocrx_word' id='word_1_321' title='bbox 2235 486 2376 532; x_wconf 86' lang='lat' dir='ltr'><strong>terra</strong></span> <span class='ocrx_word' id='word_1_322' title='bbox 2409 477 2462 532; x_wconf 90' lang='lat' dir='ltr'><strong>in</strong></span> <span class='ocrx_word' id='word_1_323' title='bbox 2493 478 2724 533; x_wconf 90' lang='lat' dir='ltr'><strong>circuitu</strong></span> <span class='ocrx_word' id='word_1_324' title='bbox 2774 476 2946 547; x_wconf 84' lang='lat' dir='ltr'><strong>gelata</strong></span> <span class='ocrx_word' id='word_1_325' title='bbox 2971 476 3124 531; x_wconf 86' lang='lat' dir='ltr'><strong>evelli</strong></span> <span class='ocrx_word' id='word_1_326' title='bbox 3150 476 3474 546; x_wconf 90' lang='lat' dir='ltr'><strong>potuissent.</strong></span> 
     </span>
    </p>
   </div>
   <div class='ocr_carea' id='block_1_49' title="bbox 1896 567 3479 639">
    <p class='ocr_par' dir='ltr' id='par_1_49' title="bbox 1896 567 3479 639">
     <span class='ocr_line' id='line_1_49' title="bbox 1896 567 3479 639; baseline 0 -15"><span class='ocrx_word' id='word_1_327' title='bbox 1896 570 2126 636; x_wconf 83' lang='lat' dir='ltr'><strong>Quidam</strong></span> <span class='ocrx_word' id='word_1_328' title='bbox 2180 582 2330 636; x_wconf 89' lang='lat' dir='ltr'><strong>vero,</strong></span> <span class='ocrx_word' id='word_1_329' title='bbox 2380 568 2472 639; x_wconf 91' lang='lat' dir='ltr'><strong>qui</strong></span> <span class='ocrx_word' id='word_1_330' title='bbox 2514 583 2620 624; x_wconf 91' lang='lat' dir='ltr'><strong>non</strong></span> <span class='ocrx_word' id='word_1_331' title='bbox 2664 568 2854 623; x_wconf 88' lang='lat' dir='ltr'><strong>habuit</strong></span> <span class='ocrx_word' id='word_1_332' title='bbox 2905 567 3231 638; x_wconf 89' lang='lat' dir='ltr'><strong>adjutorium</strong></span> <span class='ocrx_word' id='word_1_333' title='bbox 3276 582 3479 638; x_wconf 86' lang='lat' dir='ltr'><strong>equum</strong></span> 
     </span>
    </p>
   </div>
   <div class='ocr_carea' id='block_1_50' title="bbox 1896 659 3476 733">
    <p class='ocr_par' dir='ltr' id='par_1_50' title="bbox 1896 659 3476 733">
     <span class='ocr_line' id='line_1_50' title="bbox 1896 659 3476 733; baseline -0.001 -18"><span class='ocrx_word' id='word_1_334' title='bbox 1896 662 2176 733; x_wconf 83' lang='lat' dir='ltr'><strong>proprium</strong></span> <span class='ocrx_word' id='word_1_335' title='bbox 2206 662 2278 716; x_wconf 87' lang='lat' dir='ltr'><strong>ita</strong></span> <span class='ocrx_word' id='word_1_336' title='bbox 2300 662 2595 716; x_wconf 73' lang='lat' dir='ltr'><strong>luerentem</strong></span> <span class='ocrx_word' id='word_1_337' title='bbox 2621 659 2913 725; x_wconf 88' lang='lat' dir='ltr'><strong>interfecit,</strong></span> <span class='ocrx_word' id='word_1_338' title='bbox 2945 669 3001 715; x_wconf 86' lang='lat' dir='ltr'><strong>et</strong></span> <span class='ocrx_word' id='word_1_339' title='bbox 3020 659 3225 715; x_wconf 89' lang='lat' dir='ltr'><strong>corium</strong></span> <span class='ocrx_word' id='word_1_340' title='bbox 3254 659 3322 714; x_wconf 89' lang='lat' dir='ltr'><strong>de</strong></span> <span class='ocrx_word' id='word_1_341' title='bbox 3347 673 3476 715; x_wconf 89' lang='lat' dir='ltr'><strong>cru-</strong></span> 
     </span>
    </p>
   </div>
   <div class='ocr_carea' id='block_1_51' title="bbox 1899 747 3477 820">
    <p class='ocr_par' dir='ltr' id='par_1_51' title="bbox 1899 747 3477 820">
     <span class='ocr_line' id='line_1_51' title="bbox 1899 747 3477 820; baseline -0.001 -15"><span class='ocrx_word' id='word_1_342' title='bbox 1899 751 2049 806; x_wconf 88' lang='lat' dir='ltr'><strong>ribus</strong></span> <span class='ocrx_word' id='word_1_343' title='bbox 2092 765 2309 805; x_wconf 85' lang='lat' dir='ltr'><strong>sursum</strong></span> <span class='ocrx_word' id='word_1_344' title='bbox 2345 749 2601 817; x_wconf 79' lang='lat' dir='ltr'><strong>abstulit,</strong></span> <span class='ocrx_word' id='word_1_345' title='bbox 2655 747 2923 820; x_wconf 89' lang='lat' dir='ltr'><strong>reliquum</strong></span> <span class='ocrx_word' id='word_1_346' title='bbox 2970 757 3128 804; x_wconf 85' lang='lat' dir='ltr'><strong>terrae</strong></span> <span class='ocrx_word' id='word_1_347' title='bbox 3175 748 3364 818; x_wconf 81' lang='lat' dir='ltr'><strong>gelatae</strong></span> <span class='ocrx_word' id='word_1_348' title='bbox 3390 748 3477 805; x_wconf 86' lang='lat' dir='ltr'><strong>in-</strong></span> 
     </span>
    </p>
   </div>
   <div class='ocr_carea' id='block_1_52' title="bbox 1898 838 3478 911">
    <p class='ocr_par' dir='ltr' id='par_1_52' title="bbox 1898 838 3478 911">
     <span class='ocr_line' id='line_1_52' title="bbox 1898 838 3478 911; baseline 0.001 -15"><span class='ocrx_word' id='word_1_349' title='bbox 1898 841 2065 896; x_wconf 78' lang='lat' dir='ltr'><strong>ﬁxum</strong></span> <span class='ocrx_word' id='word_1_350' title='bbox 2088 840 2315 897; x_wconf 83' lang='lat' dir='ltr'><strong>dimisit.</strong></span> <span class='ocrx_word' id='word_1_351' title='bbox 2365 840 2622 897; x_wconf 85' lang='lat' dir='ltr'><strong>Homines</strong></span> <span class='ocrx_word' id='word_1_352' title='bbox 2649 853 2866 911; x_wconf 90' lang='lat' dir='ltr'><strong>quoque</strong></span> <span class='ocrx_word' id='word_1_353' title='bbox 2912 841 3141 895; x_wconf 91' lang='lat' dir='ltr'><strong>multum</strong></span> <span class='ocrx_word' id='word_1_354' title='bbox 3176 838 3478 897; x_wconf 85' lang='lat' dir='ltr'><strong>confunde-</strong></span> 
     </span>
    </p>
   </div>
   <div class='ocr_carea' id='block_1_53' title="bbox 1876 930 3482 1003">
    <p class='ocr_par' dir='ltr' id='par_1_53' title="bbox 1876 930 3482 1003">
     <span class='ocr_line' id='line_1_53' title="bbox 1876 930 3482 1003; baseline 0 -16"><span class='ocrx_word' id='word_1_355' title='bbox 1876 931 2098 987; x_wconf 89' lang='lat' dir='ltr'><strong>bantur</strong></span> <span class='ocrx_word' id='word_1_356' title='bbox 2118 931 2222 987; x_wconf 92' lang='lat' dir='ltr'><strong>hoc</strong></span> <span class='ocrx_word' id='word_1_357' title='bbox 2239 930 2423 1003; x_wconf 89' lang='lat' dir='ltr'><strong>algore</strong></span> <span class='ocrx_word' id='word_1_358' title='bbox 2448 948 2463 984; x_wconf 92' lang='lat'>:</span> <span class='ocrx_word' id='word_1_359' title='bbox 2493 939 2612 986; x_wconf 91' lang='lat' dir='ltr'><strong>erat</strong></span> <span class='ocrx_word' id='word_1_360' title='bbox 2633 932 2775 987; x_wconf 90' lang='lat' dir='ltr'><strong>enim</strong></span> <span class='ocrx_word' id='word_1_361' title='bbox 2804 947 2910 986; x_wconf 89' lang='lat' dir='ltr'><strong>una</strong></span> <span class='ocrx_word' id='word_1_362' title='bbox 2953 930 3122 987; x_wconf 88' lang='lat' dir='ltr'><strong>facies</strong></span> <span class='ocrx_word' id='word_1_363' title='bbox 3139 931 3399 1002; x_wconf 85' lang='lat' dir='ltr'><strong>juvenum</strong></span> <span class='ocrx_word' id='word_1_364' title='bbox 3425 938 3482 987; x_wconf 92' lang='lat' dir='ltr'><strong>et</strong></span> 
     </span>
    </p>
   </div>
   <div class='ocr_carea' id='block_1_54' title="bbox 1900 1025 3479 1084">
    <p class='ocr_par' dir='ltr' id='par_1_54' title="bbox 1900 1025 3479 1084">
     <span class='ocr_line' id='line_1_54' title="bbox 1900 1025 3479 1084; baseline 0.003 -5"><span class='ocrx_word' id='word_1_365' title='bbox 1900 1039 2129 1080; x_wconf 85' lang='lat' dir='ltr'><strong>senum:</strong></span> <span class='ocrx_word' id='word_1_366' title='bbox 2163 1039 2355 1081; x_wconf 89' lang='lat' dir='ltr'><strong>omnes</strong></span> <span class='ocrx_word' id='word_1_367' title='bbox 2377 1034 2537 1080; x_wconf 89' lang='lat' dir='ltr'><strong>erant</strong></span> <span class='ocrx_word' id='word_1_368' title='bbox 2579 1026 2669 1082; x_wconf 85' lang='lat' dir='ltr'><strong>die</strong></span> <span class='ocrx_word' id='word_1_369' title='bbox 2707 1034 2764 1081; x_wconf 92' lang='lat' dir='ltr'><strong>et</strong></span> <span class='ocrx_word' id='word_1_370' title='bbox 2788 1034 2946 1082; x_wconf 89' lang='lat' dir='ltr'><strong>nocte</strong></span> <span class='ocrx_word' id='word_1_371' title='bbox 2995 1026 3117 1082; x_wconf 90' lang='lat' dir='ltr'><strong>caui</strong></span> <span class='ocrx_word' id='word_1_372' title='bbox 3166 1034 3222 1081; x_wconf 92' lang='lat' dir='ltr'><strong>et</strong></span> <span class='ocrx_word' id='word_1_373' title='bbox 3267 1025 3479 1084; x_wconf 85' lang='lat' dir='ltr'><strong>barbati</strong></span> 
     </span>
    </p>
   </div>
   <div class='ocr_carea' id='block_1_55' title="bbox 1862 1118 3480 1191">
    <p class='ocr_par' dir='ltr' id='par_1_55' title="bbox 1862 1118 3480 1191">
     <span class='ocr_line' id='line_1_55' title="bbox 1862 1118 3480 1191; baseline 0.002 -17"><span class='ocrx_word' id='word_1_374' title='bbox 1862 1154 1879 1185; x_wconf 55' lang='grc' dir='ltr'><em>ς</em></span> <span class='ocrx_word' id='word_1_375' title='bbox 1899 1129 2123 1190; x_wconf 84' lang='lat' dir='ltr'><strong>propter</strong></span> <span class='ocrx_word' id='word_1_376' title='bbox 2143 1119 2425 1175; x_wconf 90' lang='lat' dir='ltr'><strong>horridum</strong></span> <span class='ocrx_word' id='word_1_377' title='bbox 2453 1119 2690 1188; x_wconf 82' lang='lat' dir='ltr'><strong>rigorem</strong></span> <span class='ocrx_word' id='word_1_378' title='bbox 2719 1118 2909 1189; x_wconf 88' lang='lat' dir='ltr'><strong>glaciei</strong></span> <span class='ocrx_word' id='word_1_379' title='bbox 2930 1161 2945 1186; x_wconf 89' lang='lat'><strong>,</strong></span> <span class='ocrx_word' id='word_1_380' title='bbox 2974 1119 3100 1176; x_wconf 89' lang='lat' dir='ltr'><strong>licet</strong></span> <span class='ocrx_word' id='word_1_381' title='bbox 3125 1120 3308 1191; x_wconf 89' lang='lat' dir='ltr'><strong>plures</strong></span> <span class='ocrx_word' id='word_1_382' title='bbox 3319 1118 3480 1190; x_wconf 82' lang='lat' dir='ltr'><strong>juve-</strong></span> 
     </span>
    </p>
   </div>
   <div class='ocr_carea' id='block_1_56' title="bbox 1900 1209 3107 1276">
    <p class='ocr_par' dir='ltr' id='par_1_56' title="bbox 1900 1209 3107 1276">
     <span class='ocr_line' id='line_1_56' title="bbox 1900 1209 3107 1276; baseline 0.001 -11"><span class='ocrx_word' id='word_1_383' title='bbox 1900 1226 1998 1265; x_wconf 73' lang='lat' dir='ltr'><strong>nes</strong></span> <span class='ocrx_word' id='word_1_384' title='bbox 2033 1220 2090 1265; x_wconf 81' lang='lat' dir='ltr'><strong>et</strong></span> <span class='ocrx_word' id='word_1_385' title='bbox 2115 1209 2385 1266; x_wconf 88' lang='lat' dir='ltr'><strong>imberbes</strong></span> <span class='ocrx_word' id='word_1_386' title='bbox 2414 1209 2643 1266; x_wconf 82' lang='lat' dir='ltr'><strong>fuissent</strong></span> <span class='ocrx_word' id='word_1_387' title='bbox 2672 1209 2775 1276; x_wconf 88' lang='lat' dir='ltr'><strong>ibi;</strong></span> <span class='ocrx_word' id='word_1_388' title='bbox 2807 1221 2862 1266; x_wconf 89' lang='lat' dir='ltr'><strong>et</strong></span> <span class='ocrx_word' id='word_1_389' title='bbox 2892 1221 3107 1266; x_wconf 87' lang='lat' dir='ltr'><strong>tamen:</strong></span> 
     </span>
    </p>
   </div>
   <div class='ocr_carea' id='block_1_57' title="bbox 1977 1299 3352 1373">
    <p class='ocr_par' dir='ltr' id='par_1_57' title="bbox 1977 1299 3352 1373">
     <span class='ocr_line' id='line_1_57' title="bbox 1977 1299 3352 1373; baseline 0.001 -18"><span class='ocrx_word' id='word_1_390' title='bbox 1977 1299 2079 1355; x_wconf 78' lang='lat' dir='ltr'><strong>Vix</strong></span> <span class='ocrx_word' id='word_1_391' title='bbox 2106 1301 2222 1356; x_wconf 65' lang='lat' dir='ltr'><strong>haec</strong></span> <span class='ocrx_word' id='word_1_392' title='bbox 2246 1315 2412 1356; x_wconf 87' lang='lat' dir='ltr'><strong>causa</strong></span> <span class='ocrx_word' id='word_1_393' title='bbox 2445 1301 2568 1367; x_wconf 90' lang='lat' dir='ltr'><strong>fuit,</strong></span> <span class='ocrx_word' id='word_1_394' title='bbox 2603 1300 2747 1372; x_wconf 89' lang='lat' dir='ltr'><strong>quod</strong></span> <span class='ocrx_word' id='word_1_395' title='bbox 2772 1299 2958 1357; x_wconf 61' lang='lat' dir='ltr'><strong>Caesar</strong></span> <span class='ocrx_word' id='word_1_396' title='bbox 2976 1302 3110 1357; x_wconf 89' lang='lat' dir='ltr'><strong>bella</strong></span> <span class='ocrx_word' id='word_1_397' title='bbox 3138 1301 3352 1373; x_wconf 79' lang='lat' dir='ltr'><strong>reliqui‘</strong></span> 
     </span>
    </p>
   </div>
   <div class='ocr_carea' id='block_1_58' title="bbox 1899 1414 3483 1488">
    <p class='ocr_par' dir='ltr' id='par_1_58' title="bbox 1899 1414 3483 1488">
     <span class='ocr_line' id='line_1_58' title="bbox 1899 1414 3483 1488; baseline 0.001 -18"><span class='ocrx_word' id='word_1_398' title='bbox 1899 1414 2203 1486; x_wconf 87' lang='lat' dir='ltr'><strong>Imperator</strong></span> <span class='ocrx_word' id='word_1_399' title='bbox 2234 1431 2486 1473; x_wconf 89' lang='lat' dir='ltr'><strong>reversus</strong></span> <span class='ocrx_word' id='word_1_400' title='bbox 2510 1415 2577 1472; x_wconf 90' lang='lat' dir='ltr'><strong>ad</strong></span> <span class='ocrx_word' id='word_1_401' title='bbox 2601 1414 2892 1472; x_wconf 69' lang='lat' dir='ltr'><strong>Ture’iCum</strong></span> <span class='ocrx_word' id='word_1_402' title='bbox 2936 1426 3175 1471; x_wconf 90' lang='lat' dir='ltr'><strong>castrum</strong></span> <span class='ocrx_word' id='word_1_403' title='bbox 3206 1416 3483 1488; x_wconf 71' lang='lat' dir='ltr'><strong>pervenit;</strong></span> 
     </span>
    </p>
   </div>
   <div class='ocr_carea' id='block_1_59' title="bbox 1901 1507 3481 1580">
    <p class='ocr_par' dir='ltr' id='par_1_59' title="bbox 1901 1507 3481 1580">
     <span class='ocr_line' id='line_1_59' title="bbox 1901 1507 3481 1580; baseline 0.001 -17"><span class='ocrx_word' id='word_1_404' title='bbox 1901 1507 1975 1563; x_wconf 93' lang='lat' dir='ltr'><strong>ibi</strong></span> <span class='ocrx_word' id='word_1_405' title='bbox 2009 1508 2194 1578; x_wconf 89' lang='lat' dir='ltr'><strong>plures</strong></span> <span class='ocrx_word' id='word_1_406' title='bbox 2241 1508 2697 1580; x_wconf 86' lang='lat' dir='ltr'><strong>Burgundiorum,</strong></span> <span class='ocrx_word' id='word_1_407' title='bbox 2748 1510 2934 1580; x_wconf 83' lang='lat' dir='ltr'><strong>regina</strong></span> <span class='ocrx_word' id='word_1_408' title='bbox 2966 1509 3311 1579; x_wconf 75' lang='lat' dir='ltr'><strong>Burgundize,</strong></span> <span class='ocrx_word' id='word_1_409' title='bbox 3366 1510 3481 1580; x_wconf 86' lang='lat' dir='ltr'><strong>jam</strong></span> 
     </span>
    </p>
   </div>
   <div class='ocr_carea' id='block_1_60' title="bbox 1902 1600 3482 1673">
    <p class='ocr_par' dir='ltr' id='par_1_60' title="bbox 1902 1600 3482 1673">
     <span class='ocr_line' id='line_1_60' title="bbox 1902 1600 3482 1673; baseline 0.002 -19"><span class='ocrx_word' id='word_1_410' title='bbox 1902 1600 2087 1665; x_wconf 90' lang='lat' dir='ltr'><strong>vidua,</strong></span> <span class='ocrx_word' id='word_1_411' title='bbox 2118 1610 2171 1657; x_wconf 89' lang='lat' dir='ltr'><strong>et</strong></span> <span class='ocrx_word' id='word_1_412' title='bbox 2213 1617 2397 1657; x_wconf 86' lang='lat' dir='ltr'><strong>comes</strong></span> <span class='ocrx_word' id='word_1_413' title='bbox 2422 1601 2719 1673; x_wconf 85' lang='lat' dir='ltr'><strong>llupertus,</strong></span> <span class='ocrx_word' id='word_1_414' title='bbox 2767 1613 2823 1657; x_wconf 93' lang='lat' dir='ltr'><strong>et</strong></span> <span class='ocrx_word' id='word_1_415' title='bbox 2844 1602 2956 1669; x_wconf 90' lang='lat' dir='ltr'><strong>alii,</strong></span> <span class='ocrx_word' id='word_1_416' title='bbox 3006 1612 3225 1673; x_wconf 89' lang='lat' dir='ltr'><strong>propter</strong></span> <span class='ocrx_word' id='word_1_417' title='bbox 3254 1601 3482 1658; x_wconf 76' lang='lat' dir='ltr'><strong>insidias</strong></span> 
     </span>
    </p>
   </div>
   <div class='ocr_carea' id='block_1_61' title="bbox 1904 1690 3492 1765">
    <p class='ocr_par' dir='ltr' id='par_1_61' title="bbox 1904 1690 3492 1765">
     <span class='ocr_line' id='line_1_61' title="bbox 1904 1690 3492 1765; baseline 0 -18"><span class='ocrx_word' id='word_1_418' title='bbox 1904 1690 2108 1749; x_wconf 88' lang='lat' dir='ltr'><strong>Odonis</strong></span> <span class='ocrx_word' id='word_1_419' title='bbox 2130 1694 2183 1749; x_wconf 90' lang='lat' dir='ltr'><strong>in</strong></span> <span class='ocrx_word' id='word_1_420' title='bbox 2214 1693 2520 1763; x_wconf 88' lang='lat' dir='ltr'><strong>Burgundia</strong></span> <span class='ocrx_word' id='word_1_421' title='bbox 2553 1693 2618 1748; x_wconf 86' lang='lat' dir='ltr'><strong>ad</strong></span> <span class='ocrx_word' id='word_1_422' title='bbox 2643 1694 3027 1765; x_wconf 91' lang='lat' dir='ltr'><strong>imperatorem</strong></span> <span class='ocrx_word' id='word_1_423' title='bbox 3059 1694 3244 1750; x_wconf 86' lang='lat' dir='ltr'><strong>venire</strong></span> <span class='ocrx_word' id='word_1_424' title='bbox 3289 1693 3492 1765; x_wconf 86' lang='lat' dir='ltr'><strong>nequi-</strong></span> 
     </span>
    </p>
   </div>
   <div class='ocr_carea' id='block_1_62' title="bbox 1901 1782 3491 1854">
    <p class='ocr_par' dir='ltr' id='par_1_62' title="bbox 1901 1782 3491 1854">
     <span class='ocr_line' id='line_1_62' title="bbox 1901 1782 3491 1854; baseline 0.002 -19"><span class='ocrx_word' id='word_1_425' title='bbox 1901 1791 2118 1848; x_wconf 89' lang='lat' dir='ltr'><strong>verunt,</strong></span> <span class='ocrx_word' id='word_1_426' title='bbox 2155 1798 2253 1853; x_wconf 89' lang='lat' dir='ltr'><strong>per</strong></span> <span class='ocrx_word' id='word_1_427' title='bbox 2276 1782 2486 1837; x_wconf 88' lang='lat' dir='ltr'><strong>Italiam</strong></span> <span class='ocrx_word' id='word_1_428' title='bbox 2525 1793 2816 1854; x_wconf 83' lang='lat' dir='ltr'><strong>pergentes</strong></span> <span class='ocrx_word' id='word_1_429' title='bbox 2859 1783 3220 1839; x_wconf 86' lang='lat' dir='ltr'><strong>occurrebant</strong></span> <span class='ocrx_word' id='word_1_430' title='bbox 3247 1783 3393 1839; x_wconf 88' lang='lat' dir='ltr'><strong>sibi:</strong></span> <span class='ocrx_word' id='word_1_431' title='bbox 3432 1791 3491 1838; x_wconf 90' lang='lat' dir='ltr'><strong>et</strong></span> 
     </span>
    </p>
   </div>
   <div class='ocr_carea' id='block_1_63' title="bbox 1899 1870 3481 1943">
    <p class='ocr_par' dir='ltr' id='par_1_63' title="bbox 1899 1870 3481 1943">
     <span class='ocr_line' id='line_1_63' title="bbox 1899 1870 3481 1943; baseline 0.001 -17"><span class='ocrx_word' id='word_1_432' title='bbox 1899 1870 2077 1927; x_wconf 75' lang='lat' dir='ltr'><strong>effecti</strong></span> <span class='ocrx_word' id='word_1_433' title='bbox 2113 1872 2216 1935; x_wconf 88' lang='lat' dir='ltr'><strong>sui,</strong></span> <span class='ocrx_word' id='word_1_434' title='bbox 2251 1870 2356 1927; x_wconf 81' lang='lat' dir='ltr'><strong>fide</strong></span> <span class='ocrx_word' id='word_1_435' title='bbox 2399 1872 2667 1943; x_wconf 82' lang='lat' dir='ltr'><strong>promissa</strong></span> <span class='ocrx_word' id='word_1_436' title='bbox 2696 1888 2795 1943; x_wconf 92' lang='lat' dir='ltr'><strong>per</strong></span> <span class='ocrx_word' id='word_1_437' title='bbox 2839 1880 3239 1928; x_wconf 88' lang='lat' dir='ltr'><strong>sacramentum</strong></span> <span class='ocrx_word' id='word_1_438' title='bbox 3291 1872 3395 1928; x_wconf 92' lang='lat' dir='ltr'><strong>sibi</strong></span> <span class='ocrx_word' id='word_1_439' title='bbox 3421 1881 3481 1928; x_wconf 90' lang='lat' dir='ltr'><strong>et</strong></span> 
     </span>
    </p>
   </div>
   <div class='ocr_carea' id='block_1_64' title="bbox 1901 1960 3403 2031">
    <p class='ocr_par' dir='ltr' id='par_1_64' title="bbox 1901 1960 3403 2031">
     <span class='ocr_line' id='line_1_64' title="bbox 1901 1960 3403 2031; baseline -0.001 -15"><span class='ocrx_word' id='word_1_440' title='bbox 1901 1961 2013 2017; x_wconf 85' lang='lat' dir='ltr'><strong>lilio</strong></span> <span class='ocrx_word' id='word_1_441' title='bbox 2042 1976 2143 2017; x_wconf 91' lang='lat' dir='ltr'><strong>suo</strong></span> <span class='ocrx_word' id='word_1_442' title='bbox 2170 1960 2433 2017; x_wconf 83' lang='lat' dir='ltr'><strong>Heinrico</strong></span> <span class='ocrx_word' id='word_1_443' title='bbox 2460 1964 2594 2031; x_wconf 88' lang='lat' dir='ltr'><strong>regi,</strong></span> <span class='ocrx_word' id='word_1_444' title='bbox 2622 1962 2853 2018; x_wconf 81' lang='lat' dir='ltr'><strong>mirifice</strong></span> <span class='ocrx_word' id='word_1_445' title='bbox 2891 1960 3072 2016; x_wconf 90' lang='lat' dir='ltr'><strong>donati</strong></span> <span class='ocrx_word' id='word_1_446' title='bbox 3102 1960 3403 2016; x_wconf 87' lang='lat' dir='ltr'><strong>redierunt.</strong></span> 
     </span>
    </p>
   </div>
   <div class='ocr_carea' id='block_1_65' title="bbox 1899 2088 3488 2141">
    <p class='ocr_par' dir='ltr' id='par_1_65' title="bbox 1899 2088 3488 2141">
     <span class='ocr_line' id='line_1_65' title="bbox 1899 2088 3488 2141; baseline -0.002 -10"><span class='ocrx_word' id='word_1_447' title='bbox 1899 2091 2040 2141; x_wconf 84' lang='lat' dir='ltr'><strong>QUOD</strong></span> <span class='ocrx_word' id='word_1_448' title='bbox 2067 2090 2376 2131; x_wconf 70' lang='lat' dir='ltr'><strong>lIPEBATOB</strong></span> <span class='ocrx_word' id='word_1_449' title='bbox 2406 2091 2575 2132; x_wconf 71' lang='lat' dir='ltr'><strong>SUPER</strong></span> <span class='ocrx_word' id='word_1_450' title='bbox 2606 2089 2822 2132; x_wconf 68' lang='lat' dir='ltr'><strong>ODONEI</strong></span> <span class='ocrx_word' id='word_1_451' title='bbox 2851 2088 2959 2133; x_wconf 71' lang='grc' dir='ltr'><strong>ουκ</strong></span> <span class='ocrx_word' id='word_1_452' title='bbox 2995 2089 3270 2131; x_wconf 72' lang='grc' dir='ltr'><strong>ΕΧΕΒΟΙΤΙ</strong></span> <span class='ocrx_word' id='word_1_453' title='bbox 3300 2089 3488 2130; x_wconf 76' lang='lat' dir='ltr'><strong>VENI&#39;I&#39;.</strong></span> 
     </span>
    </p>
   </div>
   <div class='ocr_carea' id='block_1_66' title="bbox 1970 2189 3492 2262">
    <p class='ocr_par' dir='ltr' id='par_1_66' title="bbox 1970 2189 3492 2262">
     <span class='ocr_line' id='line_1_66' title="bbox 1970 2189 3492 2262; baseline -0.003 -13"><span class='ocrx_word' id='word_1_454' title='bbox 1970 2191 2225 2261; x_wconf 86' lang='lat' dir='ltr'><strong>Ejusdem</strong></span> <span class='ocrx_word' id='word_1_455' title='bbox 2253 2190 2383 2246; x_wconf 87' lang='lat' dir='ltr'><strong>anni</strong></span> <span class='ocrx_word' id='word_1_456' title='bbox 2410 2199 2601 2247; x_wconf 64' lang='lat' dir='ltr'><strong>aestate</strong></span> <span class='ocrx_word' id='word_1_457' title='bbox 2634 2191 2928 2262; x_wconf 88' lang='lat' dir='ltr'><strong>imperator</strong></span> <span class='ocrx_word' id='word_1_458' title='bbox 2953 2205 3077 2246; x_wconf 92' lang='lat' dir='ltr'><strong>cum</strong></span> <span class='ocrx_word' id='word_1_459' title='bbox 3111 2189 3359 2246; x_wconf 82' lang='lat' dir='ltr'><strong>exercitu</strong></span> <span class='ocrx_word' id='word_1_460' title='bbox 3391 2202 3492 2244; x_wconf 89' lang='lat' dir='ltr'><strong>suo</strong></span> 
     </span>
    </p>
   </div>
   <div class='ocr_carea' id='block_1_67' title="bbox 1901 2279 3487 2351">
    <p class='ocr_par' dir='ltr' id='par_1_67' title="bbox 1901 2279 3487 2351">
     <span class='ocr_line' id='line_1_67' title="bbox 1901 2279 3487 2351; baseline -0.002 -14"><span class='ocrx_word' id='word_1_461' title='bbox 1901 2296 2064 2351; x_wconf 90' lang='lat' dir='ltr'><strong>super</strong></span> <span class='ocrx_word' id='word_1_462' title='bbox 2093 2280 2338 2336; x_wconf 87' lang='lat' dir='ltr'><strong>Odonem</strong></span> <span class='ocrx_word' id='word_1_463' title='bbox 2369 2281 2623 2336; x_wconf 91' lang='lat' dir='ltr'><strong>comitem</strong></span> <span class='ocrx_word' id='word_1_464' title='bbox 2645 2281 2698 2335; x_wconf 91' lang='lat' dir='ltr'><strong>in</strong></span> <span class='ocrx_word' id='word_1_465' title='bbox 2722 2280 2928 2336; x_wconf 86' lang='lat' dir='ltr'><strong>Gallias</strong></span> <span class='ocrx_word' id='word_1_466' title='bbox 2952 2279 3289 2335; x_wconf 76' lang='lat' dir='ltr'><strong>Francbrum</strong></span> <span class='ocrx_word' id='word_1_467' title='bbox 3314 2280 3487 2346; x_wconf 84' lang='lat' dir='ltr'><strong>venit,</strong></span> 
     </span>
    </p>
   </div>
   <div class='ocr_carea' id='block_1_68' title="bbox 1903 2368 3491 2440">
    <p class='ocr_par' dir='ltr' id='par_1_68' title="bbox 1903 2368 3491 2440">
     <span class='ocr_line' id='line_1_68' title="bbox 1903 2368 3491 2440; baseline -0.002 -14"><span class='ocrx_word' id='word_1_468' title='bbox 1903 2370 2110 2435; x_wconf 87' lang='lat' dir='ltr'><strong>dicens,</strong></span> <span class='ocrx_word' id='word_1_469' title='bbox 2154 2370 2199 2424; x_wconf 92' lang='lat' dir='ltr'><strong>si</strong></span> <span class='ocrx_word' id='word_1_470' title='bbox 2247 2369 2364 2426; x_wconf 91' lang='lat' dir='ltr'><strong>Odo</strong></span> <span class='ocrx_word' id='word_1_471' title='bbox 2418 2370 2472 2425; x_wconf 93' lang='lat' dir='ltr'><strong>in</strong></span> <span class='ocrx_word' id='word_1_472' title='bbox 2522 2369 2833 2440; x_wconf 84' lang='lat' dir='ltr'><strong>Burgundia</strong></span> <span class='ocrx_word' id='word_1_473' title='bbox 2888 2384 2978 2425; x_wconf 87' lang='lat' dir='ltr'><strong>res</strong></span> <span class='ocrx_word' id='word_1_474' title='bbox 3028 2368 3235 2425; x_wconf 87' lang='lat' dir='ltr'><strong>alienas</strong></span> <span class='ocrx_word' id='word_1_475' title='bbox 3288 2369 3491 2439; x_wconf 89' lang='lat' dir='ltr'><strong>injuste</strong></span> 
     </span>
    </p>
   </div>
   <div class='ocr_carea' id='block_1_69' title="bbox 1903 2459 3491 2531">
    <p class='ocr_par' dir='ltr' id='par_1_69' title="bbox 1903 2459 3491 2531">
     <span class='ocr_line' id='line_1_69' title="bbox 1903 2459 3491 2531; baseline 0.001 -18"><span class='ocrx_word' id='word_1_476' title='bbox 1903 2468 2191 2529; x_wconf 65' lang='lat' dir='ltr'><strong>quaereret,</strong></span> <span class='ocrx_word' id='word_1_477' title='bbox 2223 2459 2291 2515; x_wconf 92' lang='lat' dir='ltr'><strong>de</strong></span> <span class='ocrx_word' id='word_1_478' title='bbox 2319 2475 2420 2516; x_wconf 90' lang='lat' dir='ltr'><strong>suo</strong></span> <span class='ocrx_word' id='word_1_479' title='bbox 2465 2459 2688 2531; x_wconf 86' lang='lat' dir='ltr'><strong>proprio</strong></span> <span class='ocrx_word' id='word_1_480' title='bbox 2707 2460 2932 2531; x_wconf 90' lang='lat' dir='ltr'><strong>juvante</strong></span> <span class='ocrx_word' id='word_1_481' title='bbox 2966 2460 3101 2525; x_wconf 87' lang='lat' dir='ltr'><strong>Deo,</strong></span> <span class='ocrx_word' id='word_1_482' title='bbox 3133 2459 3337 2531; x_wconf 88' lang='lat' dir='ltr'><strong>aliquid</strong></span> <span class='ocrx_word' id='word_1_483' title='bbox 3366 2475 3491 2531; x_wconf 88' lang='lat' dir='ltr'><strong>per-</strong></span> 
     </span>
    </p>
   </div>
   <div class='ocr_carea' id='block_1_70' title="bbox 1904 2548 3489 2621">
    <p class='ocr_par' dir='ltr' id='par_1_70' title="bbox 1904 2548 3489 2621">
     <span class='ocr_line' id='line_1_70' title="bbox 1904 2548 3489 2621; baseline 0.001 -16"><span class='ocrx_word' id='word_1_484' title='bbox 1904 2549 2035 2605; x_wconf 90' lang='lat' dir='ltr'><strong>dere</strong></span> <span class='ocrx_word' id='word_1_485' title='bbox 2064 2549 2303 2605; x_wconf 87' lang='lat' dir='ltr'><strong>deberet.</strong></span> <span class='ocrx_word' id='word_1_486' title='bbox 2337 2548 2489 2605; x_wconf 86' lang='lat' dir='ltr'><strong>Tunc</strong></span> <span class='ocrx_word' id='word_1_487' title='bbox 2522 2549 2576 2604; x_wconf 86' lang='lat' dir='ltr'><strong>in</strong></span> <span class='ocrx_word' id='word_1_488' title='bbox 2605 2564 2774 2621; x_wconf 88' lang='lat' dir='ltr'><strong>regno</strong></span> <span class='ocrx_word' id='word_1_489' title='bbox 2803 2548 3042 2607; x_wconf 80' lang='lat' dir='ltr'><strong>lleinrici</strong></span> <span class='ocrx_word' id='word_1_490' title='bbox 3078 2550 3222 2621; x_wconf 89' lang='lat' dir='ltr'><strong>regis</strong></span> <span class='ocrx_word' id='word_1_491' title='bbox 3246 2548 3489 2606; x_wconf 85' lang='lat' dir='ltr'><strong>Franco-</strong></span> 
     </span>
    </p>
   </div>
   <div class='ocr_carea' id='block_1_71' title="bbox 1904 2640 3491 2711">
    <p class='ocr_par' dir='ltr' id='par_1_71' title="bbox 1904 2640 3491 2711">
     <span class='ocr_line' id='line_1_71' title="bbox 1904 2640 3491 2711; baseline 0.003 -17"><span class='ocrx_word' id='word_1_492' title='bbox 1904 2656 2046 2705; x_wconf 88' lang='lat' dir='ltr'><strong>rum,</strong></span> <span class='ocrx_word' id='word_1_493' title='bbox 2082 2641 2134 2696; x_wconf 92' lang='lat' dir='ltr'><strong>in</strong></span> <span class='ocrx_word' id='word_1_494' title='bbox 2159 2640 2376 2711; x_wconf 83' lang='lat' dir='ltr'><strong>praediis</strong></span> <span class='ocrx_word' id='word_1_495' title='bbox 2425 2649 2604 2696; x_wconf 86' lang='lat' dir='ltr'><strong>tamen</strong></span> <span class='ocrx_word' id='word_1_496' title='bbox 2650 2650 2706 2696; x_wconf 91' lang='lat' dir='ltr'><strong>et</strong></span> <span class='ocrx_word' id='word_1_497' title='bbox 2733 2641 3012 2698; x_wconf 79' lang='lat' dir='ltr'><strong>beneficiis</strong></span> <span class='ocrx_word' id='word_1_498' title='bbox 3060 2640 3264 2698; x_wconf 84' lang='lat' dir='ltr'><strong>Odouis</strong></span> <span class='ocrx_word' id='word_1_499' title='bbox 3307 2649 3491 2699; x_wconf 84' lang='lat' dir='ltr'><strong>tantas</strong></span> 
     </span>
    </p>
   </div>
   <div class='ocr_carea' id='block_1_72' title="bbox 1905 2732 3494 2807">
    <p class='ocr_par' dir='ltr' id='par_1_72' title="bbox 1905 2732 3494 2807">
     <span class='ocr_line' id='line_1_72' title="bbox 1905 2732 3494 2807; baseline 0.001 -19"><span class='ocrx_word' id='word_1_500' title='bbox 1905 2732 2306 2788; x_wconf 84' lang='lat' dir='ltr'><strong>devastationes</strong></span> <span class='ocrx_word' id='word_1_501' title='bbox 2353 2740 2410 2788; x_wconf 87' lang='lat' dir='ltr'><strong>et</strong></span> <span class='ocrx_word' id='word_1_502' title='bbox 2462 2733 2708 2801; x_wconf 83' lang='lat' dir='ltr'><strong>incendia</strong></span> <span class='ocrx_word' id='word_1_503' title='bbox 2737 2732 2872 2789; x_wconf 90' lang='lat' dir='ltr'><strong>fecit</strong></span> <span class='ocrx_word' id='word_1_504' title='bbox 2918 2735 3237 2807; x_wconf 88' lang='lat' dir='ltr'><strong>imperator,</strong></span> <span class='ocrx_word' id='word_1_505' title='bbox 3286 2741 3349 2789; x_wconf 93' lang='lat' dir='ltr'><strong>ut</strong></span> <span class='ocrx_word' id='word_1_506' title='bbox 3376 2734 3494 2804; x_wconf 85' lang='lat' dir='ltr'><strong>ipse</strong></span> 
     </span>
    </p>
   </div>
   <div class='ocr_carea' id='block_1_73' title="bbox 1908 2823 3492 2897">
    <p class='ocr_par' dir='ltr' id='par_1_73' title="bbox 1908 2823 3492 2897">
     <span class='ocr_line' id='line_1_73' title="bbox 1908 2823 3492 2897; baseline 0.001 -16"><span class='ocrx_word' id='word_1_507' title='bbox 1908 2823 2023 2881; x_wconf 90' lang='lat' dir='ltr'><strong>Odo</strong></span> <span class='ocrx_word' id='word_1_508' title='bbox 2046 2824 2372 2880; x_wconf 89' lang='lat' dir='ltr'><strong>necessitate</strong></span> <span class='ocrx_word' id='word_1_509' title='bbox 2400 2824 2711 2896; x_wconf 89' lang='lat' dir='ltr'><strong>compulsus</strong></span> <span class='ocrx_word' id='word_1_510' title='bbox 2755 2825 3032 2882; x_wconf 82' lang='lat' dir='ltr'><strong>humiliter</strong></span> <span class='ocrx_word' id='word_1_511' title='bbox 3067 2826 3311 2896; x_wconf 87' lang='lat' dir='ltr'><strong>veniens,</strong></span> <span class='ocrx_word' id='word_1_512' title='bbox 3340 2841 3492 2897; x_wconf 69' lang='lat' dir='ltr'><strong>quae-</strong></span> 
     </span>
    </p>
   </div>
   <div class='ocr_carea' id='block_1_74' title="bbox 1907 2915 3493 2990">
    <p class='ocr_par' dir='ltr' id='par_1_74' title="bbox 1907 2915 3493 2990">
     <span class='ocr_line' id='line_1_74' title="bbox 1907 2915 3493 2990; baseline 0.002 -19"><span class='ocrx_word' id='word_1_513' title='bbox 1907 2925 2056 2971; x_wconf 87' lang='lat' dir='ltr'><strong>reret</strong></span> <span class='ocrx_word' id='word_1_514' title='bbox 2110 2915 2347 2982; x_wconf 87' lang='lat' dir='ltr'><strong>veniam,</strong></span> <span class='ocrx_word' id='word_1_515' title='bbox 2398 2916 2723 2986; x_wconf 89' lang='lat' dir='ltr'><strong>promittens</strong></span> <span class='ocrx_word' id='word_1_516' title='bbox 2766 2916 3131 2990; x_wconf 86' lang='lat' dir='ltr'><strong>Burgundiarn</strong></span> <span class='ocrx_word' id='word_1_517' title='bbox 3176 2918 3493 2985; x_wconf 85' lang='lat' dir='ltr'><strong>dimittere;</strong></span> 
     </span>
    </p>
   </div>
   <div class='ocr_carea' id='block_1_75' title="bbox 1908 3006 3492 3083">
    <p class='ocr_par' dir='ltr' id='par_1_75' title="bbox 1908 3006 3492 3083">
     <span class='ocr_line' id='line_1_75' title="bbox 1908 3006 3492 3083; baseline 0.001 -20"><span class='ocrx_word' id='word_1_518' title='bbox 1908 3018 1965 3063; x_wconf 91' lang='lat' dir='ltr'><strong>et</strong></span> <span class='ocrx_word' id='word_1_519' title='bbox 1985 3008 2281 3064; x_wconf 88' lang='lat' dir='ltr'><strong>secundum</strong></span> <span class='ocrx_word' id='word_1_520' title='bbox 2303 3006 2608 3077; x_wconf 84' lang='lat' dir='ltr'><strong>jussionem</strong></span> <span class='ocrx_word' id='word_1_521' title='bbox 2639 3008 2783 3065; x_wconf 91' lang='lat' dir='ltr'><strong>illius</strong></span> <span class='ocrx_word' id='word_1_522' title='bbox 2812 3010 3155 3083; x_wconf 75' lang='lat' dir='ltr'><strong>satisfacere.</strong></span> <span class='ocrx_word' id='word_1_523' title='bbox 3207 3009 3299 3067; x_wconf 87' lang='lat' dir='ltr'><strong>Sic</strong></span> <span class='ocrx_word' id='word_1_524' title='bbox 3322 3010 3492 3080; x_wconf 88' lang='lat' dir='ltr'><strong>impe-</strong></span> 
     </span>
    </p>
   </div>
   <div class='ocr_carea' id='block_1_76' title="bbox 1835 3086 3499 3171">
    <p class='ocr_par' dir='ltr' id='par_1_76' title="bbox 1835 3086 3499 3171">
     <span class='ocr_line' id='line_1_76' title="bbox 1835 3086 3499 3171; baseline 0.003 -16"><span class='ocrx_word' id='word_1_525' title='bbox 1835 3086 1879 3147; x_wconf 84' lang='lat' dir='ltr'><strong>C</strong></span> <span class='ocrx_word' id='word_1_526' title='bbox 1912 3110 2061 3157; x_wconf 89' lang='lat' dir='ltr'><strong>rator</strong></span> <span class='ocrx_word' id='word_1_527' title='bbox 2091 3118 2214 3158; x_wconf 91' lang='lat' dir='ltr'><strong>cum</strong></span> <span class='ocrx_word' id='word_1_528' title='bbox 2258 3117 2357 3158; x_wconf 90' lang='lat' dir='ltr'><strong>suo</strong></span> <span class='ocrx_word' id='word_1_529' title='bbox 2400 3104 2629 3171; x_wconf 89' lang='lat' dir='ltr'><strong>honore,</strong></span> <span class='ocrx_word' id='word_1_530' title='bbox 2675 3112 2731 3161; x_wconf 90' lang='lat' dir='ltr'><strong>et</strong></span> <span class='ocrx_word' id='word_1_531' title='bbox 2754 3103 2958 3162; x_wconf 88' lang='lat' dir='ltr'><strong>Odonis</strong></span> <span class='ocrx_word' id='word_1_532' title='bbox 3007 3103 3211 3163; x_wconf 87' lang='lat' dir='ltr'><strong>damno</strong></span> <span class='ocrx_word' id='word_1_533' title='bbox 3241 3118 3499 3161; x_wconf 86' lang='lat' dir='ltr'><strong>reversus</strong></span> 
     </span>
    </p>
   </div>
   <div class='ocr_carea' id='block_1_77' title="bbox 1911 3202 2013 3250">
    <p class='ocr_par' dir='ltr' id='par_1_77' title="bbox 1911 3202 2013 3250">
     <span class='ocr_line' id='line_1_77' title="bbox 1911 3202 2013 3250; baseline -0.01 -2"><span class='ocrx_word' id='word_1_534' title='bbox 1911 3202 2013 3250; x_wconf 91' lang='lat' dir='ltr'><strong>est.</strong></span> 
     </span>
    </p>
   </div>
   <div class='ocr_carea' id='block_1_78' title="bbox 1909 3325 3493 3373">
    <p class='ocr_par' dir='ltr' id='par_1_78' title="bbox 1909 3325 3493 3373">
     <span class='ocr_line' id='line_1_78' title="bbox 1909 3325 3493 3373; baseline 0.002 -10"><span class='ocrx_word' id='word_1_535' title='bbox 1909 3325 2176 3373; x_wconf 72' lang='lat' dir='ltr'><strong>QUALITER</strong></span> <span class='ocrx_word' id='word_1_536' title='bbox 2216 3327 2524 3368; x_wconf 69' lang='lat' dir='ltr'><strong>llPERATOR</strong></span> <span class='ocrx_word' id='word_1_537' title='bbox 2554 3327 2767 3369; x_wconf 68' lang='lat' dir='ltr'><strong>ODONEI</strong></span> <span class='ocrx_word' id='word_1_538' title='bbox 2796 3328 3029 3371; x_wconf 76' lang='lat' dir='ltr'><strong>EXPULIT</strong></span> <span class='ocrx_word' id='word_1_539' title='bbox 3071 3330 3139 3369; x_wconf 75' lang='lat' dir='ltr'><strong>DE</strong></span> <span class='ocrx_word' id='word_1_540' title='bbox 3169 3328 3493 3370; x_wconf 75' lang='lat' dir='ltr'><strong>BUBGUNDIA.</strong></span> 
     </span>
    </p>
   </div>
   <div class='ocr_carea' id='block_1_79' title="bbox 1980 3402 3500 3478">
    <p class='ocr_par' dir='ltr' id='par_1_79' title="bbox 1980 3402 3500 3478">
     <span class='ocr_line' id='line_1_79' title="bbox 1980 3402 3500 3478; baseline 0.001 -21"><span class='ocrx_word' id='word_1_541' title='bbox 1980 3402 2137 3458; x_wconf 83' lang='lat' dir='ltr'><strong>Auno</strong></span> <span class='ocrx_word' id='word_1_542' title='bbox 2165 3404 2377 3458; x_wconf 91' lang='lat' dir='ltr'><strong>Domini</strong></span> <span class='ocrx_word' id='word_1_543' title='bbox 2406 3404 2568 3471; x_wconf 72' lang='grc'>1054,</span> <span class='ocrx_word' id='word_1_544' title='bbox 2622 3406 2920 3474; x_wconf 86' lang='lat' dir='ltr'><strong>imperator</strong></span> <span class='ocrx_word' id='word_1_545' title='bbox 2973 3407 3028 3461; x_wconf 89' lang='lat' dir='ltr'><strong>in</strong></span> <span class='ocrx_word' id='word_1_546' title='bbox 3060 3406 3305 3478; x_wconf 87' lang='lat' dir='ltr'><strong>Bajoaria</strong></span> <span class='ocrx_word' id='word_1_547' title='bbox 3354 3405 3500 3460; x_wconf 81' lang='lat' dir='ltr'><strong>Bati-</strong></span> 
     </span>
    </p>
   </div>
   <div class='ocr_carea' id='block_1_80' title="bbox 1910 3491 3495 3564">
    <p class='ocr_par' dir='ltr' id='par_1_80' title="bbox 1910 3491 3495 3564">
     <span class='ocr_line' id='line_1_80' title="bbox 1910 3491 3495 3564; baseline 0.001 -18"><span class='ocrx_word' id='word_1_548' title='bbox 1910 3491 2095 3547; x_wconf 84' lang='lat' dir='ltr'><strong>sbouae</strong></span> <span class='ocrx_word' id='word_1_549' title='bbox 2123 3503 2367 3548; x_wconf 82' lang='lat' dir='ltr'><strong>sanctum</strong></span> <span class='ocrx_word' id='word_1_550' title='bbox 2398 3494 2606 3548; x_wconf 83' lang='lat' dir='ltr'><strong>Pascha</strong></span> <span class='ocrx_word' id='word_1_551' title='bbox 2634 3495 2946 3550; x_wconf 85' lang='lat' dir='ltr'><strong>celebravit.</strong></span> <span class='ocrx_word' id='word_1_552' title='bbox 2980 3494 3151 3564; x_wconf 84' lang='lat' dir='ltr'><strong>Hujus</strong></span> <span class='ocrx_word' id='word_1_553' title='bbox 3167 3495 3495 3550; x_wconf 72' lang='lat' dir='ltr'><strong>annimstate</strong></span> 
     </span>
    </p>
   </div>
   <div class='ocr_carea' id='block_1_81' title="bbox 1911 3583 3493 3654">
    <p class='ocr_par' dir='ltr' id='par_1_81' title="bbox 1911 3583 3493 3654">
     <span class='ocr_line' id='line_1_81' title="bbox 1911 3583 3493 3654; baseline 0 -14"><span class='ocrx_word' id='word_1_554' title='bbox 1911 3583 2037 3640; x_wconf 89' lang='lat' dir='ltr'><strong>dum</strong></span> <span class='ocrx_word' id='word_1_555' title='bbox 2094 3583 2210 3639; x_wconf 82' lang='lat' dir='ltr'><strong>Odo</strong></span> <span class='ocrx_word' id='word_1_556' title='bbox 2256 3583 2513 3652; x_wconf 75' lang='lat' dir='ltr'><strong>praefatus</strong></span> <span class='ocrx_word' id='word_1_557' title='bbox 2550 3599 2815 3654; x_wconf 76' lang='lat' dir='ltr'><strong>promissa</strong></span> <span class='ocrx_word' id='word_1_558' title='bbox 2858 3602 2963 3641; x_wconf 89' lang='lat' dir='ltr'><strong>non</strong></span> <span class='ocrx_word' id='word_1_559' title='bbox 3014 3585 3337 3651; x_wconf 90' lang='lat' dir='ltr'><strong>attenderet,</strong></span> <span class='ocrx_word' id='word_1_560' title='bbox 3397 3585 3493 3640; x_wconf 91' lang='lat' dir='ltr'><strong>sed</strong></span> 
     </span>
    </p>
   </div>
   <div class='ocr_carea' id='block_1_82' title="bbox 1911 3672 3496 3747">
    <p class='ocr_par' dir='ltr' id='par_1_82' title="bbox 1911 3672 3496 3747">
     <span class='ocr_line' id='line_1_82' title="bbox 1911 3672 3496 3747; baseline 0.003 -21"><span class='ocrx_word' id='word_1_561' title='bbox 1911 3674 2089 3728; x_wconf 88' lang='lat' dir='ltr'><strong>adhuc</strong></span> <span class='ocrx_word' id='word_1_562' title='bbox 2113 3676 2404 3743; x_wconf 66' lang='lat' dir='ltr'><strong>quarundam</strong></span> <span class='ocrx_word' id='word_1_563' title='bbox 2459 3683 2668 3744; x_wconf 89' lang='lat' dir='ltr'><strong>partem</strong></span> <span class='ocrx_word' id='word_1_564' title='bbox 2715 3674 3063 3747; x_wconf 68' lang='lat' dir='ltr'><strong>Burgundize,</strong></span> <span class='ocrx_word' id='word_1_565' title='bbox 3105 3691 3266 3747; x_wconf 89' lang='lat' dir='ltr'><strong>quam</strong></span> <span class='ocrx_word' id='word_1_566' title='bbox 3296 3672 3496 3744; x_wconf 82' lang='lat' dir='ltr'><strong>injuste</strong></span> 
     </span>
    </p>
   </div>
   <div class='ocr_carea' id='block_1_83' title="bbox 1913 3763 3496 3838">
    <p class='ocr_par' dir='ltr' id='par_1_83' title="bbox 1913 3763 3496 3838">
     <span class='ocr_line' id='line_1_83' title="bbox 1913 3763 3496 3838; baseline 0.003 -21"><span class='ocrx_word' id='word_1_567' title='bbox 1913 3763 2205 3829; x_wconf 81' lang='lat' dir='ltr'><strong>invaserat,</strong></span> <span class='ocrx_word' id='word_1_568' title='bbox 2231 3764 2522 3830; x_wconf 75' lang='lat' dir='ltr'><strong>obtineret,</strong></span> <span class='ocrx_word' id='word_1_569' title='bbox 2546 3765 2839 3835; x_wconf 87' lang='lat' dir='ltr'><strong>imperator</strong></span> <span class='ocrx_word' id='word_1_570' title='bbox 2852 3766 3211 3823; x_wconf 87' lang='lat' dir='ltr'><strong>Chuonradus</strong></span> <span class='ocrx_word' id='word_1_571' title='bbox 3228 3766 3496 3838; x_wconf 85' lang='lat' dir='ltr'><strong>expeditis</strong></span> 
     </span>
    </p>
   </div>
   <div class='ocr_carea' id='block_1_84' title="bbox 1912 3854 3498 3925">
    <p class='ocr_par' dir='ltr' id='par_1_84' title="bbox 1912 3854 3498 3925">
     <span class='ocr_line' id='line_1_84' title="bbox 1912 3854 3498 3925; baseline 0.003 -15"><span class='ocrx_word' id='word_1_572' title='bbox 1912 3854 2225 3910; x_wconf 83' lang='lat' dir='ltr'><strong>Teutonicis</strong></span> <span class='ocrx_word' id='word_1_573' title='bbox 2247 3866 2301 3908; x_wconf 87' lang='lat' dir='ltr'><strong>et</strong></span> <span class='ocrx_word' id='word_1_574' title='bbox 2336 3854 2481 3909; x_wconf 85' lang='lat' dir='ltr'><strong>Italis</strong></span> <span class='ocrx_word' id='word_1_575' title='bbox 2507 3855 2871 3925; x_wconf 85' lang='lat' dir='ltr'><strong>Burgundiam</strong></span> <span class='ocrx_word' id='word_1_576' title='bbox 2910 3869 3068 3915; x_wconf 88' lang='lat' dir='ltr'><strong>acute</strong></span> <span class='ocrx_word' id='word_1_577' title='bbox 3108 3859 3269 3914; x_wconf 88' lang='lat' dir='ltr'><strong>adiit:</strong></span> <span class='ocrx_word' id='word_1_578' title='bbox 3303 3857 3498 3914; x_wconf 84' lang='lat' dir='ltr'><strong>Teuto-</strong></span> 
     </span>
    </p>
   </div>
   <div class='ocr_carea' id='block_1_85' title="bbox 1913 3947 3498 4020">
    <p class='ocr_par' dir='ltr' id='par_1_85' title="bbox 1913 3947 3498 4020">
     <span class='ocr_line' id='line_1_85' title="bbox 1913 3947 3498 4020; baseline 0.004 -21"><span class='ocrx_word' id='word_1_579' title='bbox 1913 3961 2008 4000; x_wconf 88' lang='lat' dir='ltr'><strong>nes</strong></span> <span class='ocrx_word' id='word_1_580' title='bbox 2036 3961 2101 4000; x_wconf 81' lang='lat' dir='ltr'><strong>ex</strong></span> <span class='ocrx_word' id='word_1_581' title='bbox 2137 3962 2241 4000; x_wconf 86' lang='lat' dir='ltr'><strong>una</strong></span> <span class='ocrx_word' id='word_1_582' title='bbox 2267 3954 2442 4015; x_wconf 87' lang='lat' dir='ltr'><strong>parte,</strong></span> <span class='ocrx_word' id='word_1_583' title='bbox 2492 3961 2556 4001; x_wconf 79' lang='lat' dir='ltr'><strong>ex</strong></span> <span class='ocrx_word' id='word_1_584' title='bbox 2596 3947 2768 4001; x_wconf 84' lang='lat' dir='ltr'><strong>altera</strong></span> <span class='ocrx_word' id='word_1_585' title='bbox 2814 3950 3258 4020; x_wconf 84' lang='lat' dir='ltr'><strong>archiepiscopus</strong></span> <span class='ocrx_word' id='word_1_586' title='bbox 3294 3949 3498 4005; x_wconf 83' lang='lat' dir='ltr'><strong>Medio-</strong></span> 
     </span>
    </p>
   </div>
   <div class='ocr_carea' id='block_1_86' title="bbox 1911 4040 3497 4111">
    <p class='ocr_par' dir='ltr' id='par_1_86' title="bbox 1911 4040 3497 4111">
     <span class='ocr_line' id='line_1_86' title="bbox 1911 4040 3497 4111; baseline 0 -16"><span class='ocrx_word' id='word_1_587' title='bbox 1911 4041 2148 4095; x_wconf 88' lang='lat' dir='ltr'><strong>lauensis</strong></span> <span class='ocrx_word' id='word_1_588' title='bbox 2180 4040 2501 4095; x_wconf 84' lang='lat' dir='ltr'><strong>lleribertus</strong></span> <span class='ocrx_word' id='word_1_589' title='bbox 2529 4048 2582 4095; x_wconf 89' lang='lat' dir='ltr'><strong>et</strong></span> <span class='ocrx_word' id='word_1_590' title='bbox 2625 4042 2804 4095; x_wconf 68' lang='lat' dir='ltr'><strong>cmteri</strong></span> <span class='ocrx_word' id='word_1_591' title='bbox 2834 4042 3028 4107; x_wconf 78' lang='lat' dir='ltr'><strong>Italici,</strong></span> <span class='ocrx_word' id='word_1_592' title='bbox 3060 4044 3223 4097; x_wconf 89' lang='lat' dir='ltr'><strong>ductu</strong></span> <span class='ocrx_word' id='word_1_593' title='bbox 3270 4041 3497 4111; x_wconf 82' lang='lat' dir='ltr'><strong>llupcrti</strong></span> 
     </span>
    </p>
   </div>
   <div class='ocr_carea' id='block_1_87' title="bbox 1911 4130 3497 4202">
    <p class='ocr_par' dir='ltr' id='par_1_87' title="bbox 1911 4130 3497 4202">
     <span class='ocr_line' id='line_1_87' title="bbox 1911 4130 3497 4202; baseline -0.001 -16"><span class='ocrx_word' id='word_1_594' title='bbox 1911 4131 2127 4186; x_wconf 91' lang='lat' dir='ltr'><strong>comitis</strong></span> <span class='ocrx_word' id='word_1_595' title='bbox 2178 4132 2246 4185; x_wconf 89' lang='lat' dir='ltr'><strong>de</strong></span> <span class='ocrx_word' id='word_1_596' title='bbox 2294 4130 2627 4199; x_wconf 74' lang='lat' dir='ltr'><strong>Burguudia,</strong></span> <span class='ocrx_word' id='word_1_597' title='bbox 2684 4149 2853 4202; x_wconf 87' lang='lat' dir='ltr'><strong>usque</strong></span> <span class='ocrx_word' id='word_1_598' title='bbox 2907 4133 3224 4189; x_wconf 78' lang='lat' dir='ltr'><strong>Rhodanum</strong></span> <span class='ocrx_word' id='word_1_599' title='bbox 3274 4131 3497 4186; x_wconf 85' lang='lat' dir='ltr'><strong>ﬂuvium</strong></span> 
     </span>
    </p>
   </div>
   <div class='ocr_carea' id='block_1_88' title="bbox 1912 4222 3497 4292">
    <p class='ocr_par' dir='ltr' id='par_1_88' title="bbox 1912 4222 3497 4292">
     <span class='ocr_line' id='line_1_88' title="bbox 1912 4222 3497 4292; baseline -0.001 -17"><span class='ocrx_word' id='word_1_600' title='bbox 1912 4231 2304 4276; x_wconf 85' lang='lat' dir='ltr'><strong>convenerunt.</strong></span> <span class='ocrx_word' id='word_1_601' title='bbox 2366 4223 2641 4292; x_wconf 80' lang='lat' dir='ltr'><strong>Augustus</strong></span> <span class='ocrx_word' id='word_1_602' title='bbox 2704 4224 2927 4277; x_wconf 90' lang='lat' dir='ltr'><strong>veniens</strong></span> <span class='ocrx_word' id='word_1_603' title='bbox 2993 4222 3059 4277; x_wconf 88' lang='lat' dir='ltr'><strong>ad</strong></span> <span class='ocrx_word' id='word_1_604' title='bbox 3119 4222 3497 4279; x_wconf 81' lang='lat' dir='ltr'><strong>Genevensetn</strong></span> 
     </span>
    </p>
   </div>
   <div class='ocr_carea' id='block_1_89' title="bbox 1913 4314 3502 4387">
    <p class='ocr_par' dir='ltr' id='par_1_89' title="bbox 1913 4314 3502 4387">
     <span class='ocr_line' id='line_1_89' title="bbox 1913 4314 3502 4387; baseline -0.001 -17"><span class='ocrx_word' id='word_1_605' title='bbox 1913 4315 2211 4379; x_wconf 83' lang='lat' dir='ltr'><strong>civitatem,</strong></span> <span class='ocrx_word' id='word_1_606' title='bbox 2248 4314 2540 4369; x_wconf 86' lang='lat' dir='ltr'><strong>Geroldum</strong></span> <span class='ocrx_word' id='word_1_607' title='bbox 2588 4316 2888 4385; x_wconf 84' lang='lat' dir='ltr'><strong>principem</strong></span> <span class='ocrx_word' id='word_1_608' title='bbox 2952 4316 3188 4387; x_wconf 81' lang='lat' dir='ltr'><strong>regionis</strong></span> <span class='ocrx_word' id='word_1_609' title='bbox 3225 4315 3389 4381; x_wconf 90' lang='lat' dir='ltr'><strong>illius,</strong></span> <span class='ocrx_word' id='word_1_610' title='bbox 3445 4322 3502 4370; x_wconf 85' lang='lat' dir='ltr'><strong>et</strong></span> 
     </span>
    </p>
   </div>
   <div class='ocr_carea' id='block_1_90' title="bbox 288 4398 3499 4486">
    <p class='ocr_par' dir='ltr' id='par_1_90' title="bbox 288 4398 3499 4486">
     <span class='ocr_line' id='line_1_90' title="bbox 288 4398 3499 4486; baseline 0.001 -29"><span class='ocrx_word' id='word_1_611' title='bbox 288 4398 453 4458; x_wconf 81' lang='lat' dir='ltr'><strong>Anno</strong></span> <span class='ocrx_word' id='word_1_612' title='bbox 483 4399 694 4456; x_wconf 91' lang='lat' dir='ltr'><strong>Domini</strong></span> <span class='ocrx_word' id='word_1_613' title='bbox 726 4401 1814 4469; x_wconf 73' lang='lat' dir='ltr'><strong>1055,imperatorChuonraduscumfilio</strong></span> <span class='ocrx_word' id='word_1_614' title='bbox 1849 4428 1891 4486; x_wconf 68' lang='grc' dir='ltr'><strong>ί)</strong></span> <span class='ocrx_word' id='word_1_615' title='bbox 1919 4406 2390 4475; x_wconf 84' lang='lat' dir='ltr'><strong>archiepiscopum</strong></span> <span class='ocrx_word' id='word_1_616' title='bbox 2462 4406 2878 4477; x_wconf 83' lang='lat' dir='ltr'><strong>Lugdunensem</strong></span> <span class='ocrx_word' id='word_1_617' title='bbox 2935 4417 3097 4478; x_wconf 89' lang='lat' dir='ltr'><strong>atque</strong></span> <span class='ocrx_word' id='word_1_618' title='bbox 3148 4407 3282 4464; x_wconf 91' lang='lat' dir='ltr'><strong>alios</strong></span> <span class='ocrx_word' id='word_1_619' title='bbox 3335 4423 3499 4478; x_wconf 86' lang='lat' dir='ltr'><strong>quam</strong></span> 
     </span>
    </p>
   </div>
   <div class='ocr_carea' id='block_1_91' title="bbox 222 4493 1812 4569">
    <p class='ocr_par' dir='ltr' id='par_1_91' title="bbox 222 4493 1812 4569">
     <span class='ocr_line' id='line_1_91' title="bbox 222 4493 1812 4569; baseline 0.003 -21"><span class='ocrx_word' id='word_1_620' title='bbox 222 4507 323 4549; x_wconf 85' lang='lat' dir='ltr'><strong>suo</strong></span> <span class='ocrx_word' id='word_1_621' title='bbox 356 4509 491 4566; x_wconf 74' lang='lat' dir='ltr'><strong>rege</strong></span> <span class='ocrx_word' id='word_1_622' title='bbox 530 4493 784 4550; x_wconf 83' lang='lat' dir='ltr'><strong>Heinrico</strong></span> <span class='ocrx_word' id='word_1_623' title='bbox 806 4495 1049 4550; x_wconf 77' lang='lat' dir='ltr'><strong>Natalem</strong></span> <span class='ocrx_word' id='word_1_624' title='bbox 1097 4496 1308 4551; x_wconf 90' lang='lat' dir='ltr'><strong>Domini</strong></span> <span class='ocrx_word' id='word_1_625' title='bbox 1342 4498 1395 4551; x_wconf 90' lang='lat' dir='ltr'><strong>in</strong></span> <span class='ocrx_word' id='word_1_626' title='bbox 1418 4499 1712 4569; x_wconf 82' lang='lat' dir='ltr'><strong>Argentina</strong></span> <span class='ocrx_word' id='word_1_627' title='bbox 1736 4500 1812 4552; x_wconf 77' lang='lat' dir='ltr'><strong>ei-</strong></span> 
     </span>
    </p>
   </div>
   <div class='ocr_carea' id='block_1_92' title="bbox 222 4586 1814 4660">
    <p class='ocr_par' dir='ltr' id='par_1_92' title="bbox 222 4586 1814 4660">
     <span class='ocr_line' id='line_1_92' title="bbox 222 4586 1814 4660; baseline 0.003 -19"><span class='ocrx_word' id='word_1_628' title='bbox 222 4587 395 4642; x_wconf 89' lang='lat' dir='ltr'><strong>vitate</strong></span> <span class='ocrx_word' id='word_1_629' title='bbox 423 4586 745 4653; x_wconf 87' lang='lat' dir='ltr'><strong>celebravit,</strong></span> <span class='ocrx_word' id='word_1_630' title='bbox 774 4589 900 4643; x_wconf 88' lang='lat' dir='ltr'><strong>inde</strong></span> <span class='ocrx_word' id='word_1_631' title='bbox 933 4589 1159 4645; x_wconf 88' lang='lat' dir='ltr'><strong>collecto</strong></span> <span class='ocrx_word' id='word_1_632' title='bbox 1206 4590 1450 4644; x_wconf 80' lang='lat' dir='ltr'><strong>exercitu</strong></span> <span class='ocrx_word' id='word_1_633' title='bbox 1499 4605 1597 4660; x_wconf 89' lang='lat' dir='ltr'><strong>per</strong></span> <span class='ocrx_word' id='word_1_634' title='bbox 1658 4590 1814 4645; x_wconf 54' lang='lat' dir='ltr'><strong>Soloé</strong></span> 
     </span>
    </p>
   </div>
   <div class='ocr_carea' id='block_1_93' title="bbox 221 4674 1813 4745">
    <p class='ocr_par' dir='ltr' id='par_1_93' title="bbox 221 4674 1813 4745">
     <span class='ocr_line' id='line_1_93' title="bbox 221 4674 1813 4745; baseline -0.001 -12"><span class='ocrx_word' id='word_1_635' title='bbox 221 4674 419 4733; x_wconf 81' lang='lat' dir='ltr'><strong>dorum</strong></span> <span class='ocrx_word' id='word_1_636' title='bbox 472 4675 843 4745; x_wconf 84' lang='lat' dir='ltr'><strong>Burgundiam</strong></span> <span class='ocrx_word' id='word_1_637' title='bbox 892 4678 1136 4745; x_wconf 89' lang='lat' dir='ltr'><strong>intravit,</strong></span> <span class='ocrx_word' id='word_1_638' title='bbox 1184 4687 1240 4733; x_wconf 90' lang='lat' dir='ltr'><strong>et</strong></span> <span class='ocrx_word' id='word_1_639' title='bbox 1296 4678 1519 4733; x_wconf 84' lang='lat' dir='ltr'><strong>veniens</strong></span> <span class='ocrx_word' id='word_1_640' title='bbox 1580 4677 1646 4733; x_wconf 89' lang='lat' dir='ltr'><strong>ad</strong></span> <span class='ocrx_word' id='word_1_641' title='bbox 1708 4677 1813 4732; x_wconf 86' lang='lat' dir='ltr'><strong>Pa-</strong></span> 
     </span>
    </p>
   </div>
   <div class='ocr_carea' id='block_1_94' title="bbox 222 4767 1815 4824">
    <p class='ocr_par' dir='ltr' id='par_1_94' title="bbox 222 4767 1815 4824">
     <span class='ocr_line' id='line_1_94' title="bbox 222 4767 1815 4824; baseline -0.002 0"><span class='ocrx_word' id='word_1_642' title='bbox 222 4768 536 4824; x_wconf 71' lang='lat' dir='ltr'><strong>lamiacum</strong></span> <span class='ocrx_word' id='word_1_643' title='bbox 599 4770 992 4823; x_wconf 88' lang='lat' dir='ltr'><strong>monasterium</strong></span> <span class='ocrx_word' id='word_1_644' title='bbox 1048 4769 1101 4822; x_wconf 92' lang='lat' dir='ltr'><strong>in</strong></span> <span class='ocrx_word' id='word_1_645' title='bbox 1171 4767 1554 4823; x_wconf 87' lang='lat' dir='ltr'><strong>Purificatione</strong></span> <span class='ocrx_word' id='word_1_646' title='bbox 1613 4776 1815 4823; x_wconf 70' lang='lat' dir='ltr'><strong>sancta:</strong></span> 
     </span>
    </p>
   </div>
   <div class='ocr_carea' id='block_1_95' title="bbox 226 4858 1815 4931">
    <p class='ocr_par' dir='ltr' id='par_1_95' title="bbox 226 4858 1815 4931">
     <span class='ocr_line' id='line_1_95' title="bbox 226 4858 1815 4931; baseline -0.001 -17"><span class='ocrx_word' id='word_1_647' title='bbox 226 4858 434 4925; x_wconf 63' lang='lat' dir='ltr'><strong>Mariae,</strong></span> <span class='ocrx_word' id='word_1_648' title='bbox 457 4875 490 4914; x_wconf 86' lang='lat' dir='ltr'><strong>a</strong></span> <span class='ocrx_word' id='word_1_649' title='bbox 519 4859 813 4930; x_wconf 87' lang='lat' dir='ltr'><strong>majoribus</strong></span> <span class='ocrx_word' id='word_1_650' title='bbox 833 4868 887 4915; x_wconf 90' lang='lat' dir='ltr'><strong>et</strong></span> <span class='ocrx_word' id='word_1_651' title='bbox 907 4860 1206 4915; x_wconf 91' lang='lat' dir='ltr'><strong>minoribus</strong></span> <span class='ocrx_word' id='word_1_652' title='bbox 1235 4861 1408 4931; x_wconf 87' lang='lat' dir='ltr'><strong>regni,</strong></span> <span class='ocrx_word' id='word_1_653' title='bbox 1432 4860 1500 4915; x_wconf 88' lang='lat' dir='ltr'><strong>ad</strong></span> <span class='ocrx_word' id='word_1_654' title='bbox 1522 4861 1815 4931; x_wconf 87' lang='lat' dir='ltr'><strong>regendam</strong></span> 
     </span>
    </p>
   </div>
   <div class='ocr_carea' id='block_1_96' title="bbox 226 4947 1818 5023">
    <p class='ocr_par' dir='ltr' id='par_1_96' title="bbox 226 4947 1818 5023">
     <span class='ocr_line' id='line_1_96' title="bbox 226 4947 1818 5023; baseline 0 -19"><span class='ocrx_word' id='word_1_655' title='bbox 226 4947 603 5023; x_wconf 85' lang='lat' dir='ltr'><strong>Burgundiam</strong></span> <span class='ocrx_word' id='word_1_656' title='bbox 633 4950 840 5010; x_wconf 84' lang='lat' dir='ltr'><strong>electus</strong></span> <span class='ocrx_word' id='word_1_657' title='bbox 862 4960 981 5017; x_wconf 88' lang='lat' dir='ltr'><strong>est,</strong></span> <span class='ocrx_word' id='word_1_658' title='bbox 1012 4960 1066 5006; x_wconf 89' lang='lat' dir='ltr'><strong>et</strong></span> <span class='ocrx_word' id='word_1_659' title='bbox 1094 4952 1146 5006; x_wconf 93' lang='lat' dir='ltr'><strong>in</strong></span> <span class='ocrx_word' id='word_1_660' title='bbox 1175 4952 1289 5023; x_wconf 87' lang='lat' dir='ltr'><strong>ipsa</strong></span> <span class='ocrx_word' id='word_1_661' title='bbox 1328 4950 1416 5006; x_wconf 89' lang='lat' dir='ltr'><strong>die</strong></span> <span class='ocrx_word' id='word_1_662' title='bbox 1448 4966 1548 5021; x_wconf 92' lang='lat' dir='ltr'><strong>pro</strong></span> <span class='ocrx_word' id='word_1_663' title='bbox 1578 4968 1704 5023; x_wconf 81' lang='lat' dir='ltr'><strong>rege</strong></span> <span class='ocrx_word' id='word_1_664' title='bbox 1724 4965 1818 5005; x_wconf 88' lang='lat' dir='ltr'><strong>co-</strong></span> 
     </span>
    </p>
   </div>
   <div class='ocr_carea' id='block_1_97' title="bbox 228 5030 1821 5116">
    <p class='ocr_par' dir='ltr' id='par_1_97' title="bbox 228 5030 1821 5116">
     <span class='ocr_line' id='line_1_97' title="bbox 228 5030 1821 5116; baseline -0.003 -14"><span class='ocrx_word' id='word_1_665' title='bbox 228 5053 458 5102; x_wconf 78' lang='lat' dir='ltr'><strong>ronatus</strong></span> <span class='ocrx_word' id='word_1_666' title='bbox 478 5054 567 5099; x_wconf 89' lang='lat' dir='ltr'><strong>est</strong></span> <span class='ocrx_word' id='word_1_667' title='bbox 589 5062 606 5100; x_wconf 88' lang='lat'><strong>:</strong></span> <span class='ocrx_word' id='word_1_668' title='bbox 627 5046 820 5103; x_wconf 87' lang='lat' dir='ltr'><strong>deinde</strong></span> <span class='ocrx_word' id='word_1_669' title='bbox 848 5046 1094 5116; x_wconf 61' lang='lat' dir='ltr'><strong>quaedam</strong></span> <span class='ocrx_word' id='word_1_670' title='bbox 1122 5044 1344 5100; x_wconf 79' lang='lat' dir='ltr'><strong>castella</strong></span> <span class='ocrx_word' id='word_1_671' title='bbox 1371 5060 1491 5114; x_wconf 73' lang='lat' dir='ltr'><strong>qua:</strong></span> <span class='ocrx_word' id='word_1_672' title='bbox 1516 5044 1635 5103; x_wconf 91' lang='lat' dir='ltr'><strong>Odo</strong></span> <span class='ocrx_word' id='word_1_673' title='bbox 1664 5030 1821 5101; x_wconf 82' lang='lat' dir='ltr'><strong>inva-</strong></span> 
     </span>
    </p>
   </div>
   <div class='ocr_carea' id='block_1_98' title="bbox 229 5117 1820 5207">
    <p class='ocr_par' dir='ltr' id='par_1_98' title="bbox 229 5117 1820 5207">
     <span class='ocr_line' id='line_1_98' title="bbox 229 5117 1820 5207; baseline -0.003 -16"><span class='ocrx_word' id='word_1_674' title='bbox 229 5145 419 5202; x_wconf 88' lang='lat' dir='ltr'><strong>serat,</strong></span> <span class='ocrx_word' id='word_1_675' title='bbox 466 5135 709 5202; x_wconf 85' lang='lat' dir='ltr'><strong>obsedit;</strong></span> <span class='ocrx_word' id='word_1_676' title='bbox 746 5136 839 5192; x_wconf 85' lang='lat' dir='ltr'><strong>sed</strong></span> <span class='ocrx_word' id='word_1_677' title='bbox 891 5117 1113 5204; x_wconf 74' lang='lat' dir='ltr'><strong>propter</strong></span> <span class='ocrx_word' id='word_1_678' title='bbox 1179 5135 1402 5189; x_wconf 86' lang='lat' dir='ltr'><strong>nimiam</strong></span> <span class='ocrx_word' id='word_1_679' title='bbox 1471 5139 1820 5207; x_wconf 77' lang='lat' dir='ltr'><strong>aSperitatem</strong></span> 
     </span>
    </p>
   </div>
   <div class='ocr_carea' id='block_1_99' title="bbox 231 5224 1825 5294">
    <p class='ocr_par' dir='ltr' id='par_1_99' title="bbox 231 5224 1825 5294">
     <span class='ocr_line' id='line_1_99' title="bbox 231 5224 1825 5294; baseline -0.001 -13"><span class='ocrx_word' id='word_1_680' title='bbox 231 5226 458 5291; x_wconf 87' lang='lat' dir='ltr'><strong>hiemis,</strong></span> <span class='ocrx_word' id='word_1_681' title='bbox 485 5241 608 5294; x_wconf 65' lang='lat' dir='ltr'><strong>quae</strong></span> <span class='ocrx_word' id='word_1_682' title='bbox 654 5236 781 5282; x_wconf 90' lang='lat' dir='ltr'><strong>tunc</strong></span> <span class='ocrx_word' id='word_1_683' title='bbox 809 5227 1047 5285; x_wconf 84' lang='lat' dir='ltr'><strong>fecerat,</strong></span> <span class='ocrx_word' id='word_1_684' title='bbox 1096 5224 1247 5279; x_wconf 79' lang='lat' dir='ltr'><strong>valde</strong></span> <span class='ocrx_word' id='word_1_685' title='bbox 1292 5225 1712 5293; x_wconf 87' lang='lat' dir='ltr'><strong>impediebatur.</strong></span> <span class='ocrx_word' id='word_1_686' title='bbox 1749 5225 1825 5281; x_wconf 92' lang='lat' dir='ltr'><strong>De</strong></span> 
     </span>
    </p>
   </div>
   <div class='ocr_carea' id='block_1_100' title="bbox 231 5330 375 5348">
    <p class='ocr_par' dir='ltr' id='par_1_100' title="bbox 231 5330 375 5348">
     <span class='ocr_line' id='line_1_100' title="bbox 231 5330 375 5348; baseline 0 0"><span class='ocrx_word' id='word_1_687' title='bbox 231 5330 334 5348; x_wconf 63' lang='grc' dir='ltr'><strong>ηιοη</strong></span> <span class='ocrx_word' id='word_1_688' title='bbox 365 5333 375 5348; x_wconf 87' lang='grc' dir='ltr'><strong>Ι</strong></span> 
     </span>
    </p>
   </div>
   <div class='ocr_carea' id='block_1_101' title="bbox 404 5314 1821 5348">
    <p class='ocr_par' dir='ltr' id='par_1_101' title="bbox 404 5314 1821 5348">
     <span class='ocr_line' id='line_1_101' title="bbox 404 5314 1821 5348; baseline 0 0"><span class='ocrx_word' id='word_1_689' title='bbox 404 5316 648 5348; x_wconf 66' lang='grc' dir='ltr'><strong>ἶιιιῖοιηιο</strong></span> <span class='ocrx_word' id='word_1_690' title='bbox 700 5317 914 5348; x_wconf 46' lang='lat' dir='ltr'><strong>“Jun-uie</strong></span> <span class='ocrx_word' id='word_1_691' title='bbox 952 5314 1166 5348; x_wconf 74' lang='grc' dir='ltr'><strong>ηιιῖιΙσιι-ιι</strong></span> <span class='ocrx_word' id='word_1_692' title='bbox 1214 5314 1284 5348; x_wconf 71' lang='grc' dir='ltr'><strong><em>ΛΔ</em></strong></span> <span class='ocrx_word' id='word_1_693' title='bbox 1328 5317 1526 5348; x_wconf 63' lang='lat' dir='ltr'><strong>unci-ia</strong></span> <span class='ocrx_word' id='word_1_694' title='bbox 1568 5331 1821 5348; x_wconf 62' lang='lat' dir='ltr'><strong>AA..IA¢IAG</strong></span> 
     </span>
    </p>
   </div>
   <div class='ocr_carea' id='block_1_102' title="bbox 1918 4497 3500 4566">
    <p class='ocr_par' dir='ltr' id='par_1_102' title="bbox 1918 4497 3500 4566">
     <span class='ocr_line' id='line_1_102' title="bbox 1918 4497 3500 4566; baseline 0.003 -17"><span class='ocrx_word' id='word_1_695' title='bbox 1918 4497 2100 4566; x_wconf 85' lang='lat' dir='ltr'><strong>plures</strong></span> <span class='ocrx_word' id='word_1_696' title='bbox 2129 4497 2344 4566; x_wconf 79' lang='lat' dir='ltr'><strong>subegit</strong></span> <span class='ocrx_word' id='word_1_697' title='bbox 2385 4514 2398 4550; x_wconf 91' lang='lat'><strong>:</strong></span> <span class='ocrx_word' id='word_1_698' title='bbox 2449 4506 2505 4551; x_wconf 88' lang='lat' dir='ltr'><strong>et</strong></span> <span class='ocrx_word' id='word_1_699' title='bbox 2552 4513 2806 4554; x_wconf 76' lang='lat' dir='ltr'><strong>reversus</strong></span> <span class='ocrx_word' id='word_1_700' title='bbox 2857 4508 3096 4555; x_wconf 88' lang='lat' dir='ltr'><strong>castrum</strong></span> <span class='ocrx_word' id='word_1_701' title='bbox 3148 4499 3323 4553; x_wconf 89' lang='lat' dir='ltr'><strong>Murat</strong></span> <span class='ocrx_word' id='word_1_702' title='bbox 3375 4515 3500 4554; x_wconf 89' lang='lat' dir='ltr'><strong>cum</strong></span> 
     </span>
    </p>
   </div>
   <div class='ocr_carea' id='block_1_103' title="bbox 1918 4587 3506 4653">
    <p class='ocr_par' dir='ltr' id='par_1_103' title="bbox 1918 4587 3506 4653">
     <span class='ocr_line' id='line_1_103' title="bbox 1918 4587 3506 4653; baseline 0 -10"><span class='ocrx_word' id='word_1_703' title='bbox 1918 4587 2235 4644; x_wconf 86' lang='lat' dir='ltr'><strong>fortissimis</strong></span> <span class='ocrx_word' id='word_1_704' title='bbox 2263 4587 2546 4653; x_wconf 89' lang='lat' dir='ltr'><strong>militibus,</strong></span> <span class='ocrx_word' id='word_1_705' title='bbox 2581 4587 2784 4646; x_wconf 87' lang='lat' dir='ltr'><strong>Odouis</strong></span> <span class='ocrx_word' id='word_1_706' title='bbox 2832 4591 3102 4645; x_wconf 88' lang='lat' dir='ltr'><strong>munitum</strong></span> <span class='ocrx_word' id='word_1_707' title='bbox 3142 4590 3418 4653; x_wconf 87' lang='lat' dir='ltr'><strong>obsidens,</strong></span> <span class='ocrx_word' id='word_1_708' title='bbox 3453 4589 3506 4643; x_wconf 92' lang='lat' dir='ltr'><strong>vi</strong></span> 
     </span>
    </p>
   </div>
   <div class='ocr_carea' id='block_1_104' title="bbox 1921 4677 3510 4751">
    <p class='ocr_par' dir='ltr' id='par_1_104' title="bbox 1921 4677 3510 4751">
     <span class='ocr_line' id='line_1_104' title="bbox 1921 4677 3510 4751; baseline -0.001 -17"><span class='ocrx_word' id='word_1_709' title='bbox 1921 4680 2087 4751; x_wconf 83' lang='lat' dir='ltr'><strong>cepit,</strong></span> <span class='ocrx_word' id='word_1_710' title='bbox 2117 4687 2173 4734; x_wconf 91' lang='lat' dir='ltr'><strong>et</strong></span> <span class='ocrx_word' id='word_1_711' title='bbox 2198 4693 2334 4747; x_wconf 88' lang='lat' dir='ltr'><strong>quos</strong></span> <span class='ocrx_word' id='word_1_712' title='bbox 2358 4678 2505 4733; x_wconf 89' lang='lat' dir='ltr'><strong>intus</strong></span> <span class='ocrx_word' id='word_1_713' title='bbox 2529 4680 2829 4747; x_wconf 87' lang='lat' dir='ltr'><strong>invenerat,</strong></span> <span class='ocrx_word' id='word_1_714' title='bbox 2854 4682 3099 4751; x_wconf 90' lang='lat' dir='ltr'><strong>captivos</strong></span> <span class='ocrx_word' id='word_1_715' title='bbox 3125 4677 3510 4733; x_wconf 71' lang='lat' dir='ltr'><strong>duxiLCaetet-i</strong></span> 
     </span>
    </p>
   </div>
   <div class='ocr_carea' id='block_1_105' title="bbox 1921 4766 3514 4836">
    <p class='ocr_par' dir='ltr' id='par_1_105' title="bbox 1921 4766 3514 4836">
     <span class='ocr_line' id='line_1_105' title="bbox 1921 4766 3514 4836; baseline -0.004 -9"><span class='ocrx_word' id='word_1_716' title='bbox 1921 4770 2164 4827; x_wconf 88' lang='lat' dir='ltr'><strong>fautores</strong></span> <span class='ocrx_word' id='word_1_717' title='bbox 2193 4770 2395 4825; x_wconf 85' lang='lat' dir='ltr'><strong>Odonis</strong></span> <span class='ocrx_word' id='word_1_718' title='bbox 2422 4770 2527 4824; x_wconf 87' lang='lat' dir='ltr'><strong>hoc</strong></span> <span class='ocrx_word' id='word_1_719' title='bbox 2553 4771 2854 4836; x_wconf 88' lang='lat' dir='ltr'><strong>audientes,</strong></span> <span class='ocrx_word' id='word_1_720' title='bbox 2909 4771 3027 4827; x_wconf 90' lang='lat' dir='ltr'><strong>solo</strong></span> <span class='ocrx_word' id='word_1_721' title='bbox 3059 4771 3254 4825; x_wconf 90' lang='lat' dir='ltr'><strong>timore</strong></span> <span class='ocrx_word' id='word_1_722' title='bbox 3280 4766 3514 4821; x_wconf 86' lang='lat' dir='ltr'><strong>Caesaris</strong></span> 
     </span>
    </p>
   </div>
   <div class='ocr_carea' id='block_1_106' title="bbox 1923 4860 3522 4937">
    <p class='ocr_par' dir='ltr' id='par_1_106' title="bbox 1923 4860 3522 4937">
     <span class='ocr_line' id='line_1_106' title="bbox 1923 4860 3522 4937; baseline -0.005 -17"><span class='ocrx_word' id='word_1_723' title='bbox 1923 4864 2184 4937; x_wconf 85' lang='lat' dir='ltr'><strong>fugerunt</strong></span> <span class='ocrx_word' id='word_1_724' title='bbox 2212 4880 2225 4918; x_wconf 91' lang='lat'>:</span> <span class='ocrx_word' id='word_1_725' title='bbox 2261 4878 2398 4933; x_wconf 89' lang='lat' dir='ltr'><strong>quos</strong></span> <span class='ocrx_word' id='word_1_726' title='bbox 2424 4870 2740 4932; x_wconf 88' lang='lat' dir='ltr'><strong>persecutus</strong></span> <span class='ocrx_word' id='word_1_727' title='bbox 2781 4863 2964 4918; x_wconf 61' lang='lat' dir='ltr'><strong>(besar</strong></span> <span class='ocrx_word' id='word_1_728' title='bbox 3005 4860 3233 4917; x_wconf 89' lang='lat' dir='ltr'><strong>omnino</strong></span> <span class='ocrx_word' id='word_1_729' title='bbox 3259 4860 3522 4912; x_wconf 79' lang='lat' dir='ltr'><strong>exterrui-</strong></span> 
     </span>
    </p>
   </div>
   <div class='ocr_carea' id='block_1_107' title="bbox 1923 4944 3527 5023">
    <p class='ocr_par' dir='ltr' id='par_1_107' title="bbox 1923 4944 3527 5023">
     <span class='ocr_line' id='line_1_107' title="bbox 1923 4944 3527 5023; baseline -0.006 -11"><span class='ocrx_word' id='word_1_730' title='bbox 1923 4959 2074 5013; x_wconf 82' lang='lat' dir='ltr'><strong>navit</strong></span> <span class='ocrx_word' id='word_1_731' title='bbox 2104 4957 2175 5012; x_wconf 90' lang='lat' dir='ltr'><strong>de</strong></span> <span class='ocrx_word' id='word_1_732' title='bbox 2199 4968 2382 5023; x_wconf 84' lang='lat' dir='ltr'><strong>regno,</strong></span> <span class='ocrx_word' id='word_1_733' title='bbox 2416 4962 2472 5005; x_wconf 94' lang='lat' dir='ltr'><strong>et</strong></span> <span class='ocrx_word' id='word_1_734' title='bbox 2496 4953 2735 5022; x_wconf 90' lang='lat' dir='ltr'><strong>acceptis</strong></span> <span class='ocrx_word' id='word_1_735' title='bbox 2765 4952 2831 5004; x_wconf 90' lang='lat' dir='ltr'><strong>de</strong></span> <span class='ocrx_word' id='word_1_736' title='bbox 2876 4949 3223 5020; x_wconf 87' lang='lat' dir='ltr'><strong>principibus</strong></span> <span class='ocrx_word' id='word_1_737' title='bbox 3272 4944 3527 5015; x_wconf 68' lang='lat' dir='ltr'><strong>Burgun-</strong></span> 
     </span>
    </p>
   </div>
   <div class='ocr_carea' id='block_1_108' title="bbox 1925 5033 3537 5115">
    <p class='ocr_par' dir='ltr' id='par_1_108' title="bbox 1925 5033 3537 5115">
     <span class='ocr_line' id='line_1_108' title="bbox 1925 5033 3537 5115; baseline -0.008 -9"><span class='ocrx_word' id='word_1_738' title='bbox 1925 5051 2026 5106; x_wconf 60' lang='grc' dir='ltr'><strong>ὀίω</strong></span> <span class='ocrx_word' id='word_1_739' title='bbox 2053 5045 2244 5104; x_wconf 89' lang='lat' dir='ltr'><strong>multis</strong></span> <span class='ocrx_word' id='word_1_740' title='bbox 2269 5040 2755 5115; x_wconf 54' lang='lat' dir='ltr'><strong>obsidibus,‘rediit</strong></span> <span class='ocrx_word' id='word_1_741' title='bbox 2779 5055 2875 5109; x_wconf 85' lang='lat' dir='ltr'><strong>per</strong></span> <span class='ocrx_word' id='word_1_742' title='bbox 2896 5038 3171 5095; x_wconf 80' lang='lat' dir='ltr'><strong>Alsatiam</strong></span> <span class='ocrx_word' id='word_1_743' title='bbox 3197 5034 3269 5087; x_wconf 85' lang='lat' dir='ltr'><strong>ad</strong></span> <span class='ocrx_word' id='word_1_744' title='bbox 3293 5033 3537 5103; x_wconf 42' lang='lat' dir='ltr'><strong>imperas</strong></span> 
     </span>
    </p>
   </div>
   <div class='ocr_carea' id='block_1_109' title="bbox 1930 5130 3542 5200">
    <p class='ocr_par' dir='ltr' id='par_1_109' title="bbox 1930 5130 3542 5200">
     <span class='ocr_line' id='line_1_109' title="bbox 1930 5130 3542 5200; baseline -0.01 0"><span class='ocrx_word' id='word_1_745' title='bbox 1930 5143 2142 5198; x_wconf 87' lang='lat' dir='ltr'><strong>tricem.</strong></span> <span class='ocrx_word' id='word_1_746' title='bbox 2207 5133 2338 5187; x_wconf 82' lang='lat' dir='ltr'><strong>Nam</strong></span> <span class='ocrx_word' id='word_1_747' title='bbox 2385 5131 2514 5184; x_wconf 88' lang='lat' dir='ltr'><strong>dum</strong></span> <span class='ocrx_word' id='word_1_748' title='bbox 2578 5131 2665 5184; x_wconf 90' lang='lat' dir='ltr'><strong>ille</strong></span> <span class='ocrx_word' id='word_1_749' title='bbox 2720 5131 2772 5184; x_wconf 92' lang='lat' dir='ltr'><strong>in</strong></span> <span class='ocrx_word' id='word_1_750' title='bbox 2828 5130 3212 5200; x_wconf 83' lang='lat' dir='ltr'><strong>Burgundiam</strong></span> <span class='ocrx_word' id='word_1_751' title='bbox 3261 5138 3542 5195; x_wconf 89' lang='lat' dir='ltr'><strong>pergeret,</strong></span> 
     </span>
    </p>
   </div>
   <div class='ocr_carea' id='block_1_110' title="bbox 1931 5214 3552 5305">
    <p class='ocr_par' dir='ltr' id='par_1_110' title="bbox 1931 5214 3552 5305">
     <span class='ocr_line' id='line_1_110' title="bbox 1931 5214 3552 5305; baseline -0.017 -13"><span class='ocrx_word' id='word_1_752' title='bbox 1931 5225 2255 5305; x_wconf 75' lang='lat' dir='ltr'><strong>imperatrix</strong></span> <span class='ocrx_word' id='word_1_753' title='bbox 2295 5228 2477 5277; x_wconf 90' lang='lat' dir='ltr'><strong>secuta</strong></span> <span class='ocrx_word' id='word_1_754' title='bbox 2527 5230 2609 5276; x_wconf 90' lang='lat' dir='ltr'><strong>est</strong></span> <span class='ocrx_word' id='word_1_755' title='bbox 2658 5235 2779 5275; x_wconf 92' lang='lat' dir='ltr'><strong>eum</strong></span> <span class='ocrx_word' id='word_1_756' title='bbox 2836 5235 3014 5288; x_wconf 84' lang='lat' dir='ltr'><strong>usque</strong></span> <span class='ocrx_word' id='word_1_757' title='bbox 3061 5214 3356 5305; x_wconf 81' lang='lat' dir='ltr'><strong>Basileam.</strong></span> <span class='ocrx_word' id='word_1_758' title='bbox 3388 5217 3552 5305; x_wconf 54' lang='lat' dir='ltr'><strong>duae</strong></span> 
     </span>
    </p>
   </div>
   <div class='ocr_carea' id='block_1_111' title="bbox 1972 5300 3552 5348">
    <p class='ocr_par' dir='ltr' id='par_1_111' title="bbox 1972 5300 3552 5348">
     <span class='ocr_line' id='line_1_111' title="bbox 1972 5300 3552 5348; baseline 0 0"><span class='ocrx_word' id='word_1_759' title='bbox 1972 5300 2154 5348; x_wconf 40' lang='lat' dir='ltr'><strong>“va---</strong></span> <span class='ocrx_word' id='word_1_760' title='bbox 2176 5315 2246 5348; x_wconf 77' lang='grc' dir='ltr'><strong>ηιΙ</strong></span> <span class='ocrx_word' id='word_1_761' title='bbox 2267 5307 2609 5348; x_wconf 70' lang='grc' dir='ltr'><strong>Δνηοηιῖςισιηι</strong></span> <span class='ocrx_word' id='word_1_762' title='bbox 2625 5311 2896 5348; x_wconf 71' lang='lat' dir='ltr'><strong>nivitnlnm</strong></span> <span class='ocrx_word' id='word_1_763' title='bbox 2933 5300 3290 5348; x_wconf 67' lang='lat' dir='ltr'><strong>nvcnonlnvil</strong></span> <span class='ocrx_word' id='word_1_764' title='bbox 3310 5301 3552 5348; x_wconf 76' lang='lat' dir='ltr'><strong>reditum</strong></span> 
     </span>
    </p>
   </div>
  </div>
