4024 5370
563 315 700 373 1245

753 446 890 497 QUOD
918 448 1018 486 IlI-2X
1046 449 1325 491 IIEINRICUS
1349 451 1572 492 BCLAVOS
1595 452 1934 492 SUBJUGAVIT.

633 523 840 578 Interea
867 523 992 578 dum
1021 524 1154 590 litec,
1196 542 1316 596 quae
1349 528 1598 597 superius
1625 528 1766 582 dicta
1797 537 1943 590 sunt,
1973 527 2139 592 impe-

561 623 712 670 rator
756 614 809 669 in
841 613 1150 686 Burgundia
1201 615 1430 684 faceret,
1479 618 1622 673 filius
1673 635 1804 675 suus
1855 619 2141 674 I'Ieinricus

561 719 679 769 rex,
705 704 830 758 licet
861 705 913 759 in
937 705 1232 776 puerilibus
1260 708 1441 772 annis,
1466 724 1569 762 non
1593 710 1808 780 segnius
1832 709 2139 778 reipublicae

560 794 830 850 consuluit
860 795 912 849 in
941 795 1183 862 Boetnia,
1208 806 1263 852 et
1298 798 1350 852 in
1381 801 1592 854 caeteris
1625 800 1936 869 regionibus
1984 800 2136 855 Scia-

558 899 751 940 vorum
775 903 789 938 :
821 886 911 942 ubi
929 895 982 941 et
1006 886 1314 942 Udalricuut
1345 889 1534 945 ducem
1559 891 1879 958 Boemiaa,et
1903 892 2140 960 reliquos

557 993 722 1048 quam
751 978 934 1050 plures
963 980 1162 1036 Caesari
1212 982 1582 1048 adversantes,
1624 994 1843 1040 strenue
1887 986 2139 1056 subjuga-

557 1071 1550 1141 vit,etretleuntipatrioccurrens,de
1572 1077 1768 1145 duplici
1793 1077 2016 1132 victoria
2043 1076 2140 1130 duo

556 1161 678 1232 plex
698 1162 950 1232 gaudium
966 1163 1460 1234 populisell'ecerat.
1479 1165 1681 1221 Deinde
1701 1167 1941 1223 collectis
1970 1167 2140 1238 cupiis

559 1254 626 1306 de
639 1252 874 1308 Saxonia
887 1271 1047 1324 super
1063 1270 1157 1310 eos
1169 1258 1258 1325 qui
1274 1255 1470 1310 Lttttizi
1485 1256 1580 1330 [aL
1594 1301 1607 1322 ,
1623 1257 1842 1332 Lintizi]
1859 1268 2137 1326 vocantur,

559 1343 761 1413 quique
785 1344 915 1398 olitn
948 1345 1430 1412 senii-Christiani,
1475 1365 1618 1404 nunc
1657 1366 1756 1418 per
1782 1351 2138 1420 apostaticam

556 1433 854 1502 nequitiam
889 1437 1111 1491 omnino
1155 1446 1282 1492 sunt
1329 1439 1543 1508 pagani,
1602 1439 1894 1508 imperator
1946 1441 2135 1495 venit:

557 1523 740 1593 ibique
775 1523 1085 1580 conﬂictum
1118 1526 1512 1598 implacabilem
1554 1529 1874 1585 mirabiliter
1903 1531 2137 1585 diremit.

554 1612 700 1667 Inter
723 1613 967 1669 Saxones
997 1616 1139 1669 enim
1169 1626 1222 1670 et
1246 1632 1484 1688 paganos
1508 1617 1708 1673 fiebant
1730 1634 1792 1672 ea
1824 1630 2140 1690 tempestate

557 1705 740 1760 multa:
771 1707 1134 1762 dissensiones
1167 1718 1222 1762 et
1275 1709 1613 1764 incursiones
1655 1725 1669 1763 :
1704 1725 1934 1781 cumque
1959 1711 2142 1767 Caesar

1794 317 2132 377 WIPPONIS
2170 315 2605 375 PRESBYTEH

2163 436 2206 493 Α
2239 431 2384 486 tione
2429 431 2644 487 illorum
2673 432 3074 488 nefandissima.
3107 431 3244 488 Nam
3285 432 3478 497 fertur,
3500 443 3560 488 ut
3584 435 3819 504 quodam

3686 319 3822 376 1244

2243 533 2484 593 tempore
2527 524 2754 596 elligiem
2803 526 3033 597 ligneam
3081 525 3326 582 cruciﬁxi
3379 527 3593 581 Domini
3647 527 3820 582 nostri

2239 613 2366 670 Jesu
2397 615 2596 671 Christi
2640 616 2913 672 scelerato
2964 617 3213 673 ludubrio
3254 617 3570 673 habuissent
3600 620 3824 689 pagani,

2240 715 2294 760 et
2320 722 2436 762 eam
2463 718 2740 778 spnerent,
2767 717 2930 779 atque
2951 709 3191 778 colaphis
3217 710 3503 775 caederent,
3535 712 3605 766 ad
3630 722 3818 768 extre-

2241 811 2387 849 mum
2416 797 2602 852 oculos
2623 798 2906 862 eruebant,
2941 813 3134 854 ntanns
3170 807 3226 853 et
3261 799 3426 870 pedes
3459 802 3816 858 truncabant.

2241 886 2367 942 Ilaec
2391 887 2654 944 ulciscens
2679 889 2974 960 imperator
2997 891 3066 945 de
3092 891 3266 960 captis
3285 893 3508 963 paganis
3529 895 3827 949 maximam

2241 980 2636 1036 multitudinem
2670 996 2768 1051 pro
2791 997 2896 1036 una
2940 982 3112 1054 elligie
3153 983 3376 1050 Christi,
3420 987 3584 1041 simili
3641 989 3826 1057 modo,

2242 1073 2530 1138 truncavit,
2564 1081 2616 1126 et
2646 1073 2795 1128 varia
2823 1085 2997 1129 morte
3021 1075 3238 1130 delevit.
3281 1077 3488 1134 Idcirco
3528 1080 3584 1134 in
3618 1080 3826 1137 eisdem

2239 1163 2487 1217 versibus
2535 1163 2717 1218 Caesar
2767 1165 2909 1219 ultor
2967 1167 3089 1222 fidei
3149 1178 3404 1228 vocatur,
3461 1178 3515 1224 et
3565 1169 3830 1227 Romanis

2238 1251 2573 1320 principibus
2597 1253 2719 1309 Tito
2753 1263 2810 1310 et
2841 1254 3175 1325 Vespasiano
3209 1268 3577 1326 comparatur,
3622 1261 3722 1329 qui
3776 1262 3827 1315 in

2240 1342 2498 1397 ultionem
2534 1344 2746 1398 Domini
2789 1346 3010 1415 triginta
3055 1346 3269 1402 Judzcos
3322 1363 3422 1417 pro
3461 1365 3572 1404 uno
3604 1365 3832 1406 nummo

2239 1441 2734 1500 eommutaveraut,
2768 1452 2889 1490 cum
2928 1435 3094 1491 ιιι]άωί
3145 1437 3418 1494 Christum
3454 1455 3556 1510 pro
3603 1441 3833 1497 totidem

2239 1523 2477 1578 denariis
2504 1525 2880 1580 vendiderant.
2915 1526 3186 1582 Reversus
3215 1527 3531 1597 imperator,
3567 1532 3833 1602 quidquid

2239 1615 2501 1669 obstaculi
2529 1617 2579 1669 in
2607 1630 2772 1685 regno
2801 1616 3025 1681 invenit,
3052 1617 3340 1686 imperiose
3360 1619 3601 1689 disiecit.
3629 1622 3834 1677 Eodem

2242 1721 2386 1760 anno
2416 1706 2688 1762 Adalbero
2714 1709 2819 1761 dux
2850 1709 3282 1765 Carantanorum
3332 1712 3682 1781 imperatoris
3709 1729 3834 1785 gra-

557 1797 794 1861 veniret,
828 1798 992 1866 cmpil
1017 1813 1260 1868 quan-ere
1305 1798 1386 1866 ex!
1407 1816 1510 1869 qua
1545 1809 1697 1870 parte
1742 1817 1866 1870 pax,
1899 1818 2017 1871 qua}
2045 1803 2134 1856 diu
2168 1786 2210 1844 Β
2241 1796 2367 1850 tiam
2397 1799 2648 1866 perdens,
2685 1798 2937 1868 ducatum
2967 1803 3170 1870 amisit,
3201 1812 3256 1857 ει
3279 1804 3334 1857 in
3352 1804 3606 1858 exsilium
3637 1805 3836 1859 missus

556 1885 811 1940 inviolata
845 1886 988 1942 inter
1015 1903 1108 1943 eos
1136 1889 1332 1957 fuerat,
1359 1893 1511 1960 prius
1549 1904 2008 1962 corrumperetur.
2049 1894 2139 1948 Di-

554 1978 752 2033 cebant
774 1979 965 2048 pagani
985 1995 1012 2032 a
1040 1978 1346 2037 Saxonibus
1369 1999 1556 2053 pacem
1585 1984 1838 2054 primitus
1859 1986 2134 2052 confundi,

554 2069 608 2124 id
637 2084 731 2139 per
761 2070 1018 2134 duellum,
1051 2071 1094 2125 si
1122 2071 1303 2127 Cmsar
1331 2073 1668 2143 prmciperet,
1699 2075 1936 2144 probari.
1969 2076 2137 2130 Econ-

557 2167 638 2213 tra
661 2159 904 2214 Saxones
923 2163 988 2215 ad
1007 2162 1326 2217 refellendos
1349 2179 1588 2235 paganos
1603 2165 1854 2221 similiter
1868 2166 2141 2245 singulare

554 2258 854 2315 certamen,
887 2251 1136 2320 quamvis
1159 2251 1357 2322 injuste
1387 2255 1799 2329 contenderent,
1825 2257 2138 2333 imperatori

555 2343 916 2413 spondebant.
974 2345 1272 2415 Imperator
1330 2347 1741 2410 consulentibus
1807 2355 2140 2427 principibus

556 2435 688 2498 θυῖεν
744 2435 871 2491 Ιίοθι
918 2452 1021 2491 ηοη
1046 2438 1188 2504 ﬁdis
1215 2447 1378 2502 caute
1403 2459 1608 2520 ageret,
1649 2450 1789 2505 hanc
1819 2465 1932 2507 rem
1962 2449 2138 2505 duello

553 2529 841 2598 diiudicari
889 2546 1030 2596 inter
1067 2558 1159 2598 eos
1209 2544 1474 2614 permisit.
1533 2544 1727 2600 Statim
1779 2546 1886 2600 duo
1931 2544 2138 2615 pugiles

558 2647 835 2702 congressi
861 2645 1005 2698 sunt,
1039 2645 1269 2705 uterque
1297 2653 1325 2689 a
1356 2637 1471 2691 suis
1520 2637 1724 2693 electus
1752 2653 1765 2702 ;
1795 2638 2138 2692 Christianus

557 2719 612 2774 itt
635 2719 748 2774 sola
786 2721 908 2789 fide,
939 2738 1059 2793 qua:
1086 2726 1204 2780 sine
1249 2726 1503 2796 operibus
1526 2727 1749 2796 iustitia:
1781 2737 1989 2782 mortua
2034 2736 2136 2791 est,

558 2810 874 2875 confidens,
902 2823 956 2868 et
993 2832 1098 2869 non
1147 2816 1438 2887 diligenter
1476 2821 1760 2872 attendens
1809 2819 1950 2888 quod
1999 2819 2138 2872 Deus

556 2903 649 2972 qui
679 2903 883 2959 veritas
905 2914 1018 2972 est,
1063 2909 1244 2961 omnia
1283 2908 1336 2961 in
1368 2923 1496 2962 vero
1528 2908 1733 2978 judicio
1763 2909 2014 2978 disponit,
2045 2908 2137 2978 qui

557 2994 726 3049 solem
768 3012 924 3050 suum
980 3000 1110 3052 oriri
1141 3015 1304 3070 super
1335 3001 1504 3056 bonos
1551 3012 1607 3056 et
1648 3004 1817 3058 malos
1847 3004 2014 3060 facit:
2042 3006 2134 3074 qui

561 3084 697 3155 plttit
739 3101 903 3156 super
949 3088 1126 3158 jttstos
1171 3100 1225 3145 et
1273 3091 1537 3159 injustas,
1585 3097 1844 3150 audacter
1894 3113 2135 3168 pugnare
2165 3145 2204 3168 ι,

559 3176 748 3246 οαψίι.
785 3177 1035 3248 Paganus
1065 3192 1244 3236 amem
1271 3183 1438 3236 solum
1461 3187 1846 3241 conscieatiam
1874 3188 2133 3254 veritatis,

559 3283 658 3337 pro
706 3284 809 3336 qua
861 3270 1175 3334 dimicabat,
1219 3289 1329 3341 pra:
1374 3275 1544 3328 oculis
1577 3276 1798 3341 habens,
1825 3278 2025 3331 acriter
2049 3295 2134 3332 re-

559 3359 807 3414 sistebat.
847 3359 1127 3416 Postremo
1150 3363 1490 3419 Christianus
1519 3382 1547 3418 a
1593 3382 1800 3436 pagano
1829 3369 2137 3424 vulneratus

559 3455 779 3510 cecidit.
814 3455 892 3510 Ex
949 3472 1054 3526 qua
1096 3472 1152 3512 re
1191 3459 1382 3528 pagani
1425 3459 1474 3512 in
1511 3468 1712 3513 tantam
1751 3461 2035 3515 elationem
2082 3474 2136 3518 et

560 3547 844 3600 audaciam
870 3561 1156 3616 venerunt,
1183 3560 1239 3604 ut
1261 3551 1361 3604 nisi
1389 3552 1683 3620 imperator
1703 3555 1938 3618 adesset,
1964 3556 2138 3609 conti-

562 3651 670 3690 nuo
694 3638 965 3693 irruerent
1007 3655 1170 3710 super
1210 3641 1584 3707 Christianos;
1618 3644 1712 3697 sed
1745 3645 2040 3714 imperator
2067 3646 2135 3700 ad

559 3728 982 3796 compescendas
1003 3729 1340 3785 incursiones
1360 3746 1546 3786 eorum
1570 3735 1876 3789 construxit
1895 3745 2133 3789 castrum

566 3816 883 3886 Wirbinam,
911 3820 964 3876 in
1006 3837 1114 3891 quo
1142 3823 1385 3891 praesidia
1417 3825 1645 3878 militum
1677 3826 1886 3881 locabat
1911 3836 1966 3882 et
1991 3828 2136 3898 prin-

558 3907 998 3978 cipes-Samnite,
1024 3922 1082 3966 ut
1102 3914 1430 3968 unanimiter
1456 3916 2026 3988 resisterentpaganis.
2051 3934 2136 3973 sa-

557 4008 837 4060 cramento
857 4001 1192 4072 et'imperiali
1218 4003 1462 4072 jussiune
1493 4009 1916 4078 constringebat,
1941 4011 2134 4065 deinde

558 4104 813 4145 reversus
837 4101 920 4146 est
949 4093 1000 4146 in
1029 4093 1337 4149 Franciam.
1367 4096 1623 4165 Sequenti
1655 4114 1782 4152 vero
1805 4115 1948 4154 anno
1991 4100 2132 4154 idem

556 4192 794 4236 castrum
825 4199 852 4236 a
881 4184 1106 4254 paganis
1129 4186 1250 4240 dolo
1275 4195 1486 4256 raptum
1505 4198 1606 4249 est,
1636 4199 1690 4242 et
1709 4190 1888 4258 plures
1918 4201 2132 4245 nostro—

557 4287 700 4338 rum,
729 4274 819 4342 qui
851 4275 902 4329 in
930 4289 996 4330 eo
1025 4286 1198 4340 erant,
1231 4279 1298 4332 ab
1320 4279 1400 4332 eis
1427 4280 1591 4334 occisi
1627 4289 1771 4334 sunt.
1811 4281 1948 4336 Hinc
1978 4298 2129 4336 eom-

559 4375 736 4419 motus
766 4366 1076 4433 imperator,
1123 4369 1315 4422 iterum
1347 4385 1468 4423 cum
1515 4373 1687 4440 copiis
1739 4389 1908 4441 usque
1952 4374 2128 4427 Albim

2238 1895 2340 1940 est.

2617 2000 2683 2038 DE
2720 1999 3112 2039 CONJUIIATIONE
3152 1999 3447 2040 ITALOBUI.

2308 2068 2439 2128 Item
2472 2075 2662 2130 eodem
2697 2083 2939 2144 tempore
2965 2091 3155 2145 magna
3205 2086 3261 2131 et
3305 2077 3584 2132 modernis
3628 2086 3836 2149 tempo-

2242 2167 2391 2224 ribus
2441 2169 2680 2224 inandita
2753 2169 2998 2225 confusio
3049 2169 3195 2225 facta
3248 2180 3331 2226 est
3384 2171 3574 2237 Italize,
3607 2185 3836 2243 propter

2238 2249 2640 2328 coniurationes
2687 2274 2821 2329 quas
2861 2260 3066 2315 fecerat
3091 2260 3319 2330 populus
3371 2274 3561 2316 contra
3616 2264 3829 2332 princi-

2237 2368 2353 2422 pes.
2400 2352 2828 2421 Conjuraverant
2860 2352 3002 2408 enim
3052 2367 3243 2408 omnes
3287 2353 3601 2410 valvasores
3644 2355 3832 2421 Italiaa,

2238 2457 2293 2502 et
2327 2447 2557 2517 gregarii
2587 2446 2786 2501 milites
2820 2446 3078 2500 adversus
3107 2445 3355 2501 dominos
3381 2461 3529 2510 suos,
3561 2456 3621 2502 et
3648 2463 3838 2502 omnes

2239 2539 2478 2593 minores
2513 2547 2698 2593 contra
2731 2534 2982 2604 majores,
3033 2544 3094 2588 ιιι
3131 2551 3237 2590 non
3271 2547 3594 2605 paterentur
3631 2537 3836 2607 aliquid

2239 2631 2470 2685 inultum
2521 2630 2623 2684 sibi
2681 2628 2928 2683 accidere
2961 2644 2990 2681 a
3027 2627 3259 2682 dominis
3307 2629 3420 2682 suis
3449 2643 3615 2698 supra
3645 2629 3834 2684 volun-

2242 2731 2404 2776 tatem
2439 2721 2698 2790 ipsorum,
2729 2719 3003 2773 dicentes:
3038 2716 3082 2770 si
3135 2716 3431 2785 imperator
3449 2732 3642 2771 eorum
3674 2717 3840 2773 nollet

2239 2814 2447 2877 venire,
2475 2813 2573 2883 ipsi
2604 2827 2699 2881 per
2720 2825 2779 2866 se
2817 2809 2990 2880 legem
3018 2809 3238 2864 sibimet
3266 2807 3525 2862 facerent.
3564 2807 3682 2863 Hoc
3712 2825 3834 2863 cun

2239 2905 2544 2959 nuntiatum
2608 2909 2753 2957 esset
2807 2898 3162 2969 imperatori,
3224 2897 3397 2954 fertur
3449 2898 3715 2953 dixisse:
3779 2898 3837 2966 Si

2237 2998 2386 3053 Italia
2439 2996 2597 3050 modo
2646 2994 2818 3050 esurit
2872 2993 3074 3063 legem,
3129 2993 3460 3047 concedente
3519 2992 3631 3046 Deo
3694 2993 3836 3046 bene

2241 3089 2445 3159 legibus
2467 3089 2606 3142 hanc
2633 3085 2860 3141 satiabo.
2885 3085 2952 3138 Et
2975 3097 3283 3154 praeparans
3308 3099 3367 3138 se
3389 3099 3536 3138 anno
3558 3086 3834 3154 sequenti,

2241 3181 2445 3234 Italiam
2488 3195 2610 3234 eum
2639 3178 2809 3247 copiis
2841 3177 3079 3231 intravit.
3109 3175 3316 3230 Interea
3351 3177 3629 3245 principes
3666 3177 3836 3231 Italici

2242 3271 2381 3326 male
2411 3278 2727 3339 conceptam
2779 3268 3208 3335 coniurationem
3239 3268 3541 3338 periculum
3571 3284 3836 3338 generare

2239 3378 2398 3430 posse
2428 3362 2694 3429 scientesg,
2748 3367 3120 3414 convenerunt
3149 3359 3309 3414 simul
3347 3374 3468 3412 cum
3502 3360 3831 3424 minoribus,

2237 3459 2292 3503 et
2347 3449 2496 3518 prius
2563 3448 3030 3503 exhortationibus
3077 3458 3130 3503 et
3179 3447 3417 3502 consiliis
3469 3448 3574 3503 huc
3646 3465 3834 3504 recens

2239 3540 2442 3593 malum
2471 3541 2752 3594 destruere
2790 3539 3146 3594 conabantur.
3193 3539 3324 3593 Ctnn
3375 3539 3477 3592 hoc
3503 3555 3613 3594 non
3645 3557 3836 3610 proce-

2237 3633 2409 3697 deret,
2471 3632 2753 3687 tentabant
2799 3633 2939 3687 bello
2979 3647 3253 3701 superare,
3303 3631 3396 3685 sed
3432 3631 3570 3685 inito
3628 3633 3832 3702 prmlia,

2239 3726 2530 3789 minorum,
2563 3724 2898 3779 incredibilis
2947 3723 3233 3777 multitudo
3287 3724 3400 3778 sola
3475 3725 3830 3794 impressione

2235 3823 2574 3869 catervarum
2599 3816 2746 3870 vicit.
2791 3815 2864 3870 lbi
2894 3815 3178 3885 episcopus
3208 3814 3452 3869 Astensis
3477 3816 3699 3886 indigna
3727 3829 3833 3871 sta-

2238 3908 2383 3962 tione
2436 3908 2614 3976 periit,
2663 3909 2844 3962 czeteri
2896 3906 3172 3977 fugerunt,
3224 3916 3279 3961 et
3327 3907 3562 3962 nimium
3616 3909 3826 3964 confusi

2235 3999 2518 4053 adventum
2549 3997 2891 4067 imperatoris
2910 4012 3052 4067 aegre
3076 3998 3488 4067 exspectabant.

2233 4122 2373 4170 QUOD
2396 4124 2497 4163 nsx
2523 4123 2803 4164 HEIanCUS
2825 4123 3006 4162 FILIAM
3027 4123 3348 4162 CUNITTONIS
3381 4107 3495 4180 [αι.
3523 4109 3825 4182 ςιιωεοκιε]

2687 4195 2741 4233 IN
2777 4193 3066 4234 CONJUGIUM
3107 4193 3365 4233 DUXERIT.

2303 4272 2460 4326 Anno
2486 4271 2697 4326 Domini
2723 4270 2882 4333 1056,
2906 4269 3191 4324 IIeinricus
3222 4284 3315 4322 rex
3352 4267 3497 4323 filius
3525 4270 3821 4338 imperato-

2232 4363 2326 4427 ris,
2361 4362 2665 4418 Cunittonis
2690 4363 2830 4432 regis
2851 4359 3144 4430 Anglorum
3173 4358 3339 4412 filiam
3368 4359 3589 4413 nomine
3607 4359 3822 4414 Chune-

558 4454 775 4507 lluvium
801 4457 966 4511 venit.
998 4456 1104 4511 Sed
1148 4474 1270 4512 cum
1319 4461 1510 4532 pagani
1544 4463 1827 4517 transitum
1875 4465 2128 4532 prohibe-

2239 4455 2432 4509 lindctn
2459 4469 2558 4524 pro
2590 4453 2771 4524 regina
2803 4460 3199 4515 consecratam,
3233 4449 3505 4520 regalibus
3535 4452 3746 4520 nuptiis
3775 4452 3826 4503 in

559 4554 699 4613 rent,
725 4545 1014 4615 imperatur
1033 4565 1126 4617 per
1151 4550 1294 4604 aliud
1318 4554 1510 4606 vadum
1542 4551 1704 4616 ﬂuvii,
1737 4562 1946 4622 partem
1974 4571 2128 4609 excr-

556 4635 698 4690 citus
753 4635 980 4690 latenter
1023 4640 1360 4695 transmisit:
1399 4651 1454 4696 et
1501 4642 1572 4695 ita
1625 4643 1822 4712 fugatis
1860 4645 2125 4710 hostibus,

555 4727 670 4796 ipse
697 4741 792 4798 per
817 4727 985 4796 ripam
1011 4727 1230 4782 liberam
1257 4731 1526 4800 regionem
1546 4733 1870 4802 ingrediens,
1904 4735 2131 4788 inmwn-

554 4817 630 4873 sis
654 4818 1115 4874 devastationibus
1139 4828 1192 4874 et
1221 4820 1480 4876 incendiis
1521 4824 1736 4893 ubique,
1778 4826 1876 4880 nisi
1914 4827 1965 4880 in
1997 4827 2127 4882 locis

554 4911 1059 4983 inexpugnabilibus
1103 4913 1183 4968 sic
1234 4913 1539 4969 luttniliavit
1590 4931 1724 4982 eos,
1794 4929 1849 4973 ut.
1901 4935 2124 4975 censum

551 5001 868 5072 abantiquis
884 5004 1297 5074 imperatoribus
1319 5007 1674 5076 propositum,
1697 5018 1748 5062 et
1769 5010 1881 5079 jam
1907 5019 2124 5064 auctum

552 5092 878 5147 Chuonrado
916 5094 1223 5163 imperatori
1257 5107 1443 5166 postea
1478 5099 1864 5168 persolverent.
1903 5100 2124 5154 Multum

551 5183 696 5236 enim
719 5183 1342 5242 laboravitChuouradns
1363 5188 1656 5256 imperator
1678 5191 1846 5257 prius,
1869 5198 1922 5242 et
1943 5198 2051 5242 tum
2072 5191 2124 5244 in

553 5280 710 5318 gente.
723 5272 1064 5318 Selavnrnms
1100 5278 1238 5318 nnlln
1263 5279 1478 5318 nnialmn
1507 5279 1573 5318 ιΙιι
1599 5279 1796 5318 nnclric
1857 5280 2122 5318 nilnililnm

2235 4550 2544 4618 conjuginm
2593 4549 2768 4603 duxit.
2823 4546 3023 4601 Eodem
3081 4559 3261 4608 anno,
3325 4552 3383 4596 ιιι
3434 4543 3644 4598 dictum
3704 4551 3826 4608 est,

2235 4643 2527 4710 imperator
2546 4640 2904 4696 Chuonradus
2921 4655 3042 4694 enm
3068 4638 3177 4691 lilio
3201 4637 3454 4691 lleinrico
3471 4652 3598 4707 rege
3616 4637 3826 4691 Italiam

2234 4733 2453 4787 intravit
2479 4747 2598 4787 cum
2631 4731 2893 4794 exercitu,
2925 4739 2980 4784 et
3007 4729 3298 4784 celebravit
3331 4726 3575 4782 Natalem
3612 4728 3824 4781 Domini

2233 4825 2477 4886 Veronte,
2511 4837 2650 4875 anno
2679 4821 2967 4875 Dominicae
2993 4819 3378 4874 incarnationis
3407 4819 3566 4872 1057.
3603 4819 3735 4874 Inde
3761 4820 3825 4872 ad

2232 4917 2591 4972 Mediolanum
2649 4913 2872 4969 veniens
2931 4911 3000 4965 ab
3061 4911 3347 4966 Heriberto
3413 4911 3826 4980 archiepiscopo

2235 5006 2521 5078 magnifice
2545 5015 2794 5075 receptus
2812 5013 2896 5060 est
2919 5003 2969 5058 in
2993 5001 3218 5056 ecclesia
3243 5001 3414 5055 sancti
3442 5001 3739 5055 Ambrosii.
3769 5002 3823 5054 In

2233 5101 2350 5168 ipso
2363 5097 2449 5152 die
2463 5097 2761 5167 (nescimus
2781 5092 3198 5176 cujusconsilio)
3214 5107 3348 5160 pene
3363 5092 3544 5161 gravis
3560 5093 3824 5146 tumultus

2233 5189 2408 5245 factus
2429 5197 2513 5242 est
2550 5186 2729 5256 populi
2759 5185 3190 5247 Mediulauensis,
3221 5182 3517 5252 quaat'entis
3543 5184 3615 5234 ab
3653 5183 3822 5250 impe-

2236 5287 2416 5318 -ειιιιιιρ
2489 5278 2532 5318 εἰ
2562 5277 2720 5318 vallat
2773 5277 2953 5318 favore
2999 5272 3360 5318 coniurationi
3397 5285 3609 5318 eorum-
3667 5271 3818 5318 Iimle
