4024 5370
235 218 368 276 12ιὸ

1471 230 1629 286 \‘ITA
1669 230 1971 288 comam
2011 197 2241 290 sititet.

3351 229 3490 286 1243

232 350 448 408 scopum
504 335 954 398 lediolanensetn
993 357 1091 414 pro
1131 344 1317 403 multis
1366 347 1565 414 causis,
1611 349 1807 418 quibus
1834 355 1881 414 Α
1911 351 2226 420 episcopum
2285 346 2629 404 Ileribertum
2696 359 2870 416 usque
2925 343 3130 400 obitum
3191 342 3309 414 ejus
3365 362 3488 403 cum

231 444 324 484 eos
347 426 659 484 offenderat.
688 429 986 500 Imperator
1009 450 1138 492 vero
1157 447 1348 493 vocato
1374 440 1803 511 archiepiscopo,

231 518 480 588 praeepit
505 527 564 572 ut
590 520 931 578 satisfaceret
953 526 1225 582 omnibus.
1253 527 1406 596 Quod
1437 530 1564 584 dum
1597 532 1807 586 archie-

230 607 481 678 piscopus
528 611 815 680 renueretf,
855 615 1025 668 sensit
1073 616 1369 686 imperator
1407 635 1622 674 omnem
1662 623 1805 675 illam

231 695 651 764 conjurationem
691 699 858 756 Italia:
907 703 1076 773 ipsius
1123 707 1349 762 consilio
1404 708 1604 764 factam
1665 728 1803 776 esse,

227 797 281 842 et
310 803 433 842 mox
477 791 870 860 comprehenso
912 795 1004 850 illo
1052 798 1275 854 retinuit
1310 801 1363 854 in
1394 818 1490 856 sua
1521 813 1804 872 potestate.

229 880 428 936 Deinde
476 884 879 940 commendavit
927 902 1051 942 eum
1115 890 1170 944 in
1227 895 1531 948 custodiam
1607 895 1807 964 Poponi

227 972 552 1042 patriarcha:
611 975 979 1044 Aquileiensi,
1031 989 1088 1035 et
1128 981 1377 1039 Chunoni
1430 987 1550 1041 duci
1601 987 1807 1042 Caren-

228 1055 500 1128 tanoruln,
547 1064 640 1134 qui
690 1064 760 1121 ab
791 1067 872 1122 eis
895 1069 1090 1127 ductus
1147 1081 1232 1128 est
1279 1091 1400 1130 cum
1461 1077 1809 1147 imperatorio

225 1170 391 1224 usque
422 1155 790 1213 Placentinam
823 1160 1117 1218 civitatem.
1145 1166 1388 1233 Quadam
1409 1181 1565 1224 nocte
1590 1171 1807 1239 quidam

225 1246 288 1302 de
309 1245 667 1304 familiaribus
681 1250 1070 1324 archiepiscopi
1087 1257 1464 1326 collocavitse,
1480 1260 1598 1316 vice
1618 1261 1807 1330 ipsius,

226 1333 280 1388 in
327 1333 472 1390 lecto
522 1351 622 1407 quc
677 1338 794 1406 ipse
837 1339 1022 1408 jacere
1075 1344 1317 1412 solebat,
1371 1355 1426 1403 et
1481 1349 1808 1419 superducto

221 1430 560 1496 cooperlario
585 1427 760 1495 latuit,
809 1441 867 1487 ut
895 1434 968 1488 ita
986 1435 1198 1492 falleret
1227 1439 1500 1495 custodes.
1532 1440 1808 1511 Arcbiepi-

220 1531 416 1586 scopus
437 1519 670 1574 adducto
698 1520 803 1576 sibi
832 1537 973 1592 equo
1006 1540 1037 1580 a
1064 1528 1297 1596 quodam
1324 1529 1477 1601 fugit,
1507 1541 1562 1586 et
1589 1532 1809 1587 veniens

217 1607 604 1676 Mediolanum,
642 1626 674 1664 a
707 1613 822 1668 suis
865 1629 986 1670 cum
1037 1632 1235 1688 magno
1291 1622 1487 1690 gaudio
1526 1632 1810 1692 susceptus

221 1710 321 1756 est.
367 1702 578 1759 Deinde
608 1705 868 1775 quidquid
897 1716 1112 1777 poterat
1135 1711 1311 1766 moliri
1344 1726 1533 1768 contra
1576 1715 1808 1783 impera-

224 1802 416 1861 torem,
453 1811 560 1850 non
601 1799 968 1868 pmtermisit.
997 1800 1296 1873 Imperator
1322 1822 1548 1877 quaeque
1591 1809 1808 1864 castella

224 1884 321 1941 sibi
379 1887 613 1942 adversa
673 1888 971 1957 destruxit,
1029 1900 1084 1948 et
1140 1895 1354 1965 iniquas
1410 1895 1810 1966 conjurationes

224 1978 402 2044 Italiae,
445 1979 591 2049 justa
651 1980 772 2042 lege
827 1984 1070 2049 reducta,
1121 1986 1440 2055 exiuanivit,
1487 1998 1541 2044 et
1588 1991 1811 2046 veniens

225 2067 532 2123 Ravennam
586 2077 835 2124 sanctum
891 2070 1098 2127 Pascha
1154 2074 1226 2129 ibi
1256 2077 1564 2132 celebravit.
1611 2079 1808 2133 Eodem

225 2173 361 2214 anno
412 2159 468 2213 in
517 2159 670 2214 Italia
707 2169 816 2216 tres
855 2162 1093 2235 episc0pi
1159 2164 1544 2233 Vercellensis,
1591 2169 1811 2224 Cremo—

224 2252 442 2315 nensis,
511 2251 858 2309 Placentinus
919 2257 1061 2324 apud
1122 2257 1505 2328 imperatorem
1565 2261 1809 2316 accusati

223 2351 374 2407 sunt;
406 2359 544 2412 quos
571 2344 868 2412 imperator
913 2351 1334 2418 comprehensos
1360 2351 1599 2407 exsulari
1661 2353 1808 2408 fecit.

223 2431 348 2499 Quae
379 2449 468 2489 res
514 2433 790 2504 displicuit
839 2437 1047 2504 multis,
1099 2442 1409 2497 sacerdotes
1461 2442 1660 2498 Christi
1695 2445 1811 2498 sine

217 2526 413 2605 judicio
468 2526 731 2582 damnari.
780 2527 1113 2588 Referebant
1162 2535 1320 2591 nobis
1371 2537 1590 2606 quidam
1641 2537 1812 2607 piissi-

223 2630 364 2670 tuum
394 2625 639 2671 nostrum
668 2617 977 2676 Heinricum
1003 2638 1207 2692 regem,
1240 2625 1405 2681 lilium
1440 2627 1808 2697 imperatoris,

219 2703 364 2764 salva
407 2708 710 2764 reverentia
739 2711 924 2778 patris,
957 2711 1097 2766 clam
1141 2712 1396 2772 detestari
1444 2719 1813 2788 praesumptio-

223 2811 339 2851 nem
390 2796 622 2854 Caesaris
682 2799 734 2854 in
786 2803 1255 2874 archiepiscopum
1310 2805 1808 2875 Mediolanensem,

223 2897 382 2958 atque
437 2891 490 2944 in
543 2891 677 2946 istos
732 2901 842 2948 tres
885 2911 898 2947 :
953 2905 1009 2950 et
1057 2897 1273 2962 merito,
1319 2899 1448 2969 quia
1498 2899 1641 2954 sicut
1692 2911 1811 2969 post

218 2979 528 3052 judicialem
590 2983 912 3037 sententiam
976 2984 1331 3054 depositionis
1393 2987 1574 3042 nullus
1639 2989 1811 3042 honor

1910 446 2116 500 honore
2141 444 2496 506 retinuerunt,
2536 439 2629 495 sed
2665 448 2844 494 tamen
2884 452 3005 492 cum
3046 437 3219 507 gratia
3251 437 3490 495 IIeinrici

1909 536 2072 606 regis,
2105 535 2198 588 filii
2229 533 2592 603 imperatoris,
2623 530 2765 600 quod
2807 529 3018 599 plenius
3056 529 3108 581 in
3131 529 3299 598 gestis
3329 531 3488 600 regis,

1907 625 1952 680 si
2005 625 2146 679 Deus
2182 623 2431 685 voluerit,
2464 635 2749 689 exsequar.
2801 619 2999 674 Eodem
3058 628 3299 688 tempore
3353 634 3492 688 papa

1907 715 2188 769 Cremona:
2215 712 2536 767 occurrebat
2567 711 2899 780 imperatori,
2955 717 3010 764 et
3060 709 3357 763 honorifice
3410 726 3492 763 re-

1907 814 2116 875 ceptus,
2145 813 2199 858 et
2229 803 2500 865 dimissus,
2537 801 2760 853 Romam
2790 814 3038 853 reversus
3065 809 3166 852 est.
3201 798 3494 868 Imperator

1909 896 2154 964 disperso
2175 893 2418 948 exercitu
2441 907 2536 962 per
2552 891 2820 960 regiones,
2847 891 2958 960 ipse
2981 891 3046 944 ad
3072 900 3354 944 montuosa
3374 891 3492 945 loca

1908 985 2152 1047 secessit,
2208 992 2428 1052 propter
2481 981 2846 1052 refrigerium,
2904 981 3160 1051 quoniam
3202 996 3266 1036 ea
3307 990 3493 1036 testate

1909 1091 2134 1146 magnus
2159 1075 2308 1129 calor
2333 1074 2670 1128 imminebat.

2084 1180 2150 1218 DE
2188 1180 2469 1219 SEDITIONES
2507 1181 2625 1228 QUJE
2666 1180 2834 1218 FACTA
2869 1180 2967 1219 EST
3010 1180 3060 1218 IN
3099 1179 3294 1219 PARIA.

1980 1256 2178 1311 Eodem
2217 1271 2361 1311 anno
2410 1255 2639 1309 hiberno
2685 1265 2927 1324 tempore
2974 1255 3200 1310 collecto
3227 1257 3489 1322 exercitu,

1910 1346 2204 1417 imperator
2257 1346 2650 1402 transcendens
2698 1345 2902 1399 Padum
2951 1348 3017 1399 ad
3065 1345 3314 1400 Parmam
3362 1348 3493 1402 civi-

1913 1445 2074 1491 tatem
2105 1439 2278 1496 venit;
2312 1437 2383 1490 ibi
2415 1436 2657 1490 Natalem
2706 1437 2916 1490 Domini
2961 1437 3270 1503 celebravit,
3303 1439 3493 1494 incho-

1909 1538 2037 1583 ante
2067 1544 2212 1583 anno
2245 1527 2538 1582 Dominica;
2561 1527 2950 1583 incarnationis
2984 1529 3136 1583 1058.
3172 1529 3226 1582 In
3262 1530 3376 1599 ipsa
3409 1531 3496 1584 die

1911 1619 2222 1676 Nativitatis
2263 1619 2473 1674 Domini
2526 1619 2665 1674 inter
2698 1618 3022 1674 Teutonicos
3073 1631 3130 1674 et
3173 1622 3318 1676 cives
3368 1621 3498 1676 Par-

1841 1711 1878 1768 B
1913 1725 2128 1766 menses
2183 1725 2373 1780 magna
2432 1711 2627 1766 seditio
2674 1720 2792 1766 orta
2843 1721 2944 1776 est,
2989 1720 3042 1766 et
3095 1713 3312 1781 quidam
3362 1714 3496 1769 bene

1910 1801 2094 1855 valens
2115 1801 2472 1856 Chuonradus
2498 1801 2727 1856 infertor
2745 1801 2988 1856 ciborum
3015 1803 3357 1871 imperatoris
3371 1821 3496 1858 eum

1908 1889 2028 1944 aliis
2055 1890 2372 1963 interfectus
2409 1899 2510 1945 est.
2563 1890 2715 1945 Unde
2743 1902 3047 1944 commotus
3081 1895 3355 1947 exercitus
3385 1893 3498 1963 gla-

1909 1982 2014 2036 diis
2060 1991 2116 2036 et
2166 1981 2287 2052 igne
2339 1981 2488 2036 cives
2546 1984 2876 2054 aggreditur,
2928 1993 2983 2038 et
3035 1985 3331 2054 imperator
3376 1996 3498 2056 post

1910 2071 2220 2126 incendium
2267 2086 2521 2140 magnam
2565 2082 2774 2142 partem
2819 2089 3094 2127 murorum
3133 2075 3334 2129 destrui
3369 2092 3499 2144 prte-

1909 2161 2072 2230 cepit,
2120 2169 2181 2214 ut
2219 2176 2406 2216 eorum
2441 2165 2912 2231 prtcsumptionem
2941 2180 3044 2218 non
3075 2165 3238 2221 fuisse
3271 2166 3494 2222 inultam

1912 2254 2027 2307 haec
2057 2252 2212 2306 ruina
2244 2251 2367 2306 aliis
2407 2252 2719 2309 civitatibus
2763 2255 3044 2309 indicaret.
3093 2257 3292 2313 Deinde
3325 2259 3495 2329 impe-

1910 2353 2060 2397 rator
2086 2344 2471 2399 transcendens
2498 2344 2838 2415 Apenninum
2883 2357 3142 2412 tuentem,
3165 2351 3218 2402 in
3246 2349 3496 2420 Apuliam

1913 2433 2182 2488 tendebat.
2248 2435 2566 2505 lmperatrix
2599 2452 2727 2491 vero
2764 2436 3013 2502 Romam,
3062 2440 3250 2494 orandi
3299 2444 3493 2512 gratia,

1913 2525 2078 2590 venit,
2137 2524 2261 2578 inde
2307 2527 2374 2579 ad
2417 2525 2795 2594 imperatorem
2831 2530 3143 2583 revertitur.
3198 2532 3498 2601 Imperator

1911 2615 1979 2669 ad
2026 2616 2284 2670 terminos
2330 2616 2542 2686 imperii
2571 2617 2651 2671 sui
2679 2619 3017 2686 perveniens,
3049 2618 3284 2683 Troiam,
3322 2622 3498 2678 Bene-

1910 2714 2236 2771 ventanum,
2290 2715 2345 2760 et
2391 2706 2648 2776 Capuam,
2700 2707 2940 2776 aliasque
2982 2709 3228 2765 civitates
3267 2710 3497 2780 Apubia,

1911 2795 2027 2868 lege
2056 2805 2112 2851 et
2144 2795 2356 2864 justitia
2394 2797 2678 2863 stabilivit;
2733 2799 3115 2865 dissentiones,
3165 2817 3286 2871 qua:
3343 2813 3499 2858 erant

1912 2889 2052 2941 inter
2097 2885 2459 2942 Nortmannos
2507 2895 2800 2942 extraneos
2847 2897 2904 2944 et
2959 2889 3244 2960 indigenas
3275 2931 3292 2958 ,
3377 2892 3494 2946 sola

1905 2979 2150 3048 jussione
2177 2979 2424 3035 sedavit:
2466 2988 2521 3034 et
2550 2979 2759 3034 cunctis
2785 2979 3175 3037 offensionibus
3219 2985 3284 3038 de
3330 2998 3497 3054 regno

223 3072 559 3128 exhibendas
590 3082 694 3136 ρει,
724 3074 801 3128 sic
823 3075 1236 3145 anlejudicium
1268 3091 1459 3149 magna
1503 3081 1800 3134 reverentia
1835 3062 1876 3120 (Ζ
1909 3071 2154 3135 sublatis,
2189 3070 2421 3126 ΐυιὶρίιρι·
2459 3087 2726 3136 τριέτειιδ,
2775 3071 3033 3128 νὶυιιιιειιῐι
3063 3074 3232 3128 νεῐιίι.

223 3162 591 3216 sacerdotibus
633 3164 876 3217 debetur.
911 3164 1115 3219 Eodem
1162 3182 1306 3222 anno
1334 3167 1587 3236 prarfatus
1622 3185 1804 3224 comes

225 3248 335 3304 Odo
359 3251 426 3306 de
456 3251 684 3306 Francia
723 3253 776 3307 iu
820 3269 986 3322 regno
1032 3251 1378 3324 imperatoris
1413 3259 1656 3328 quaedam
1685 3260 1801 3315 loca

225 3338 480 3396 invadens
527 3358 556 3396 a
605 3341 876 3398 Gozelone
923 3345 1060 3400 duce
1106 3345 1560 3418 Lotharingorum
1600 3359 1654 3404 ct
1695 3351 1804 3405 lilio

221 3448 318 3488 suo
345 3433 658 3501 Godefrido,
691 3436 1044 3501 etGerhardo
1072 3442 1272 3494 comite
1317 3452 1482 3510 atque
1529 3459 1559 3495 a
1613 3443 1800 3497 militia

225 3527 464 3598 episcopi
543 3528 830 3596 Metensis,
893 3547 1070 3602 pugna
1135 3534 1424 3588 commissa
1488 3551 1612 3600 eum
1678 3535 1798 3599 illo,

223 3614 473 3684 fugiendo
502 3621 817 3677 interfectus
854 3632 956 3686 est,
991 3632 1046 3678 et
1074 3624 1329 3678 vexillum
1359 3624 1479 3693 ejus
1506 3625 1708 3680 Ctesari
1747 3627 1799 3680 in

223 3706 423 3765 Italiam
448 3711 692 3778 allatmn,
721 3713 1339 3783 hosteminteremptum
1369 3717 1692 3770 testabatur.
1726 3717 1801 3770 Eo

227 3804 464 3868 tempore
503 3803 799 3872 imperator
838 3803 1263 3860 Mediolauenses
1303 3805 1525 3860 nimium
1567 3805 1797 3862 afﬂixit:

225 3895 276 3938 ct
313 3891 568 3956 quoniam
603 3893 791 3947 urbem
838 3894 1060 3962 antiquo
1095 3909 1258 3964 opere
1287 3904 1342 3950 et
1390 3895 1622 3950 maxima
1665 3896 1803 3948 mulo

227 3975 447 4036 ti‘udine
479 3983 760 4044 munitam,
792 3997 984 4052 capue
1014 3999 1118 4038 non
1154 3993 1386 4053 poterat,
1431 3987 1572 4055 quod
1613 3986 1663 4040 in
1693 3987 1800 4040 cir-

225 4067 364 4120 cuitu
386 4069 577 4135 fuerat,
605 4071 725 4142 igne
749 4082 801 4127 et
828 4071 1005 4142 gladio
1027 4075 1382 4144 consumpsit.

292 4172 356 4212 DE
397 4177 662 4219 IIRLCUI.0
697 4181 835 4227 QUOD
875 4182 1085 4222 ACCIDI'I'
1125 4183 1174 4221 IN
1216 4184 1303 4223 DIE
1339 4184 1726 4228 I‘ENTECOSTES.

291 4246 486 4304 Eodem
517 4261 756 4322 tempore
783 4269 903 4309 cum
935 4256 1231 4324 imperator
1255 4260 1522 4326 quoddam
1558 4270 1796 4314 castrum

225 4339 390 4392 sancti
434 4340 725 4406 Ambrosii,
773 4345 912 4412 quod
940 4345 1220 4401 Curbitum
1266 4349 1481 4414 dicitur,
1506 4349 1657 4418 juxta
1691 4351 1797 4405 Me-

227 4423 488 4484 diolanum
539 4407 838 4498 obsideret,
897 4436 1094 4489 accidit
1153 4438 1223 4490 ibi
1275 4439 1418 4508 quod
1468 4407 1652 4508 plures
1705 4407 1854 4512 prol

226 4513 476 4574 miraculo
499 4522 820 4577 habuerunt.
839 4523 894 4577 In
921 4524 1196 4582 Dominica
1220 4538 1403 4582 sancta
1428 4530 1798 4599 Pentecostes,

225 4619 346 4664 ante
376 4612 559 4670 horam
589 4618 822 4683 tertiam,
853 4617 917 4671 de
949 4634 1137 4688 magna
1165 4622 1458 4676 serenitate
1484 4625 1603 4678 coeli
1623 4626 1801 4680 subito

227 4693 440 4757 fulmina
470 4721 590 4760 cum
632 4709 883 4762 tonitruis
926 4723 1220 4779 eruperunt
1255 4721 1418 4767 tantae
1450 4714 1795 4780 fortitudinis,

228 4795 285 4840 ut
340 4794 499 4850 multa
549 4813 676 4868 pars
728 4800 1004 4855 hominum
1056 4813 1109 4855 et
1169 4819 1432 4872 equorum
1487 4809 1687 4876 periret
1744 4810 1795 4862 in

227 4880 451 4937 castris:
498 4887 713 4955 quidam
768 4905 877 4957 pra:
931 4898 1081 4944 tanto
1149 4903 1353 4947 terrore
1406 4894 1457 4947 in
1515 4911 1794 4950 excessmn

229 4969 416 5024 mentis
443 4984 726 5041 venerunt,
758 4977 829 5030 ita
865 4987 921 5029 ut
944 4987 1063 5044 post
1089 4980 1294 5048 aliquot
1327 4994 1540 5037 menses
1573 4983 1657 5037 vix
1693 4983 1798 5038 illis

230 5063 410 5140 sensus
451 5067 690 5121 redierit.
722 5069 1009 5123 Venienles
1055 5082 1254 5131 autem,
1285 5073 1378 5140 qui
1414 5085 1572 5130 extra
1620 5085 1799 5130 castra

229 5135 450 5229 fuerant,
483 5169 578 5208 ne:
606 5155 824 5222 vidisse,
877 5171 974 5210 nec
1006 5162 1220 5213 audisse
1262 5159 1469 5229 aliquid
1501 5166 1608 5220 tale
1657 5164 1802 5220 dice-

231 5226 369 5292 bant.
420 5241 496 5297 Eo
529 5255 762 5314 tempore
804 5248 1097 5314 imperator
1123 5226 1656 5322 archiepiscopatum
1686 5253 1803 5308 Me-

229 5321 579 5370 (ΙῘΙΙΙΩΙΙΩηιΔΜ
615 5339 892 5370 Αιιιιι-ηΛΩἶΛ
921 5337 1297 5370 ιίιιιίίηίηηηιιοί
1332 5348 1591 5370 Ληιιλ-.2--
1638 5347 1775 5370 ..-Αἷι

1903 3163 2094 3232 positis
2138 3163 2506 3217 obsidionibus
2553 3173 2607 3218 et
2649 3163 2859 3217 insidiis
2911 3164 3175 3220 adversus
3238 3165 3494 3222 Mediola-

1902 3273 2116 3320 nenses,
2154 3258 2245 3327 qui
2279 3258 2454 3312 adhuc
2484 3257 2584 3310 sibi
2633 3256 2858 3312 rebelles
2887 3256 3127 3322 fuerant,
3175 3259 3497 3330 czeterisque

1903 3351 2064 3404 rebus
2088 3350 2156 3403 ad
2186 3350 2514 3402 voluntatem
2553 3364 2706 3402 suam
2749 3364 2844 3418 per
2883 3365 3119 3420 regnum
3156 3351 3490 3420 compositis,

1903 3442 2130 3511 patriam
2189 3441 2426 3494 revisere
2495 3439 2754 3494 decrevit.
2833 3441 2911 3496 Eo
2984 3451 3226 3510 tempore
3274 3451 3496 3511 propter

1901 3534 2126 3588 nimium
2162 3533 2399 3587 calorem
2443 3532 2608 3585 nimia
2652 3532 2906 3602 contagio
2937 3532 3257 3602 pestilentiae
3286 3533 3496 3588 exerci-

1903 3635 2012 3679 tum
2081 3622 2340 3676 invasit:
2398 3636 2572 3690 neque
2637 3622 2935 3688 aetatibus,
3011 3638 3186 3691 neque
3247 3622 3493 3692 personis

1901 3716 2158 3784 pepercit.
2210 3716 2281 3769 Ibi
2331 3714 2513 3783 regina
2553 3713 2941 3778 Cliunelindis,
2993 3714 3187 3781 conqu
3245 3712 3490 3768 Heinrici

1901 3807 2062 3874 regis,
2084 3822 2148 3859 xv
2177 3803 2401 3858 Kalend.
2445 3803 2694 3872 Augusti,
2720 3804 2871 3872 quasi
2903 3804 2955 3857 in
2993 3802 3178 3857 limine
3222 3804 3360 3866 vitae,
3411 3803 3494 3856 iu-

1900 3909 2086 3962 gressu
2138 3895 2347 3957 mortis,
2411 3893 2706 3958 occubuit,
2759 3885 3066 3962 relinquens
3115 3893 3494 3949 tantummodo

1900 3987 2067 4041 solam
2101 3986 2318 4041 filiolam
2342 3986 2408 4040 de
2439 4001 2588 4055 rege,
2637 4000 2800 4055 quam
2844 3995 3029 4054 postea
3065 3994 3220 4054 pater
3264 3983 3487 4040 Christo

1898 4078 2230 4145 desponsaus
2282 4076 2336 4130 in
2382 4075 2712 4131 abbatissam
2753 4074 3062 4130 consecrari
3115 4073 3260 4128 fecit.
3321 4073 3491 4128 Filius

1901 4168 2268 4237 imperatricis
2297 4167 2638 4222 Ilermaunus
2667 4166 2773 4220 dux
2805 4167 3246 4228 Alemannorum,
3269 4165 3488 4232 juvenis

1899 4258 2055 4314 bona:
2103 4259 2322 4323 indolis,
2355 4265 2411 4312 et
2450 4257 2505 4310 in
2550 4257 2710 4310 rebus
2759 4255 2967 4310 bellicis
2993 4265 3264 4320 strenuus,
3297 4255 3486 4310 eadem

1906 4359 2056 4420 peste
2106 4359 2379 4420 gravatus,
2425 4349 2568 4404 inter
2609 4363 2802 4402 manus
2841 4348 3291 4418 peritissimorum
3321 4347 3490 4400 medi-

1909 4454 2095 4494 corum
2137 4455 2168 4491 v
2196 4437 2420 4492 Kalend.
2449 4437 2697 4507 Augusti,
2744 4451 2850 4490 non
2899 4436 3016 4490 sine
3058 4450 3250 4505 magno
3276 4434 3488 4504 imperii

1909 4529 2269 4596 detrimento,
2321 4528 2474 4583 obiit.
2517 4528 2714 4581 Eodem
2771 4542 2958 4582 mense
3002 4535 3164 4596 atque
3219 4528 3486 4594 sequenti,

1908 4621 2143 4676 maxima
2174 4619 2458 4675 multitudo
2479 4620 2771 4684 exercitus,
2797 4619 2986 4674 morbo
3008 4628 3277 4683 contacta,
3305 4620 3484 4686 periit.

1903 4712 2114 4783 Corpus
2161 4713 2362 4782 reginae
2412 4720 2654 4766 tenerum
2685 4719 2740 4764 et
2791 4708 3104 4772 delicatum,
3155 4709 3492 4762 aromatibus

1905 4806 2207 4867 conditum,
2230 4817 2352 4856 cum
2384 4817 2508 4870 rege
2547 4811 2602 4854 et
2633 4799 2976 4870 imperalrice
3005 4799 3223 4850 ductum
3260 4797 3326 4850 ad
3352 4797 3497 4852 Gen.

1911 4898 2192 4959 maniam,
2248 4895 2301 4948 in
2350 4893 2702 4964 praepositum
2757 4890 2997 4959 Lutburg
3060 4887 3331 4957 sepultum
3389 4901 3493 4947 est.

1911 4984 1986 5039 De
2006 4987 2144 5040 duce
2172 4990 2430 5040 statutum
2491 4981 2688 5040 fuerat,
2736 4986 2792 5030 ut
2844 4977 2896 5029 in
2945 4975 3320 5031 Constantiam
3366 4981 3496 5035 civi.

1910 5086 2075 5132 tatem
2126 5071 2455 5126 Alemannize
2500 5073 2811 5126 duceretur,
2851 5067 2951 5121 sed
2982 5066 3159 5122 calore
3191 5067 3362 5124 nimio
3407 5074 3500 5128 ob-

1909 5176 2085 5222 stante
2113 5163 2165 5216 in
2197 5160 2514 5215 Tridentino
2536 5157 2814 5226 sepelitur.

1912 5295 2050 5345 QUOD
2105 5288 2409 5328 IMPERATOR
2458 5288 2598 5327 FILIO
2647 5284 2745 5323 SUO
2791 5283 2916 5322 REGI
2969 5282 3314 5324 BURGUNDIAI
3368 5292 3505 5331 τιιΑ-

2622 5354 2770 5370 nihl-
