4024 5370
553 342 683 400 122⁸7
1776 332 2112 401 WIPPONIS

2235 343 2370 400 .ESB
2381 340 2581 400 YTERI
3678 338 3824 400 1248

530 458 836 514 medicinis
888 466 943 512 et
998 454 1223 513 consilto
1288 457 1616 513 reﬁciebat:
1679 466 1735 514 et
1787 458 1913 513 dum
1966 473 2126 514 omne
2157 469 2199 523 Α
2230 457 2448 512 nionem
2498 457 2567 513 ad
2629 464 2975 529 peccatorum
3030 456 3408 514 remissionem
3460 453 3825 516 devotissime

552 569 775 625 regnum
835 562 1127 608 seremtate
1178 554 1327 623 pacis
1382 551 1677 607 invenisset
1755 551 2082 607 illustratum
2110 593 2124 619 ,
2239 548 2535 616 accipiens,
2568 548 2900 619 imperatrici
2930 557 2984 603 et
3013 548 3122 605 tilio
3152 549 3262 620 regi
3301 546 3555 604 Heinrico
3584 563 3686 618 per
3712 548 3824 606 lida

551 644 796 714 ejusdem
836 644 983 699 omni
1026 652 1289 698 autumno
1328 642 1691 713 Burgundiam
1737 644 1893 708 adiit,
1916 651 1973 697 et
2006 659 2133 698 con-
2238 639 2438 692 monita
2492 638 2816 700 valedicens,
2849 654 2915 694 ex
2966 640 3069 695 hac
3113 638 3224 694 vita
3273 639 3524 708 migravit
3550 654 3605 692 xi
3635 636 3827 694 Nonas

546 733 756 789 vocatis
812 734 1023 789 cunctis
1068 734 1401 804 principibus
1448 734 1623 804 regni,
1673 734 1925 806 generale
1966 736 2135 790 collo-

2237 727 2403 793 Juuii,
2443 727 2573 783 feria
2621 745 2684 794 ll,
2716 729 3012 785 indictione
3049 744 3148 785 vn.
3197 728 3417 784 Viscera
3469 727 3826 799 imperatoris

551 822 737 891 quium
777 822 964 878 habuit
993 838 1117 878 eum
1145 824 1261 878 eis:
1292 831 1349 878 et
1374 824 1464 878 diu
1499 825 1780 879 desuetam
1806 833 1968 895 atque
1998 840 2134 895 pene
2234 819 2375 888 apud
2423 817 2732 888 Trajectum
2772 821 2989 875 condita
3020 827 3166 885 sunt,
3194 827 3250 874 et
3293 833 3389 873 rex
3420 816 3600 872 locum
3630 817 3825 888 sepul—

553 910 785 965 dcletam
819 912 990 980 legem
1018 921 1144 966 tunc
1171 913 1405 982 primum
1452 912 1823 982 Burgundiam
1851 914 2132 983 praelibare
2235 916 2369 963 tum”:
2393 910 2550 965 tionis
2599 920 2653 965 et
2698 911 2917 982 przcdiis
2955 910 3252 981 ampliavit.
3284 909 3574 981 Reliquum
3617 925 3825 980 corpus

554 999 780 1057 fecerat.
812 1001 1126 1057 Transactis
1150 1004 1322 1058 tribus
1353 1004 1564 1070 diebus,
1588 988 2129 1075 generalis'colloquii
2232 998 2301 1053 ab
2345 1000 2692 1070 imperatrice
2732 1010 2787 1058 el
2832 1001 2942 1057 ﬁlio
2973 1016 3133 1073 P638.
3165 1011 3224 1056 ιιι
3268 1010 3474 1071 Optime
3513 999 3824 1071 excogitari

548 1093 856 1163 quartedie,
892 1095 1214 1165 primatibus
1230 1096 1514 1167 regnicum
1534 1098 1785 1153 universo
1800 1097 2127 1168 populolau-
2231 1099 2468 1160 poterat,
2494 1091 2793 1147 introlutum
2819 1101 2875 1147 et
2895 1091 3232 1147 reconditum
3260 1106 3428 1160 usque
3457 1089 3821 1162 Agrippinam

545 1183 829 1247 dantibus,
880 1194 1043 1255 atque
1093 1187 1440 1257 rogantibus,
1496 1187 1792 1256 imperator
1852 1187 1964 1243 tilio
2029 1204 2129 1243 suo
2228 1181 2506 1238 Coloniam
2531 1193 2768 1250 vectum,
2800 1197 2896 1253 per
2916 1191 3111 1240 cuncta
3137 1183 3384 1238 etenohia
3408 1183 3552 1238 illius
3574 1182 3822 1239 Civitatis

546 1272 799 1330 Hcinrico
848 1276 958 1345 regi
1012 1290 1235 1347 regnum
1283 1276 1607 1346 Burgundia:
1658 1279 1921 1346 tradidit,
1969 1280 2129 1350 eique
2229 1280 2394 1343 atque
2438 1273 2730 1345 Moguntiae
2755 1290 2851 1331 seu
2885 1273 3234 1338 Wormatiae,
3273 1274 3390 1328 sive
3429 1272 3645 1327 illorum
3691 1287 3816 1342 qua:

546 1362 859 1420 ﬁdelitatem
900 1366 1078 1421 denuo
1103 1365 1291 1435 jurare
1329 1367 1477 1423 fecit.
1512 1366 1681 1434 Quem
1717 1368 1953 1439 episcopi
2002 1386 2125 1424 cum
2231 1366 2283 1420 in
2337 1366 2518 1421 medio
2550 1366 2788 1433 fuerant,
2820 1367 2969 1422 omni
3008 1364 3205 1437 populo
3246 1373 3508 1434 sequente
3535 1372 3593 1418 et
3619 1372 3821 1420 orante

545 1453 757 1508 caeteris
798 1454 1134 1523 principibus
1181 1456 1235 1510 in
1281 1455 1564 1512 ecclesiam
1619 1457 1794 1512 sancti
1840 1457 2123 1528 Stephani,
2226 1454 2613 1523 deportatum,
2662 1455 2969 1512 incredibili
3008 1454 3285 1519 oratione,
3333 1464 3390 1509 et
3429 1453 3643 1524 magnis
3691 1450 3818 1525 [al.,

544 1559 664 1614 quae
692 1561 790 1615 pro
813 1547 1014 1618 capella
1039 1550 1178 1618 regis
1209 1548 1459 1605 Soloduri
1494 1549 1742 1617 habetur;
1772 1551 2122 1617 deducentes,
2230 1545 2439 1619 multis]
2476 1546 2834 1619 eleemosynis
2859 1561 2958 1618 pro
2988 1544 3360 1615 redemptione
3391 1545 3591 1600 animae
3628 1544 3817 1612 factis,

544 1637 762 1710 hymnis
805 1648 861 1693 et
912 1640 1143 1694 canticis
1197 1640 1364 1695 Deum
1415 1640 1739 1707 laudabant,
1786 1640 1984 1710 populo
2012 1640 2123 1695 cla-
2228 1637 2501 1692 tricesima
2543 1647 2752 1704 octava,
2810 1653 2914 1709 qua
2959 1636 3320 1702 obdormivit,
3371 1633 3482 1701 die,
3539 1636 3598 1690 in
3651 1634 3815 1705 Spir:

438 1798 445 1805 η
538 1739 727 1785 mante
763 1740 816 1785 et
842 1729 1057 1786 dicente
1081 1731 1223 1800 quod
1256 1746 1358 1802 pax
1408 1746 1598 1801 pacem
1624 1739 1932 1802 generaret,
1956 1731 2001 1784 si
2028 1745 2119 1786 rex
2224 1728 2466 1801 civitate,
2499 1745 2658 1800 quam
2683 1730 2798 1799 ipse
2825 1730 3141 1799 imperator,
3184 1727 3325 1780 sicut
3358 1734 3413 1779 et
3440 1734 3629 1796 postea
3669 1725 3817 1781 filius

542 1831 666 1874 cum
696 1817 908 1874 Caesare
937 1832 1209 1890 regnaret.
1233 1820 1503 1876 Reversus
1533 1822 1828 1891 imperator
1852 1836 1946 1891 per
1972 1821 2124 1875 Basi-
2155 1825 2196 1883 Β
2226 1820 2452 1875 multum
2503 1822 2842 1886 subtimavit,
2867 1820 3165 1876 honorilice
3209 1818 3480 1890 sepultum
3528 1828 3634 1873 est.
3676 1817 3812 1873 Nam

539 1908 677 1964 leam
702 1910 1052 1980 descendens,
1075 1911 1364 1968 Franciam
1386 1913 1705 1969 orientalem
1728 1922 1784 1968 et
1803 1913 2119 1980 Saxoniam,
2223 1911 2455 1982 gratiam
2483 1910 2815 1967 Cbuonrado
2855 1909 3169 1981 imperatori
3209 1910 3353 1964 Deus
3384 1909 3639 1975 addidit,
3670 1910 3815 1980 quod

544 2008 707 2069 atque
735 2000 991 2066 Frisiam,
2221 2016 2329 2063 non
2363 2000 2616 2065 vidimus,
2649 2014 2827 2070 neque
2854 2000 3162 2056 audivimus
3185 2008 3362 2054 tantas
3392 1998 3815 2057 lamentationes

608 2090 803 2147 Pacem
830 2091 1117 2159 lirmamlo,
1148 2093 1320 2163 legem
1350 2094 1596 2151 faciendo
1627 2095 1834 2151 revisit.
2184 2134 2187 2135 ν
2222 2093 2625 2158 universorum,
2660 2101 2740 2146 tot
2765 2092 3062 2155 orationes,
3089 2089 3226 2145 tales
3253 2090 3631 2161 eleemosynas
3649 2091 3810 2145 alicui

997 2199 1063 2238 ne
1085 2199 1245 2242 OBITU
1269 2201 1648 2243 IIPEMTORIS.
2222 2187 2611 2257 imperatorum
2640 2199 2869 2255 corpore
2905 2182 3177 2255 insepulto
3204 2182 3379 2237 factas
3398 2223 3414 2249 ,
3439 2191 3495 2236 et
3532 2183 3676 2239 sicut
3697 2196 3814 2252 per-

607 2275 2118 2348 AnnoDominica:incarnationistti59,dumimperator
2220 2279 2463 2351 cepimus
2528 2278 2796 2334 referente
2851 2277 3108 2347 episcopo
3157 2275 3393 2331 Henrico
3448 2275 3808 2341 Lausanensi,

539 2363 1096 2436 Cbuonradusjamjin
1123 2366 1347 2423 liliosuo
1371 2383 1495 2439 rege
1520 2368 1776 2424 Heinrico
1807 2370 2116 2439 rcgnircm,
2219 2384 2342 2424 cum
2389 2368 2603 2424 caeteris
2651 2366 3158 2438 Burgundionibus,
3210 2364 3302 2435 qui
3350 2364 3502 2427 illum.
3550 2365 3620 2420 de
3659 2364 3808 2419 obitu

537 2452 749 2523 imperii
776 2463 956 2509 autem
985 2471 1136 2525 spem
1168 2455 1309 2513 bene
1340 2458 1569 2514 locatam
1596 2459 2118 2516 coullderet:cum-
2219 2477 2390 2531 usque
2444 2461 2777 2532 sepulturam
2826 2458 3096 2530 prosecuti
3146 2466 3295 2523 sunt,
3356 2457 3499 2512 filius
3550 2456 3806 2520 Cmsaris.

536 2556 644 2612 que
674 2559 811 2614 pene
835 2546 1013 2600 omnia
1045 2561 1141 2616 per
1164 2561 1388 2618 regnum
1418 2557 1484 2603 ad
1526 2548 1732 2604 libitum
1771 2567 1926 2605 suum
1967 2552 2121 2607 incli-
2219 2552 2504 2606 Ileiuricus
2533 2567 2623 2606 rex
2655 2550 2721 2605 ad
2748 2564 2937 2606 omnes
2967 2548 3220 2603 introitus
3240 2547 3620 2612 ecclesiarum,
3659 2556 3716 2601 et
3736 2546 3802 2601 ad

532 2644 661 2688 nata
707 2635 934 2702 videret,
965 2639 1081 2707 ipso
1123 2654 1266 2694 anno
1296 2640 1436 2694 diem
1484 2650 1734 2695 sanctum
1762 2642 2117 2699 Pcntecostes
2216 2650 2520 2696 extremum
2569 2641 2637 2696 ad
2684 2639 3020 2711 sepulturam
3086 2638 3343 2692 humeros
3395 2651 3525 2692 suos
3587 2635 3803 2705 corpori

532 2737 677 2795 apud
726 2724 1033 2797 Trajectum
1080 2730 1353 2785 civitatem
1402 2731 1588 2787 Frisize
1642 2733 1967 2799 celebravit,
2023 2736 2112 2790 ubi
2216 2732 2386 2801 patris
2416 2731 2552 2786 ultra
2583 2730 2802 2786 modum
2840 2728 3029 2784 humili
3061 2728 3348 2785 devotione
3383 2727 3716 2798 supposuit:
3748 2734 3805 2781 et

538 2827 660 2867 cum
705 2818 1130 2873 sacratissimam
1167 2821 1477 2876 venerando
1521 2822 1806 2893 magnifice
1848 2838 1970 2878 cum
2006 2823 2115 2879 lilio
2216 2838 2322 2877 non
2369 2821 2542 2877 solum
2589 2822 2733 2892 quod
2764 2820 2907 2876 filius
2959 2819 3095 2890 patri
3146 2818 3201 2873 in
3240 2818 3509 2873 charitate
3539 2815 3802 2887 perfecta,

530 2912 589 2959 et
635 2904 978 2976 imperatrice
1025 2920 1319 2966 coronatus
1378 2912 1699 2981 procederet
1740 2914 1807 2968 ad
1846 2929 2110 2979 mensam,
2214 2914 2312 2970 sed
2359 2913 2501 2983 quod
2550 2928 2744 2969 servus
2791 2911 3023 2968 Domino
3068 2910 3121 2965 in
3173 2910 3366 2965 timore
3402 2917 3599 2964 sancto
3621 2907 3802 2975 debet,

531 2994 794 3050 mediocri
829 2998 1013 3054 dolore
1041 3011 1325 3070 correptus
1353 3010 1468 3067 est;
1509 3013 1685 3057 tamen
1717 3020 1783 3059 ne
1814 3012 1977 3059 tanta:
2005 3004 2111 3059 diei
2217 3004 2319 3060 hoc
2344 3013 2516 3059 totum
2547 3018 2639 3058 rex
2665 3004 2805 3072 patri
2830 3000 3085 3057 defuncto
3106 3000 3503 3056 Studiosissime
3531 2998 3799 3054 exhibuit.

515 3084 777 3147 laetitiam
842 3092 1224 3159 perturbaret.
1276 3093 1516 3148 dolorem
1580 3095 1956 3151 dissimulavit.
2010 3096 2107 3152 Se-
2217 3095 2343 3150 llaec
2373 3093 2803 3164 deimperatoris
2830 3092 3139 3148 Chuonradi
3170 3091 3340 3162 gestis
3366 3091 3613 3145 breviter
3632 3091 3805 3159 serip-

532 3182 720 3248 quenti
749 3180 854 3246 die,
882 3196 1004 3235 cum
1053 3184 1271 3238 morbus
1320 3182 1534 3238 lethalis
1592 3186 1939 3241 vehementer
1985 3187 2117 3241 insi-
2143 3174 2187 3236 C
2222 3185 2424 3251 simus,
2455 3185 2525 3239 de
2580 3184 2807 3255 quibus,
2836 3184 2881 3240 si
2931 3183 3226 3253 quidquam
3281 3183 3548 3237 intactum
3576 3183 3801 3237 omnino

530 3280 725 3336 steret,
778 3273 1180 3344 imperatrieem
1230 3292 1353 3331 cum
1397 3276 1507 3331 lilio
1540 3293 1667 3348 rege
1711 3278 1777 3333 ad
1825 3279 2109 3348 prandium
2221 3277 2564 3343 dimisimus,
2630 3279 2732 3351 hoc
2785 3277 3085 3331 inauditum
3134 3289 3263 3351 esse
3317 3289 3349 3328 a
3399 3274 3561 3330 nobis
3613 3276 3801 3330 creda-

530 3366 682 3421 exire
705 3367 859 3436 jubet
879 3369 945 3423 de
971 3370 1239 3424 cubiculo.
1265 3370 1477 3425 Interea
1502 3347 1799 3441 in'tpcrator
1826 3347 1984 3426 linem
2008 3372 2109 3426 sibi
2218 3376 2323 3421 tur.
2367 3367 2424 3421 Si
2470 3376 2649 3421 autem
2695 3347 2901 3437 aliquid
2953 3348 3196 3421 strictius
3233 3379 3398 3435 quam
3450 3379 3637 3418 rerum
3688 3378 3800 3418 ma-

528 3457 817 3514 imminere
870 3461 1130 3527 sentiens,
1188 3464 1328 3516 sicut
1381 3463 1435 3516 in
1490 3462 1597 3516 vita
1650 3476 1846 3527 sanus,
1901 3462 1954 3516 in
1986 3471 2107 3516 actu
2215 3457 2438 3527 glliludo
2469 3473 2528 3512 se
2554 3460 2901 3521 extenderet.
2963 3456 3166 3511 (“Clum
3218 3465 3330 3520 θείς
3385 3455 3519 3509 mild
3581 3465 3799 3525 ριόριει·

533 3561 753 3617 semper
781 3560 1039 3605 COIlSlallS
1077 3560 1132 3606 et
1169 3565 1425 3607 strenuus
1473 3550 1603 3616 fuit,
1636 3553 1707 3606 ita
1757 3553 1810 3607 in
1849 3553 2108 3608 extremis
2213 3550 2648 3604 commoditatem
2706 3550 2935 3620 legentis
2982 3547 3181 3602 factum
3227 3563 3348 3603 esse
3393 3548 3668 3602 veraciter
3713 3558 3798 3601 at-

526 3638 664 3693 nihil
687 3643 956 3710 segnioris
981 3644 1103 3699 fidei
1134 3647 1432 3713 permansit
1458 3664 1471 3697 :
1504 3654 1557 3701 et
1581 3645 1787 3699 vocatis
1813 3644 2101 3714 episc0pEs,
2214 3638 2557 3693 testabimur.
2599 3639 2704 3693 Pro
2735 3654 2843 3709 quo
2871 3638 3087 3709 quidem
3117 3638 3185 3691 de
3227 3636 3433 3691 nostris
3463 3637 3794 3691 cantilenam

526 3745 725 3800 corpus
771 3743 827 3788 et
873 3738 1189 3807 sanguinem
1242 3738 1478 3804 Domini,
1523 3746 1577 3791 et
1610 3753 1829 3792 crucem
1860 3744 2104 3790 sanctam

2215 3730 2661 3785 lamentationum
2694 3731 2917 3795 fecerat,
2949 3745 3109 3800 quam
3141 3738 3326 3799 postea
3358 3728 3471 3783 tilio
3502 3744 3607 3783 suo
3635 3717 3792 3783 Hein-

524 3835 646 3875 cum
693 3823 933 3894 reliquiis
986 3835 1294 3882 sanctorum
1351 3827 1623 3898 apportari
1654 3827 1966 3890 fecerat;et
1996 3825 2104 3878 eri-
2214 3823 2327 3875 rico
2375 3824 2488 3893 regi
2536 3826 2587 3877 in
2640 3824 2959 3879 Constantia
2990 3823 3211 3877 civitate
3238 3822 3615 3891 prazsentavit,
3661 3836 3793 3890 quas

526 3926 660 3981 gens
709 3928 768 3968 se
814 3931 935 3969 cum
969 3916 1224 3988 lat-rymis
1262 3919 1414 3973 valde
1442 3917 1775 3980 ali‘ectnosis,
1808 3916 1860 3969 in
1892 3914 2106 3968 confes—
2213 3911 2624 3968 lamentationes
2679 3914 2788 3979 hic,
2846 3912 3101 3981 quoniam
3146 3912 3388 3982 ejusdem
3445 3913 3633 3980 operis
3670 3920 3792 3966 sunt

522 3999 675 4056 sione
705 4019 836 4073 pura
868 4013 923 4060 et
950 4007 1197 4062 oratione
1235 4007 1441 4062 intenta
1466 4049 1481 4073 ,
1513 4016 1822 4063 sanctorum
1861 4020 2105 4060 commu-
2210 4001 2472 4071 inserere,
2506 4021 2609 4061 non
2640 4006 2992 4076 incongruum
3027 4005 3336 4074 putavimus

989 4311 1349 4411 VERSUS
1420 4312 1611 4410 PRO
1686 4312 1977 4412 OBITU
2041 4313 2468 4412 CONRADI
2544 4313 3242 4416 lMPEBATORIS.
3340 4234 3351 4239 D

732 4511 782 4565 1.
816 4511 918 4577 Qui
954 4527 1138 4566 vocem
1166 4514 1332 4567 habet
1357 4529 1630 4578 serenam,
2123 4517 2174 4578 D
2479 4516 2545 4571 Et
2572 4518 2753 4574 Cmsar
2780 4527 2944 4588 caput
2971 4518 3181 4586 mundi,
3220 4564 3225 4569 .

800 4601 948 4655 llanc
984 4602 1219 4670 proferat
1244 4605 1601 4671 cantilenam,
2230 4642 2241 4657 ο
2479 4609 2546 4664 Ει
2575 4624 2698 4664 cum
2726 4610 2815 4663 illo
2840 4609 3021 4679 plures
3046 4611 3242 4665 summi
3270 4626 3289 4675 ς

805 4692 882 4745 De
913 4707 1053 4745 anno
1080 4692 1413 4748 lamentabili
2483 4698 2748 4755 Occubuit
2777 4700 3069 4770 imperator

796 4782 864 4836 Et
898 4781 1094 4837 damno
1120 4783 1275 4836 ineﬂ'a
1285 4784 1372 4837 bili
1938 4817 1943 4828 ι
2480 4788 2838 4846 Chuonradus
2860 4789 2995 4861 legis
3031 4800 3264 4847 amator.

794 4873 969 4943 Luget
995 4874 1173 4929 omnis
1198 4874 1358 4929 homo
1383 4914 1398 4936 ,
1924 4948 1929 4954 ⁸
2481 4880 2599 4937 Rex
2634 4882 2793 4948 Deus,
2825 4884 2974 4939 vivos
3003 4895 3174 4948 tuere,

791 4965 1117 5022 Forinsecus
1178 4975 1232 5022 et
1262 4966 1316 5021 in
1345 4966 1503 5021 domo
2480 4973 2549 5028 Et
2575 4971 2848 5029 delunctis
2876 4975 3155 5029 miserere.

792 5054 1041 5124 Suspirat
1067 5055 1295 5126 populus
1328 5056 1634 5125 Dominum,

2407 5082 2461 5137 3.
2503 5084 2703 5139 Eodem
2733 5083 2847 5138 fere
2876 5084 2973 5157 [αι.
2999 5084 3152 5159 vero]
3182 5096 3427 5159 tempore

791 5142 1076 5214 Vigilando
1104 5163 1202 5216 per
1238 5163 1517 5213 somnum,

1507 5189 1517 5212 ν
2478 5174 2720 5228 Occasus
2751 5173 2854 5228 fuit
2877 5142 3067 5244 gloria:
3080 5215 3096 5241 ,

791 5238 1005 5260 ηαδ-τὶν
1062 5256 1075 5260 -
