4024 5370
228 241 356 297 res:
1301 253 1794 312 PANEGYRICUS
1833 254 2109 314 llENRlCI
2149 261 2210 316 ιιι
2251 261 2386 316 IMP.
2457 223 2494 306 ἰ
3343 257 3480 323 test

222 355 372 436 Alter
393 364 514 425 post
537 356 810 418 Christum
843 363 981 434 regit
1017 362 1202 419 orbem
1232 365 1454 422 circiter
1487 368 1674 422 istum.

223 445 396 516 Ipsum
426 447 727 518 laudemus,
763 470 886 508 nam
910 471 1106 512 causas
1135 456 1310 513 laudis
1337 458 1618 513 habemus.

222 536 289 592 Et
311 537 436 592 Pius
463 537 751 598 Heinricus
777 559 875 614 per
902 560 1000 599 nos
1028 547 1188 600 modo
1215 547 1284 600 sit
1313 545 1628 600 benedictus
1646 585 1662 609 ,

230 627 485 684 Versibus
513 629 762 700 inprimis
790 635 1019 704 repetito
1049 637 1267 691 nomine
1293 637 1465 707 regis,

225 715 294 772 l't
316 719 527 787 quoties
555 724 729 777 sancti
759 738 986 795 surgant
1013 742 1112 796 pro
1139 742 1266 797 rege
1288 727 1490 792 vocati,

223 807 332 862 Rex
366 810 520 864 toties
549 811 765 866 Christo
795 815 1001 883 placeat
1031 817 1096 870 de
1123 816 1344 871 nomine
1373 817 1554 871 misto.

225 897 333 954 Rex
365 898 617 956 lleinrice
648 903 757 959 Deo
785 921 970 976 regum
1001 909 1356 964 charissimus
1382 919 1498 965 esto

223 991 336 1046 Rex
366 991 619 1048 lleinrice
649 996 750 1065 piae
781 997 1135 1055 charissimus
1162 1010 1281 1056 esto
1306 1001 1506 1056 Mat-ite.

231 1079 342 1134 Rex
378 1080 634 1140 lleinrice
661 1085 782 1141 duci
812 1088 1042 1144 dilectus
1071 1091 1148 1145 sis
1176 1091 1445 1146 Michaeli.

227 1173 334 1228 Rex
371 1173 626 1230 lleinrice
656 1177 794 1247 polis
821 1181 1170 1251 splendescas
1199 1183 1345 1240 fonte
1375 1184 1622 1240 Joanms.

223 1263 334 1320 Rex
360 1265 591 1323 llenrice
619 1277 742 1323 tuus
771 1271 842 1325 sit
862 1269 1069 1340 janitor
1097 1276 1302 1332 aethere
1328 1275 1542 1331 Petrus.

222 1355 329 1412 Rex
364 1357 619 1414 lleinrice
649 1361 773 1415 boni
803 1371 856 1417 te
891 1362 1072 1420 ﬁrmet
1103 1367 1329 1437 epistola
1357 1367 1528 1423 Pauli

222 1443 334 1500 Rex
365 1446 620 1504 lleinrice
652 1458 774 1506 tuos
802 1452 1047 1508 Andreas
1079 1456 1279 1528 dirigat
1305 1467 1480 1513 actus.

223 1534 334 1588 Rex
365 1536 620 1593 lleinrice
653 1555 845 1608 preces
876 1541 975 1598 hos
1001 1553 1154 1599 curet
1183 1547 1338 1618 virgo
1361 1547 1616 1603 Joannes.

222 1625 332 1681 Rex
364 1627 617 1685 lleinrice
637 1630 876 1688 Thomas
900 1642 950 1687 te
971 1645 1151 1690 vertat
1171 1639 1223 1691 in
1249 1653 1409 1694 omne
1431 1641 1572 1709 quod
1595 1649 1677 1696 est
1700 1639 1780 1697 fas

229 1715 335 1770 Rex
368 1718 620 1774 lleinrice
649 1729 773 1777 tuus
799 1723 872 1777 sit
899 1723 1093 1781 ductor
1123 1727 1190 1781 ad
1221 1726 1327 1781 alta
1356 1727 1655 1800 Philippus.

222 1809 329 1865 Rex
361 1811 618 1869 lleinrice
644 1831 802 1886 pares
833 1817 1018 1875 Jacobi
1048 1822 1156 1876 sint
1187 1831 1241 1878 te
1271 1824 1619 1883 redimentes.

221 1902 332 1958 Rex
363 1904 616 1962 lleinrice
648 1909 760 1965 Deo
786 1909 1003 1980 placeas
1033 1914 1301 1970 tribuente
1330 1915 1601 1976 Matthzeo.

225 1993 333 2049 Rex
364 1995 620 2054 lleinrice
648 2009 792 2056 tuam
823 2001 1011 2059 Simon
1043 2007 1362 2062 corroboret
1389 2009 1589 2064 aulam.

222 2086 330 2141 Rex
361 2087 615 2147 lleinrice
640 2094 784 2163 piam
814 2095 1076 2153 Taddteus
1106 2099 1195 2155 det
1225 2101 1317 2154 tibi
1348 2101 1536 2158 vitam.

223 2176 332 2232 llex
363 2179 618 2237 lleinrice
651 2184 818 2239 Deum
853 2193 1038 2243 teneas
1070 2205 1164 2257 per
1190 2189 1671 2248 Bartholomreum.

222 2265 332 2322 Rex
358 2267 616 2326 lleinrice
645 2272 763 2328 vias
797 2273 891 2329 tibi
924 2287 1193 2347 praeparet
1217 2293 1312 2334 ore
1344 2278 1592 2334 Mathias.

221 2355 332 2412 Rex
364 2360 452 2430 pie
481 2376 604 2415 cum
638 2361 918 2434 Stephano
947 2367 1024 2422 sis
1051 2368 1209 2424 laetus
1239 2384 1454 2440 semper
1483 2371 1536 2426 in
1569 2371 1709 2436 allo,

222 2445 400 2516 Teque
430 2464 588 2518 pares
617 2450 874 2523 Stephani
902 2455 1227 2513 benedicant
1255 2460 1444 2515 ordine
1471 2461 1672 2517 cuncti.

221 2536 332 2594 Rex
361 2540 501 2595 bone
525 2539 783 2599 Silvester
812 2545 904 2600 tibi
937 2547 1006 2601 sit
1033 2565 1132 2619 per
1157 2551 1350 2605 saecula
1380 2551 1591 2618 dexter,

223 2630 403 2702 Teque
433 2632 516 2688 sui
544 2635 676 2690 socii
705 2636 1030 2695 benedicant
1056 2641 1247 2698 ordine
1273 2645 1454 2701 cuncti

219 2722 529 2794 Virginibus
554 2728 723 2782 sacris
748 2728 961 2799 placeas
987 2747 1053 2786 ex
1076 2735 1326 2790 omnibus
1349 2736 1486 2792 actis
1504 2777 1519 2802 ,

218 2810 415 2870 Omnes
447 2825 500 2871 te
527 2819 700 2872 sancti
732 2821 1003 2876 redimant
1029 2824 1098 2879 de
1126 2826 1355 2881 crimine
1395 2829 1578 2883 mundi
1611 2847 1623 2884 :

221 2902 300 2959 Sit
331 2921 426 2960 rex
463 2917 774 2962 sanctorum
802 2909 981 2966 fautor
1011 2923 1134 2970 tuus
1160 2925 1322 2985 atque
1355 2926 1566 2976 tuorum

217 2994 337 3052 Haec
365 2997 494 3059 tibi,
524 3013 649 3063 rex,
680 2998 844 3056 Musa:
873 3014 1156 3061 cantamus
1188 3022 1320 3064 voce
1352 3024 1549 3066 sonora
1569 3054 1582 3076 ,

1831 368 1880 426 A
1909 369 1976 424 Et
2001 371 2066 425 de
2095 374 2427 444 principibus
2453 391 2722 432 scnoenm
2755 386 3002 433 creverat
3029 393 3174 434 usus.

1903 462 2190 534 Nunquam
2220 465 2299 522 sic
2330 468 2488 524 libuit
2515 485 2839 539 quemquam
2868 471 3088 527 laudare
3119 482 3393 542 potentem

1905 555 1976 611 Ut
2005 557 2279 612 dominum
2309 574 2521 631 regem,
2554 576 2712 631 quem
2742 562 2923 633 prodit
2953 563 3128 618 nobile
3157 579 3354 621 nomen

1907 645 2182 713 lleinrici,
2208 659 2452 706 veterum
2480 653 2547 707 de
2579 668 2773 724 magno
2803 655 3046 724 germine
3073 656 3317 710 ductum.

1902 740 2018 796 Rex
2052 743 2145 796 tibi
2175 752 2483 812 cantamus,
2514 747 2612 800 tibi
2641 747 2814 801 laudis
2843 747 2985 802 dona
3017 762 3299 816 paramus.

1902 833 2132 905 Accipe,
2161 835 2227 890 de
2256 836 2456 890 nostris
2484 847 2543 890 ut
2569 839 2720 892 vivas
2751 849 2999 894 mortuus
3027 838 3189 894 actis.

1904 923 2015 981 Nos
2045 942 2267 996 operam
2300 928 2580 992 dabimus,
2614 945 2724 1000 quo
2752 933 2924 1001 possit
2952 932 3133 986 dicere
3161 931 3390 987 mundus
3409 973 3424 998 ,

1905 1014 2123 1070 Tertius
2151 1016 2436 1073 lleinricns
2462 1018 2562 1073 fuit
2587 1020 2714 1073 olim
2744 1023 2892 1089 pacis
2920 1022 3148 1076 amicus.

1904 1107 2071 1162 Fama
2100 1109 2180 1163 sui
2211 1109 2388 1163 meriti
2416 1111 2695 1180 superabit
2722 1120 2960 1182 tempora
2992 1113 3198 1168 mundi.

1907 1197 2000 1254 Sic
2030 1199 2121 1254 tibi
2149 1201 2420 1266 cantabit,
2452 1217 2610 1270 quem
2648 1205 2878 1259 mundus
2907 1205 3083 1260 adhuc
3111 1205 3413 1276 generabit.

1907 1292 2044 1363 (6-7)
2071 1290 2262 1347 Nonne
2289 1293 2382 1347 tibi
2415 1293 2608 1348 merito
2637 1294 2815 1364 magni
2844 1296 3108 1351 debentur
3132 1297 3388 1360 honores,

1904 1382 2084 1452 Atque
2113 1381 2268 1438 favor
2295 1383 2512 1454 populi,
2542 1392 2666 1454 post
2692 1385 2872 1438 omnia
2906 1387 3083 1455 portio
3112 1386 3233 1440 εαξη
3255 1385 3282 1440 ?

1907 1473 2043 1529 Nam
2077 1474 2278 1531 charus
2306 1476 2503 1546 populo
2529 1475 2731 1546 placuit
2761 1477 3062 1547 saepissime
3090 1477 3310 1533 Christo

1905 1566 2078 1634 Quem
2105 1583 2286 1639 regem
2318 1570 2439 1623 talis
2467 1571 2723 1625 virtutum
2757 1571 2911 1640 copia
2942 1570 3157 1624 lustrat.

1907 1657 2162 1728 Nunquid
2191 1659 2343 1714 abest
2375 1659 2578 1730 aliquid
2607 1660 2748 1731 quod
2781 1662 2922 1729 regis
2949 1661 3116 1732 gloria
3147 1660 3400 1730 quaaral?

1832 1725 1881 1785 Β
1907 1748 2100 1803 Omnia
2131 1765 2224 1819 spe
2251 1750 2332 1805 vel
2365 1767 2422 1804 re
2453 1762 2712 1807 venerunt
2737 1753 3018 1810 commoda
3049 1767 3147 1822 per
3175 1763 3247 1808 te.

1909 1840 1965 1896 Si
1998 1843 2229 1912 petimus
2258 1857 2476 1913 pacem,
2506 1853 2561 1897 ιιι
2591 1859 2706 1909 rex,
2735 1845 3078 1914 praestavcris
3108 1844 3291 1906 illam;

1910 1931 1966 1986 Si
1995 1933 2247 2002 cupimus
2272 1932 2502 2001 bellum,
2536 1944 2588 1988 ιιι
2621 1951 2713 1988 rex
2752 1935 3089 1992 commiseris
3119 1934 3247 1989 illud
3278 1951 3292 2000 ;

1908 2025 2062 2090 Quod
2089 2025 2132 2079 si
2160 2024 2478 2090 consilium,
2509 2035 2560 2078 tu
2592 2039 2683 2078 rex
2713 2025 2864 2079 dabis
2895 2025 3024 2090 utile
3051 2023 3277 2079 multum
3303 2040 3318 2077 :

1909 2114 1966 2168 Si
1994 2115 2241 2170 volumus
2267 2115 2535 2176 studium,
2570 2125 2621 2169 tu
2653 2131 2746 2168 rex
2771 2115 2935 2171 decus
2962 2131 3020 2182 es
3045 2116 3370 2171 studiorum.

1909 2201 2112 2258 Omnes
2137 2203 2425 2259 muniﬁcos
2457 2214 2511 2261 tu
2541 2221 2632 2259 rex
2659 2205 2968 2274 praecellere
3000 2205 3160 2262 nosti.

1909 2292 2053 2348 Inter
2079 2293 2377 2349 clementes
2406 2303 2459 2348 tu
2491 2311 2581 2350 rex
2617 2295 2937 2350 clementior
2965 2306 3166 2358 exstas.

1911 2385 2003 2441 Sic
2029 2388 2376 2457 castigandos
2409 2395 2463 2442 tu
2483 2429 2497 2448 .
2524 2403 2648 2454 rex,
2675 2389 2883 2443 ratione
2918 2387 3170 2459 ﬂagellas.

1910 2475 2177 2548 Quidquid
2209 2478 2260 2531 in
2291 2478 2542 2533 humanis
2568 2478 2820 2534 consistit
2853 2478 3094 2534 moribus
3119 2478 3288 2550 aequi,

1909 2566 2022 2622 Hoc
2053 2568 2195 2622 Deus
2225 2577 2315 2621 aut
2347 2577 2518 2623 totum
2551 2568 2636 2624 vel
2664 2577 2878 2639 partem
2910 2567 3154 2626 condidit
3181 2569 3234 2622 in
3267 2577 3339 2623 te.

1908 2659 2080 2726 Quam
2111 2661 2347 2730 prudens
2372 2659 2582 2730 Opifex,
2616 2660 2706 2732 qui
2736 2659 3013 2714 commoda
3046 2659 3291 2718 materiei

1907 2753 2080 2826 Elegit
2107 2754 2372 2822 primum,
2403 2752 2469 2808 de
2495 2768 2601 2823 qua
2632 2755 2766 2807 bona
2800 2761 2947 2807 tanta
2977 2760 3234 2823 pararet;

1906 2845 2076 2913 Quem
2103 2846 2169 2901 de
2193 2854 2355 2916 gente
2385 2845 2556 2899 virum
2585 2846 2845 2900 Dominus
2871 2845 3205 2908 discerneret
3231 2854 3444 2912 auctor,

1907 2936 2008 3012 Qui
2039 2935 2180 2991 foret
2211 2935 2441 3006 imperio
2474 2937 2634 2992 modo
2664 2947 2785 3008 post
2813 2938 2925 2992 haec
2953 2937 3131 3006 aptior
3159 2935 3264 2992 isto
3290 2937 3303 2990 !

1906 3028 2101 3084 Forma
2124 3069 2138 3089 .
2169 3043 2371 3098 genus,
2402 3028 2646 3098 probitas
2670 3029 3003 3084 concordant
3029 3027 3212 3082 omnia
3245 3027 3398 3096 regi;

213 3083 388 3156 Atque
415 3087 620 3145 chorus
648 3100 833 3146 noster
867 3104 1093 3150 renovat
1128 3105 1215 3152 tua
1245 3100 1487 3155 carmina
1515 3117 1731 3172 semper
1756 3121 1770 3170 ;

1906 3078 1927 3084 —
1956 3078 2101 3084 ------
2124 3078 2138 3089 ν
2169 3078 2371 3098 οων-.
2405 3078 2642 3098 ,πη-νη
3248 3078 3355 3096 ηυ-
3383 3078 3397 3091 .

1907 3119 2102 3175 Omnia
2133 3119 2498 3186 conveniunt,
2529 3129 2862 3175 concurrunt
2887 3128 3078 3176 cuncta
3104 3134 3202 3190 per
3230 3118 3412 3184 illum,

219 3177 286 3235 Ut
318 3181 416 3236 tibi
446 3182 564 3238 laus
589 3196 829 3251 crescat,
859 3188 985 3244 dum
1013 3191 1092 3246 sol
1118 3201 1174 3248 et
1199 3193 1320 3249 luna
1348 3207 1619 3266 patescat,

216 3267 322 3327 Nos
352 3273 546 3328 damus
573 3273 809 3331 oﬂicium
844 3294 950 3348 quo
977 3292 1188 3338 crescat
1215 3284 1384 3355 gloria
1414 3302 1629 3356 rerum,

219 3362 293 3418 Ex
325 3366 531 3420 nostris
560 3366 716 3423 donis
744 3371 1093 3430 manifestam
1121 3378 1285 3432 verba
1315 3376 1583 3446 Maronis,

218 3453 352 3521 Quid
382 3457 503 3526 pius
532 3457 771 3525 Aineas,
805 3463 931 3532 quid
964 3463 1178 3520 Turnus
1203 3477 1388 3536 posset
1417 3469 1470 3523 in
1500 3471 1701 3531 armis.

219 3546 424 3602 Fistula
456 3549 730 3607 Musarum
761 3553 955 3611 Flacco
985 3556 1289 3614 dictaverat
1316 3563 1478 3628 odas,

218 3635 287 3692 Ut
315 3637 668 3696 Mtecenatem
694 3641 914 3699 fecisset
940 3645 1097 3702 laude
1124 3663 1439 3717 perennem.

217 3723 340 3781 llzec
369 3730 558 3782 eadem
590 3729 772 3786 docuit
804 3733 1082 3789 Lucanum
1115 3737 1298 3793 dicere
1327 3739 1462 3794 bella
1484 3783 1498 3806 ,

215 3815 442 3874 Cesaris
467 3829 522 3874 et
554 3823 731 3893 magni
763 3839 884 3893 qua:
911 3827 1106 3881 durant
1139 3828 1326 3885 ultima
1357 3833 1523 3888 saecli.

217 3905 294 3961 Ex
325 3909 528 3965 nostris
557 3913 777 3967 monitis
804 3914 1037 3970 callebat
1067 3915 1274 3973 Statius
1301 3931 1490 3977 auctor

220 3997 504 4056 Thebanos
528 4001 756 4071 juvenes
783 4007 997 4064 miseris
1023 4009 1336 4067 discernere
1361 4012 1616 4074 ﬂammis.

219 4087 446 4146 Nasonis
471 4093 709 4149 studium
737 4104 885 4153 totus
915 4099 1240 4155 recitaverat
1265 4103 1414 4160 orbis
1431 4145 1446 4171 ,

217 4179 294 4235 Ex
322 4183 525 4240 nostris
550 4187 696 4242 curis
723 4190 938 4245 ornavit
964 4191 1166 4262 scripta
1199 4194 1403 4265 ﬁguris.

215 4272 451 4345 Regibus
477 4279 714 4348 antiquis
741 4278 926 4338 laudes
951 4283 1288 4342 cantavimus
1314 4287 1443 4344 olim

1906 3210 2066 3266 Solus
2092 3211 2254 3267 habet
2283 3221 2485 3278 totum,
2513 3213 2656 3282 quod
2689 3212 2870 3285 plures
2899 3222 3124 3268 auxerat
3152 3211 3304 3272 olim.

1903 3303 2062 3359 Salve
2080 3343 2096 3368 ,
2125 3313 2277 3359 certa
2307 3306 2462 3374 quies
2489 3305 2805 3376 populorum
2834 3315 3074 3375 tempore
3101 3313 3289 3360 nostro
3317 3322 3331 3358 :

1903 3395 2098 3462 Salve,
2132 3413 2234 3466 pax
2267 3397 2415 3452 orbis
2437 3436 2452 3461 ,
2482 3397 2667 3452 mundi
2698 3395 2994 3450 fortissima
3025 3396 3190 3450 turris
3215 3436 3233 3460 ,

1903 3487 2098 3544 Hostes
2128 3488 2382 3544 Ecclesia:
2401 3504 2532 3557 qua!
2563 3489 2764 3544 sternis
2789 3503 3006 3558 semper
3036 3488 3288 3553 abunde;

1909 3577 2062 3634 Unde
2087 3579 2167 3634 sui
2195 3580 2388 3648 capitis
2415 3579 2646 3633 mundus
2672 3579 2920 3648 praevidit
2949 3578 3230 3632 honorem.

1906 3666 1984 3722 Tu
2013 3677 2175 3739 caput
2203 3684 2261 3724 es
2287 3669 2507 3734 mundi,
2534 3676 2697 3738 caput
2721 3678 2806 3724 est
2835 3668 2927 3724 tibi
2959 3677 3138 3722 reetor
3163 3665 3407 3740 Olympi,

1906 3757 2070 3826 Cujus
2099 3758 2339 3813 membra
2370 3759 2514 3828 regis
2538 3757 2690 3828 justo
2720 3758 3088 3814 moderamine
3113 3757 3270 3826 legis.

1906 3847 2067 3904 Tales
2091 3849 2209 3902 vult
2237 3848 2524 3917 Dominus,
2552 3850 2750 3921 quibus
2774 3862 2856 3905 est
2883 3850 2999 3905 haec
3024 3850 3261 3905 maxima
3285 3849 3479 3916 virtus,

1904 3939 2057 3996 Mens
2086 3939 2309 3994 humilis
2334 3940 2561 3995 multum
2583 3981 2599 4008 ,
2627 3957 2748 3997 cum
2779 3955 2884 4011 qua
2916 3949 2966 3994 te
2999 3940 3250 3996 novimus
3275 3949 3477 3996 ortum.

1900 4029 2178 4086 Cervicem
2208 4044 2434 4100 pronam
2462 4031 2618 4086 decet
2643 4040 2929 4101 acceptare
2953 4045 3228 4086 coronam.

1900 4120 2016 4175 Rex
2042 4120 2265 4176 humilis
2290 4120 2521 4186 crescit,
2547 4121 2760 4190 quoties
2785 4123 2996 4176 oriente
3020 4120 3218 4175 diescit

1900 4212 1966 4266 Et
1991 4213 2138 4269 cadit
2163 4211 2338 4269 elatus
2357 4253 2373 4278 ,
2399 4229 2616 4284 semper
2639 4213 2831 4269 saevire
2857 4221 3098 4284 paratus.

1551 4463 1928 4547 EPlLOG
1944 4465 2100 4546 US.

214 4618 467 4678 Carmina
491 4621 765 4681 Musarum
784 4667 799 4692 ,
831 4642 926 4684 rex
944 4669 958 4694 ,
991 4630 1206 4703 perlege
1230 4648 1400 4704 pauca
1430 4643 1641 4693 tuarum
1663 4682 1678 4706 ,

213 4711 293 4768 Sit
318 4717 470 4773 locus
499 4719 588 4774 hic
615 4719 738 4776 aliis
768 4722 864 4776 tibi
891 4723 1119 4780 reddere
1147 4727 1328 4781 munia
1355 4727 1548 4785 laudis.

212 4804 406 4891 Wippo
437 4817 559 4866 tuus
585 4810 823 4868 lautulus
849 4813 894 4869 si
921 4815 1032 4870 vult
1063 4816 1358 4874 defendere
1385 4828 1624 4891 tempus,

211 4890 282 4952 Ut
299 4900 502 4955 scribat
525 4903 667 4974 regi,
690 4904 834 4975 quod
857 4904 938 4960 lex
964 4907 1248 4962 dictaverit
1267 4908 1342 4963 illi
1361 4951 1375 4974 ,

161 5190 290 5293 ΚᾸὰ
319 5241 461 5314 regis
487 5243 672 5304 laudes
698 5248 810 5303 Lex
841 5248 1029 5304 ambas
1051 5248 1214 5319 erigit
1237 5265 1417 5307 aures.

306 5341 509 5370 Ωρσοιρο
536 5337 732 5370 ηιηνῖἶι·
795 5339 873 5370 εἴη
904 5353 1091 5370 Λ-ΛοΛΛ
1125 5339 1369 5370 ΙΑΙΙΑἷληη
1400 5344 1520 5370 2η..-

1817 4644 1864 4704 D
1893 4644 1990 4701 Hic
2020 4644 2177 4700 nobis
2208 4644 2344 4701 istos
2375 4647 2648 4715 persuasit
2678 4645 2932 4703 claudere
2961 4661 3172 4702 versus.

1894 4735 1982 4794 Sis
2007 4735 2226 4794 Christo
2250 4752 2394 4794 cura:
2412 4779 2426 4804 ,
2457 4729 2544 4808 pie
2571 4737 2685 4794 Rex
2713 4739 3005 4809 Ctesarque
3030 4736 3233 4791 future.

1898 4835 1966 4892 Et
1992 4835 2144 4889 vivas
2173 4848 2340 4890 sanus
2373 4843 2602 4890 centeno
2630 4843 2874 4905 tempore
2898 4844 3091 4888 canus.

911 5073 1316 5156 CARMEN
1378 5077 1679 5163 LEGIS
1760 5087 1975 5193 PRO
2064 5087 2399 5173 LAUDE
2460 5088 2775 5168 REGIS.

1917 5285 2014 5350 “is
2049 5263 2185 5329 mihi
2210 5262 2279 5318 sit
2305 5262 2516 5327 verbis,
2545 5261 2685 5333 quod
2718 5259 2839 5318 rere
2861 5251 3175 5350 virentibus
3205 5246 3413 5350 herbis

2809 5359 2820 5370 .
2860 5366 2948 5370 -.---
2965 5346 3048 5370 .xz-
3086 5340 3286 5370 ..η-ιηδῖ
