4024 5370
532 311 669 371 1955

1789 307 2125 370 WIPPONLS
2154 304 2584 367 PRESBYTER]

3655 299 3809 360 i255

539 424 656 482 Non
687 425 897 481 dubitat
925 423 1188 489 mundus,
1223 422 1353 495 quia
1383 382 1579 497 regnas
1607 424 1740 481 orbe
1763 423 2054 480 secundus.
2093 430 2097 434 ‘
2139 431 2186 489 Α
2216 420 2295 475 Ad
2326 420 2479 490 cujus
2498 428 2682 475 votum
2708 417 2804 475 tibi
2827 419 2916 477 dat
2944 418 3209 492 sapientia
3250 425 3444 485 totum,

537 516 667 573 Post
693 516 977 572 Dominum
1004 514 1129 570 (εωιὶ
1158 515 1355 586 dignus
1391 517 1661 573 mundana
1695 516 1831 571 tueri
1861 533 1874 570 :

534 604 694 658 Salve
713 643 729 668 ,
758 603 921 673 stirps
947 619 1132 674 regum
1159 603 1370 674 populis
1393 607 1699 673 veneranda
1728 621 1823 675 per
1848 620 2042 659 aevum.

531 692 709 747 Radix
740 708 934 765 magna
963 693 1093 760 fuit,
1122 710 1286 764 quam
1313 710 1496 751 ramus
1525 696 1646 751 talis
1674 697 1937 762 adauxit;

539 783 728 841 Nobile
757 799 978 856 germen
1005 796 1124 841 erat
1146 787 1289 856 quod
1317 788 1575 843 mundum
1601 787 1822 844 ﬂoribus
1851 797 2005 844 ornat
2024 828 2038 854 ,

537 876 654 933 Una
683 877 784 932 viri
813 878 987 934 virtus
1012 878 1238 934 multum
1265 888 1526 949 praestare
1553 880 1750 936 solebit
1772 918 1786 944 ,

534 968 998 1040 Commendatque
1024 970 1184 1025 nimis
1209 970 1449 1040 probitas
1475 971 1642 1027 semel
1668 972 1810 1026 edita
1839 970 2110 1041 quoddam

535 1055 688 1123 Quod
719 1056 927 1111 faciunt
953 1057 1135 1128 plures
1163 1068 1327 1129 caput
1356 1075 1521 1112 unum
1555 1060 1699 1131 regis
1731 1059 2020 1120 habentes.

537 1146 684 1215 Quas
710 1162 996 1205 numerare
1023 1149 1215 1206 volens
1246 1151 1443 1206 seriem
1474 1150 1603 1205 facit
1628 1151 1817 1205 ordine
1849 1151 2083 1222 longam.

535 1236 645 1291 Sed
676 1245 854 1292 tamen
882 1253 949 1292 ex
977 1239 1190 1294 cunctis
1215 1255 1304 1294 sex
1338 1254 1517 1310 regem
1548 1240 1969 1310 magniﬁcabunt

535 1326 782 1383 Virtutes
809 1326 1052 1398 aliasque
1080 1331 1215 1385 satis
1239 1330 1546 1398 praecedere
1572 1340 1791 1385 norunt.

535 1416 687 1474 llens
710 1418 963 1485 humilis,
988 1419 1208 1489 pietatis
1234 1435 1408 1486 amor,
1441 1435 1543 1490 pax
1573 1422 1739 1476 missa
1770 1438 1866 1492 per
1891 1423 2078 1479 orbem
2097 1463 2113 1490 ,

534 1508 800 1564 Nobilitas
827 1519 883 1565 et
909 1509 1081 1565 forma
1110 1512 1338 1579 decens,
1371 1512 1564 1567 ﬁducia
1590 1513 1713 1569 belli
1743 1530 1757 1578 ;

535 1599 648 1655 Has
673 1615 807 1656 voco
835 1601 1137 1672 prtecipuas
1161 1611 1215 1656 et
1243 1602 1387 1673 regis
1416 1604 1714 1659 honoribus
1740 1614 1894 1673 aptas

539 1690 633 1748 llis
660 1708 754 1748 rex
785 1692 1075 1748 Heinricus
1100 1693 1304 1751 Christi
1335 1694 1594 1752 clarescit
1620 1696 1849 1751 amicus.

607 1780 689 1836 Ad
719 1798 840 1837 mea
869 1799 1012 1837 nunc
1038 1784 1225 1851 venio,
1254 1800 1374 1854 qua!
1401 1785 1551 1840 novit
1581 1786 1814 1840 mundus
1847 1785 1899 1840 in
1931 1784 2059 1841 illo:

538 1870 679 1928 Sunt
703 1889 819 1928 mea
845 1888 962 1944 quae
984 1874 1160 1929 dicam
1180 1916 1194 1940 ,
1221 1875 1348 1945 quia
1376 1891 1493 1930 sum
1520 1873 1633 1931 Lex
1659 1915 1673 1940 ,
1702 1875 1791 1930 ille
1822 1890 1975 1930 meus
2002 1890 2099 1931 rex

538 1962 607 2017 Et
628 1965 718 2035 qui
749 1979 835 2017 me
859 1966 1086 2034 spernit,
1118 1980 1214 2021 rex
1242 1966 1358 2033 ejus
1386 1964 1568 2036 praelia
1601 1966 1812 2021 sternit.

539 2052 642 2120 Qui
672 2067 793 2107 mea
816 2053 941 2123 jura
974 2054 1124 2120 colit,
1151 2070 1246 2109 rex
1274 2056 1418 2110 hunc
1446 2055 1737 2111 defendere
1768 2056 1935 2112 novit.

540 2140 659 2197 Rex
686 2142 908 2198 Christo
936 2144 1168 2208 chartis;
1202 2143 1405 2199 nullum
1444 2143 1679 2199 vastabit
1706 2159 1904 2198 avarus

537 2233 657 2288 Vile
685 2241 837 2303 putat
866 2233 1102 2288 studium
1135 2235 1178 2290 si
1209 2235 1331 2304 quis
1355 2244 1659 2306 comportat
1687 2236 1738 2290 in
1771 2252 1937 2289 unum

537 2325 807 2396 Quidquid
833 2327 1033 2382 habere
1055 2336 1252 2398 potest,
1270 2343 1390 2383 cum
1400 2329 1490 2398 jus
1512 2344 1615 2383 non
1643 2325 2117 2399 qumratltabendi,

540 2415 635 2474 Est
659 2416 810 2475 dives
840 2418 1062 2473 multum
1094 2427 1433 2489 contemptor
1461 2420 1797 2475 divitiarum.

536 2507 866 2565 Aurisurdus
890 2524 1044 2563 amor
1074 2510 1287 2565 miseris
1312 2509 1677 2566 clamantibus
1702 2512 1900 2566 obstat.

539 2599 859 2655 Vendiderit
885 2600 1030 2670 leges
1058 2611 1281 2672 captura
1318 2602 1547 2673 pecunia
1581 2617 1756 2673 reges,

537 2688 608 2745 Et
634 2689 701 2745 de
726 2690 1063 2761 principibus
1087 2692 1265 2762 justos
1296 2691 1566 2747 iurabitur
1597 2708 1744 2747 usus.

538 2781 612 2837 At
636 2797 732 2837 rex
766 2780 1049 2839 Heiuricus
1080 2783 1162 2837 vir
1188 2785 1425 2854 prudens
1453 2784 1712 2855 prospicit
1748 2783 1899 2848 illud,

540 2869 613 2925 Ut
642 2879 770 2926 tunc
797 2879 951 2928 curet
979 2887 1130 2943 opes,
1167 2889 1288 2927 cum
1319 2873 1524 2928 nullum
1570 2881 1695 2928 sunt
1736 2873 2116 2944 reprimentes.

537 2959 651 3015 Nec
677 2969 863 3015 contra
891 2960 1062 3031 legem
1091 2961 1315 3017 ﬂectunt
1343 2964 1565 3018 donaria
1595 2978 1798 3034 regem.

540 3047 632 3103 Sic
658 3048 783 3102 facit
808 3056 865 3102 ut
890 3049 1080 3104 doctus
1107 3051 1228 3118 quis
1257 3066 1351 3105 rex
1380 3060 1464 3106 est
1491 3051 1704 3107 doctior
1731 3051 1856 3106 illo?

544 3137 678 3206 Quis
708 3139 889 3196 Caesar
913 3140 1124 3207 melius,
1149 3142 1194 3196 si
1222 3142 1350 3212 quid
1384 3144 1597 3199 rubrica
1628 3145 1853 3208 vetavit,

544 3227 700 3284 Scire
722 3227 868 3284 valet
896 3229 1106 3299 primis,
1134 3246 1296 3300 quam
1320 3232 1531 3286 discere
1560 3239 1801 3302 cmperat
1832 3233 1989 3288 annis

541 3318 690 3373 Felix
723 3319 794 3374 sit
818 3320 1031 3390 genitor
1062 3319 1333 3376 redivivus
1363 3319 1519 3375 laude
1544 3320 1767 3391 perenni

543 3404 824 3461 Conradus
850 3405 1035 3463 Caesar
1056 3422 1217 3478 quem
1251 3409 1486 3464 maxima
1510 3424 1672 3465 causa
1696 3410 1914 3478 subivit,

543 3493 617 3550 Ut
647 3495 813 3551 sciret
840 3505 1026 3551 natum
1053 3496 1247 3554 studiis
1275 3499 1344 3553 ad
1369 3494 1537 3571 regna
1569 3503 1838 3570 paratum,

542 3584 646 3651 Qui
677 3594 859 3641 rector
883 3585 1130 3662 publicus
1157 3589 1417 3643 mundum
1449 3589 1760 3647 discernere
1783 3601 1988 3663 posset.
2082 3576 2087 3581 ’

541 3676 693 3732 Felix
724 3677 796 3731 sit
823 3686 996 3732 mater
1021 3679 1372 3734 memorando
1398 3681 1641 3736 carmine
1670 3682 1830 3750 digna

542 3765 727 3822 Gisela
760 3767 826 3821 de
853 3766 1029 3821 Caroli
1061 3769 1358 3838 procedens
1386 3770 1649 3840 sanguine
1680 3769 1877 3839 Magni.

542 3852 681 3907 Nam
713 3853 760 3909 si
787 3863 909 3924 post
939 3844 1201 3910 decimam
1232 3868 1550 3913 numeretur
1573 3859 1712 3914 linea
1738 3872 1930 3930 quarta

544 3944 676 4000 Post
702 3944 956 4000 Carolum
986 3945 1235 4017 Magnum
1265 3954 1520 4004 nascetur
1547 3949 1745 4005 nobilis
1773 3951 1908 4019 ipsa.

545 4033 670 4091 Haec
701 4049 922 4105 operam
946 4034 1188 4101 dederat,
1220 4039 1363 4108 quod
1394 4053 1488 4094 rex
1525 4038 1579 4094 in
1614 4042 1729 4109 lege
1759 4041 2005 4098 studebat
2034 4060 2051 4090 :

543 4125 640 4181 llla
676 4126 780 4182 sibi
809 4126 978 4181 libros
1007 4137 1355 4196 persuaserat
1382 4145 1503 4186 esse
1526 4129 1803 4202 legendos,

545 4216 620 4272 Ut
649 4218 831 4273 varios
858 4218 992 4273 ritus
1015 4217 1274 4288 dijudicet
1294 4227 1413 4275 arte
1445 4223 1655 4291 peritus

545 4311 817 4367 Doctrinte
839 4311 1018 4367 lumen
1042 4312 1384 4369 tenebrosum
1413 4313 1600 4385 dirigit
1626 4315 1813 4371 orbem

546 4400 748 4459 Gentes
773 4404 999 4460 infestas
1030 4405 1159 4460 vicit
1180 4405 1425 4463 Romana
1449 4414 1691 4478 potestas

549 4492 690 4550 Olim
720 4494 982 4559 consiliis,
1017 4512 1122 4552 non
1156 4513 1372 4568 semper
1404 4498 1614 4555 vicerat
1645 4500 1831 4555 armis.

547 4582 648 4639 Est
672 4584 804 4639 satis
828 4596 1109 4655 expertum
1136 4597 1396 4657 quantum
1422 4589 1684 4658 sapientia
1713 4592 1906 4661 possit,-

550 4671 681 4741 Qute
704 4690 802 4747 per
827 4676 933 4731 vim
971 4678 1115 4732 verbi
1155 4678 1326 4753 ﬂectit
1354 4681 1726 4737 moderamina
1754 4683 1926 4753 regni.

552 4765 668 4823 Rex
706 4766 901 4823 iterum
934 4766 1103 4823 salve.
1151 4768 1271 4825 Tibi
1299 4769 1416 4826 laus
1441 4770 1516 4827 sit
1548 4788 1671 4827 cum
1704 4772 1967 4844 genitrice

2212 511 2328 577 Quo
2357 513 2521 567 decus
2547 510 2757 580 imperii
2792 510 2974 566 valeas
3004 508 3247 581 periura
3291 510 3452 565 tueri.

2210 590 2559 671 Congaudcte
2581 600 2743 656 simul
2768 615 2784 666 ;
2819 615 2926 655 non
2958 609 3016 656 ut
3041 600 3303 656 discordia
3333 608 3545 670 regnet,

2212 692 2341 760 Quze
2366 693 2565 748 dudum
2595 692 2744 761 regni
2777 691 3012 748 turbavit
3042 691 3236 762 gaudia
3269 690 3463 746 nostri.

2211 785 2343 840 Cum
2376 784 2609 840 dominis
2638 799 2818 840 rerum
2847 782 2919 838 sit
2946 798 3053 853 pax
3081 782 3197 837 sine
3222 781 3327 837 line
3356 781 3596 835 dierum.

2212 879 2257 934 Ο
2288 888 2505 933 sanctos
2535 892 2714 933 mores
2740 891 2861 933 cum
2893 876 3052 930 matri
3090 874 3273 930 reddis
3309 874 3574 943 honqres.

2213 968 2309 1023 Est
2335 968 2429 1022 tibi
2454 982 2578 1037 spes
2605 967 2749 1031 vitze,
2778 966 2824 1020 si
2850 965 2923 1021 sit
2944 965 3044 1021 sibi
3074 964 3245 1036 gloria
3281 979 3378 1035 per
3408 972 3483 1019 te.

2215 1058 2270 1113 Si
2304 1059 2430 1128 quid
2459 1067 2599 1123 erat,
2627 1059 2729 1113 rite
2759 1059 2900 1112 Deus
2923 1057 3052 1112 illud
3084 1056 3361 1111 transtulit
3392 1056 3529 1125 ipse.

2214 1147 2351 1202 Ex-in
2391 1146 2569 1201 nullus
2592 1148 2754 1201 homo
2776 1145 2952 1201 tcedus
2975 1144 3270 1202 dissolvere
3291 1144 3483 1214 possit.

2214 1239 2369 1306 Quod
2404 1240 2539 1295 Deus
2569 1239 2840 1306 adiunxit,
2875 1239 2967 1308 qui
2995 1238 3146 1308 pacis
3178 1238 3317 1293 dona
3344 1236 3580 1292 creavit.

2216 1328 2425 1386 Perstat
2455 1329 2683 1384 dulcedo
2710 1329 2937 1383 materni
2964 1327 3197 1382 nominis
3226 1327 3279 1380 in
3307 1334 3384 1391 te,

2216 1420 2348 1476 Cum
2376 1420 2557 1474 valeas
2583 1420 2720 1474 alios
2751 1418 3045 1494 acquirere
3080 1433 3294 1488 semper
3314 1417 3520 1471 amicos

2217 1509 2393 1567 Mater
2424 1512 2477 1566 in
2504 1512 2607 1567 hac
2636 1512 2745 1565 vita
2774 1526 2878 1565 non
2917 1510 3038 1580 plus
3070 1510 3165 1566 tibi
3208 1509 3413 1564 venerit
3441 1508 3574 1563 ulla.

2219 1604 2359 1671 Quin
2387 1604 2531 1659 aliud
2563 1605 2738 1659 dicam
2772 1604 2889 1668 tibi,
2921 1619 3036 1669 rex,
3069 1618 3167 1675 ego
3200 1602 3572 1664 consiliatrix,

2222 1695 2330 1751 Lex
2360 1704 2473 1764 tua,
2504 1710 2570 1751 ne
2628 1711 2826 1751 renuas
2858 1704 2980 1767 post
3009 1696 3211 1751 dictum
3245 1708 3678 1750 commemorare
3705 1707 3727 1760 ;

2146 1770 2191 1830 Β
2219 1784 2353 1840 Cum
2391 1786 2531 1841 Deus
2561 1786 2909 1856 omnipotens
2936 1786 3031 1841 tibi
3062 1794 3233 1840 tutum
3261 1784 3485 1853 fregerit
3511 1785 3731 1851 orbem,

2215 1874 2281 1929 Et
2300 1873 2427 1945 juga
2460 1877 2713 1945 prtecepti
2741 1894 2846 1931 nou
2876 1877 3040 1932 audet
3070 1886 3310 1932 temnere
3347 1877 3660 1947 quisquam,

2215 1964 2563 2037 Pacatusque
2593 1966 2715 2021 silet
2744 1967 2957 2023 ﬁrmato
2989 1967 3191 2023 findere
3219 1967 3472 2031 mundus,

2216 2053 2462 2126 Cumque
2482 2072 2577 2127 per
2603 2057 2889 2126 imperium
2917 2066 3004 2111 tua
3030 2057 3184 2127 jussa
3215 2055 3431 2110 volatile
3460 2054 3688 2109 verbum

2220 2145 2421 2200 Edmet
2447 2146 2671 2217 Augusti
2701 2146 2767 2201 de
2803 2146 2949 2201 claro
2978 2146 3198 2201 nomine
3227 2145 3510 2215 scriptum.
3540 2156 3549 2160 ·

2218 2235 2369 2290 Tunc
2399 2234 2485 2289 fac
2513 2236 2745 2290 edictum
2776 2251 2873 2306 per
2906 2246 3107 2291 terram
3137 2234 3583 2300 Teutonicorum,

2217 2326 2454 2394 Quilibet
2484 2337 2539 2381 ιιι
2572 2326 2721 2383 dives
2752 2328 2852 2384 sibi
2882 2338 3036 2383 natos
3064 2328 3298 2382 iusttuat
3328 2342 3518 2382 omnes

2218 2416 2518 2481 Litterulis,
2545 2417 2824 2487 legemque
2856 2432 3009 2473 suam
3039 2416 3368 2487 pc'suadcat
3398 2416 3527 2480 illis,

2221 2509 2290 2565 Ut
2317 2525 2438 2564 cum
2467 2508 2801 2579 principibus
2845 2508 3139 2579 placitandi
3171 2508 3384 2562 venerit
3415 2522 3566 2569 usus,

2219 2599 2457 2671 Quisque
2480 2601 2592 2656 suis
2617 2601 2769 2655 libris
2797 2600 3106 2671 exemplum
3138 2598 3379 2671 proferat
3405 2598 3531 2654 illis.

2221 2690 2461 2745 Moribus
2493 2692 2576 2746 bis
2607 2691 2808 2746 dudum
2839 2691 3054 2746 vivebat
3078 2690 3249 2746 Roma
3276 2690 3574 2745 decenter:

2221 2780 2317 2836 llis
2346 2782 2539 2837 studiis
2567 2790 2746 2837 tantos
2766 2783 2941 2853 potuit
2964 2783 3171 2838 vincire
3195 2790 3457 2854 tyrannos
3485 2799 3500 2836 :

2221 2870 2336 2926 Hoc
2363 2881 2582 2927 servant
2611 2872 2724 2926 Itali
2755 2882 2875 2943 post
2914 2873 3089 2942 prima
3123 2871 3416 2942 crepundia
3443 2881 3669 2936 cttnctt;

2222 2961 2289 3015 Et
2319 2963 2514 3016 sudare
2544 2961 2746 3017 scholis
2771 2961 3063 3016 mandatur
3092 2970 3201 3017 tota
3221 2961 3475 3030 juventus
3499 2979 3515 3016 :

2225 3051 2369 3107 Solis
2393 3052 2705 3107 Teutonicis
2736 3068 2967 3107 vacuum
2998 3053 3084 3108 vel
3120 3061 3277 3121 turpe
3305 3052 3521 3107 videtur

2148 3110 2193 3169 η
2227 3141 2293 3199 Ut
2320 3142 2549 3197 doceant
2577 3144 2837 3214 aliquem,
2869 3144 2973 3199 nisi
3001 3143 3232 3200 clericus
3258 3144 3581 3214 accipiatur.

2224 3231 2350 3298 Sed,
2377 3249 2468 3287 rex
2500 3232 2676 3298 docte,
2697 3231 2828 3302 jube
2858 3245 3087 3289 cunctos
3114 3249 3210 3303 per
3248 3248 3414 3304 regna
3447 3231 3658 3300 doceri,

2226 3322 2294 3378 Ut
2326 3333 2499 3380 tecum
2530 3334 2719 3395 regnet
2743 3326 3010 3395 sapientia
3040 3324 3285 3396 partibus
3316 3325 3456 3380 istis.

2294 3413 2558 3467 Praeterea
2592 3413 2707 3478 tibi,
2742 3429 2837 3469 rex
2860 3413 3085 3469 mandat
3107 3413 3417 3484 Burgundia
3446 3429 3461 3468 :
3504 3411 3681 3483 Surge

2222 3502 2400 3574 Atque
2428 3504 2571 3570 veni,
2599 3519 2853 3575 propera,
2888 3505 3097 3560 uoviter
3119 3505 3195 3577 (8)
3227 3504 3468 3575 subjecta
3497 3504 3759 3558 vacillant

2224 3594 2517 3660 luterdum,
2550 3596 2765 3651 domino
2788 3611 2882 3667 per
2907 3604 3146 3667 tempora
3171 3595 3342 3651 multa
3373 3605 3607 3650 remoto.

2223 3686 2489 3742 Funditus
2519 3697 2604 3742 est
2634 3702 2824 3743 verum
2854 3695 3112 3743 veterano
3142 3695 3384 3755 tempore
3410 3685 3617 3740 dictum
3645 3703 3660 3738 :

2224 3777 2495 3847 Quidquid
2523 3778 2675 3834 abest
2699 3777 2894 3844 oculis,
2923 3789 3233 3834 removetur
3261 3776 3464 3831 lumine
3493 3776 3701 3831 cordis.

2225 3869 2481 3936 Quamvis
2520 3884 2661 3923 nunc
2690 3884 2877 3939 pacem
2909 3879 3085 3925 teneat
3112 3868 3417 3939 Burgundia
3449 3883 3547 3938 per
3578 3878 3662 3933 te,

2224 3962 2511 4015 Auctorem
2540 3962 2687 4031 pacis
2720 3970 2900 4016 tamen
2928 3961 2980 4016 in
3015 3972 3066 4017 te
3094 3976 3320 4017 cernere
3343 3961 3566 4031 qumrit,

2226 4051 2293 4106 Et
2316 4053 2462 4122 cupit
2485 4053 2537 4105 in
2566 4052 2709 4123 regis
2740 4068 2837 4107 sua
2867 4052 3066 4107 lumina
3095 4067 3318 4123 pascere
3340 4050 3516 4106 vultu.

2226 4139 2343 4196 lluc
2377 4143 2527 4207 ades,
2566 4151 2621 4197 et
2650 4158 2871 4212 regnum
2914 4142 3022 4209 fac,
3059 4153 3111 4199 te
3140 4143 3418 4207 veniente,
3473 4156 3751 4198 serenum.

2229 4234 2287 4290 Si
2318 4235 2400 4290 sol
2428 4235 2684 4290 occubuit
2713 4251 2835 4290 cum
2872 4233 3057 4291 Carsar
3080 4251 3244 4308 regna
3275 4235 3521 4306 reliquit,

2226 4327 2466 4381 lrradias
2498 4327 2752 4397 patriam,
2779 4328 2823 4382 si
2860 4337 2913 4383 tu
2943 4329 3102 4384 modo
3131 4329 3345 4392 viseris,
3387 4328 3558 4383 illam.

2155 4456 2205 4515 υ
2231 4418 2355 4471 Haec
2384 4416 2510 4473 olim
2542 4433 2735 4487 magno
2759 4418 3011 4474 domuisti
3039 4434 3203 4490 regna
3231 4417 3413 4473 labore
3439 4435 3455 4484 ;

2236 4506 2400 4563 Utere
2429 4523 2574 4562 nunc
2602 4509 2832 4578 populis,
2865 4510 2983 4576 tibi,
3015 4525 3133 4576 rex,
3167 4511 3375 4566 servire
3398 4510 3636 4579 paratis.

2232 4597 2358 4655 Hrec
2386 4599 2469 4654 via
2496 4600 2567 4655 sit
2592 4599 2789 4667 facilis,
2815 4616 2979 4670 quam
3007 4611 3272 4671 pneparat
3299 4602 3475 4656 orbita
3504 4600 3660 4671 pacis
3690 4618 3708 4659 :

2233 4689 2350 4746 lluc
2373 4691 2510 4746 bene
2537 4691 2743 4757 venias,
2775 4693 2863 4749 hic
2889 4692 3072 4747 omnia
3102 4707 3362 4763 prospera
3389 4706 3607 4749 cernas.

1182 4937 1588 5017 CABMEN
1649 4916 2054 5018 suum
2104 4939 2302 5018 PRO
2358 4940 2659 5021 REGIS
2720 4940 3161 5022 nomen.
