4024 5370
542 207 680 264 1959
1745 211 2080 270 WIPPONIS
2117 211 2542 270 PRESBYTEIJ
3668 214 3812 269 1210

543 323 716 376 Parva
743 319 1160 376 dedit‘Bethlern
1185 319 1250 375 de
1275 335 1471 392 magno
1508 321 1750 392 germine
1783 339 2004 393 panem.
2137 327 2189 385 Α
2215 321 2320 376 Bos
2351 322 2527 376 renuit
2556 318 2736 375 fenum
2765 335 2884 377 cum
2913 320 3044 374 vidit
3075 321 3253 375 nobile
3286 337 3514 392 granum

615 413 715 481 Qui
742 413 941 468 satiare
965 412 1104 467 valet
1132 412 1390 483 quidquid
1417 413 1614 484 ubique
1642 425 1842 470 manet.
2093 447 2095 449 ι
2291 410 2358 464 Ει
2383 424 2619 480 praesepe
2646 409 2738 464 Dei
2781 421 3047 480 priecavet
3077 427 3138 465 os
3167 410 3328 464 asini.

541 505 744 559 Panem
782 503 849 559 de
877 503 1015 559 cmlo
1041 505 1281 574 porrexit
1311 506 1483 574 gratia
1519 506 1756 571 mundo;
2219 501 2382 573 Virgo
2412 503 2598 567 Maria,
2626 503 2766 568 vide,
2796 503 3037 557 mirando
3066 502 3191 557 talia
3221 503 3336 556 ride
3361 521 3378 556 :

611 595 774 652 Panis
799 595 951 650 adest
981 596 1135 650 vivus
1161 605 1558 668 perpetuusque
1584 597 1760 652 cibus.
2130 629 2134 635 ι
2287 594 2365 649 Ex
2399 603 2450 650 te
2480 611 2575 665 per
2596 596 2819 650 verbum
2855 609 3015 650 cerne
3046 595 3209 648 Deum
3245 597 3507 664 genitum.

543 687 688 741 Fons
717 686 960 740 salientis
984 701 1159 755 aquae,
1183 685 1384 742 diffusae
1411 686 1599 757 poeula
1622 687 1743 743 vitae
1773 703 1788 752 ;
2218 685 2332 740 Rex
2359 686 2448 755 pie
2473 686 2733 751 caelestis,
2764 687 2966 742 nostris
2992 685 3210 740 illabere
3245 685 3398 740 festis

589 829 591 832 .
615 776 752 830 lline
775 776 1083 848 quicunque
1112 778 1278 842 bibet,
1304 793 1411 833 non
1443 778 1636 832 iterum
1665 778 1832 832 sitiet.
2292 778 2366 832 Da
2395 777 2627 833 fructum
2650 778 2817 848 pacis.
2845 778 2986 834 sicut
3012 777 3212 846 ubique
3241 777 3396 840 facis,

541 864 714 920 llellis
743 864 971 920 dulcedo
1000 881 1095 935 per
1119 863 1394 920 Christum
1429 863 1583 920 ﬂuxit
1603 865 1842 937 olympo,
2220 869 2475 924 lleiurico
2496 870 2606 940 regi
2635 870 2874 940 digneris
2906 869 3190 939 propitiari

614 955 683 1011 Ut
707 956 919 1028 sapiant
948 955 1130 1011 famuli
1163 956 1383 1011 delicias
1416 957 1654 1023 Domini;
1816 943 1821 949 ’
2295 958 2363 1014 Ut
2388 975 2513 1014 cum
2536 960 2720 1015 la-titia
2754 961 3032 1031 pertrabat
3057 960 3250 1015 oﬂieia.

2769 1142 3804 1167 Μ

1279 1303 2180 1434 PROVERBIA
2271 1304 3056 1435 WIPPONIS

1213 1535 1416 1607 EDITA
1459 1536 1558 1590 AD'
1583 1534 1937 1592 HENRICUM
1967 1534 2322 1592 CUONRADI
2362 1536 2830 1594 iMPERATORIS
2868 1540 3122 1596 FlLlUM.

773 1689 947 1763 (Apud
969 1688 1198 1744 Marten.
1223 1689 1394 1760 Ampi.
1430 1685 1643 1743 ϐοηθεῖ.
1670 1689 1761 1754 ιΧ,
1788 1689 1944 1756 1095,
1967 1707 2030 1744 ex
2057 1691 2413 1760 manuscripto
2439 1689 2500 1746 S.
2533 1690 2776 1748 Matt/aia:
2801 1692 3116 1749 Treviremt's
3139 1711 3397 1750 annorum
3415 1696 3570 1756 500.)

1985 1846 2385 1863 mn.—

542 1949 735 2022 lncipit
761 1950 1058 2016 inventum,
1101 1951 1339 2007 referens
1367 1950 1649 2021 proverbia
1675 1961 1913 2007 centum.
2144 1957 2190 2014 Β
2291 1952 2390 2008 Ubi
2418 1963 2619 2023 pugnat
2645 1963 2830 2009 sancta
2855 1954 3051 2018 oratio,
3081 1955 3154 2010 ibi
3186 1955 3418 2010 vincitur
3445 1956 3747 2013 tribulatio.

616 2043 776 2100 Decet
804 2059 983 2114 regem
1016 2045 1224 2101 discere
1249 2044 1441 2115 legem.
1465 2045 1662 2098 Audiat
1687 2061 1782 2100 rex
1813 2045 1955 2116 quod
1975 2061 2114 2116 prze-
2289 2046 2628 2102 Incessanter
2651 2060 2810 2101 orare
2838 2055 2923 2102 est
2946 2045 3135 2102 delicta
3162 2061 3411 2119 purgare.

545 2132 675 2204 cipit
700 2132 807 2187 lex.
845 2131 1043 2204 Legem
1073 2145 1296 2188 servare
1322 2132 1424 2187 hoc
1452 2140 1533 2187 est
1562 2148 1808 2204 regnare.
2291 2139 2436 2193 Bene
2465 2147 2587 2194 orat
2617 2138 2706 2208 qui
2736 2138 2786 2191 in
2817 2137 2979 2193 corde
3006 2137 3201 2208 plorat.

612 2224 810 2280 Notitia
845 2224 1146 2280 litterarum
1183 2224 1273 2279 lux
1297 2231 1382 2279 est
1410 2222 1711 2279 animarum
2289 2230 2558 2302 Jejtinium
2588 2229 2724 2286 forte
2750 2227 2991 2286 liberata
3026 2232 3257 2287 secunda
3295 2241 3461 2288 certe.

615 2313 820 2385 Stepius
846 2315 1070 2372 offendit
1099 2313 1190 2385 qui
1223 2313 1400 2369 lumen
1430 2329 1533 2368 non
1561 2315 1806 2370 attendit.
2289 2321 2391 2390 Qui
2421 2338 2524 2377 non
2547 2330 2727 2392 potest
2749 2319 3010 2388 jejunare,
3036 2335 3209 2378 mscat
3232 2321 3622 2395 eieemosynam
3645 2323 3798 2378 dare.

615 2405 716 2471 Qui
747 2405 906 2461 habet
938 2405 1241 2470 scientiam,
1274 2413 1433 2458 ornat
1453 2404 1798 2460 sententiam.
2291 2412 2436 2468 Bene
2455 2409 2710 2487 jubilabit
2747 2411 2835 2481 qui
2867 2428 2895 2466 a
2929 2412 3070 2468 bono
3100 2430 3204 2470 non
3236 2415 3471 2470 cessabit

615 2495 803 2551 Melior
829 2506 913 2553 est
939 2496 1200 2568 sapientia
1230 2509 1390 2566 quam
1421 2495 1694 2551 saecularis
1723 2498 1984 2568 potentia.
2291 2503 2482 2561 Melius
2524 2514 2610 2560 est
2652 2504 2922 2562 interdum
2957 2505 3193 2561 dormire
3232 2521 3397 2577 quam
3434 2504 3648 2560 diabolo
3686 2519 3803 2558 ser-

612 2586 740 2642 Plus
763 2587 950 2642 unicus
977 2601 1166 2643 sensus
1192 2601 1352 2656 quam
1379 2585 1657 2655 multiplex
1687 2603 1900 2645 census.
2216 2597 2354 2653 νει-θ,

606 2678 702 2733 Est
734 2680 949 2750 sapiens
981 2678 1210 2733 multum
1239 2679 1329 2749 qui
1360 2687 1505 2734 amat
1530 2678 1624 2734 Dei
1653 2680 1878 2736 cultum.
2294 2688 2540 2744 Dormire
2565 2702 2670 2744 non
2699 2688 2926 2745 multum
2955 2689 3226 2745 exhilarat
3249 2697 3476 2744 vultum.

610 2769 908 2826 Virﬁdelis
931 2777 1226 2825 coronatur
1253 2770 1304 2824 in
1338 2769 1509 2826 caelis.
2291 2779 2392 2846 Qui
2419 2793 2478 2834 se
2509 2777 2708 2835 fatetur
2739 2794 2911 2845 reum,
2943 2779 3123 2850 placat
3159 2780 3349 2834 Deum.

615 2865 954 2919 Bene-credit
990 2864 1079 2934 qui
1109 2865 1376 2918 neminem
1411 2864 1576 2920 laadit.
2296 2867 2395 2923 Ubi
2423 2878 2504 2923 est
2533 2884 2656 2923 vera
2689 2869 3030 2938 pmnitentia,
3064 2868 3134 2922 ibi
3160 2867 3249 2922 Dei
3278 2867 3583 2923 clementia.

618 2956 719 3023 Qui
749 2956 884 3010 fidus
913 2955 1114 3010 seniori
1145 2956 1486 3023 approximat
1513 2958 1726 3013 honori.
2294 2956 2518 3027 Oportet
2546 2959 2690 3012 enim
2719 2973 2941 3028 parcere
2965 2960 3054 3013 diu
3084 2959 3271 3029 positis
3299 2959 3351 3013 in
3387 2973 3629 3013 carcere.

617 3047 718 3114 Qui
743 3046 964 3102 confidit
995 3046 1048 3100 in
1075 3044 1185 3100 Deo
1209 3044 1366 3102 fortis
1391 3055 1473 3102 est
1500 3056 1557 3101 ut
1582 3049 1684 3104 leo.
2299 3050 2461 3105 Valde
2484 3050 2751 3120 decipitur
2775 3051 2866 3121 qui
2897 3067 3170 3122 nunquam
3199 3050 3494 3121 corripitur

616 3139 804 3195 Melius
837 3145 921 3192 est
953 3137 1007 3193 in
1037 3137 1148 3192 Deo
1183 3151 1402 3207 sperare
1431 3155 1604 3211 quam
1627 3141 1866 3212 .divitias
1897 3158 2124 3215 congre.
2291 3139 2608 3195 Amicabilis
2634 3141 2932 3214 increpatio
2960 3158 3065 3198 non
3093 3151 3176 3198 est
3199 3143 3495 3197 damnatio.

544 3244 692 3304 gare.
1636 3289 1644 3295 ,
2293 3215 2482 3287 Oleum
2507 3232 2810 3302 peccatoris
2837 3234 2955 3289 laus
2982 3244 3064 3290 est
3090 3232 3406 3288 adulatoris.

614 3323 929 3379 Fortissima
962 3336 1086 3392 spes
1113 3320 1384 3378 hcatilicat
1408 3337 1511 3378 res.
2147 3308 2191 3370 C
2295 3322 2395 3382 Ubi
2426 3322 2583 3393 longa
2617 3323 2872 3388 ebrietas,
2904 3323 2974 3378 ibi
3002 3324 3185 3380 brevis
3207 3335 3289 3378 est
3314 3323 3506 3394 pietas.

613 3415 865 3470 Charitas
891 3427 998 3470 non
1028 3411 1152 3468 ficta
1181 3412 1295 3467 odit
1324 3412 1539 3468 delicta.
2296 3415 2489 3470 Vinum
2519 3415 2745 3469 multum
2776 3424 2830 3469 et
2862 3413 3000 3470 forte
3028 3429 3216 3485 parum
3241 3413 3406 3468 distat
3442 3427 3471 3466 a
3499 3421 3696 3468 morte.

619 3506 720 3573 Qui
751 3504 926 3576 diligit
955 3502 1202 3566 fratrem,
1230 3501 1412 3574 placat
1437 3504 1604 3560 Deum
1642 3513 1697 3561 ct
1725 3518 1952 3577 patrem.
2291 3506 2396 3562 Per
2418 3506 2694 3576 crapulam
2723 3506 2830 3560 cibi
2859 3514 2913 3561 et
2937 3514 3096 3576 potus
3117 3505 3255 3574 perit
3285 3504 3448 3559 homo
3475 3511 3640 3559 totus.

615 3601 859 3668 Regnum
890 3595 1150 3652 caelorum
1183 3609 1286 3650 non
1317 3605 1401 3652 est
1425 3597 1748 3653 invidorum.
2291 3600 2396 3656 Per
2419 3599 2803 3655 moderantiam
2831 3597 3141 3668 pervenitur
3169 3597 3235 3651 ad
3265 3595 3674 3651 abundantiam.

618 3690 807 3744 Melius
836 3695 920 3744 est
951 3686 1226 3742 humiliari
1262 3702 1421 3756 quam
1451 3688 1700 3744 exaltari.
2292 3689 2640 3744 Mediocriter
2667 3689 2817 3758 plura
2846 3687 3042 3759 gaudet
3067 3697 3280 3742 natura.

619 3778 850 3834 Humilis
876 3779 1039 3833 homo
1068 3775 1362 3845 triumphat
1385 3776 1437 3831 in
1464 3778 1641 3833 domo.
2293 3781 2642 3836 Proverbium
2673 3797 2688 3835 :
2725 3777 2808 3834 Ne
2838 3779 2962 3847 quid
2991 3777 3142 3833 nimis
3169 3775 3416 3831 laudatur
3445 3777 3498 3830 in
3521 3775 3727 3846 primis.

616 3871 717 3938 Qui
747 3884 845 3940 per
876 3866 1042 3922 ardua
1072 3865 1241 3928 vadit.
1269 3867 1464 3937 saepius
1495 3869 1656 3924 cadit.
2292 3871 2510 3926 Iuvenis
2540 3860 2814 3926 animosus
2843 3883 3004 3925 senex
3034 3868 3090 3922 fit
3113 3867 3396 3939 gloriosus.

614 3962 731 4016 Viri
760 3960 919 4015 mites
944 3965 1175 4014 renuunt
1205 3957 1348 4012 lites.
1521 4025 1524 4028 ξ
2295 3961 2395 4028 Qui
2430 3963 2687 4032 torpescit
2715 3961 2843 4015 dum
2874 3961 3032 4023 calet,
3060 3959 3286 4031 frigidus
3309 3957 3448 4012 nihil
3473 3958 3639 4012 valet.

618 4057 717 4124 Qui
749 4052 962 4109 assidue
987 4051 1254 4114 riXantur,
1287 4066 1316 4104 a
1349 4052 1533 4120 paucis
1563 4064 1832 4110 amantur.
2294 4054 2394 4120 Qui
2420 4064 2569 4106 vacat
2603 4054 2654 4106 in
2680 4052 2981 4126 juventute,
3013 4052 3260 4106 turbatur
3287 4048 3341 4102 in
3370 4055 3676 4104 senectute.

619 4145 786 4200 Malos
819 4158 915 4215 pro
944 4141 1054 4198 Deo
1083 4139 1316 4195 tolerare
1343 4149 1426 4196 est
1451 4157 1730 4212 superare.
2295 4144 2484 4200 Fortes
2514 4144 2615 4198 viri
2642 4139 2897 4197 omnibus
2927 4150 3052 4195 sunt
3083 4139 3229 4194 miri.

614 4237 771 4292 Pacis
799 4235 996 4291 donum
1026 4231 1277 4286 omnibus
1306 4241 1388 4286 est
1410 4233 1632 4290 bonum.
2297 4235 2473 4308 Reges
2499 4245 2555 4291 et
2572 4234 2834 4306 praesides
2861 4248 2966 4287 non
2995 4234 3151 4288 decet
3177 4245 3300 4286 esse
3328 4231 3562 4287 desides.

615 4324 719 4394 Qui
747 4325 801 4380 in
830 4336 960 4392 pace
989 4321 1284 4376 fundantur
1315 4336 1419 4376 non
1453 4323 1820 4380 eradicantur.
2142 4321 2144 4324 ’
2296 4327 2478 4383 Mundi
2510 4335 2750 4381 rectores
2781 4331 2997 4393 aequent
3020 4338 3145 4378 eum
3184 4321 3402 4376 nomine
3436 4333 3636 4376 mores.

621 4415 928 4472 lncendium
957 4411 1222 4467 bellorum
1247 4414 1520 4482 corruptio
1547 4425 1631 4472 est
1663 4433 1892 4474 morum.
2295 4417 2412 4473 Viri
2441 4414 2781 4487 pontificales
2808 4412 3014 4470 sanctis
3045 4419 3170 4466 sunt
3192 4411 3446 4482 aequales.

619 4511 792 4565 llnmo
818 4507 1042 4577 pudicus
1069 4515 1150 4559 est
1177 4506 1370 4560 anima:
1401 4509 1628 4564 amicus.
2295 4509 2488 4564 Medici
2519 4509 2826 4562 animarum
2850 4503 3155 4559 cxorbitent
3189 4517 3398 4573 parum.

619 4603 722 4657 Ubi
753 4600 1004 4669 frequens
1035 4595 1266 4661 luxuria,
1291 4612 1398 4652 non
1423 4599 1596 4655 deerit
1625 4605 1870 4671 penuria.
2297 4601 2500 4658 Contra
2537 4599 2720 4671 lupum
2744 4597 2970 4670 vigilare
2999 4609 3086 4652 est
3112 4605 3298 4667 raptus
3325 4595 3514 4649 vitare.

616 4692 873 4760 voluptas
903 4688 1169 4743 mundana
1201 4704 1415 4758 semper
1443 4702 1526 4746 est
1555 4708 1713 4749 vana.
2150 4671 2200 4730 Ῑ)
2299 4692 2400 4760 Qui
2427 4691 2642 4746 viduam
2669 4688 2934 4755 defendit,
2959 4687 3024 4742 ad
3048 4685 3321 4742 Christum
3349 4699 3530 4756 regem
3563 4683 3745 4740 tendit.

617 4787 822 4842 Indicis
849 4779 1172 4838 sententiam
1205 4791 1418 4850 oportet
1447 4785 1597 4852 sequi
1624 4785 1994 4844 clementiam.
2299 4785 2401 4852 Qui
2424 4783 2660 4839 vindicat
2686 4781 2967 4852 pupillum,
3000 4779 3143 4836 Deus
3171 4787 3395 4835 coronat
3417 4777 3588 4832 illum.

619 4879 808 4936 ﬁdelius
850 4883 935 4931 est
983 4873 1252 4928 interdum
1309 4874 1588 4944 ignoscere
1626 4895 1789 4949 quam
1833 4881 2123 4938 vindictam
2299 4877 2604 4947 l-‘auperum
2624 4871 2934 4928 consolator
2955 4881 3037 4926 est
3059 4882 3278 4927 aeterna
3299 4869 3420 4924 vita:
3447 4875 3678 4923 amator.

549 4983 790 5038 ωδεθτθ·
2298 4969 2524 5037 Oportet
2546 4980 2740 5023 cavere
2775 4965 3067 5022 vanitatem
3103 4963 3306 5018 videre.

620 5060 723 5129 Qui
752 5057 1060 5117 miseretur,
1091 5054 1516 5113 misericordiam
1547 5070 1926 5129 consequetur.
2299 5060 2404 5113 Cor
2429 5057 2668 5113 incendit
2689 5056 2880 5111 oculus
2911 5063 2969 5108 ut
2998 5053 3250 5122 stipulam
3278 5050 3504 5106 foculus.

623 5157 856 5210 Verbum
893 5153 1137 5207 veritatis
1166 5151 1446 5207 subveniet
1465 5149 1740 5218 iudicatis.
2298 5151 2560 5219 Voluptas
2585 5164 2695 5204 non
2726 5147 2841 5201 visa
2871 5144 3031 5200 citius
3051 5144 3159 5199 erit
3181 5144 3335 5197 elisa.

625 5246 814 5299 Falsus
845 5246 897 5299 in
920 5260 1012 5300 ore
1049 5253 1200 5298 caret
1221 5245 1447 5297 honore.
2299 5241 2412 5307 Qui
2431 5242 2663 5296 libenter
2687 5241 2889 5293 bonum
2913 5236 3083 5302 audit,
3117 5235 3279 5291 corde
3301 5234 3467 5289 Deum
3494 5230 3718 5304 plaudit.

628 5336 725 5370 l‘n:
755 5335 985 5370 Γιὶῖαῖισιιο
1009 5337 1133 5370 uiri!
1186 5335 1361 5370 Λιηηὶιὶ
1393 5331 1586 5370 nonin"!

2301 5331 2488 5370 ιιιιιῑιιι
2519 5337 2598 5370 aut
2624 5343 2911 5370 nanum-pm
2943 5327 3128 5370 nndim
3157 5341 3316 5370 nilum
3342 5324 3571 5370 mnilum
3596 5321 3735 5370 Ινηι.
