4024 5370
281 255 419 318 ηςθ

1329 298 1336 306 ι
1406 258 1582 320 ACTA
1623 261 1868 325 SYNODI
1903 265 2248 330 ATREBAT.

3386 261 3410 314 1
3422 258 3525 316 970

278 367 529 425 carnibus
555 366 935 434 abstineretur,
979 367 1122 441 quod
1166 371 1399 429 nondum
1448 388 1570 432 erat
1614 378 1666 432 in
1722 396 1841 444 usu,
1873 389 1921 449 Α
1951 386 2073 440 tatis
2100 385 2358 455 virginem
2407 393 2507 436 nec
2547 375 2774 434 minoris
2800 373 3150 439 eruditionis,
3196 389 3315 444 quae
3354 376 3522 444 prima

279 459 438 529 ldque
493 458 664 514 solum
733 462 1151 528 exsequentibus
1213 463 1454 520 omnium
1500 478 1846 536 peccatorum

277 550 526 604 remissio
548 552 978 617 promitteretur;
1009 551 1073 607 iis
1093 553 1303 608 obstitit
1323 554 1597 611 Gerardus
1618 558 1847 615 maxime

276 638 584 694 doctissima
633 654 794 710 quam
842 641 1152 712 scripsitad
1181 643 1463 701 Beraldum
1493 645 1849 704 Suessioucn-

275 744 386 786 sem
417 743 472 787 et
514 731 794 788 Warinum
851 731 1228 793 Belvacensem
1278 740 1555 810 episcopos
1597 743 1846 812 epistola,

273 829 332 874 nt
371 819 609 876 reﬂerunt
650 820 962 895 Sigebertus
1001 836 1054 880 et
1079 825 1406 884 Baldericus.
1449 831 1637 887 Postea
1670 841 1848 888 tamen

273 910 340 965 ad
381 922 730 982 patronorum
763 915 1117 989 Treugaz-Dei
1164 923 1485 976 sententiam
1533 922 1703 980 ﬂexus
1744 933 1847 982 est.

276 1003 400 1070 lijus
439 1021 634 1064 nomen
665 1009 1028 1082 subscriptum
1059 1012 1254 1084 legitur
1281 1017 1332 1071 in
1365 1016 1558 1073 litteris
1586 1017 1656 1074 de
1681 1021 1848 1075 advo-

273 1097 414 1150 catia
445 1097 828 1157 Marcianensis
863 1104 1092 1160 abbatis:
1133 1105 1372 1162 Balduini
1409 1107 1680 1164 Flaudria:
1707 1125 1850 1164 mar-

275 1185 484 1241 chionis
521 1204 616 1243 an.
648 1191 817 1256 l008,
854 1201 908 1248 et
947 1194 1000 1248 in
1033 1195 1324 1264 diplomate
1356 1196 1572 1252 Henrici
1616 1197 1848 1271 impera-

274 1276 408 1332 toris
436 1294 534 1348 pro
565 1278 854 1336 Nivialensi
885 1285 1134 1340 coenobio
1172 1301 1260 1340 an.
1295 1285 1452 1342 1040.

343 1367 619 1424 Laudatur
645 1372 714 1426 ob
743 1374 1050 1428 restitutum
1081 1374 1198 1444 ejus
1226 1389 1327 1444 ope
1355 1376 1598 1430 ordinem
1633 1377 1846 1449 religio-

272 1459 356 1512 nis
402 1464 714 1518 monasticze
763 1481 883 1533 qua:
927 1481 1062 1536 pene
1108 1465 1401 1520 annihilata
1429 1475 1546 1521 erat
1576 1467 1627 1522 in
1660 1483 1845 1522 mona-

271 1551 438 1607 sterio
475 1550 842 1620 Malbodiensi,
882 1571 976 1625 per
1016 1556 1334 1610 Ansoaldem
1386 1573 1592 1628 magnae
1636 1557 1840 1614 sancti-

1951 471 2252 528 lilterarum
2274 471 2538 526 elementa
2567 469 2824 524 docuerat
2851 467 3074 520 fratrem
3099 479 3255 518 suum
3285 462 3528 519 Theode-

1953 563 2123 618 ricum
2180 571 2365 632 postea
2427 560 2675 616 abbatem
2731 567 2787 612 et
2835 555 3245 614 reformatorem
3308 552 3367 610 S.
3413 553 3528 610 llu-

1909 661 1912 665 ’
1953 655 2121 720 berti,
2171 664 2231 710 ut
2299 655 2458 709 docet
2516 653 2748 722 scriptor
2796 649 2932 706 Vita:
2980 646 3324 703 Theoderici.
3389 645 3535 701 Cum

1956 729 2286 816 Wipodone,
2317 744 2572 813 episcOpo
2618 739 2928 806 Leodiensi,
2971 736 3384 809 Engrobandum
3432 736 3526 789 ah-

1956 833 2133 890 batetn
2169 851 2200 890 a
2254 836 2512 906 regimine
2561 832 2878 888 Laubiensis
2940 827 3252 884 monasterii
3309 823 3522 896 repulit.

1948 926 2089 995 quod
2119 924 2450 980 saeculariter
2481 924 2688 978 vlveret
2729 937 2793 976 ac
2843 921 2979 975 bona
3031 916 3319 987 dissiparet
3347 929 3364 968 :
3392 913 3524 968 sub-

1949 1023 2136 1085 rogato
2168 1015 2217 1068 ei
2271 1012 2540 1068 Richardo
2577 1009 2900 1067 V’irdunensi
2953 1008 3168 1071 abbate,
3217 1021 3282 1061 ex
3331 1003 3522 1060 Baldo-

1949 1104 2085 1170 rico,
2147 1103 2240 1159 lib.
2290 1119 2370 1167 tu,
2423 1117 2541 1172 cap.
2609 1100 2695 1155 t5.
2747 1097 3003 1155 Restituit
3035 1111 3148 1151 rem
3204 1094 3554 1148 familiarem-

1947 1202 2000 1249 et
2055 1193 2343 1249 asceticam
2409 1191 2744 1261 disciplinam
2814 1189 2865 1242 in
2913 1184 3241 1244 monasterio
3295 1183 3353 1238 S.
3407 1182 3528 1238 Gis-

1950 1283 2076 1348 leni,
2115 1299 2144 1337 a
2188 1281 2410 1337 Simone
2454 1281 2646 1336 abbate
2674 1321 2689 1345 ,
2743 1279 2828 1334 cui
2877 1275 3155 1331 Verricum
3189 1273 3524 1343 subrogavit.

1949 1375 2354 1446 pessumdatas;
2408 1372 2712 1442 ibidemque
2759 1369 3008 1442 praestitit
3049 1368 3103 1423 in
3151 1367 3522 1433 Alto-lllonte,

1950 1466 2217 1523 revocatis
2256 1464 2616 1521 Benedictinis
2646 1463 2929 1526 institutis,
2960 1470 3018 1515 ut
3045 1461 3201 1516 docet
3245 1457 3528 1514 Bartholo-

1950 1573 2118 1612 matus
2146 1555 2332 1611 Fitzen
2359 1571 2390 1613 e
2417 1554 2616 1610 Societ.
2641 1552 2787 1620 Jesu,
2821 1553 2874 1607 in
2911 1541 3112 1607 Florib.
3154 1551 3342 1615 l.eod.,
3375 1564 3429 1618 p.
3466 1549 3520 1604 5.

274 1720 3528 1758 MM

821 1885 1195 2000 ACTA
1279 1887 1811 2003 SYNODI
1900 1882 2966 2000 ATREBATENSIS

1585 2104 1651 2158 IN
1694 2104 2141 2160 MANICIIEOS.

973 2260 1144 2330 (Actes
1169 2260 1231 2314 de
1251 2259 1302 2312 la
1331 2261 1572 2329 province
1601 2259 1988 2319 ecclésiastiaue
2013 2259 2077 2313 de
2106 2259 2302 2324 Reims,
2329 2267 2456 2314 tom.
2488 2257 2552 2322 ll,
2582 2272 2704 2327 pag.
2737 2257 2813 2328 6.)

1599 2534 2221 2628 MONITUM.

343 2743 427 2800 Un
452 2742 629 2826 levain
657 2743 723 2826 de
752 2745 1444 2826 lfbérésiemauichéenne,
1481 2760 1588 2826 que
1624 2745 1728 2802 l‘on
1756 2746 1963 2826 croyait
2004 2744 2415 2826 avoir'd‘étruitc
2440 2743 2470 2799 ὲ
2497 2741 2734 2826 _0rléans
2757 2757 2822 2826 en
2853 2741 3007 2826 ερεξ.
3038 2741 3526 2826 fermenta’i‘t'soutf-

268 2815 489 2886 dement
517 2815 651 2886 dans
676 2816 724 2870 Ie
748 2816 960 2872 diocese
990 2816 1242 2880 d‘Arras;
1275 2834 1365 2872 ces
1395 2810 1670 2871 doctrines
1701 2810 2068 2886 pernicieuses
2098 2813 2513 2886 u‘écbappereut
2551 2828 2647 2883 pas
2684 2812 2716 2867 ὸ
2738 2811 2816 2886 _la
2859 2813 3124 2886 vigilance
3170 2813 3237 2886 de
3287 2810 3518 2875 Gérard,

266 2884 473 2964 évéque
500 2885 564 2964 de
591 2884 1164 2964 QumbraietAd'At-ras
1186 2905 1208 2964 _:
1242 2887 1277 2942 il
1307 2888 1370 2964 tit
1405 2883 1728 2964 rechercher
1763 2887 1842 2940 les
1877 2887 2158 2964 geptaires,
2188 2883 2629 2964 lesinterrogea,
2653 2883 2822 2964 etles
2850 2883 2908 2964 llt
2938 2885 3300 2964 comparaltre
3330 2897 3396 2936 au
3416 2899 3520 2964 sx-

269 2951 412 3009 node
435 2954 564 3024 qu‘il
595 2956 716 3016 tint,
746 2969 812 3008 en
842 2955 996 3021 1025,
1026 2959 1158 3011 dans
1185 2958 1234 3012 la
1266 2956 1578 3011 cathédrale
1603 2957 1846 3012 d'Arras.
1887 2955 2138 3012 D'autres
2161 2955 2364 3079 prelats
2389 2951 2640 3012 s‘éta’ieut
2665 2952 2824 3009 laissé
2853 2951 3090 3023 tromper
3116 2967 3216 3023 par
3243 2951 3321 3008 les
3349 2951 3524 3033 artill-

269 3040 361 3079 ces
387 3023 454 3078 de
483 3039 573 3079 ces
603 3025 939 3079 hérétinues:
969 3026 1191 3079 Gérard.
1223 3042 1358 3079 nour
1387 3029 1598 3079 arréter
1619 3026 1695 3079 les
1724 3027 1946 3079 ornares
1971 3029 2040 3079 du
2069 3042 2154 3079 ma
2182 3067 2198 3079 .
2227 3026 2416 3079 écrivit
2445 3025 2476 3079 ξι
2512 3025 2620 3079 l'un
2660 3024 2727 3079 de
2755 3040 2844 3079 ces
2873 3023 3092 3079 nrélats.
3125 3037 3229 3079 (tne
3256 3023 3360 3078 l'on
3386 3031 3524 3078 crett

2182 3067 2198 3091 9

264 3040 361 3098 ces
387 3023 465 3098 de
483 3039 573 3080 ces
602 3025 939 3098 heretiques;
969 3026 1191 3098 Gerard,
1223 3042 1358 3098 pour
1387 3029 1598 3081 arréter
1619 3026 1695 3098 les
1724 3027 1946 3097 progrés
1971 3029 2040 3081 du
2069 3042 2154 3081 ma

2227 3026 2416 3098 écrivit
2445 3025 2476 3081 ἐι
2512 3025 2620 3082 l'un
2660 3024 2727 3082 de
2755 3040 2844 3082 ces
2873 3023 3092 3098 prélats,
3125 3037 3229 3095 que
3256 3023 3360 3078 l'on
3386 3023 3554 3080 creit-

264 3095 386 3152 etre
412 3095 674 3162 Renauld,
705 3095 914 3168 éveque
942 3097 1009 3154 de
1034 3095 1296 3170 Liége,'et
1319 3097 1394 3153 lui
1421 3098 1639 3154 adressa
1663 3095 1740 3153 les
1769 3095 1917 3153 ac’tes
1943 3098 2010 3154 de
2039 3112 2136 3154 son
2165 3097 2390 3169 synode.

1257 3400 1777 3496 GERARDI
1850 3335 2486 3493 EPlSTOLA.

339 3583 427 3649 Β..
471 3585 703 3640 nominis
747 3586 1007 3656 dignitate
1044 3596 1100 3643 et
1139 3589 1492 3661 prmrogativa
1527 3592 1839 3646 meritorqu
1874 3596 1916 3656 Β
1947 3600 2084 3657 rent,
2137 3606 2238 3647 nec
2293 3603 2510 3646 causam
2558 3588 2812 3659 pun.eudi
2861 3588 3153 3642 inventam.
3200 3583 3396 3638 Verum
3451 3583 3555 3637 illi‘

263 3675 535 3744 episcopo,
559 3675 864 3741 Gsntnnus,
883 3676 1082 3732 nullius
1097 3678 1272 3733 meriti
1297 3679 1667 3749 coepiscopus,
1691 3681 1844 3750 quid-

263 3765 392 3835 quid
417 3767 483 3821 ad
516 3767 728 3822 beatam
757 3770 920 3823 vitam
949 3771 1308 3839 praestantius.

334 3855 468 3912 Cum
504 3857 680 3914 nobile
709 3859 988 3930 ingenium
1005 3869 1059 3916 et
1086 3862 1424 3931 prudentiam
1455 3873 1689 3920 vestram
1717 3881 1848 3920 con-

262 3947 464 4014 sidero,
492 3964 597 4003 non
624 3951 758 4005 adeo
786 3951 1024 4007 demiror
1051 3953 1290 4022 potuisse
1319 3954 1553 4009 nefarios
1577 3954 1842 4023 homines,

261 4039 464 4094 erroris
492 4040 684 4110 spiritu
718 4043 1032 4113 magicatos,
1075 4045 1128 4099 in
1171 4044 1406 4115 aliquam
1434 4046 1587 4115 pravi
1619 4047 1843 4117 dogma-

263 4128 334 4183 tis
368 4129 706 4200 conspirasse
755 4132 1109 4200 dementiam;
1167 4135 1265 4190 sed
1313 4135 1380 4190 ad
1439 4136 1844 4206 inquisitionem

259 4231 497 4277 vestram
525 4224 758 4294 qualiter
795 4225 1134 4282 dissimulare
1157 4228 1450 4297 potuerint,
1489 4237 1548 4282 ut
1575 4242 1673 4284 vos
1695 4227 1848 4283 falle-

260 4321 399 4375 reut,
452 4311 798 4370 vehementer
843 4323 1056 4385 stupeo.
1103 4315 1238 4372 Nam
1285 4318 1570 4387 quosdam,
1625 4326 1684 4372 ut
1729 4318 1845 4387 ipse

261 4405 435 4469 scitis,
467 4405 770 4478 hujusmodi
800 4409 1044 4463 homines
1073 4409 1126 4463 iu
1156 4409 1354 4466 ﬁnibus
1381 4411 1579 4466 vestris
1618 4411 1843 4466 cohabi—

261 4503 427 4560 tasse,
461 4497 602 4552 sicut
627 4500 768 4554 veris
797 4500 1009 4555 indiciis
1034 4503 1525 4580 comprobavimus,
1562 4503 1846 4561 retulimus

259 4588 509 4641 charitati
549 4598 762 4645 vestrm.
819 4591 985 4659 Quos,
1032 4593 1160 4662 quia
1197 4603 1404 4650 terrore
1442 4595 1688 4667 supplicii
1719 4613 1843 4668 spe-

257 4679 394 4735 ciem
421 4681 694 4752 religionis
715 4684 1133 4752 mentiebantur,
1163 4687 1526 4755 indemnatos,
1568 4688 1720 4743 velut
1764 4689 1848 4744 in-

256 4769 468 4835 noxios,
511 4773 662 4827 abire
698 4776 1039 4843 permisistis.
1077 4775 1228 4844 Quod
1267 4777 1482 4847 quidem
1523 4781 1576 4834 in
1607 4778 1711 4834 illis
1735 4778 1849 4834 ειη-

256 4863 440 4917 cacior
461 4863 526 4916 ad
554 4865 949 4923 subvertendos
975 4869 1245 4939 simplices
1269 4884 1433 4926 causa
1459 4872 1687 4938 exstitit,
1711 4871 1847 4926 sim-

1945 3698 2158 3753 quoque
2191 3681 2302 3752 qui,
2343 3680 2492 3736 missi
2525 3679 2594 3735 ab
2619 3679 2694 3736 eis
2721 3678 2787 3734 ad
2808 3677 3171 3733 seductionem
3197 3672 3523 3743 huiusmodi,

1941 3774 2011 3829 ad
2052 3789 2148 3830 nos
2187 3776 2535 3839 devenerant,
2584 3769 2956 3842 comprehensi
3007 3767 3175 3823 multa
3224 3765 3524 3823 dissimula-

1946 3867 2090 3922 tione
2136 3865 2464 3932 renitcbant,
2509 3866 2643 3922 adeo
2683 3874 2740 3920 ut
2780 3863 2942 3919 nullis
2987 3861 3264 3932 suppliciis
3307 3869 3524 3930 possent

1944 3958 2062 4028 cogi
2093 3958 2159 4013 ad
2189 3957 2600 4024 confessionem,
2633 3955 2803 4011 donec
2825 3969 2920 4025 per
2943 3969 3035 4010 cos
3058 3953 3225 4022 ipsos,
3257 3963 3392 4018 quos
3412 3947 3532 4016 jam

1944 4050 2080 4121 pene
2101 4050 2287 4104 eodem
2310 4049 2392 4105 sui
2415 4038 2619 4105 erroris
2639 4046 2904 4102 maleﬁcio
2927 4045 3248 4108 imbuerant,
3271 4039 3541 4104 convicti,_

1945 4141 2162 4197 tandem
2202 4156 2311 4196 suae
2351 4148 2512 4196 secta:
2555 4137 2890 4210 disciplinam
2929 4136 3124 4208 partim
3165 4131 3324 4188 nobis
3357 4145 3524 4200 expo-

1943 4242 2186 4290 suerunt.
2224 4233 2289 4287 Et
2308 4242 2429 4304 post
2451 4232 2651 4303 aliqua,
2683 4246 2802 4302 quae
2822 4243 2881 4285 se
2913 4239 3095 4284 tenere
3124 4241 3189 4282 ex
3218 4222 3525 4295 evangeliea

1942 4332 1998 4380 et
2045 4323 2335 4392 apostolica
2384 4322 2625 4378 doctrina
2675 4318 3092 4382 mentiebantur,
3139 4313 3389 4370 dicebant
3431 4312 3528 4365 ba-

1944 4414 2215 4486 ptismatis
2245 4412 2556 4484 mysterium
2579 4420 2631 4467 et
2661 4409 2925 4467 Dominici
2959 4405 3201 4477 corporis
3231 4413 3289 4460 et
3313 4401 3528 4473 sangui-

1944 4511 2030 4566 nis
2046 4519 2442 4566 sacramentum
2459 4508 2660 4564 nullum
2677 4522 2812 4570 esse,
2845 4515 2900 4562 et
2921 4505 3120 4561 idcirco
3147 4500 3524 4571 rejiciendum,

1946 4601 2050 4657 nisi
2081 4598 2441 4656 simulationis
2485 4615 2648 4654 causa
2681 4598 3107 4660 ministraretur;
3156 4589 3529 4662 penitentiam

1947 4693 2082 4748 nihil
2116 4690 2184 4746 ad
2219 4690 2447 4746 salutem
2493 4691 2788 4761 prolicere;
2829 4687 3144 4759 conjugatos
3190 4693 3530 4750 nequaquam

1949 4785 2016 4840 ad
2043 4799 2268 4856 regnum
2295 4783 2592 4854 pertinere;
2619 4791 2672 4837 et
2701 4790 2894 4838 caetera
2924 4794 3043 4850 quae
3073 4776 3232 4845 hujus
3253 4773 3416 4828 libelli
3447 4784 3535 4823 sc-

1951 4875 2172 4946 (ιυθηιίιι
2212 4874 2450 4930 indicant
2480 4873 2576 4945 (5).
2617 4872 2771 4941 Quod
2802 4871 2924 4925 ideo
2961 4871 3028 4924 de
3061 4863 3213 4918 vobis
3251 4860 3534 4917 remanda-

253 4959 487 5025 plicibus
521 4969 700 5015 autem
733 4964 1062 5034 scrupulum,
1110 4983 1174 5022 ne
1221 4981 1324 5020 non
1363 4968 1662 5025 audiendos
1692 4965 1842 5022 aesti-
1869 4947 1916 5011 (ἶ
1947 4983 2090 5033 mus,
2118 4979 2185 5020 ne
2226 4963 2532 5020 simulatam
2557 4961 2869 5032 religionem
2902 4971 3089 5013 eorum
3110 4960 3203 5006 aut
3235 4948 3540 5022 co‘uiposita

252 5059 489 5114 uiareut,
524 5050 726 5120 injecit,
765 5069 900 5124 quos
932 5069 1063 5112 vero
1093 5057 1342 5113 examine
1383 5059 1656 5118 discussos
1685 5056 1840 5114 audi-

331 5163 397 5174 --ι
445 5168 456 5176 ι

1187 5168 1398 5196 ι..ε...ε..ε,.
1430 5174 1690 5202 -..μυηεο
1718 5171 1832 5206 Αιςῖἓι

1950 5057 2115 5114 verba
2145 5055 2332 5109 audire
2361 5053 2620 5109 debeatis.

1947 5176 2019 5210 ita
2078 5172 2129 5210 la
2169 5169 2476 5210 nnrnntnirn
2551 5165 2897 5210 l’inx'nralitm
2940 5168 3035 5210 ales
3068 5159 3263 5210 saints.
3317 5162 3366 5210 IL‘
3408 5157 3552 5210 culto
