4024 5370
225 136 356 204 ιὶῖό

1417 145 1594 202 ACTA
1637 143 1884 201 srnom
1923 121 2260 200 nasum.

3350 135 3484 192 i9.“

222 241 568 310 descendisse
623 273 640 306 ι
674 253 870 310 donum
897 277 912 307 ι
964 256 1112 322 dicit,
1162 274 1266 327 non
1325 269 1374 315 te
1431 260 1796 324 scandalizet,
1829 261 1877 326 Α
1905 257 2171 314 malorum
2202 257 2347 312 vitiis
2375 263 2722 310 attenuatur:
2759 272 2777 306 ι
2813 252 2970 322 Quia,
3007 267 3180 323 neque
3213 251 3306 323 qui
3333 252 3486 324 plan-

221 343 343 412 quia
375 358 497 399 cum
529 345 808 401 descendit
839 362 868 401 a
913 346 1097 414 Patre,
1145 349 1424 406 descendit
1465 362 1520 406 et
1558 366 1592 406 a
1635 350 1799 417 Filio,

220 434 343 502 quia
376 435 489 507 ipse
511 436 587 492 ait
615 456 626 490 :
656 458 672 489 ι
694 437 806 509 Ego
827 448 881 494 et
902 437 1061 496 Pater
1080 457 1244 498 unum
1267 457 1452 498 sumus
1465 441 1646 513 (Joau.
1672 443 1750 512 ι).
1774 463 1795 496 ι

218 522 346 580 Jure
396 526 561 600 igitur
601 529 677 582 ait
716 529 1005 599 Apostolus
1025 531 1170 600 quod
1207 551 1225 583 ι
1259 533 1374 602 ipse
1418 533 1491 587 sit
1537 531 1717 602 justus
1746 541 1800 590 et

213 615 517 683 justificans
542 638 560 670 ι
596 619 773 691 (Rom.
798 622 880 693 ιιι)
903 624 1104 687 omnia,
1127 640 1232 678 non
1272 626 1639 695 comparative
1676 626 1793 696 qui-

217 707 336 762 dem
356 707 561 778 justus,
586 722 644 766 ut
683 714 853 782 possit
876 716 1059 784 augeri
1092 715 1174 769 vel
1198 715 1387 783 minui,
1417 718 1512 774 sed
1541 717 1799 773 immuta-

217 797 399 855 biliter
428 811 482 857 et
511 805 871 860 essentialitcr
890 806 1091 875 justus.

290 891 676 951 Verumtamen
706 896 828 953 talis
859 906 913 953 et
947 907 1130 956 tantus
1156 899 1249 954 Dei
1280 899 1468 967 Filius,
1501 899 1641 956 sicut
1669 916 1800 956 nar-

220 994 304 1039 rat
347 988 698 1059 evangelista,
746 991 892 1046 venit
943 992 997 1046 in
1043 992 1263 1050 Galilzca
1315 994 1370 1048 in
1397 993 1689 1049 Jordanem
1731 993 1800 1048 ad

218 1075 498 1146 Joannem,
532 1090 589 1135 ut
621 1083 993 1153 baptizaretur
1023 1084 1196 1140 abeo.
1239 1084 1363 1150 Cui,
1396 1102 1517 1142 cum
1553 1103 1618 1142 ex
1649 1085 1801 1141 infir-

218 1171 424 1226 mitatis
442 1175 658 1245 pr0pria
676 1176 1010 1232 conscientia
1027 1175 1390 1232 ministerium
1407 1187 1705 1243 recusaret,
1722 1177 1802 1231 ait

216 1259 481 1320 Dominus
507 1283 519 1318 :
565 1283 583 1317 ι
621 1265 750 1322 Sine
779 1268 968 1337 modo;
993 1269 1073 1324 sic
1096 1269 1242 1324 enim
1271 1269 1426 1326 decet
1453 1286 1552 1326 nos
1576 1286 1796 1326 omnem

211 1354 476 1425 justitiam
493 1355 944 1427 implere(Mauh.
959 1359 1064 1430 ιιι).
1081 1379 1098 1411 ι
1119 1358 1257 1427 Quid
1280 1361 1462 1415 enim?
1484 1360 1542 1415 ln
1556 1377 1663 1431 quo
1677 1370 1800 1416 erat

220 1444 380 1500 totius
392 1445 923 1518 plenitudojustitiae,
941 1458 996 1506 et
1018 1451 1431 1506 immutabiliter
1443 1461 1498 1507 et
1519 1453 1798 1523 incompa-

219 1536 460 1594 rabiliter
479 1537 660 1608 justus
686 1549 738 1596 et
755 1540 1064 1611 justifieans
1092 1543 1275 1598 omnia
1297 1554 1450 1609 erat;
1481 1545 1721 1615 nunquid
1747 1545 1799 1601 ei.

1905 356 2002 414 tat,
2035 347 2241 420 aliquid
2275 357 2383 413 est,
2415 362 2586 417 neque
2615 346 2704 417 qui
2736 346 2891 416 rigat,
2930 345 3023 400 sed
3052 344 3144 415 qui
3183 344 3489 401 incremen-

1903 447 2016 495 tum
2047 439 2160 504 dat,
2192 438 2334 494 Deus
2374 437 2424 509 (Ι
2469 437 2590 492 Cor.
2623 437 2725 506 ιιι).
2764 455 2783 489 ι
2818 435 2972 491 Unde
3009 444 3060 492 et
3096 435 3207 506 ipse
3240 435 3490 492 minister

1902 547 2066 603 super
2093 530 2424 600 baptizatum
2457 546 2560 584 non
2590 529 2758 586 dicit:
2797 548 2815 580 ι
2845 529 2976 598 Ego,
3007 528 3120 595 sed,
3151 528 3293 586 Deus
3313 530 3491 586 omni.

1901 633 2119 696 potens,
2147 621 2310 677 Pater
2340 623 2552 677 Domini
2594 620 2765 676 nostri
2791 619 2918 676 Jesn
2948 621 3172 687 Christi,
3201 622 3292 692 qui
3325 630 3376 677 te
3403 636 3494 692 ge-

1905 716 2122 772 neravit
2149 730 2212 770 ex
2244 727 2384 784 aqua
2423 722 2480 768 et
2523 712 2730 784 Spiritu
2760 721 2969 776 sancto,
2992 711 3193 782 quique
3217 711 3365 767 dedit
3391 712 3489 768 tibi

1901 807 2276 863 remissionem
2329 803 2574 860 omnium
2622 812 3000 875 peccatorum,
3050 803 3164 873 ipse
3214 811 3265 858 te
3313 803 3494 859 linivit

1900 899 2198 964 chrismate
2242 897 2434 954 salutis
2482 897 2534 952 in
2589 897 2755 954 vitam
2806 907 3135 954 aeternam.»
3169 896 3284 964 Qua
3327 897 3379 952 in
3428 913 3495 955 re

1900 990 2248 1060 perspicuum
2277 997 2363 1046 est
2404 989 2531 1060 quia
2563 989 2674 1044 vita
2717 989 2952 1045 ministri
2982 988 3117 1044 nihil
3142 989 3366 1060 derogat
3403 989 3492 1045 his

1897 1083 1991 1153 qui
2037 1082 2105 1136 de
2149 1081 2573 1152 Spiritunsancto
2601 1081 2916 1150 concipiunt
2945 1081 3200 1136 virtutem
3241 1081 3489 1138 sanctiflo

1899 1173 2152 1241 cationis,
2201 1173 2504 1243 presertim
2559 1187 2681 1227 cum
2731 1171 2874 1226 inter
2920 1181 3146 1232 cmteros
3197 1172 3495 1243 discipulos

1897 1265 2092 1322 Judam
2125 1264 2365 1322 futurum
2395 1265 2604 1320 Domini
2637 1264 2955 1321 traditorem
2993 1265 3300 1335 baptizasse
3344 1267 3492 1338 lega-

1898 1371 2048 1421 mus;
2087 1365 2294 1411 etcum
2333 1355 2696 1426 rebaptizatos
2745 1369 2936 1411 omnes
2981 1371 3012 1410 a
3061 1357 3340 1429 discipulis
3386 1359 3492 1415 Do-

1898 1447 2030 1501 mini
2062 1446 2251 1514 fuisse,
2281 1462 2418 1517 quos
2443 1445 2682 1503 Joannes
2711 1445 2953 1518 Baptista
2983 1447 3037 1504 in
3071 1464 3210 1520 aqua
3241 1452 3494 1522 baptiza-a

1901 1548 2078 1605 verat,
2100 1539 2369 1606 sciamus;
2398 1539 2605 1596 nullum
2630 1549 2830 1609 tamen,
2850 1557 3010 1613 quem
3033 1541 3200 1598 Judas
3221 1544 3493 1614 baptizas—

215 1625 416 1700 aliquid
431 1647 460 1686 a
475 1631 714 1703 perfecta
735 1633 946 1702 justitia
959 1636 1168 1702 deerat,
1184 1643 1242 1690 ut
1266 1639 1334 1691 ad
1360 1635 1686 1706 implendam
1701 1636 1796 1706 juo

1906 1637 2009 1695 set,
2034 1630 2230 1686 iterato
2257 1629 2406 1687 fonte
2431 1631 2672 1687 ablutum
2700 1633 3026 1704 reperimus.
3058 1632 3195 1690 Nam
3219 1634 3265 1690 si
3291 1635 3495 1707 impro-

215 1722 420 1778 stitiam
455 1725 749 1780 materialis
777 1741 932 1796 aqum
956 1726 1173 1784 ﬂuentis
1195 1737 1249 1784 et
1275 1727 1608 1799 baptizantis
1635 1728 1801 1784 mini-

215 1816 384 1869 sterio
415 1815 712 1887 indigeret?
740 1817 910 1874 Porro
939 1821 982 1875 si
1009 1821 1110 1895 hoc
1133 1820 1474 1893 baptismatis
1497 1822 1802 1880 ministerio

219 1907 286 1962 ad
313 1907 666 1978 supplendam
689 1910 957 1980 justitiam
987 1913 1281 1984 indigebat,
1311 1931 1417 1970 non
1442 1915 1682 1986 perfecte
1708 1919 1802 1985 ,ἰιιτ

215 2009 354 2064 stus,
373 2016 470 2056 nec
485 2000 791 2070 justiﬁcans
811 2005 990 2058 omnia
1019 2013 1158 2060 erat.
1187 2005 1328 2061 Nihil
1353 2008 1496 2063 enim
1523 2008 1798 2076 impletur,

215 2090 318 2146 nisi
346 2093 431 2146 cui
471 2092 539 2147 de
581 2108 792 2148 summa
841 2094 1192 2165 plenitudinis
1225 2096 1427 2168 aliquid
1458 2098 1618 2153 desit.
1670 2097 1795 2153 Ple-

217 2183 406 2237 nitudo
436 2184 579 2238 enim
613 2196 949 2241 crementum
979 2203 1084 2241 non
1107 2196 1286 2258 potest
1314 2189 1580 2260 accipere.
1612 2189 1802 2258 Justus

216 2277 384 2347 igitur
410 2293 516 2334 non
549 2281 788 2350 perfecte
827 2290 976 2348 erat;
1010 2283 1152 2351 quod
1193 2283 1348 2339 nefas
1379 2292 1465 2340 est
1491 2285 1557 2341 de
1583 2283 1801 2355 Deoju-

215 2367 418 2422 dicare.
454 2367 511 2422 Si
562 2379 743 2424 autem
783 2368 963 2437 justus
1000 2371 1197 2438 fuerat,
1243 2373 1377 2428 nihil
1425 2389 1456 2429 a
1504 2374 1798 2444 baptismo,

214 2473 325 2526 quo
351 2473 504 2514 suam
536 2459 1121 2530 suppleretjustitiam,
1152 2464 1398 2534 accipere
1422 2473 1673 2535 poterat,
1703 2464 1800 2520 sed

214 2550 644 2618 immutabiliter,
674 2560 729 2608 et
768 2553 1035 2624 perfecte,
1077 2565 1132 2610 et
1160 2571 1372 2613 summe
1409 2558 1590 2627 justus
1638 2564 1796 2625 erat;

214 2637 384 2707 igitur
437 2641 702 2710 baptizari
748 2658 852 2697 non
900 2644 1195 2715 indigebat.
1228 2645 1336 2700 Cur
1371 2661 1502 2719 ergo
1531 2647 1748 2703 dicebat
1782 2665 1796 2701 :

221 2747 240 2780 ι
273 2728 365 2785 Sic
394 2731 550 2788 decet
583 2749 680 2788 nos
713 2749 928 2790 omnem
960 2737 1184 2806 implere
1211 2737 1498 2806 justitiam,
1529 2759 1547 2791 ι
1581 2740 1672 2808 qui
1701 2755 1801 2796 nec

214 2821 481 2892 baptizari
512 2824 809 2896 indigebat,
844 2841 944 2882 nec
971 2827 1205 2897 justitia,
1233 2845 1337 2899 qua
1387 2830 1574 2901 plenus
1601 2833 1801 2887 redun-

215 2911 408 2978 dabat,
436 2929 546 2984 quo
569 2903 913 2985 suppleretur
936 2933 1033 2989 per
1066 2919 1392 2989 baptismum
1418 2921 1682 2978 habebat?
1714 2925 1800 2979 lu-

215 3003 432 3073 digebat
461 3013 630 3070 certe,
671 3022 778 3062 non
809 3009 934 3073 sibi,
972 3010 1064 3065 sed
1107 3009 1286 3067 nobis.
1330 3009 1606 3068 Justitiam
1649 3030 1797 3084 qum—
1827 2989 1876 3050 ο

215 3094 370 3150 rebat
394 3095 637 3166 implere,
673 3114 778 3153 non
803 3115 980 3166 suam,
1011 3101 1104 3156 sed
1133 3110 1394 3158 nostram.
1423 3101 1556 3158 Nam
1585 3120 1804 3176 semper

216 3185 273 3240 in
298 3194 504 3243 aeterno
529 3187 647 3256 ejus
671 3183 898 3246 consilio
935 3192 1135 3247 mansit
1154 3193 1370 3262 generis
1398 3196 1616 3252 humani
1649 3213 1804 3266 repa-

219 3275 380 3343 ratio,
403 3285 480 3342 et,
507 3277 760 3335 discretis
787 3282 1122 3352 spiritualius
1145 3295 1610 3342 sacramentorum
1626 3289 1807 3344 obser-

217 3371 442 3438 vantiis,
470 3374 614 3443 quod
643 3375 983 3444 profuturum
1017 3385 1072 3432 et
1102 3380 1464 3434 necessarium
1504 3380 1571 3435 ad
1608 3393 1806 3438 nostra:

217 3466 583 3533 reparationis
607 3477 727 3522 erat
751 3467 1026 3535 effectum,
1055 3471 1157 3526 hoc
1179 3486 1278 3541 per
1305 3489 1500 3528 manus
1529 3474 1807 3544 dispensa-

218 3564 398 3609 tarum
426 3555 710 3613 visibiliter
751 3561 918 3614 voluit
956 3561 1348 3628 administrari,
1381 3563 1476 3620 sed
1519 3565 1808 3623 invisibili-

219 3653 324 3710 ter,
347 3660 606 3716 0perante
635 3648 840 3720 Spiritu
874 3661 1082 3718 sancto,
1113 3654 1348 3725 impleri.

291 3737 458 3805 Cujus
488 3741 562 3795 rei
596 3743 769 3812 gratia
799 3743 1027 3813 plurima
1054 3745 1104 3800 in
1131 3757 1323 3802 sancta
1358 3747 1599 3803 Ecclesia
1629 3753 1846 3828 provig

220 3828 323 3884 dus
359 3829 619 3888 Dominus
661 3833 897 3889 instituit
941 3848 1306 3900 sacramenta.
1352 3839 1427 3914 [ej
1457 3844 1652 3912 quibus
1697 3844 1806 3914 pri—

221 3937 372 3976 munt
402 3921 468 3976 ad
490 3926 914 3993 regenerationis
928 3929 1242 4000 mysterium
1267 3932 1502 3988 instituit
1521 3935 1808 4005 baptisma-

217 4013 292 4066 tis
320 4028 496 4075 usum.
537 4012 706 4070 Porro
758 4017 1087 4087 naptismum
1128 4019 1338 4088 Graece,
1391 4021 1588 4078 Latine
1628 4025 1811 4079 tiuctio‘

215 4103 628 4176 interpretatur,
663 4109 787 4178 quia
817 4109 888 4164 ibi
915 4111 1077 4165 homo
1099 4112 1291 4184 spiritu
1318 4115 1506 4184 gratiae
1535 4115 1586 4170 in
1612 4115 1806 4172 melius

215 4195 541 4250 immutatur
592 4208 648 4253 et
706 4200 862 4270 longe
919 4201 1064 4256 aliud
1112 4219 1272 4273 quam
1329 4205 1508 4260 fuerat
1555 4206 1803 4263 efﬁcitur.

215 4287 378 4343 Prius
406 4289 549 4343 enim
575 4289 701 4346 fmtli
728 4307 944 4348 eramus
975 4294 1320 4352 deformitate
1349 4306 1716 4366 peccatorum,
1749 4301 1802 4353 in

1903 1719 1971 1775 ba
1999 1719 2109 1775 vita
2137 1719 2418 1776 traditoris
2441 1721 2718 1778 nocuisset
2750 1723 3116 1795 baptizandis,
3145 1739 3493 1796 nequaquam

1902 1811 2012 1877 ille,
2059 1811 2152 1882 qui
2204 1828 2397 1869 omnes
2446 1823 2673 1870 venerat
2714 1814 2948 1882 salvare,
2979 1825 3259 1884 pateretur
3305 1817 3359 1872 in
3397 1817 3496 1874 illo

1901 1902 2016 1960 solo
2045 1903 2314 1974 baptisma
2339 1905 2536 1973 perire.
2579 1903 2683 1959 Sed
2712 1905 2838 1975 quia
2871 1906 3077 1961 malitia
3106 1908 3346 1964 hominis
3378 1925 3493 1964 non

1901 2002 2078 2063 potest
2107 1994 2428 2050 imminuere
2469 1994 2669 2050 divinae
2694 2010 2832 2064 opus
2859 1997 3095 2064 virtutis,
3125 1999 3296 2055 noluit
3330 2015 3489 2068 repe-

1903 2095 2018 2140 tere
2054 2084 2199 2154 quod
2237 2085 2398 2140 homo
2429 2086 2855 2153 ministraverat,
2902 2087 3137 2158 Spiritus
3177 2091 3494 2148 sanctifica~

1899 2183 2073 2228 verat.
2106 2173 2300 2241 Porro,
2349 2184 2583 2232 testante
2616 2177 2799 2232 divina
2847 2176 3151 2248 Scriptura,
3187 2181 3492 2238 audivimus

1902 2280 2058 2336 reges
2102 2281 2327 2339 magnos
2365 2266 2534 2324 fuisse
2561 2269 2616 2324 in
2647 2269 2972 2338 Jerusalem,
2999 2273 3094 2343 qui
3138 2273 3489 2329 administra-

1901 2361 2033 2416 bant
2096 2375 2186 2416 res
2245 2361 2508 2430 quasdam
2569 2362 2910 2431 pertinentes
2969 2364 3036 2420 ad
3089 2362 3484 2436 Babyloniam,

1901 2451 2164 2523 quosdam
2238 2466 2369 2507 vero
2458 2453 2606 2509 cives
2674 2452 2988 2525 Babylonia:
3068 2457 3486 2518 administrasse

1898 2563 1989 2604 res
2038 2548 2360 2604 Jerusalem.
2424 2547 2517 2605 Sic
2561 2549 2744 2620 itaque
2811 2549 3065 2604 novimus
3120 2549 3271 2606 cives
3332 2549 3491 2606 bona:

1899 2641 2138 2710 civitatis
2214 2639 2625 2696 administrasse
2705 2653 2796 2697 res
2880 2639 3034 2694 malae
3091 2639 3369 2706 civitatis,
3434 2651 3494 2698 et

1900 2743 2120 2791 econtra
2151 2734 2300 2790 cives
2329 2733 2484 2788 mala:
2511 2733 2750 2788 civitatis
2772 2732 3184 2790 administrasse
3212 2748 3302 2791 res
3329 2733 3487 2790 bonze

1902 2827 2160 2890 civitatis.
2195 2826 2253 2882 Si
2285 2841 2415 2898 ergo
2443 2825 2748 2897 respublica
2774 2826 2931 2883 bona:
2959 2827 3198 2883 civitatis
3223 2843 3321 2898 per
3345 2827 3492 2884 cives

1905 2918 2216 2991 Babylonia:
2242 2919 2362 2975 sine
2392 2919 2475 2974 sui
2501 2918 2856 2990 corruptione
2883 2918 3250 2974 administrari
3279 2919 3454 2990 potuit
3472 2959 3494 2985 ,

1905 3021 2110 3082 quanto
2153 3013 2324 3084 magis
2357 3020 2756 3068 sacramentum
2783 3012 2928 3082 quod
2955 3013 3066 3068 vim
3100 3012 3497 3069 sanctificatio-

1906 3109 1991 3163 nis
2014 3124 2109 3177 per
2141 3108 2469 3164 invisibilem
2500 3108 2673 3164 sancti
2711 3106 2952 3176 Spiritus
2977 3107 3348 3176 operationem
3369 3120 3498 3162 con-

1907 3197 2059 3268 cipit,
2083 3213 2113 3252 a
2144 3185 2325 3268 pravis
2354 3198 2618 3252 ministris
2644 3212 2750 3253 non
2777 3197 3166 3268 corrumpitur,
3199 3213 3322 3253 cum
3347 3196 3498 3252 aliud

1907 3290 1976 3346 sit
2001 3291 2145 3360 quod
2193 3291 2434 3346 exterius
2472 3290 2671 3358 agitur,
2705 3289 3001 3344 exhibente
3040 3289 3314 3353 ministro,
3349 3287 3500 3342 aliud

1907 3382 2051 3453 quod
2100 3382 2324 3436 interius
2371 3380 2698 3444 viviﬁcatur,
2737 3381 3014 3434 animante
3051 3378 3253 3449 Spiritu
3281 3388 3496 3434 sancto.

1907 3473 2036 3529 Inde
2073 3483 2156 3529 est
2185 3473 2349 3543 quod,
2393 3487 2516 3527 cum
2546 3472 2782 3528 Joannes
2831 3473 2886 3526 in
2917 3471 3212 3540 Evangelia
3251 3471 3456 3526 diceret
3480 3488 3495 3502 ο

1913 3583 1932 3617 ι
1965 3565 2102 3633 Quia
2158 3565 2448 3620 audierunt
2491 3563 2752 3620 Pharisaei
2782 3563 2924 3633 quod
2961 3562 3118 3619 Jesus
3168 3563 3498 3634 baptizabat,

1908 3654 2154 3724 quamvis
2206 3655 2320 3723 ipse
2366 3669 2474 3709 non
2524 3653 2859 3723 baptizaret,
2911 3652 3005 3708 sed
3080 3652 3328 3722 discipuli
3380 3651 3500 3722 ejus

1911 3747 2093 3817 (Ιοιιη.
2125 3743 2223 3814 1v),
2257 3765 2274 3797 ι
2312 3745 2364 3799 in
2407 3744 2511 3800 hoc
2545 3744 2836 3815 quamdam
2875 3744 3151 3816 operantis
3180 3743 3274 3798 Dei
3304 3752 3360 3800 et
3397 3745 3498 3800 ad-

1909 3835 2286 3891 tninistratorii
2311 3835 2473 3890 oﬂicii
2500 3836 2885 3891 discretionem
2917 3833 3087 3890 voluit
3121 3833 3382 3905 intelligi;
3413 3835 3500 3888 vi-

1908 3928 2104 3983 delicet
2129 3936 2210 3994 ut,
2237 3928 2288 3982 in
2314 3942 2379 3983 eo
2407 3927 2550 3998 quod
2585 3927 2770 3983 Jesum
2821 3928 2953 3984 dicit
2981 3927 3282 3996 baptizare,
3313 3927 3499 3982 invisi-

1909 4019 2070 4074 bilem
2115 4019 2311 4074 divina:
2355 4019 2574 4074 virtutis
2617 4019 2856 4075 insinuet
2899 4019 3309 4090 operationem;
3343 4019 3395 4073 in
3432 4033 3505 4073 eo

1907 4127 2039 4167 vero
2071 4112 2217 4182 quod
2244 4110 2515 4167 subdidit:
2541 4131 2559 4162 ι
2583 4109 3004 4182 quamvisJesus
3031 4125 3134 4165 non
3165 4110 3500 4179 baptizaret,

1909 4204 2003 4260 sed
2035 4202 2284 4271 discipuli
2308 4201 2448 4272 ejus,
2481 4221 2499 4254 ι
2533 4217 2638 4256 non
2669 4202 2734 4256 de
2765 4211 3024 4271 operante
3054 4201 3273 4264 virtute,
3305 4201 3400 4254 sed
3424 4201 3501 4255 de

1912 4295 2110 4352 visibili
2139 4294 2551 4365 exsequentium
2581 4294 3052 4350 administratione
3088 4294 3294 4348 dictum
3338 4293 3502 4348 intel-

216 4377 334 4448 ipsa
355 4343 1802 4455 tinctione
1829 4343 1885 4406 Β
1910 4343 2124 4457 ligatur.
2168 4343 2336 4455 Igitur
2358 4384 2410 4438 in
2433 4383 2774 4454 baptizandis
2803 4383 3049 4440 fidelibus
3071 4382 3214 4437 aliud
3243 4390 3329 4438 est
3352 4383 3504 4452 quod

215 4470 384 4539 Cujus
414 4475 729 4545 mysterium
769 4492 874 4532 non
905 4467 1084 4543 aliter,
1123 4479 1224 4533 nisi
1257 4481 1358 4535 sub
1390 4479 1672 4536 Trinitatis
1709 4482 1802 4537 de-

216 4565 545 4636 signatione,
574 4569 624 4622 id
645 4578 750 4634 cst,
775 4570 970 4637 Patris,
1001 4582 1056 4628 et
1091 4573 1234 4645 Filii,
1262 4583 1317 4629 et
1348 4573 1586 4645 Spiritus
1628 4578 1802 4633 sancti

217 4655 712 4725 cognominatione,
757 4661 1077 4734 completur.
1130 4644 1283 4720 Unde
1329 4644 1588 4722 Dominus
1619 4668 1686 4722 ad
1723 4668 1805 4723 di-

214 4745 458 4816 scipulos
490 4766 502 4800 :
536 4767 552 4797 ‹
578 4748 672 4815 lte,
707 4751 905 4821 inquit.
941 4753 1130 4810 docete
1166 4770 1357 4810 omnes
1378 4766 1590 4826 gentes,
1622 4759 1802 4828 bapti-

217 4843 408 4889 nantes
455 4851 550 4891 eos
587 4838 642 4893 in
691 4843 909 4896 nomine
956 4841 1152 4913 Patris,
1184 4854 1241 4900 et
1286 4845 1431 4914 Filii,
1469 4859 1526 4906 et
1569 4850 1805 4921 Spiritus

217 4925 394 4981 sancti
416 4925 634 5000 (Matth.
651 4931 860 5002 xxviii).
889 4952 908 4985 ›
929 4931 1078 5000 Quod
1099 4935 1315 5007 quidem
1337 4943 1653 5011 mysterium
1677 4958 1706 4997 a
1729 4957 1812 4998 se-.

216 5018 388 5073 cretis
429 5019 746 5089 virtutibus,
792 5021 876 5078 vel
923 5039 953 5076 a
997 5028 1167 5082 sacris
1214 5041 1625 5092 sacramentum
1674 5034 1807 5090 dici-

217 5116 348 5176 tur;
383 5111 529 5180 quod
576 5111 694 5168 ideo
731 5126 898 5184 penes
943 5113 1242 5174 Ecclesium
1291 5115 1575 5186 fructuose
1601 5126 1806 5197 agitur,

217 5199 346 5267 quia
372 5208 595 5257 sanctus
621 5202 674 5255 in
703 5218 768 5258 eo
793 5203 1124 5264 descendens
1150 5205 1392 5275 Spiritus
1428 5219 1682 5275 eumdem
1716 5231 1805 5270 sa-

215 5292 485 5347 cramenti
518 5292 749 5350 latenter
785 5302 1038 5364 operatur
1066 5298 1346 5355 effectum.
1380 5301 1540 5366 Unde
1572 5326 1667 5366 seu
1712 5324 1810 5370 per

1911 4473 2256 4530 invisibiliter
2292 4471 2522 4528 cﬂicitur
2555 4489 2650 4545 per
2679 4471 2938 4543 Spiritum
2966 4480 3304 4543 operantem,
3349 4472 3500 4528 aliud

1911 4567 2055 4638 quod
2089 4565 2375 4622 visibiliter
2403 4567 2693 4624 exhibetur
2721 4581 2819 4638 per
2849 4566 3162 4622 ministrum
3189 4565 3506 4633 obsequen,

1912 4671 2042 4720 tem.

1980 4755 2134 4825 Quod
2177 4763 2358 4810 autem
2401 4769 2498 4825 per
2547 4753 2887 4810 materialem
2932 4765 3130 4824 aquam
3171 4747 3510 4818 baptismum

1914 4851 2092 4915 datur,
2132 4849 2246 4902 haec
2290 4847 2427 4901 ratio
2450 4854 2532 4902 est
2567 4865 2579 4899 :
2628 4845 2796 4901 voluit
2833 4860 2978 4899 enim
3008 4839 3272 4897 Dominus
3311 4849 3373 4894 ut
3421 4857 3514 4897 res

1916 4943 2001 4998 illa
2032 4938 2320 4996 invisibilis
2348 4953 2444 5008 per
2471 4947 2890 5008 congruentem,
2922 4937 3016 4990 sed
3041 4929 3286 5004 profecto
3312 4941 3516 4989 tracta-

1917 5036 2101 5101 bilem,
2145 5045 2258 5085 rem
2310 5038 2364 5083 et
2412 5029 2628 5086 visibile
2676 5028 3089 5096 impenderetur
3135 5021 3517 5092 elementum;

1921 5141 2080 5199 super
2121 5121 2267 5192 quod
2297 5118 2533 5189 Spiritus
2569 5129 2794 5177 sanctus
2840 5118 3118 5175 ferebatur
3147 5113 3202 5166 in
3231 5115 3516 5185 principio.

1921 5220 2054 5275 Nam
2084 5214 2230 5271 sicut
2261 5227 2357 5282 per
2385 5225 2586 5280 aquam
2627 5217 2897 5286 purgatur
2925 5205 3168 5266 exterius
3189 5218 3413 5274 corpus,
3449 5209 3523 5262 ita

1919 5313 2155 5368 latenter
2201 5301 2318 5370 ejus
2363 5303 2626 5370 mysterio
2675 5291 3000 5370 puriticatur
3027 5305 3084 5353 et
3113 5293 3346 5350 animus.
3380 5296 3529 5352 Invo-
