4024 5370
490 151 622 213 4273

1446 142 1752 215 causam
1786 153 1809 213 t
1844 151 2375 213 causascausrs
2404 139 2714 213 EPISCOPI

3627 155 3651 214 l
3663 155 3760 214 £76

487 262 699 327 delictis
719 269 998 340 inquinata
1030 270 1340 325 muudetur.
1371 270 1436 325 Et
1455 271 1555 336 sic,
1584 271 1637 325 iu
1667 279 1842 325 morte
1865 252 2067 323 Christi
2096 257 2145 332 Α
2172 274 2324 337 cepta
2353 254 2538 326 tenere
2558 268 2758 336 dicitis,
2785 276 2843 324 et
2868 267 2952 326 his
2973 269 3245 326 contraria
3268 271 3601 343 praedicatis.
3634 272 3760 330 Nam

486 374 542 420 et
573 362 624 417 in
650 360 1051 417 resurrectione
1070 358 1209 429 ejus,
1242 360 1484 432 polentia
1510 359 1852 432 baptismatis
1875 372 2070 413 novam

486 448 794 513 ereaturam
825 453 1011 510 condit
1034 470 1099 509 ex
1132 464 1335 516 vetere,
1380 463 1440 509 ut
1479 457 1533 508 in
1572 451 1980 508 renascentibus
2018 459 2073 506 et

483 560 634 600 mors
661 544 862 601 Christi
892 553 1149 613 operetur
1196 544 1269 598 et’
1294 543 1426 608 vita,
1476 542 1693 599 dicente
1728 542 1886 597 beato
1924 542 2071 612 Δίιος-

484 636 658 692 stolo:
686 653 707 687 ι
734 637 814 691 An
858 635 1118 707 ignoratis
1158 635 1284 707 quia
1338 635 1645 706 quicunque
1696 633 1952 703 baptizati
1980 648 2073 689 su-

486 741 607 783 ntus
633 728 684 781 in
702 714 926 782 Christo
945 724 1093 793 .lcsu,
1113 727 1166 780 in
1189 736 1362 782 morte
1388 727 1553 798 ipsius
1573 726 1829 798 baptizat.
1853 725 2073 781 sumus?

486 817 788 890 consepulti
816 816 960 873 enim
991 833 1179 873 sumus
1210 833 1332 873 cum
1378 817 1470 871 illo
1514 831 1613 887 per
1642 816 1969 886 baptismum
2019 816 2074 872 in
2098 824 2119 851 κ

486 919 684 976 morte,
742 918 804 965 ut
845 910 1116 979 quomodo
1163 908 1403 964 surrexit
1427 906 1677 963 Christus
1711 921 1810 976 per
1842 905 2073 978 gloriam

488 1001 684 1064 Patris,
716 1000 793 1057 ita
817 1010 873 1057 et
897 995 998 1057 nes
1023 1001 1077 1056 in
1100 994 1343 1057 novitate
1368 992 1495 1055 vitm
1513 998 1852 1055 ambulemus
1895 997 2073 1069 (Rom.

488 1094 585 1163 vt).
611 1113 632 1148 ι
663 1093 813 1150 Unde
841 1092 1134 1149 notandum
1158 1093 1301 1163 quia,
1329 1092 1381 1147 in
1415 1091 1752 1162 baptismatis
1780 1089 1984 1162 regula,
2018 1097 2076 1145 et

488 1201 638 1243 mors
666 1185 959 1241 intervenit
985 1183 1366 1240 iuterfectione
1394 1185 1624 1256 peccati,
1652 1191 1703 1239 et
1737 1183 2073 1254 sepulturam

490 1279 797 1335 triduanam
826 1278 1069 1333 imitatur
1096 1277 1237 1332 trina
1280 1275 1566 1338 demersio,
1599 1283 1654 1330 et
1680 1274 1750 1329 ab
1771 1274 1926 1344 aquis
1965 1272 2074 1329 ele-

488 1371 1000 1443 vatio~resurgeutis
1027 1370 1198 1425 instar
1215 1379 1299 1425 est
1323 1370 1389 1424 de
1416 1367 1684 1439 sepulcro.
1715 1366 1917 1422 Deinde
1942 1370 2077 1422 'vero

488 1463 631 1520 sacri
657 1461 969 1519 chrismatis
992 1446 1620 1531 unctione'perfunditt'tr
1657 1444 1862 1524 infans,
1886 1444 1965 1512 ex.
1984 1469 2077 1511 cu-

481 1556 574 1625 jus
594 1556 812 1612 nomine
838 1554 1087 1611 Christus
1116 1554 1333 1618 dicitur,
1373 1562 1430 1608 et
1459 1552 1620 1607 homo
1651 1561 1771 1622 post
1798 1550 2073 1606 lavacrum

2172 365 2227 413 et
2253 357 2583 429 evangelista
2614 358 2785 429 refert
2814 360 2939 430 quia
2988 380 3008 414 ι
3043 357 3201 419 Jesus
3237 364 3387 418 venit
3419 373 3475 420 et
3495 365 3766 444 ~discipuli

2173 447 2291 519 ejus
2335 448 2387 503 in
2418 447 2682 519 Judazam,
2733 458 2789 507 et
2828 450 2900 507 ibi
2951 451 3339 508 demorabatur
3379 469 3505 509 cum
3553 457 3663 519 eis,
3717 466 3769 511 et

2174 538 2478 611 baptizabat
2504 538 2686 611 (Joan.
2721 542 2828 613 tu).
2875 559 2894 594 ι
2938 540 3041 610 Qui
3079 543 3333 614 baptismi
3361 554 3768 599 sacramentum

2173 640 2229 689 et
2257 634 2686 704 regenerationis
2711 628 3005 709 potentiam
3034 636 3232 702 sanxit,
3258 636 3479 707 quando
3501 635 3571 691 de
3602 638 3772 693 latere

2173 723 2292 794 ejus
2322 724 2656 797 proﬂuerunt
2686 714 2907 798 sanguis
2952 727 3337 799 redemptionis
3381 738 3437 785 et
3486 744 3631 800 aqua
3680 728 3773 782 ba-

2177 818 2472 890 ptismatis.
2534 818 2686 876 Unde
2738 818 2974 876 Joannes
3023 819 3339 891 apostolus:
3379 838 3399 872 ι
3430 820 3571 876 Tres
3620 831 3768 885 sunt,

2175 910 2369 982 inquit,
2395 913 2486 982 qui
2510 912 2880 968 testimoniqu
2909 914 3038 968 dant
3060 914 3112 968 in
3146 923 3308 978 terra,
3336 912 3584 985 spiritus,
3609 928 3772 983 aqua,

2174 1015 2230 1063 et
2258 1007 2479 1079 sanguis
2511 1005 2560 1078 (1
2588 1006 2749 1062 Joan.
2778 1008 2861 1079 ν).
2905 1025 2924 1059 ι
2968 1005 3161 1062 Petrus
3186 1022 3338 1072 vero,
3367 1007 3453 1063 cui
3479 1005 3775 1078 primatum

2175 1096 2431 1176 Ecclesiae
2460 1096 2720 1152 Dominus
2749 1095 3074 1170 contulerat,
3125 1096 3251 1152 dum
3296 1094 3640 1152 credentium
3673 1112 3773 1151 nu-

2176 1180 2384 1245 merum
2411 1189 2713 1259 promissus
2744 1189 2916 1245 sancti
2947 1187 3183 1260 Spiritus
3210 1187 3443 1260 replevit
3483 1189 3776 1257 adventus,

2180 1280 2284 1335 tria
2332 1280 2499 1336 millia
2532 1280 2812 1335 hominum
2840 1294 2935 1337 sua
2963 1279 3345 1351 praedicatione
3380 1293 3781 1335 conversorom

2179 1385 2320 1442 aqua
2353 1370 2697 1443 baptismatis
2725 1370 3084 1438 consecravit,
3121 1371 3262 1427 sicut
3302 1369 3479 1426 Lucas
3520 1379 3781 1437 testatur,

2180 1461 2398 1518 dicens:
2430 1481 2448 1515 ι
2486 1461 2579 1519 His
2608 1462 2807 1519 auditis
2836 1463 3144 1536 compuncti
3174 1463 3509 1528 sunteorde,
3546 1472 3603 1518 et
3630 1463 3775 1520 dixe-

2140 1614 2147 1619 ,
2179 1562 2306 1608 runt
2331 1555 2396 1609 ad
2418 1553 2637 1610 Petrum
2660 1562 2710 1609 et
2736 1552 2973 1626 reliquos
2997 1553 3303 1625 apostolos:
3327 1551 3469 1622 Quid
3491 1554 3796 1620 faciemus,

490 1646 882 1704 sanctiﬁcatur.
938 1644 1072 1702 Nam
1117 1646 1258 1701 sicut
1305 1644 1355 1699 in
1409 1644 1678 1714 baptismo
1728 1651 2079 1712 peccatorum
2110 1642 2158 1704 Β
2187 1647 2288 1701 viri
2339 1646 2586 1703 fratres?
2634 1647 2828 1703 Petrus
2878 1662 3008 1703 vero
3056 1648 3125 1703 ad
3165 1646 3322 1702 illos:
3363 1645 3781 1711 Paenitentiam,

490 1737 749 1797 remissio
781 1737 962 1803 datur,
1017 1737 1089 1791 ita
1128 1751 1225 1806 per
1252 1735 1563 1791 unctionem
1593 1732 1831 1803 Spiritus
1857 1731 2081 1788 adhibe-

491 1842 599 1889 tur.
636 1831 767 1902 Qute
793 1831 919 1888 licet
953 1820 1247 1887 carnaliter
1279 1828 1707 1896 administretur,
1732 1828 2082 1899 spiritualiter

490 1935 671 1981 tamen
699 1920 948 1998 proﬁcit;
979 1924 1120 1980 sicut
1154 1932 1210 1980 et
1240 1924 1356 1994 ipsa
1391 1921 1737 1992 baptismatis
1768 1922 1964 1995 gratia,
1994 1922 2080 1977 vi-

489 2017 663 2074 sibilis
693 2010 845 2073 aetus
873 2025 976 2082 est,
1014 2003 1158 2088 quod
1192 2017 1245 2071 in
1283 2031 1422 2087 aqua
1454 2014 1748 2087 mergitur;
1783 2014 1877 2070 sed
1914 2014 2080 2096 spiri-

493 2110 653 2167 tnalis
714 2108 970 2173 cﬂicilur,
1034 2106 1176 2178 quod
1239 2106 1451 2164 delictis
1514 2107 1830 2162 mundatur.
1890 2105 2082 2161 Manus

490 2201 768 2272 impositio
810 2200 931 2256 ideo
974 2199 1034 2255 lit
1075 2206 1134 2255 ut
1177 2214 1275 2269 per
1320 2198 1755 2255 benedictionem
1789 2199 2083 2255 advocatus

490 2293 752 2350 invitetur
794 2292 1033 2365 Spiritus
1082 2301 1321 2349 sanctus.
1372 2290 1524 2347 Tunc
1556 2291 1701 2346 enim
1744 2289 2082 2358 Paracletus,

490 2393 615 2456 post
642 2372 901 2443 mundata
930 2376 1186 2455 corpora,
1230 2368 1461 2438 libens‘a
1491 2381 1654 2437 Patre
1684 2380 1984 2447 descendit;
2028 2389 2085 2436 et

491 2476 646 2545 quasi
689 2490 853 2547 super
898 2476 1151 2547 baptismi
1196 2490 1396 2546 aquam
1425 2474 1571 2529 velut
1608 2488 1770 2545 super
1798 2473 2083 2545 pristinam

490 2567 676 2624 sedem
723 2580 1119 2640 recognoscens
1172 2565 1425 2636 quiescit.
1482 2563 1618 2620 Nam
1669 2562 1867 2633 legitur
1914 2564 2084 2635 quia:

498 2678 517 2711 ι
559 2658 923 2731 luprincipio
971 2648 1207 2730 Spiritus
1254 2657 1350 2713 Dei
1400 2656 1678 2715 ferebatur
1712 2670 1879 2729 super
1914 2672 2087 2728 aquas

491 2746 864 2820 (Cenem);
975 2754 979 2758 '
1104 2762 1107 2769 ‘
1416 2772 1417 2775 η
1516 2760 1523 2769 ’
1624 2770 1707 2781 ν·

508 2874 513 2887 ς
567 2838 774 2896 Hocest
797 2839 1028 2911 primum
1045 2847 1244 2895 nostrae
1273 2839 1634 2911 reparationis
1662 2846 2085 2905 sacramentum,

495 2933 563 2989 ad
610 2934 755 3003 quod
792 2931 1220 2988 confirmandum
1273 2932 1555 2997 Dominus,
1606 2932 1802 2987 nullius
1840 2933 2087 3004 indigens

494 3024 817 3080 remissione
843 3024 1051 3094 peccati
1074 3039 1175 3080 nec
1202 3024 1444 3080 remedio
1468 3025 1807 3089 renascendi,
1832 3040 1954 3080 cum
1976 3038 2084 3079 non

498 3114 725 3172 haberet
773 3116 916 3186 quod
974 3117 1131 3185 aquis
1184 3116 1449 3188 potuisset
1494 3116 1764 3182 mundari,
1798 3125 1978 3172 tamen
2022 3116 2090 3173 ad

498 3208 760 3267 Joannem
795 3208 951 3280 aquis
993 3207 1297 3264 Jordauicis
1342 3208 1723 3279 baptizandus,
1755 3209 1897 3264 sicut
1922 3216 2092 3265 evan-‘

498 3300 690 3373 gelista
714 3299 898 3366 docet,
948 3298 1257 3355 festinavit.
1280 3295 1379 3353 Cui
1420 3291 1695 3353 recusanti
1723 3298 1828 3352 ait:
1881 3315 1900 3350 ι
1960 3297 2090 3354 Sine

500 3392 684 3463 modo,
726 3392 807 3450 sic
846 3391 994 3448 enim
1030 3392 1186 3448 decet
1209 3406 1306 3447 nos
1331 3406 1548 3447 onmem
1576 3389 1801 3462 implere
1820 3390 2089 3462 justitiam

502 3484 717 3557 (Matth.
765 3486 890 3557 tu);
937 3505 956 3537 ι
1000 3500 1066 3540 ac
1114 3484 1161 3539 si
1206 3484 1448 3540 diceret:
1501 3483 1820 3555 Exemplum
1849 3484 2091 3545 prmbcre

501 3579 680 3635 omnis
728 3579 975 3650 iustitiae,
1016 3588 1074 3634 ut
1104 3578 1355 3633 videlicet
1400 3578 1614 3634 discant
1671 3591 1860 3632 omnes
1906 3564 2092 3634 lidcles

502 3673 773 3729 neminem
800 3685 959 3742 posse
981 3672 1184 3742 absque
1214 3671 1484 3741 baptismo
1506 3669 1817 3739 jnstilicari,
1843 3669 2091 3741 quamvis

503 3756 823 3820 innocenter
876 3779 940 3818 ac
983 3764 1131 3834 joste
1162 3763 1327 3817 vivat.
1367 3761 1605 3817 Joannes
1635 3776 1763 3817 vero
1787 3761 1865 3817 ait
1898 3780 1912 3815 :
1962 3779 1981 3812 ι
2025 3761 2092 3816 Et

501 3871 603 3929 ego
625 3844 935 3911 nesciebam
963 3868 1086 3909 cum
1115 3852 1317 3925 (Joan.
1351 3862 1421 3925 υς
1454 3872 1472 3905 ι
1499 3868 1563 3908 ac
1599 3852 1646 3909 si
1669 3852 1873 3909 diceret
1897 3870 1910 3907 :
1938 3850 2093 3922 Igno-

502 3950 692 4007 rabam
739 3964 862 4007 eum
906 3947 1180 4018 primum;
1241 3947 1334 4003 sed
1363 3946 1550 4002 videns
1575 3960 1699 4001 eum
1727 3945 1827 4001 sibi
1854 3943 2092 4001 retinere

500 4043 858 4114 baptismum,
895 4040 1134 4097 intellexi
1170 4039 1296 4109 quia
1323 4039 1411 4094 hic
1433 4046 1551 4092 erat
1589 4036 1681 4106 qui
1718 4036 2090 4107 baptizaturus

502 4143 621 4190 erat
643 4134 697 4189 in
722 4132 931 4204 Spiritu
974 4138 1184 4196 sancto,
1214 4140 1269 4185 et
1300 4126 1442 4202 [in]
1476 4126 1850 4183 remissionem
1893 4130 2090 4197 pecca-

505 4238 704 4282 torum.
742 4225 898 4280 Sicut
928 4225 1042 4299 ipse
1062 4223 1230 4278 dixit:
1278 4240 1298 4274 ι
1345 4221 1522 4290 Super
1547 4233 1706 4290 quem
1735 4218 1940 4274 videris
1969 4218 2093 4289 Spi-

505 4318 670 4371 ritum
694 4315 1111 4371 descendentem
1143 4323 1198 4369 et
1228 4322 1533 4369 manentem
1557 4326 1720 4382 super
1746 4325 1826 4377 se,
1877 4309 1968 4365 ille
2007 4317 2091 4365 est

501 4395 596 4476 qui
618 4391 861 4477 baptizat
882 4406 936 4460 in
959 4405 1163 4476 Spiritu
1192 4414 1382 4459 sancto
1405 4401 1615 4474 (lbid.).
1649 4420 1668 4454 ι
1693 4401 1872 4468 Quare
1902 4400 2093 4456 notan-

503 4499 629 4553 dum
658 4495 897 4569 estquia
927 4493 1260 4564 impossibile
1305 4503 1389 4550 est
1431 4507 1759 4564 quemquam
1808 4490 1875 4546 ad
1916 4490 2091 4567 perfe-

502 4600 650 4648 ctum
667 4588 896 4664 juStitia:
928 4589 1044 4644 sine
1088 4586 1457 4658 regenerantis
1481 4573 1634 4656 aquae
1661 4586 1922 4658 mysterio
1949 4584 2092 4655 aspi-

502 4696 668 4751 rare,
735 4682 971 4738 maxime
1024 4695 1149 4736 cum
1195 4692 1359 4750 opera
1397 4676 1623 4746 iustitia:
1668 4678 1810 4734 hanc
1862 4677 2090 4749 gratiam

503 4764 1100 4835 CornelioCmsariensi
1131 4773 1262 4830 dare
1293 4787 1397 4827 non
1428 4771 1726 4842 potuerint,
1756 4772 1928 4828 donec
1967 4786 2090 4826 eum

502 4886 626 4928 cum
673 4868 822 4926 omni
874 4866 1080 4922 familia
1130 4880 1227 4920 sua
1271 4856 1501 4920 salutari
1542 4862 1683 4918 unda
1716 4863 1908 4918 Petrus
1937 4863 2090 4918 inno-

504 4961 671 5026 vavit,
701 4973 866 5030 super
902 4972 1038 5028 quos
1069 4955 1308 5026 Spiritus
1339 4963 1564 5012 sanctus
1594 4963 1719 5009 ante
1767 4954 2090 5024 baptismum

507 5052 752 5106 inaudito
799 5049 1092 5120 praeeuntis
1139 5048 1329 5119 gratia:
1373 5045 1623 5116 exemplo
1651 5043 1865 5109 cecidit,
1902 5051 1958 5098 ut
1990 5042 2093 5098 hac

508 5139 795 5197 manifesta
824 5140 918 5195 Dei
964 5140 1166 5194 virtute
1211 5138 1484 5192 animatus
1511 5135 1703 5190 Petrus
1738 5148 1965 5203 regnum
1996 5131 2093 5186 Dei

512 5236 762 5304 gentibus
820 5235 1079 5304 aperiret,
1138 5250 1297 5303 quem
1351 5250 1474 5290 eum
1530 5233 1743 5288 caeteris
1793 5212 2095 5304 discipulis,

514 5344 583 5370 nn.
632 5328 684 5370 in
749 5329 887 5370 viam
947 5331 1184 5370 anntinm
1245 5328 1437 5370 nhirnl.
1494 5325 1753 5370 Dominus
1795 5333 1921 5370 1mm
1982 5338 2100 5370 mn-

2182 1737 2378 1808 inquit,
2401 1738 2566 1808 agite,
2611 1746 2667 1793 et
2710 1736 3016 1808 baptizetur
3057 1737 3426 1808 unusquisque
3455 1748 3697 1792 vestrum
3722 1737 3782 1791 in

2183 1832 2403 1888 nomine
2428 1831 2555 1887 Jesu
2579 1828 2782 1887 Christi
2820 1831 2870 1886 in
2912 1830 3290 1907 remissionem
3323 1839 3697 1901 peccatorum,
3723 1838 3778 1883 et

2183 1922 2465 1993 accipietis
2504 1916 2770 1993 Spiritum
2813 1932 3059 1977 sanctum
3089 1920 3225 1993 (Act.
3260 1922 3347 1992 ιι).
3392 1939 3411 1972 ι
3452 1920 3592 1976 Aliis
3610 1922 3778 1976 etiam

2182 2015 2426 2087 pluribus
2454 2002 2634 2069 verbis
2677 2014 3067 2069 exhortabatur
3097 2028 3191 2069 eos
3222 2012 3405 2068 dicens
3442 2026 3459 2066 :
3512 2032 3533 2062 ‹
3585 2010 3778 2067 Salva-

2183 2107 2317 2162 miui
2367 2122 2396 2161 a
2449 2105 2800 2178 generatione
2847 2104 2948 2159 ista
2996 2118 3164 2174 prava
3191 2102 3398 2174 (Ibid.).
3442 2121 3463 2156 ι
3497 2101 3602 2170 Qui
3648 2118 3779 2174 ergo

2185 2208 2507 2271 receperunt
2547 2212 2852 2255 sermonem
2908 2192 3025 2262 eius
3068 2196 3321 2266 baptizati
3348 2204 3499 2261 sunt,
3530 2205 3587 2249 et
3613 2211 3778 2266 appo-

2185 2280 2304 2349 sita:
2327 2300 2453 2347 sunt
2479 2290 2673 2345 animae
2699 2288 2754 2343 in
2783 2288 2873 2343 illa
2903 2288 2990 2343 die
3016 2293 3239 2343 ctr‘cuer
3264 2288 3367 2342 tria
3401 2286 3592 2341 millia.
3636 2287 3775 2342 Pau-

2184 2382 2272 2439 lus
2299 2382 2487 2444 etiam,
2534 2380 2689 2452 cujus
2735 2394 2834 2435 vos
2874 2377 3178 2435 doctrinam
3210 2387 3393 2433 tenere
3421 2377 3776 2448 proﬁtemini,

2184 2473 2381 2529 divinae
2409 2471 2618 2543 injuria:
2648 2470 2828 2541 pomis
2859 2467 3104 2536 all‘ectus,
3132 2469 3201 2524 ab
3225 2468 3435 2524 Anania
3472 2469 3779 2540 baptizatus

2186 2577 2301 2633 est;
2354 2567 2449 2639 qni
2494 2574 2549 2621 et
2590 2566 2704 2636 ipse
2732 2564 3103 2641 {postmodum
3150 2561 3401 2633 Crispum
3426 2560 3700 2617 etCainm
3727 2569 3782 2617 et

2185 2660 2475 2733 Stephana:
2496 2659 2716 2715 domum
2737 2673 2797 2715 se
2816 2656 3120 2728 baptizasse
3142 2648 3293 2712 dicit.
3313 2653 3599 2727 Philippus
3617 2654 3781 2709 etiam

2186 2754 2505 2810 Eunuchum
2534 2750 2800 2807 Caudacis
2827 2749 3050 2822 regium,
3100 2746 3168 2802 ab
3219 2742 3523 2802 Jerusalem
3550 2743 3782 2800 redeun~

2189 2860 2320 2918 tem,
2352 2850 2405 2904 iu
2432 2863 2572 2919 aqua
2593 2844 2911 2917 baptizavit,
2949 2842 3093 2899 sicut
3127 2839 3291 2897 Liber
3323 2836 3677 2911 Apostolicus
3703 2838 3782 2891 in-

2190 2945 2336 3001 dicat
2363 2943 2501 3015 (Act.
2533 2939 2675 3012 vui).
2709 2938 2884 3007 Quam
2915 2937 2984 2993 ab
3009 2928 3267 3008 apestolis
3307 2932 3658 2989 traditionem
3693 2946 3783 2985 ca-

2193 3037 2390 3094 tholica
2426 3035 2603 3090 adhuc
2625 3032 2806 3089 serviat
2836 3029 3095 3087 Ecclesia.
3148 3036 3154 3045 ‘

2264 3127 2419 3186 Unde
2448 3124 2717 3197 colligitur
2740 3122 2889 3194 quia,
2924 3119 3221 3193 quamlibet
3259 3118 3408 3192 juste
3435 3125 3493 3173 et
3518 3115 3776 3172 innocen-

2191 3227 2273 3276 ter
2302 3219 2423 3291 quis
2445 3217 2694 3291 videatur
2719 3205 2928 3278 vivére,
2957 3200 3157 3268 salvari
3183 3219 3361 3265 tamen
3387 3208 3599 3279 absque
3617 3207 3776 3261 divini

2189 3290 2356 3367 fontis
2380 3290 2598 3365 lavacro
2630 3322 2733 3362 non
2762 3302 2952 3376 possit.
2988 3300 3183 3357 Verum
3211 3310 3487 3369 utcunque
3508 3296 3777 3370 originalis

2191 3403 2381 3474 culpa',
2416 3408 2508 3456 aut
2534 3397 2769 3470 propria:
2792 3394 3023 3452 actionis
3045 3401 3195 3449 reatu
3228 3398 3480 3447 teneatur
3502 3391 3775 3453 astrictus,

2189 3502 2369 3550 tamen
2400 3490 2550 3546 fonte
2579 3484 2817 3552 renatus,
2844 3484 3099 3551 mundus,
3128 3492 3183 3540 et
3210 3482 3372 3538 totius
3395 3482 3605 3553 peccati
3626 3479 3778 3536 sorde

2189 3596 2471 3662 purgatus,
2503 3586 2640 3641 adeo
2690 3585 2979 3640 innovatur
3026 3590 3105 3648 ut,
3159 3581 3252 3654 qui
3288 3579 3433 3635 illius
3476 3577 3678 3635 diaboli
3724 3576 3773 3630 in

2190 3660 2339 3736 fonte
2367 3674 2743 3742 descenderat,
2781 3673 2922 3730 ﬁlius
2962 3673 3057 3730 Dei
3096 3660 3319 3729 renatos
3348 3671 3651 3736 ascendat;
3689 3667 3777 3738 qui

2189 3770 2334 3825 Illius
2374 3765 2839 3839 praevaricationis
2881 3763 3259 3830 descenderat,
3293 3761 3438 3818 filius
3468 3760 3775 3818 reconcilia-

2192 3862 2357 3918 tionis
2409 3862 2686 3916 ascendat.
2730 3858 2821 3924 Et,
2875 3866 2937 3913 ut
2989 3864 3185 3913 cuncta
3238 3854 3517 3924 colligam.
3572 3854 3779 3926 qualem.

2191 3953 2427 4025 primum
2476 3940 2751 4007 hominem
2800 3963 2867 4004 ex
2916 3947 3156 4020 virginea
3212 3955 3373 4001 terra”:
3417 3960 3597 4000 massa
3630 3943 3775 3999 ﬁnxit

2192 4046 2460 4119 sapientia
2490 4044 2765 4107 Cre'antis.
2821 4042 2983 4098 talem
3014 4042 3177 4098 etiam
3218 4040 3365 4096 hunc
3402 4055 3468 4095 ex
3496 4036 3774 4109 purifican

2192 4138 2358 4197 fontis
2389 4148 2545 4194 utero
2582 4135 2837 4209 produxit
2874 4132 3162 4190 clementia
3197 4130 3599 4202 Redemptoris.
3632 4127 3775 4197 Quod

2193 4245 2383 4295 contra
2438 4230 2684 4289 inﬁdeles
2731 4229 2943 4302 garrire
2989 4227 3203 4292 solent,
3257 4214 3502 4281 dicentes
3553 4237 3775 4296 primum

2119 4365 2170 4424 Β
2196 4329 2490 4391 hominem,
2538 4324 2583 4380 si
2626 4310 2733 4378 non
2781 4327 3083 4394 peccasset,
3111 4302 3535 4372 immortalitatis
3565 4326 3777 4369 munere

2197 4419 2506 4482 donatum;
2570 4413 2731 4469 istum
2791 4424 2921 4466 vero
2954 4450 2969 4476 ,
3033 4407 3332 4481 quamlibet
3390 4404 3539 4475 iuste
3590 4412 3647 4460 et
3702 4403 3776 4459 in-

2198 4517 2461 4565 nocenter
2515 4505 2683 4569 vivat,
2743 4515 3089 4573 nequaquam
3154 4508 3334 4554 tamen
3390 4511 3554 4569 posse
3596 4492 3774 4551 mortis

2197 4602 2375 4657 vitare
2457 4598 2770 4670 jacturam,
2848 4604 2903 4650 et
2980 4595 3100 4649 Ideo
3174 4592 3403 4647 multum
3485 4599 3776 4660 repugnare

2199 4708 2229 4747 a
2288 4705 2417 4746 vero
2452 4731 2467 4755 ,
2537 4698 2594 4742 ut
2653 4685 2831 4757 qualis
2868 4692 2871 4695 '
2906 4683 2997 4739 ille
3070 4682 3251 4739 fuerat
3317 4680 3497 4736 factus
3556 4695 3589 4734 a
3646 4677 3774 4733 Con-

2200 4783 2399 4847 ditore,
2431 4781 2553 4837 talis
2582 4789 2638 4835 et
2689 4779 2779 4834 hic
2802 4783 3155 4850 regeneretur
3192 4790 3259 4831 ex
3287 4775 3455 4830 fonte.
3487 4773 3660 4842 Quam
3687 4786 3777 4856 eo:

2202 4890 2322 4931 tum
2354 4871 2768 4945 repugnantiam
2797 4868 2956 4926 facile
2984 4877 3066 4925 est
3096 4867 3299 4924 inllecti
3340 4868 3408 4921 ad
3453 4880 3777 4935 consequen-

2199 4970 2352 5031 tiam,
2382 4964 2427 5022 si
2458 4965 2580 5036 quis
2609 4963 2808 5019 divinae
2848 4963 3064 5035 pietatis
3110 4960 3395 5017 consilium
3441 4959 3774 5014 considerare

2197 5056 2456 5130 potuerit.
2482 5055 2618 5110 Nam
2646 5069 2715 5109 ex
2746 5070 2853 5109 uno
2878 5053 3181 5123 eodemque
3212 5051 3361 5107 fonte
3392 5049 3591 5104 divinae
3618 5047 3773 5127 ratio:

2200 5152 2284 5206 nis
2308 5148 2608 5213 descendit,
2629 5154 2684 5202 et
2713 5144 2856 5217 quod
2886 5143 3037 5199 illum
3075 5141 3449 5221 immortalem
3467 5135 3776 5201 mirabiliter

2202 5238 2504 5308 creaverat,
2536 5237 2757 5309 etquod
2813 5237 2977 5293 istum
3030 5243 3209 5291 morte
3235 5232 3530 5289 obnoxium
3572 5227 3773 5285 miseri-

2203 5331 2442 5370 nnnlirnr
2464 5330 2877 5370 mihi-manarent-
2910 5327 3080 5370 βητιή
3103 5323 3259 5370 fneile
3282 5323 3461 5370 fuerat
3490 5324 3650 5370 istum
3684 5319 3775 5370 im-
