4024 5370
222 295 343 354 ηπ

1417 295 1596 355 ACTA
1644 289 1903 355 SYNODI
1935 265 2282 355 “enim.

3355 292 3487 348 1‘278

217 413 561 471 varieattonts
601 407 812 480 culpam
871 410 1037 466 traxit
1074 411 1140 465 ad
1185 423 1445 478 mortem;
1480 416 1664 478 istum,
1724 430 1792 469 ne
1821 418 1870 476 Α
1899 416 2156 486 mysterio
2183 432 2344 486 aqua,
2374 413 2549 468 olcmn
2577 411 3204 476 chrismale,sacerdotis
3225 410 3484 477 oﬂicium,

215 521 308 577 spe
339 502 766 558 immortalitatis
817 503 1100 574 deceptus,
1155 507 1542 575 temporalibus
1588 505 1796 563 deliciis

218 595 492 653 ardentius
516 594 755 660 insistat,
785 609 882 664 per
911 595 1278 651 inevitabilem
1311 599 1502 653 mortis
1542 608 1796 654 eventum

218 687 408 743 invitat
428 685 494 740 ad
533 700 722 743 veram
744 687 936 742 vitam.
969 688 1105 755 Quia
1141 703 1274 744 vero
1314 689 1424 753 ille,
1471 691 1662 746 mortis
1718 706 1803 746 se-

217 795 398 843 curus,
439 777 679 834 Auctore
725 791 1057 851 contempto,
1087 797 1274 837 aurem
1306 784 1521 853 aperuit
1569 783 1799 848 suasori,

216 882 270 927 et
290 870 560 940 superbia:
586 873 812 927 audacia
841 889 947 928 una
977 873 1171 942 periit;
1202 874 1343 928 hunc
1371 875 1546 945 pictas
1573 875 1806 929 Redem-

217 963 391 1034 ptoris
412 962 584 1018 voluit
609 978 929 1035 SIISpensum
958 975 1132 1020 morte
1169 966 1363 1029 teneri,
1399 975 1457 1020 ut
1486 982 1582 1036 per
1632 965 1807 1020 immi-

218 1055 383 1110 litatis
421 1055 724 1110 custodiam
774 1056 970 1111 vitaret
1011 1057 1253 1120 hostem,
1285 1058 1497 1112 audiret
1550 1057 1810 1112 Condito-

216 1163 330 1203 rem
351 1187 368 1212 ,
393 1148 582 1216 sicque
612 1147 678 1202 ad
721 1163 952 1218 superna
984 1150 1395 1205 conscenderet.
1444 1149 1589 1204 Nihil
1645 1149 1812 1220 igitur

217 1245 480 1308 repugnat
502 1251 533 1291 a
555 1252 685 1292 vero
709 1238 874 1294 talem
904 1239 1049 1295 hunc
1098 1249 1477 1310 regeneratum
1533 1253 1601 1294 ex
1641 1239 1807 1303 fonte,

215 1345 377 1401 quem
399 1346 552 1386 mors
584 1330 781 1387 invitat
819 1332 888 1386 ad
919 1332 1108 1397 vitam,
1151 1332 1365 1402 qualem
1409 1333 1579 1396 illum,
1617 1333 1660 1385 si
1701 1347 1808 1385 non

212 1434 529 1495 peccasset,
567 1423 886 1490 formatum,
916 1440 1078 1495 quem
1127 1440 1252 1480 mox
1288 1426 1354 1480 de
1401 1424 1812 1480 immortalitate

213 1518 571 1590 praesumptio
599 1519 776 1589 coegit
801 1519 985 1574 subire
1006 1519 1198 1574 mortis
1235 1518 1467 1572 ruinam.

285 1607 395 1663 Sed
418 1607 654 1664 fortasse
678 1607 870 1676 objicis
899 1609 1032 1664 mihi
1062 1596 1322 1678 quantum
1359 1608 1406 1664 ei
1436 1607 1688 1678 przestitit
1718 1606 1814 1662 do-

213 1707 339 1755 nata
370 1697 778 1765 immortalitas,
805 1715 873 1754 ex
921 1715 1023 1769 qua
1074 1700 1242 1753 ruinas
1282 1715 1500 1754 causam
1527 1709 1810 1754 venturam

213 1787 483 1843 Corrditor
503 1803 606 1842 non
635 1789 938 1859 ignorabat.
966 1787 1189 1843 Multum
1224 1789 1440 1857 quidem
1466 1789 1514 1843 ei
1568 1787 1809 1842 contnle-
1839 1777 1888 1837 Β

214 1888 322 1944 rat,
354 1887 438 1942 ut,
465 1878 718 1934 videlicet
760 1879 804 1934 si
855 1878 975 1934 sine
1017 1887 1239 1949 peccato
1265 1894 1488 1934 manere
1527 1878 1807 1943 voluisset,

215 1981 268 2025 et
294 1979 531 2025 mortem
559 1985 662 2025 non
703 1980 970 2042 gustaret,
997 1981 1052 2026 et
1079 1983 1186 2025 tam
1215 1971 1328 2040 ipse
1349 1987 1507 2040 quam
1532 1972 1650 2041 ejus
1686 1985 1811 2040 pro-

216 2060 433 2130 genies,
471 2060 690 2130 angelos
711 2076 927 2131 semper
956 2061 1186 2116 haberet
1207 2063 1478 2116 concivcs.
1514 2061 1640 2126 Sed,
1683 2061 1808 2114 dum

215 2163 561 2226 praeceptum
602 2154 837 2224 neglexit
865 2155 1195 2220 Conditoris,
1257 2156 1370 2224 ipsa
1415 2170 1510 2210 sua
1562 2154 1814 2208 libertate

213 2247 513 2316 deceptus,
539 2262 566 2300 a
595 2246 851 2316 paradiso
874 2247 1210 2312 seclusus,in
1233 2244 1433 2318 ign’otis
1455 2244 1698 2316 partibus
1729 2244 1814 2298 sui

213 2339 439 2412 generis
490 2339 863 2407 posteritatem
913 2339 1282 2408 transposuit,
1340 2346 1503 2407 atque
1555 2349 1812 2406 poenam,

209 2445 380 2501 quam
413 2429 534 2500 ipse
554 2445 729 2499 prava
739 2429 1013 2485 ricationis
1028 2445 1153 2485 reus
1170 2436 1477 2499 exceperat,
1503 2425 1816 2497 generando

211 2519 531 2576 transmisit
571 2519 623 2572 in
677 2526 956 2589 posteros;
1001 2519 1066 2573 de
1097 2535 1201 2589 qua
1249 2533 1356 2573 non
1387 2517 1654 2588 potuisset
1694 2514 1814 2569 erui

209 2613 318 2670 nisi
349 2627 486 2667 eum
508 2611 758 2666 Christus
787 2627 886 2666 suo
929 2611 1164 2667 adventu
1214 2610 1539 2674 relevasset;
1563 2607 1676 2678 qui,
1719 2620 1818 2676 per

208 2719 373 2759 novzie
423 2701 860 2771 regenerationis
906 2702 1246 2773 mysterium,
1293 2715 1454 2756 omne
1481 2698 1817 2769 praeteritum

210 2795 419 2851 vitium
473 2793 556 2848 sui
605 2793 952 2862 baptismatis
1003 2792 1222 2848 lavacro
1250 2792 1501 2864 purgavit
1532 2799 1587 2847 et
1613 2795 1815 2844 statum

207 2883 476 2954 pristina:
530 2882 799 2939 libertatis
854 2883 1189 2938 reformavit.
1233 2884 1441 2953 Igitur,
1489 2886 1557 2940 ad
1595 2887 1817 2944 vitanda

211 2973 463 3044 improbi
497 2972 803 3028 seductoris
842 2974 1154 3037 tentamina,
1184 2989 1314 3042 cum
1342 2974 1577 3043 primum
1606 2977 1818 3046 parvuli

210 3067 329 3121 sive
349 3063 594 3134 juvenes
620 3063 685 3116 ad
712 3063 1140 3134 regenerationis
1184 3064 1410 3119 veniunt
1450 3076 1816 3134 sacramenta,

1897 519 1949 562 et
1985 520 2206 572 cretera,
2235 524 2353 578 quas
2384 523 2553 577 usque
2580 506 2741 563 hodie
2767 502 3036 560 catholica
3085 513 3268 559 servat
3299 504 3490 560 Eccle-

1889 602 2000 662 ‘sia,
2031 609 2148 664 ves,
2174 600 2415 669 inquam,
2452 613 2601 669 rogo,
2627 597 2753 667 quid
2787 596 2891 653 sibi
2925 595 3041 653 vult
3071 596 3159 651 illa
3188 595 3488 652 materialis

1902 706 2054 759 aqum
2089 689 2294 753 illuvio,
2335 705 2496 757 quam
2543 689 2790 743 lavandis
2828 687 3307 758 pedibusinvicem
3332 688 3491 742 exhi»

1906 781 2036 838 bere
2066 783 2292 838 soletis?
2322 780 2456 836 Nam
2513 783 2557 837 si
2613 782 2714 837 hoc
2746 782 2815 836 ab
2844 779 3140 850 Evangelio
3190 795 3288 836 vos
3331 795 3491 835 acce-

1904 875 2052 944 pisse
2081 875 2282 937 dicitis,
2319 883 2372 928 ut
2403 875 2528 944 quia
2576 874 2859 940 Dominus,
2914 871 3302 943 discipulorum
3329 872 3496 942 pedes

1891 962 2118 1034 ‘lavans,
2143 968 2246 1022 hoc
2278 967 2713 1038 illisexemplum
2747 967 3032 1038 reliquisse
3062 965 3278 1036 legitur,
3319 974 3374 1020 et
3400 979 3497 1019 vos

1908 1075 2123 1130 quoque
2150 1057 2306 1127 hujus
2337 1059 2411 1114 rei
2459 1059 2629 1130 gratia
2682 1059 2863 1115 facere
2897 1075 2992 1113 vos
3023 1057 3252 1113 invicem
3279 1055 3496 1121 dicatis,

1911 1149 2134 1204 stultum
2165 1157 2269 1212 est,
2304 1148 2411 1203 imo
2451 1141 2796 1218 sacrilegum,
2843 1157 3039 1204 cretera
3088 1156 3142 1203 et
3172 1147 3340 1202 multo
3383 1162 3500 1202 ma-

1904 1241 2024 1310 jora
2060 1239 2368 1310 repudiare,
2393 1255 2514 1310 qua:
2545 1239 2612 1294 ab
2646 1238 2761 1309 ipso
2791 1254 2969 1294 rerum
2998 1246 3222 1293 auctore
3267 1236 3491 1291 Domine

1913 1341 2037 1388 sunt
2061 1330 2378 1394 constituta,
2427 1330 2495 1384 ab
2524 1327 2818 1397 Evangeiio
2852 1328 3152 1388 enuntiata,
3185 1325 3252 1380 ab
3284 1316 3504 1396 aposto‘

1911 1426 1978 1480 iis
2008 1423 2224 1488 tradita,
2260 1424 2377 1478 sine
2399 1423 2597 1492 quibus
2624 1429 2825 1476 nostris
2866 1419 3058 1474 salutis
3082 1417 3361 1489 plenitudo
3392 1433 3498 1474 non

1912 1523 2096 1591 potest
2120 1517 2460 1582 consistere;
2519 1529 2640 1585 qua:
2698 1511 2914 1584 quidem
2970 1510 3081 1582 ipse
3131 1505 3412 1573 Dominus,
3447 1518 3504 1563 et

1915 1617 2041 1664 ante
2074 1604 2554 1671 resurrectionem,
2583 1614 2639 1661 et
2679 1611 2804 1678 post
2824 1600 3311 1667 resurrectionem,
3340 1598 3507 1658 disci-

1914 1703 2055 1775 pulis
2084 1701 2198 1758 suis
2219 1701 2485 1756 servanda
2517 1698 2774 1755 instituit.

2167 1793 2230 1848 ll.
2273 1792 2348 1847 De
2383 1808 2597 1864 corpore
2636 1801 2684 1846 et
2718 1787 2972 1861 sanguine
3015 1784 3246 1844 Domini.

1905 1897 1912 1906 '
1983 1889 2397 1944 Fuerantcerte
2445 1884 2580 1941 satis
2627 1899 2750 1954 quae
2772 1885 2839 1939 de
2887 1882 2973 1938 his
3011 1881 3116 1936 dici
3151 1875 3504 1950 poterant,si

1911 1978 2060 2033 horse
2092 1984 2468 2048 suppeterent;
2501 1973 2593 2030 sed
2634 1973 2759 2043 quia
2813 1971 2952 2037 dies,
2981 1969 3047 2024 ad
3103 1983 3360 2024 occasum
3410 1967 3507 2021 de-

1914 2068 2124 2130 clivior,
2155 2067 2220 2120 ad
2249 2065 2466 2136 propria
2499 2077 2772 2133 quemque
2817 2068 3126 2116 commonet
3159 2058 3355 2121 redire,
3384 2055 3502 2125 jam

1915 2175 2078 2226 nunc,
2106 2160 2191 2214 his
2221 2157 2459 2221 omissis,
2505 2155 2792 2212 transitum
2850 2153 3114 2210 faciamus
3137 2150 3202 2205 ad
3251 2149 3379 2206 illud
3414 2164 3505 2204 sa.

1915 2265 2067 2304 crum
2097 2257 2152 2302 et
2191 2245 2529 2302 immutabile
2559 2245 2827 2301 Dominici
2857 2242 3102 2314 corporis
3129 2251 3182 2296 et
3225 2238 3505 2312 sanguinis

1917 2348 2342 2404 sacramentum,
2376 2340 2518 2410 quod
2557 2354 2678 2402 vos,
2710 2340 2778 2393 ad
2829 2346 3068 2393 vestram
3108 2333 3506 2395 confusionem,

1917 2432 2022 2488 nisi
2067 2431 2431 2500 resipueritis,
2459 2431 2748 2486 adversum
2785 2429 3023 2485 divinam
3068 2435 3122 2481 et
3158 2423 3507 2496 apostolicam

1917 2523 2267 2579 traditionem
2320 2512 2721 2595 impegnantes,
2766 2529 3013 2577 evertere
3061 2517 3302 2573 tentatis.
3353 2514 3509 2584 Quod

1918 2616 2136 2687 quidem
2164 2615 2502 2686 mysterium,
2521 2613 2682 2685 quale
2699 2621 3182 2684 quantumcunque
3214 2601 3353 2680 in'se
3379 2621 3480 2661 con
3501 2634 3515 2649 -

1919 2711 2089 2764 tineat
2112 2708 2320 2779 pondus
2343 2707 2583 2771 virtutis,
2629 2705 2963 2778 impossibile
3010 2711 3094 2760 est
3137 2702 3388 2758 humanae
3416 2715 3510 2755 ra-

1919 2801 2086 2856 tionis
2112 2800 2308 2855 intuitu
2343 2799 2696 2871 perscrutari.
2727 2797 2880 2866 Quod
2919 2797 3100 2852 anima
3152 2795 3293 2849 ultra
3329 2792 3510 2848 homi-

1921 2907 2045 2947 nem
2073 2900 2156 2946 est
2189 2890 2328 2944 infra
2355 2905 2575 2945 sensum
2608 2889 2846 2944 hominis
2889 2903 2994 2943 non
3041 2894 3218 2957 potest
3241 2884 3509 2940 cohiberi.

1921 2983 2040 3038 Non
2102 2983 2268 3054 igitur
2305 2980 2498 3037 sufficit
2523 2980 2651 3035 illud
2685 2979 2938 3036 facundia
2983 2977 3220 3032 humana
3265 2988 3516 3042 compre-

1920 3073 2204 3140 hendere;
2241 3074 2343 3129 hoc
2380 3073 2525 3128 enim
2578 3070 2706 3126 illud
2766 3078 3012 3126 sanctum
3087 3076 3142 3124 et
3192 3063 3513 3121 admirabile

209 3173 322 3218 non
351 3157 517 3228 prius
561 3154 762 3210 fontem
809 3157 934 3210 vitae
958 3156 1162 3210 adeunt
1209 3171 1372 3226 quam
1418 3158 1740 3215 exorcismis
1763 3168 1819 3216 et
1846 3153 1891 3216 C
1923 3165 2328 3229 commercium,
2361 3180 2458 3235 per
2479 3163 2622 3234 quod
2653 3163 2884 3218 terrenis
2913 3160 3153 3217 cmlestia
3185 3159 3511 3235 jungunt-ur,

213 3247 634 3306 sufflationibus
670 3248 1012 3303 sacerdotum
1037 3247 1106 3303 ab
1150 3248 1228 3302 eis
1249 3249 1472 3318 spiritus
1512 3250 1820 3307 immundus

209 3342 503 3412 abigatur,
535 3348 597 3394 ut
619 3354 746 3394 vere
769 3348 1025 3409 appareat
1049 3339 1319 3408 quomodo
1343 3340 1603 3410 princeps
1629 3342 1818 3397 mundi

211 3434 385 3501 hujus
419 3430 680 3498 ejiciatur
729 3429 896 3494 foras,
943 3441 998 3484 et
1034 3429 1186 3499 prius
1233 3429 1484 3500 alligetur
1537 3429 1717 3495 fortis,
1768 3439 1824 3486 et

205 3541 343 3584 vasa
417 3521 543 3590 ejus
583 3521 912 3590 diripiantur
936 3520 1194 3574 translata
1229 3520 1281 3574 in
1315 3521 1715 3590 possessionem
1741 3522 1825 3575 vi-

210 3613 420 3678 ctoris,
460 3611 554 3683 qui
586 3611 858 3682 captivam
890 3610 1038 3666 ducit
1071 3610 1461 3681 captivitatem,
1487 3623 1543 3668 et
1567 3611 1658 3668 dat
1682 3613 1824 3668 dona

207 3705 568 3761 hominibus.

282 3799 454 3868 Quod
501 3797 547 3852 si
590 3795 837 3865 refugitis
882 3796 1106 3853 credere
1140 3803 1200 3852 ut
1244 3797 1334 3867 qui
1367 3795 1654 3867 parvulum
1698 3796 1824 3852 fidei

207 3891 504 3955 nescium,
523 3903 754 3959 sumque
785 3887 980 3943 salutis
1010 3888 1281 3958 ignarum,
1326 3903 1427 3944 nec
1455 3887 1826 3960 regeneratio-

205 3988 299 4044 nis
331 4000 542 4044 curam
570 3985 878 4049 habentem,
905 3985 972 4040 de
998 3984 1149 4039 fonte
1190 3984 1512 4054 suscipiunt,
1534 3999 1722 4039 eorum
1760 3982 1824 4036 Ii-

204 4083 314 4142 dcs
339 4085 448 4133 aut
479 4075 755 4131 confessio
815 4075 890 4130 illi
939 4091 1110 4145 puero
1166 4090 1510 4146 nequaquam
1552 4073 1822 4145 proﬁciat,

202 4169 598 4240 consequitur
655 4175 713 4220 ut
757 4181 857 4223 nec
908 4165 1207 4238 paralytico
1275 4165 1614 4222 offerentium
1664 4164 1826 4220 fidem

201 4262 509 4336 profuisse
541 4260 814 4324 credatis,
844 4261 912 4315 de
945 4277 1055 4332 quo
1097 4259 1432 4333 evangelista
1488 4259 1640 4323 dicit,
1697 4258 1827 4330 quia

209 4365 230 4411 α
287 4354 510 4408 videns
553 4349 714 4407 .lcsus
770 4351 929 4405 fidem
974 4351 1209 4415 illorum,
1277 4350 1412 4406 dixit
1458 4349 1756 4420 paralytico
1805 4363 1824 4402 :

200 4445 476 4509 Confido,
538 4442 634 4505 fili,
667 4442 1027 4496 remittuntur
1077 4439 1170 4496 tibi
1215 4451 1440 4509 peccata
1486 4448 1575 4493 tua
1609 4437 1824 4509 (Manli.

1921 3258 2134 3316 inferna
2167 3258 2489 3328 Spoliantur,
2519 3257 2804 3327 paradisus
2837 3255 3102 3325 aperitur,
3138 3256 3305 3306 homo
3354 3228 3511 3306 exsul

1921 3350 2144 3418 antiquo
2171 3348 2327 3402 horto
2358 3347 2663 3412 relocatur;
2696 3363 2789 3417 per
2823 3345 2964 3416 quod
2996 3345 3159 3401 etiam
3194 3341 3372 3414 angeli
3425 3355 3513 3396 re-

1923 3449 2261 3514 cognoscunt
2296 3428 2570 3495 hominem
2603 3439 2879 3494 concivem
2929 3453 3112 3500 suum,
3146 3445 3203 3490 et
3253 3450 3417 3504 supra
3453 3448 3515 3488 se

1922 3534 2156 3604 positum
2179 3532 2429 3599 adorant
2464 3529 2736 3583 hominem
2783 3527 2974 3583 Deum.
3008 3527 3208 3582 Verum
3239 3540 3358 3589 nos,
3387 3523 3514 3594 quia

1923 3634 2136 3696 tempus
2166 3633 2494 3685 commonet,
2545 3631 2810 3690 quantum
2841 3627 3040 3674 nostrae
3055 3615 3363 3688 fragilitatis
3391 3631 3515 3668 sen-

1924 3732 2016 3771 sus
2048 3713 2294 3785 percipit,
2347 3711 2511 3778 illius,
2540 3713 2604 3768 de
2649 3726 2756 3782 quo
2793 3709 3082 3781 loquimur,
3115 3707 3288 3780 gratia
3323 3703 3512 3762 confisi

1925 3807 2211 3863 edicimus.
2442 3815 2446 3818 '

1999 3895 2337 3952 Sacrificium
2378 3896 2597 3960 dicitur,
2646 3893 2798 3966 quasi
2858 3910 3068 3950 sacrum
3111 3892 3330 3963 factum,
3386 3889 3513 3960 quia
3577 3903 3606 3932 ’κ

1926 4003 2086 4060 prece
2113 3987 2344 4059 mystica
2374 3998 2727 4042 consecratur
2757 3986 2810 4041 in
2859 3985 3176 4040 memoriam
3228 3997 3327 4053 pro
3359 3980 3515 4036 nobis

1926 4080 2218 4134 Dominicze
2238 4079 2524 4148 passionis.
2560 4077 2734 4144 Unde,
2756 4077 2859 4132 hoc
2881 4077 3008 4147 ipso
3040 4074 3281 4146 iubente,
3311 4089 3516 4144 corpus

1927 4169 2132 4226 Christi
2164 4178 2218 4224 et
2247 4169 2565 4237 sanguinem
2617 4168 2908 4231 credimus,
2945 4168 3107 4238 quod,
3139 4167 3264 4221 dum
3327 4166 3397 4220 'sit
3447 4151 3509 4220 es

1930 4260 2193 4316 fructibus
2222 4269 2403 4325 terras,
2435 4260 2826 4323 sanctificatnr,
2882 4269 2936 4314 et
2987 4259 3046 4314 fit
3086 4267 3515 4328 sacramentum,

1928 4363 2194 4428 operante.
2218 4353 2569 4409 invisibiliter
2601 4351 2804 4424 Spiritu
2831 4352 2944 4407 Dei.
2970 4352 3121 4420 Quod
3150 4353 3366 4421 quidem
3396 4350 3518 4405 ideo

1931 4455 2330 4502 sacramentum
2368 4458 2488 4499 esse
2512 4444 2766 4510 dixerim,
2796 4443 2920 4513 quia
2958 4451 3216 4513 tanquam
3257 4441 3517 4498 viaticum

198 4541 308 4610 ut).
366 4558 388 4590 ι
441 4535 556 4591 Sed
581 4550 680 4590 nec
707 4534 834 4589 illud
873 4532 1242 4603 recipiendum
1278 4529 1654 4585 mstimabatur
1679 4528 1816 4599 quod

1931 4539 2085 4596 nobis
2115 4539 2184 4593 sit
2209 4519 2562 4593 introducens
2589 4537 2656 4592 ad
2703 4535 3216 4606 contemplationem
3243 4533 3520 4589 aeternita-

197 4633 256 4689 in
285 4627 608 4699 Evangelio
638 4626 866 4697 legimus
895 4625 963 4680 de
995 4623 1220 4699 muliere
1243 4623 1549 4678 Chananaea
1579 4631 1639 4676 ut
1689 4622 1823 4677 fides

196 4725 326 4794 ejus
363 4719 437 4776 ad
465 4719 871 4788 impetrandam
922 4717 1152 4773 salutem
1185 4715 1307 4770 filia:
1335 4713 1623 4785 profuerit.
1653 4712 1824 4768 Porro

199 4817 354 4870 alius
379 4810 728 4879 evangelista
756 4810 887 4864 dicit
918 4809 1062 4880 quod
1093 4808 1399 4863 offerebant
1443 4806 1570 4862 Jesu
1627 4821 1825 4877 parvu-

196 4909 312 4969 los,
344 4913 414 4958 ut
446 4914 654 4957 manus
684 4902 764 4956 eis
811 4902 1140 4971 imponeret;
1175 4908 1231 4957 et
1255 4899 1605 4970 complexans
1635 4913 1746 4960 eos,
1769 4906 1826 4952 et

197 5002 527 5068 imponens
555 5007 773 5059 manus,
801 4992 1156 5049 benedicebat
1207 5008 1303 5048 eos
1350 4991 1546 5064 (Marc.
1591 4990 1673 5062 χ).
1707 4989 1824 5056 Qua

195 5091 256 5144 in
293 5103 360 5143 re
382 5084 566 5140 datur
597 5083 820 5154 intelligi
851 5083 976 5154 quia
1002 5099 1108 5139 non
1141 5083 1488 5154 parvulorum
1518 5083 1671 5150 fides,
1703 5096 1823 5153 quas

196 5180 397 5236 adhuc
419 5171 577 5230 nulla
603 5173 800 5242 fuerat,
825 5174 918 5229 sed
941 5172 1282 5246 offerentium
1318 5174 1492 5230 fidelis
1529 5173 1823 5229 credulitas

193 5278 264 5326 ut
288 5264 534 5340 parvuli
557 5265 1006 5322 henedicerentur
1033 5265 1363 5329 obtinuerat,
1396 5268 1535 5321 sicut
1566 5267 1824 5322 Dominus

1931 4631 2020 4687 tis.
2051 4629 2216 4699 Cujus
2243 4627 2398 4697 panis
2424 4638 2476 4682 et
2525 4627 2709 4684 calicis
2738 4637 3143 4681 sacramentum
3182 4623 3354 4679 Grzeei
3412 4623 3518 4677 Eu-

1929 4722 2242 4779 charistiam
2276 4721 2484 4786 dicunt,
2512 4719 2655 4791 quod
2677 4719 2869 4774 Latine
2896 4718 3030 4772 bona
3048 4715 3220 4787 gratia
3248 4715 3518 4784 interpre-

1931 4823 2094 4869 tatur.
2121 4813 2261 4881 Quid
2288 4812 2432 4868 enim
2465 4813 2661 4868 melius
2687 4825 2911 4878 corpore
2925 4818 2980 4864 et
3006 4806 3270 4876 sanguine
3287 4803 3525 4860 Christi?

1931 4903 2082 4972 Quod
2117 4903 2334 4973 quidem
2368 4903 2701 4958 sacrificium
2728 4899 2792 4952 de
2820 4913 2981 4966 pane,
3007 4907 3062 4951 et
3086 4895 3212 4948 vino
3235 4909 3359 4949 cum
3382 4911 3526 4966 aqua
3561 4923 3566 4928 α

1929 4994 2113 5058 misto,
2147 4991 2405 5046 ineffabili
2433 4989 2898 5051 sanctificatione,
2922 5000 3084 5040 cruce
3106 4993 3161 5038 ct
3183 4984 3368 5040 verbis
3389 4986 3533 5042 illius

1930 5085 1984 5140 in
2024 5083 2182 5138 altari
2228 5093 2606 5157 consecratur,
2673 5079 2914 5143 dumque
2961 5072 3230 5146 passionis
3261 5081 3319 5126 et
3344 5089 3534 5132 resur-

1929 5174 2190 5231 rectionis
2228 5172 2364 5240 ejus,
2404 5174 2569 5244 atque
2602 5175 2661 5228 in
2699 5166 2904 5223 coelum
2952 5163 3286 5222 ascensionis
3337 5165 3541 5224 ibidem

1930 5265 2205 5323 salutifera
2274 5266 2540 5321 memoria
2607 5261 2816 5334 agitur,
2878 5273 3068 5314 verum
3135 5269 3199 5308 ac
3262 5261 3546 5326 proprium
