4024 5370
500 85 637 140 127)

1461 85 1766 144 GERARDI
1802 85 1820 140 l
1859 79 2388 141 CAMERACENSIS
2429 81 2732 141 EPISCOPI

3316 20 3418 42 πρυμ

3625 76 3771 134 ηερ

498 210 690 274 sponte
715 217 810 272 per
836 201 1106 271 passionis
1154 203 1473 274 mysterium
1527 218 1726 274 corpus
1778 217 1936 258 suum
1983 214 2084 272 pro
2108 203 2163 262 Α
2189 204 2346 270 quasi
2372 203 2476 258 hoc
2507 211 2700 259 contra
2727 208 2982 264 naturam
3017 207 3161 257 esset
3181 198 3466 258 hominum
3489 197 3775 265 (videlicet
3819 202 3832 204 “

476 295 655 350 nobis
703 294 757 348 in
792 303 1024 350 mortem
1066 294 1363 350 traditurus
1389 302 1532 361 erat,
1585 293 1727 350 sicut
1753 292 2081 363 evangelista

473 382 690 450 ‘refert,
724 403 745 438 ‹
782 385 1006 456 Accepit
1062 401 1278 456 panem,
1335 394 1390 441 et
1436 385 1732 453 benedixit,
1788 401 1852 441 ac
1884 384 2077 456 fregit,

496 475 753 547 deditque
798 476 1074 547 discipulis
1117 477 1253 542 suis,
1307 477 1525 532 dicens:
1571 476 1804 540 Sumite,
1857 476 1959 531 hoc
1998 481 2081 530 est

475 572 694 640 “corpus
717 583 917 623 meum.
947 566 1213 624 Similiter
1245 577 1299 624 et
1318 567 1541 645 calicem
1573 568 1868 638 accipiens,
1921 566 2084 623 bene-

477 661 658 725 dixit,
687 668 738 714 et
771 659 918 713 dedit
948 659 1228 728 discipulis
1257 659 1391 724 suis,
1426 658 1646 716 dicens:
1673 657 1847 713 Bibite
1876 673 1940 714 ex
1979 659 2083 714 hoc

473 765 709 816 omnes,
739 749 826 804 hic
857 757 941 804 est
979 749 1117 804 calix
1157 749 1290 804 Novi
1313 748 1672 815 Testamenti,
1705 751 1795 819 qui
1824 764 1923 819 pro
1943 748 2082 804 mul-

475 837 570 896 ‘tis
599 839 919 895 fundeturin
936 841 1307 896 remissionem
1319 849 1672 913 peccatorum
1690 841 1904 913 (Matth.
1921 858 2078 908 xxvi;

477 933 671 990 :Marc.
702 951 846 1001 xxu;
872 933 999 990 Luc.
1027 937 1184 1006 xxtt).
1229 953 1247 987 ι
1302 935 1454 1003 Quod
1481 951 1614 990 vero
1657 936 1865 991 subdit:
1901 953 1920 987 ‹
1969 934 2085 990 Hoc

501 1027 526 1081 l‘
555 1029 660 1095 cite
685 1029 738 1082 in
770 1043 945 1082 meam
960 1030 1560 1084 commemorationem.
1602 1048 1620 1081 ι
1651 1029 1718 1083 ad
1745 1028 1849 1083 hoc
1877 1028 2082 1096 retulit,

487 1107 643 1190 "quoa
674 1137 772 1190 per
803 1123 1165 1178 ministerium
1211 1122 1552 1178 sacerdotum
1582 1123 1825 1192 quotidie
1853 1139 1882 1177 a
1916 1123 2088 1178 hdcli—

500 1214 602 1268 lius
645 1212 758 1268 ﬁeri
815 1213 1112 1282 mandavit,
1157 1214 1285 1268 dum
1339 1214 1610 1285 passionis
1660 1229 1774 1268 sua:
1822 1227 2087 1269 memoria

482 1291 702 1372 "agitur,
730 1312 780 1359 et
817 1305 916 1360 sub
938 1315 1284 1369 sacramento
1314 1305 1782 1361 communicanda:
1827 1306 2013 1361 carnis
2034 1315 2089 1364 et

502 1395 784 1468 sanguinis
812 1397 971 1466 panis
1024 1404 1246 1458 sanctus
1292 1406 1346 1452 et
1393 1397 1532 1452 calix
1583 1408 1957 1453 consecratur.
2006 1396 2090 1452 Ad

477 1480 648 1542 “hanc
699 1487 992 1557 spiritalem
1043 1489 1378 1556 alimoniam,
1423 1491 1489 1545 ad
1541 1490 1644 1546 hoc
1699 1489 1987 1561 mysticum
2036 1496 2092 1546 ct

503 1578 744 1634 dvinum
789 1579 1004 1650 epulum
1060 1596 1162 1638 nos
1205 1580 1466 1636 Dominus
1516 1580 1730 1645 invitat,
1778 1589 2090 1650 tantamque

491 1672 884 1741 ‘nt-cessitati-m
909 1671 1154 1727 sumendi
1185 1669 1342 1742 hujus
1388 1671 1630 1727 alimenti
1663 1668 1817 1726 nubis
1863 1671 2088 1737 indicat,

508 1771 565 1816 ut
590 1761 751 1816 aliter
778 1762 832 1817 in
860 1763 1014 1817 nobis
1062 1763 1227 1819 vitam
1269 1764 1471 1819 habere
1502 1779 1608 1818 non
1641 1764 1933 1833 possimus,
1985 1763 2091 1819 nisi

507 1868 726 1908 carnem
753 1853 870 1923 ejus
901 1855 1408 1911 manducaveritnus
1451 1863 1507 1912 et
1536 1857 1854 1927 sanguinem
1883 1854 2088 1911 biberi-

511 1964 649 2004 HlUS.

581 2038 690 2095 Sed
741 2037 976 2096 fortasse
1027 2040 1248 2112 aliquis,
1303 2041 1465 2098 nimis
1509 2043 1809 2099 carnaliter
1851 2044 1954 2099 hoc
1995 2058 2093 2098 au-

496 2135 684 2196 ‘tliens,
715 2133 1222 2201 objiciatneminem
1255 2152 1414 2207 posse
1461 2137 1628 2192 vitam
1678 2137 1882 2193 habere
1923 2137 1976 2192 in
2009 2149 2094 2190 sc-

473 2288 483 2296 _
512 2225 760 2293 metipso,
794 2243 914 2280 cmn
949 2225 1200 2284 Christus
1242 2243 1484 2292 carnem,
1519 2245 1681 2299 quam
1726 2228 1944 2298 proprio
1975 2243 2095 2299 ges.

513 2325 531 2368 t
570 2316 932 2387 batcm'p'trc,
977 2318 1179 2374 nemini
1228 2319 1490 2375 edendam
1535 2337 1810 2391 erogasse,
1850 2321 1944 2377 sed
1973 2337 2095 2393 per.

501 2408 654 2463 "ferto
677 2419 731 2463 et
761 2411 972 2482 integro
997 2427 1225 2482 corpore
1257 2413 1454 2468 coelum
1486 2423 1806 2484 penetrasse
1847 2415 2089 2487 legatur;

493 2499 605 2553 ‘aut
641 2511 808 2566 ret-te,
840 2503 982 2573 quod
1033 2501 1187 2558 nefas
1258 2505 1403 2559 dictu
1430 2515 1534 2572 est,
1581 2504 1862 2561 Dominum
1891 2505 1944 2560 in
1992 2506 2097 2561 hoc

505 2591 678 2648 \erbo
707 2592 918 2664 culpam
946 2593 1215 2650 mendacii
1266 2595 1518 2658 subiisse,
1569 2611 1692 2651 cum
1733 2595 1886 2650 multi
1927 2595 2095 2650 vitam

503 2682 566 2740 'in
594 2702 650 2741 se
682 2688 883 2741 habere
914 2686 1185 2754 videntur,
1235 2687 1327 2757 qui
1373 2701 1592 2742 carnem
1648 2698 1742 2742 aut
1774 2687 2096 2758 sanguinem

502 2779 632 2845 ‘ejus
675 2786 921 2848 gustasse
970 2779 1260 2848 aliquando
1286 2794 1344 2834 se
1392 2794 1498 2834 non
1523 2779 1911 2834 meminerunt.
1944 2777 2099 2860 Quod

499 2860 634 2932 “nos,
657 2869 768 2922 Deo
793 2868 1026 2934 volente,
1059 2869 1147 2924 tali
1183 2870 1340 2924 modo
1399 2869 1679 2925 solvimus.
1726 2868 1959 2925 Possunt
1979 2870 2100 2939 qui-

507 2941 639 3014 'dem
665 2961 912 3018 homines
933 2962 1052 3016 sine
1083 2961 1187 3017 hoc
1218 2961 1342 3018 cibo
1373 2961 1729 3031 temporalem
1763 2963 1904 3016 hanc
1933 2962 2099 3016 vitam

523 3054 575 3106 in
610 3055 865 3124 praesenti
914 3053 1112 3109 saeculo
1161 3054 1394 3119 habere;
1455 3062 1714 3108 aeternam
1757 3070 1888 3110 vero
1939 3055 2105 3109 vitam

525 3145 725 3198 habere
749 3153 1042 3214 nequeunt,
1069 3161 1188 3215 qua:-
1213 3145 1343 3201 solis
1368 3144 1618 3201 ﬁdelibus
1641 3161 1862 3201 carnem
1891 3155 1943 3201 et
1982 3162 2105 3200 san-

514 3229 739 3304 guinem
765 3234 961 3289 Christi
992 3235 1151 3308 digne
1198 3237 1537 3292 sumentibus
1565 3237 1919 3306 promittitur.
1956 3236 2108 3294 Unde

513 3315 579 3380 'et
626 3326 741 3396 ipse
801 3328 964 3382 dicit:
1009 3347 1028 3379 ι
1078 3326 1189 3382 Nisi
1226 3328 1682 3384 manducaveritis
1724 3344 1945 3384 carnem
1986 3329 2106 3384 Filii

527 3418 786 3484 hominis,
811 3428 867 3473 et
897 3414 1145 3474 biberitis
1167 3420 1284 3490 ejus
1307 3420 1652 3490 sanguinem,
1691 3434 1797 3474 non
1839 3420 2108 3474 habebitis

512 3501 694 3566 'vitam
726 3512 780 3566 in
805 3511 957 3566 vobis
1009 3510 1190 3582 (Joan.
1218 3511 1315 3583 vt),
1352 3530 1368 3562 ι
1404 3511 1573 3566 vitam
1610 3511 1861 3566 videlicet
1893 3511 2108 3574 animae,

529 3603 703 3672 ipsum
752 3602 1051 3669 Christum,
1108 3603 1199 3672 qui
1249 3603 1376 3657 alibi
1432 3603 1592 3658 dicit:
1640 3621 1658 3654 ι
1697 3601 1808 3672 Ego
1839 3618 1955 3656 sum
2001 3602 2106 3668 via,

531 3695 755 3760 veritas,
778 3704 834 3749 et
861 3695 972 3749 vita
1002 3695 1182 3766 (Joan.
1213 3695 1345 3765 xw}.
1370 3714 1389 3747 ι
1420 3695 1614 3750 Filium
1634 3709 1762 3749 vero
1791 3693 2028 3749 hominis
2053 3707 2112 3749 se

527 3771 764 3850 dicebat,
795 3785 951 3855 cujus
981 3801 1180 3857 corpus
1225 3786 1466 3856 quotidie
1524 3802 1621 3856 per
1668 3785 1978 3840 sacerdotes
2014 3784 2112 3838 im-

525 3873 767 3930 'molatur
819 3875 872 3930 in
909 3874 1087 3930 altari.
1141 3874 1216 3930 De
1268 3890 1376 3945 quo
1415 3875 1704 3943 Apostolus
1731 3875 1834 3928 ait:
1869 3892 1888 3926 ι
1922 3873 2110 3940 Panis,

528 3950 692 4034 quem
723 3966 1240 4036 frangimus,nonne
1261 3966 1682 4036 corpusDomini
1708 3966 1829 4020 est?
1856 3965 1920 4020 Et
1947 3964 2110 4029 calix,

532 4056 620 4108 ‘cui
673 4056 1072 4122 benedicimus,
1116 4073 1296 4112 nonne
1353 4057 1775 4112 communicatio
1831 4056 2113 4127 sanguinis

533 4148 746 4202 Domini
778 4151 894 4204 est?
925 4170 944 4203 ›
975 4149 1024 4221 (1
1050 4148 1171 4204 Cor.
1205 4150 1284 4220 x.)
1309 4148 1464 4205 Unde
1493 4165 1617 4205 cum
1669 4150 1928 4206 Dominus
1967 4151 2114 4204 dice-

2139 2917 2174 2952 8

2133 2957 2176 2986 υ

2168 302 2477 369 humanam
2520 310 2740 354 carnem
2789 294 2844 350 in
2874 295 3058 352 cibum
3105 306 3342 364 sumere;
3395 305 3555 362 quasu
3596 290 3666 346 de
3715 305 3775 344 re

2181 389 2496 447 ditiicillima
2550 397 2606 445 et
2646 385 2970 457 impossibili
3017 384 3306 441 dixerunt:
3361 401 3383 436 ι
3446 383 3631 438 Durus
3685 391 3774 436 est

2182 485 2270 540 hic
2323 495 2533 548 sermo;
2585 480 2710 551 quis
2758 485 2936 549 potest
2983 491 3109 533 eum
3164 475 3392 531 audire?
3430 494 3451 527 ›
3503 473 3663 530 Unde
3721 483 3777 527 et

2181 574 2477 630 Dominus:
2507 590 2525 624 ι
2566 572 2644 638 Si,
2688 570 2884 641 inquit,
2917 568 3162 626 videritis
3182 567 3379 623 Filium
3419 565 3664 620 hominis
3691 579 3775 618 as-

2182 665 2500 722 cendentem
2529 661 2618 719 ubi
2655 669 2774 718 erat
2803 660 2986 731 prius:
3018 678 3038 712 ι
3076 658 3541 716 Subaudientem:
3571 675 3593 708 ‹
3622 654 3777 710 Tunc

2187 757 2438 813 videbitis
2465 755 2590 826 quia
2621 769 2734 812 non
2756 767 2824 808 eo
2854 752 3013 810 modo
3055 765 3164 821 quo
3212 749 3416 821 putatis
3440 762 3628 806 meam
3653 761 3778 801 car-

2183 862 2307 902 nem
2333 845 2680 903 credentibus
2727 842 3018 908 distribuo,
3064 841 3161 898 sed
3210 839 3446 911 spiritali
3481 838 3664 909 gratia
3692 851 3778 892 me

2167 940 2293 996 illis
2336 938 2531 1004 dando,
2572 937 2718 1008 ipsos
2741 935 2794 991 in
2839 949 3019 991 meum
3054 937 3256 1004 cerpus
3311 930 3671 994 transfundo;
3726 940 3780 986 et

2185 1035 2302 1090 haec
2333 1032 2507 1104 gratia
2531 1045 2638 1087 non
2667 1029 3007 1086 consumitur
3029 1027 3302 1083 morsibus
3373 1040 3479 1081 nec
3499 1025 3779 1080 dentibus

2185 1128 2402 1188 teritur.
2428 1124 2526 1181 sed
2563 1122 2842 1180 interioris
2889 1121 3126 1178 hominis
3176 1120 3378 1191 palato,
3413 1121 3522 1176 hoc
3545 1127 3658 1184 est,
3695 1133 3781 1176 rai-

2189 1221 2338 1276 tione
2393 1226 2450 1274 et
2496 1215 2772 1272 intellectu
2835 1214 3033 1274 mentis
3078 1215 3399 1285 percipitur.
3438 1233 3459 1266 ι
3516 1213 3676 1270 Unde
3727 1220 3783 1270 α

2189 1310 2500 1368 communio
2541 1305 2803 1364 Dominici
2844 1306 3112 1378 corporis,
3155 1305 3297 1363 sicut
3323 1320 3489 1378 supra
3517 1304 3776 1371 diximus,

2190 1401 2381 1458 Grmco
2405 1399 2648 1470 quidem,
2677 1397 2772 1453 sed
2811 1395 3022 1453 Latinis
3047 1396 3248 1453 usitato
3274 1409 3533 1451 sermone
3557 1393 3778 1449 Eucha-

2194 1495 2366 1560 ristia,
2394 1493 2570 1558 idest,
2595 1491 2728 1546 bona
2779 1489 2950 1562 gratia
3000 1487 3317 1560 appellatur.
3353 1486 3584 1544 Videtur
3635 1486 3777 1543 enim

2195 1596 2416 1643 sanctus
2438 1585 2528 1640 ille
2557 1583 2736 1654 panis,
2769 1596 2877 1653 quo
2921 1595 3119 1653 corpus
3169 1579 3386 1638 Domini
3422 1585 3782 1635 consecratur

2196 1689 2251 1735 et
2276 1676 2566 1734 visibiliter
2592 1689 2688 1730 ore
2732 1671 3060 1743 percipit-ur;
3107 1671 3201 1727 sed
3243 1671 3419 1727 virtus
3465 1669 3566 1725 Dei
3590 1667 3778 1736 Verbi,

2197 1771 2248 1827 id
2275 1781 2359 1828 est
2410 1769 2692 1834 divinitas,
2715 1782 2824 1839 qua
2854 1766 3034 1826 anima
3062 1764 3416 1837 percipientis
3467 1761 3784 1819 sanctiﬁca-

2199 1860 2504 1929 tur,‘videri
2529 1874 2634 1915 non
2658 1867 2858 1931 potest.
2905 1856 3168 1913 Ascendit
3192 1871 3324 1928 ergo
3361 1854 3619 1912 Christus
3667 1859 3784 1926 pcr-

2195 1956 2340 2014 fecw
2360 1969 2591 2025 corpore
2616 1967 2740 2019 suo,
2786 1959 2858 2009 et'
2895 1951 3114 2023 reliquit
3167 1950 3321 2006 nobis
3373 1957 3781 2008 sacramentum

2197 2047 2444 2118 corporis
2472 2047 2577 2102 sui.
2633 2044 2876 2115 Denique
2905 2059 2973 2100 ne
2998 2049 3254 2114 putarent
3302 2039 3402 2096 sibi
3435 2041 3494 2096 in
3538 2041 3648 2096 isto
3667 2041 3784 2094 cibo

2197 2148 2251 2195 et
2273 2150 2402 2208 potu
2433 2137 2514 2193 sic
2540 2135 2782 2208 promitti
2803 2135 2970 2190 vitam
2995 2142 3256 2190 :eternam
3285 2140 3347 2187 ut
3363 2131 3480 2202 jam
3533 2145 3635 2186 nec
3662 2145 3784 2186 cor-

2198 2245 2329 2301 pore
2381 2234 2728 2285 morerentur
2807 2239 2931 2281 cum
2973 2224 3229 2280 dixisset:
3273 2239 3294 2274 α
3345 2220 3448 2288 Qui
3491 2220 3786 2276 manducet

2199 2337 2378 2378 meam
2425 2333 2678 2384 carnem;
2723 2336 2746 2372 ι
2799 2315 3061 2372 continuo
3113 2313 3424 2383 subiunxit:
3484 2328 3506 2363 σ
3569 2311 3640 2366 Et
3688 2323 3786 2380 ego

2190 2410 2565 2469 ressuscitabo
2615 2421 2740 2465 eum
2778 2424 2830 2464 in
2873 2405 3169 2463 novissimo
3193 2404 3284 2460 die
3317 2403 3537 2476 (Ibid).
3577 2422 3598 2455 ι
3651 2398 3783 2454 Nam

2199 2508 2292 2579 qui
2315 2508 2480 2580 digne
2520 2519 2739 2562 carnem
2791 2503 2995 2560 Christi
3043 2503 3300 2568 comedit,
3344 2508 3398 2555 et
3461 2501 3785 2571 sanguinem

2199 2599 2317 2670 ejus
2346 2598 2502 2664 bibit,
2531 2597 2658 2652 licet
2684 2603 2932 2650 mortuus
2955 2609 3206 2664 corpore,
3262 2593 3424 2648 habet
3447 2592 3673 2646 interim
3704 2606 3786 2645 se-

2201 2692 2434 2749 cundum
2471 2691 2721 2762 spiritum
2779 2689 2950 2744 vitam
2990 2697 3272 2744 aeternam.
3325 2686 3479 2755 Quod
3540 2701 3671 2741 vero
3720 2685 3783 2740 ad

2202 2798 2402 2854 corpus
2431 2783 2642 2847 attinet,
2672 2795 2772 2837 nec
2801 2781 2976 2851 ipsum
3023 2780 3134 2834 vita
3162 2787 3365 2834 acterna
3420 2777 3785 2841 fraudabitur,

2206 2876 2330 2944 quia
2357 2872 2771 2929 resuscitabitur
2796 2871 2850 2926 in
2878 2871 3177 2927 novissimo
3198 2870 3306 2936 die,
3343 2869 3488 2925 ultra
3540 2870 3654 2940 jam
3682 2885 3784 2922 non

2208 2966 2551 3022 moriturum.
2574 2964 2689 3020 Hoc
2718 2964 2881 3036 igitur
2927 2963 3087 3019 modo
3146 2962 3404 3019 Veritatis
3450 2976 3634 3017 sermo
3672 2962 3786 3015 sine

2206 3057 2364 3127 culpa
2406 3057 2676 3113 mendacii
2725 3055 2848 3122 fuit,
2879 3057 3066 3112 dicens
3107 3054 3392 3110 neminenr
3426 3053 3597 3108 vitam
3637 3054 3689 3107 in
3731 3067 3786 3107 se

2207 3147 2425 3211 habere,
2459 3147 2562 3202 nisi
2592 3145 2684 3216 qui
2707 3145 3171 3203 communicanda
3219 3144 3399 3200 carnis
3437 3141 3558 3211 ejus
3585 3152 3640 3198 et
3668 3158 3786 3197 san:

2211 3240 2394 3310 guinis
2424 3239 2766 3310 spiritalibus
2793 3241 3065 3296 alimentis
3087 3248 3429 3309 pasceretur.

2207 3369 2210 3374 ι
2282 3331 2502 3386 Poterat
2522 3347 2652 3387 vero
2679 3331 2808 3387 illud
2842 3331 3071 3387 inﬁrmis
3124 3330 3466 3386 auditoribus
3515 3329 3642 3385 huic
3671 3343 3785 3383 seno

2214 3424 2398 3480 lentiae
2423 3425 2954 3480 contrariumvideri
2981 3422 3124 3493 quod
3150 3423 3434 3479 subditur:
3467 3441 3488 3476 ‹
3520 3422 3661 3477 Caro
3684 3437 3782 3474 non

2210 3515 2431 3585 prodest
2449 3515 2743 3586 quidquam
2766 3515 2949 3588 (Joan.
2972 3515 3072 3582 vi),
3107 3535 3124 3567 ι
3153 3531 3275 3570 cum
3305 3515 3559 3584 superius
3584 3512 3782 3567 nullum

2209 3608 2378 3662 vitam
2409 3607 2610 3663 habere
2639 3609 2691 3662 in
2721 3621 2782 3663 se
2809 3608 3034 3662 dixisset
3068 3609 3184 3662 sine
3223 3608 3573 3677 perceptione
3611 3604 3785 3660 carnis

2208 3715 2344 3754 sum.
2397 3697 2503 3754 Sed
2554 3699 2628 3753 ita
2679 3698 3084 3768 intelligendum
3133 3706 3248 3752 est:
3307 3715 3327 3748 r
3380 3695 3440 3750 Si
3497 3691 3786 3750 carnaliter

2212 3785 2378 3841 verba
2431 3800 2552 3838 mea
2606 3783 2912 3856 intelligere
2935 3782 3119 3847 vultis,
3147 3791 3206 3837 ut
3239 3783 3319 3838 sic
3346 3796 3570 3838 carnem
3615 3795 3782 3835 meam

2213 3881 2354 3938 sicut
2405 3881 2570 3937 alium
2615 3880 2797 3937 cibum
2857 3878 3222 3943 manducetis,
3270 3892 3400 3934 caro
3448 3874 3586 3931 nihil
3642 3875 3784 3930 vobis

2212 3975 2453 4045 prodest.
2489 3993 2507 4026 ι

2283 4065 2384 4132 Qui
2410 4064 2554 4119 enim
2587 4073 2768 4134 potest
2791 4063 2862 4118 ita
2882 4059 3038 4118 suum
3069 4075 3267 4130 corpus
3310 4074 3409 4130 per
3430 4065 3506 4112 tot
3533 4057 3784 4112 ecclesias

2216 4156 2268 4212 in
2297 4164 2409 4211 toto
2429 4156 2561 4211 orbe
2589 4153 2814 4210 diffusas
2835 4152 3104 4213 distribui,
3129 4165 3224 4222 per
3243 4161 3349 4206 tam
3372 4148 3785 4205 innumerabiles

536 4249 648 4293 ret:
685 4258 704 4290 ‹
740 4240 850 4309 Ego
877 4257 993 4295 sum
1041 4242 1196 4311 panis
1231 4243 1404 4307 vivus,
1445 4241 1536 4311 qui
1566 4242 1633 4296 de
1658 4241 1798 4297 ctelo
1826 4242 2111 4309 descendi;
2139 4265 2194 4326 Β
2221 4245 2443 4316 populos
2470 4253 2528 4300 et
2555 4245 2718 4316 longa
2745 4253 3005 4314 tempora,
3058 4241 3284 4314 singulis
3318 4241 3530 4306 diebu,
3569 4238 3786 4308 singulis

534 4331 582 4389 si
619 4332 740 4402 quis
763 4334 1166 4389 manducaverit
1185 4351 1250 4389 ex
1278 4335 1378 4389 hoc
1393 4349 1552 4403 pane,
1586 4333 1796 4390 vivetin
1823 4342 2110 4400 aeternum,

533 4417 824 4495 lit‘gahant
863 4423 1031 4480 Judaei
1093 4427 1160 4481 ad
1216 4428 1445 4484 invicem
1503 4431 1780 4484 dicentes:
1835 4429 2115 4494 Quomodo

533 4513 714 4585 potest
743 4515 832 4569 hic
863 4515 1018 4569 nobis
1047 4515 1176 4572 dare
1205 4533 1424 4574 carnem
1474 4535 1627 4574 suam
1669 4520 1737 4574 ad
1782 4520 2114 4575 manducan-

537 4599 702 4681 dum?
729 4627 747 4659 ι
783 4607 967 4674 (Joan.
997 4609 1095 4679 vt.)
1124 4609 1239 4664 Non
1284 4613 1428 4666 enim
1453 4613 1597 4667 hunc
1627 4627 1820 4683 panem
1851 4611 2120 4682 intelliges

538 4690 689 4767 bant,
719 4701 1003 4757 audientes
1031 4717 1253 4758 carnem
1284 4703 1776 4768 exhorrescebant;
1836 4720 1941 4759 non
1969 4704 2114 4758 enim

534 4797 695 4848 erant
725 4795 965 4849 membra
1018 4793 1247 4862 Christi,
1298 4795 1501 4852 idcirco
1533 4796 2036 4851 scandalizabantur
2060 4795 2113 4848 in

537 4898 707 4939 carne
743 4885 966 4940 Christi.
996 4885 1103 4942 Sed
1133 4897 1334 4944 etcum
1358 4887 1632 4959 discipuli,
1654 4889 1820 4943 verba
1849 4887 1967 4958 ejus
1995 4901 2124 4942 car-

541 4965 740 5030 naliter
788 4977 1140 5047 accipientes,
1181 4980 1457 5036 dicerent:
1495 4999 1513 5031 ι
1554 4978 1730 5035 Durus
1755 4988 1840 5034 est
1886 4979 1976 5034 hic
2002 4993 2118 5032 ser-

542 5080 650 5128 mo,
689 5066 810 5136 quis
859 5077 1040 5135 potest
1087 5084 1210 5124 eum
1264 5070 1488 5126 audire?
1522 5090 1542 5125 ι
1581 5070 1770 5143 (llud)
1818 5070 2118 5141 Respondit

545 5153 839 5210 Dominus:
875 5174 894 5207 ι
930 5155 1042 5212 Hoc
1077 5174 1174 5213 vos
1213 5159 1574 5214 scandalizat?
1603 5161 1647 5215 si
1695 5176 1824 5231 ergo
1872 5159 2119 5216 videritis

545 5238 740 5295 Filium
761 5245 996 5302 hominis
1015 5249 1394 5304 ascendentem
1417 5251 1504 5305 ubi
1529 5261 1645 5305 erat
1672 5251 1820 5321 prius
1841 5250 2061 5321 (Ibid.);
2093 5269 2111 5302 ι

548 5346 803 5370 “lenonch
852 5345 902 5370 nl
941 5338 1094 5370 nonac:
1150 5338 1411 5370 t‘nrnnl:uvn
1473 5342 1648 5370 ΛηηΙῗΛ
1680 5341 1775 5370 Γιιῗι
1848 5341 1942 5370 ΙΙ...

1150 5337 1411 5370 ΑΛΓΛΛΙῖινΛ
1473 5342 1648 5370 ΛηηΙῗΛ
1680 5341 1775 5370 Γιιῗι
1848 5341 2116 5370 tiu-“Inani

2225 4339 2533 4394 hominibus
2561 4335 2883 4393 sumendum
2915 4335 3187 4400 distribui,
3231 4341 3284 4390 et
3327 4347 3606 4402 nunquam
3667 4330 3787 4386 dell-

2220 4446 2343 4488 cere
2357 4431 2380 4484 ?

2291 4523 2408 4589 Quo
2467 4528 2656 4577 contra
2715 4519 2871 4574 vobis
2936 4516 3346 4588 respondemus,
3425 4513 3556 4569 dum
3641 4511 3786 4567 {idem

2218 4610 2586 4683 evangelicam'
2625 4618 2680 4664 et
2726 4607 3070 4663 traditionem
3119 4604 3471 4676 apostolicam
3527 4617 3626 4657 vos
3646 4599 3786 4655 fateri

2221 4704 2494 4762 audimus.
2557 4701 2787 4756 Verbum
2855 4699 3002 4769 quod
3059 4699 3116 4752 in
3170 4695 3436 4767 principio
3488 4703 3612 4750 erat
3661 4692 3788 4762 apud

2220 4794 2410 4858 Deum,
2443 4791 2497 4847 id
2523 4805 2651 4846 caro
2699 4790 2899 4846 factum
2931 4790 2986 4845 in
3036 4790 3142 4844 line
3174 4797 3503 4858 temporum,
3532 4784 3790 4854 quomodo

2219 4894 2391 4941 totum
2415 4898 2540 4939 cum
2569 4880 2730 4936 Patre
2756 4881 2860 4936 fuit
2904 4894 3136 4950 semper,
3163 4885 3219 4933 et
3284 4885 3458 4933 totum
3513 4890 3577 4930 se
3610 4874 3787 4930 clausit

2219 4976 2271 5031 in
2322 4984 2480 5030 utero
2523 4973 2801 5044 Virginis?
2842 4973 2888 5027 si
2947 4981 3092 5026 totus
3134 4971 3188 5024 in
3236 4967 3480 5038 Virgine,
3533 4963 3787 5035 quomodo

2221 5075 2365 5126 totus
2388 5079 2514 5120 cum
2569 5063 2753 5119 Patre.
2796 5062 2905 5119 Sed
2955 5062 3078 5117 audi
3139 5069 3306 5115 tanta:
3334 5059 3561 5113 virtutis
3606 5066 3785 5128 myste-

2225 5161 2385 5216 rium.
2439 5160 2782 5215 Asceusurus
2821 5157 2872 5212 in
2929 5155 3126 5211 coelum
3175 5154 3266 5207 Dei
3309 5149 3478 5206 Filius
3523 5147 3787 5218 discipulis

2218 5267 2316 5322 pro
2379 5252 2619 5308 discessu
2679 5249 2796 5318 ejus
2853 5247 3096 5302 sollicitis
3160 5243 3425 5314 promittit
3478 5256 3540 5296 se
3595 5253 3789 5294 mansu-

2221 5357 2336 5370 αηιηί
2390 5357 2508 5370 Anum
2547 5342 2623 5370 a‘:n
2665 5341 2911 5370 Anu-Ghanc
2963 5337 3144 5370 :“nlxnn
3197 5348 3371 5370 ΙΙΩΠΙΙΩ
3421 5330 3489 5370 EI.“
3545 5343 3786 5370 ρΛΠιΙΙΙιΙα
