4024 5370
211 296 362 355 ωειλ

1392 283 1572 340 ACTA
1613 274 1864 337 SYNODI
1899 272 2224 331 ATREBA'I’

3351 276 3490 334 19.32

212 419 485 474 humanus
542 408 871 466 intellectus.
897 420 999 462 ms.
1046 405 1218 460 νίηυε
1266 361 1614 459 ,ιῖωτειίοηῖε
1646 397 1798 455 adut-
1827 395 1876 456 Α
1980 391 2252 461 Tempore
2283 406 2514 462 namque
2552 406 2661 461 quo
2699 393 2889 448 beatus
2916 392 3208 464 Gregorius
3235 396 3490 484 Romamn

210 508 428 562 heatur.
462 500 636 558 Homo
665 513 901 570 namque
919 539 934 563 ,
960 510 1189 569 corpore
1217 494 1662 565 circumscriptus
1682 532 1698 556 ,
1740 491 1796 546 in

215 598 335 652 loco
366 608 590 649 manere
611 633 626 654 .
661 600 718 646 et
763 606 794 644 a
842 589 962 644 loco
991 587 1291 651 discedere,
1325 585 1428 641 nisi
1457 600 1556 656 per
1583 596 1800 639 succes-

214 702 334 740 sum
368 681 651 751 temporis,
682 695 790 734 non
818 685 1014 750 potest.
1035 676 1264 732 [Eterna
1284 690 1413 732 vero
1443 673 1537 728 Dei
1560 671 1798 728 essentia

215 778 355 830 sicut
379 787 481 830 nec
515 782 756 842 tempore
783 778 1128 841 angustatur,
1170 768 1245 823 ita
1270 781 1372 822 nec
1391 766 1511 822 loco
1532 765 1803 822 constrin-

215 869 398 938 gitur;
451 866 592 922 sicut
641 864 785 920 enim
823 877 1037 932 semper
1062 871 1184 929 est,
1233 863 1307 916 ita
1353 873 1568 931 semper
1603 857 1806 928 ubique

215 968 319 1014 est.
371 958 589 1013 Manere
621 956 784 1027 igitur
809 955 927 1023 ejus
955 962 1060 1018 est,
1092 953 1223 1008 nulli
1273 953 1496 1010 omnino
1544 950 1663 1006 loco
1709 949 1805 1005 do-

218 1066 380 1117 esse;
415 1050 596 1106 redire
623 1063 756 1103 vero
786 1055 892 1112 est,
924 1061 1122 1118 corpus
1157 1047 1210 1100 in
1244 1045 1405 1100 terris
1431 1053 1705 1114 sumptum
1737 1042 1806 1096 ab

222 1144 301 1200 eis
328 1143 674 1199 subtrahere.
719 1139 940 1195 Manere
969 1154 1099 1209 ergo
1130 1153 1252 1192 cum
1275 1137 1402 1200 illis,
1417 1144 1471 1191 et
1499 1136 1579 1189 ire
1607 1133 1674 1187 ad
1699 1132 1802 1185 Pa-

227 1246 366 1292 trem
395 1248 456 1290 se
487 1233 702 1290 dicebat
727 1273 743 1297 ,
776 1233 904 1286 dum
935 1246 1132 1300 corpus
1161 1229 1305 1300 quod
1341 1225 1691 1297 corruptibile
1722 1224 1808 1278 in-

221 1328 452 1389 duerat,
497 1323 610 1392 jam
651 1321 1079 1392 incorruptionis
1129 1319 1301 1392 gloria
1355 1317 1705 1373 sublimatum
1740 1314 1810 1368 ad

221 1418 390 1473 caelos
419 1417 618 1481 evehit,
646 1425 726 1480 et,
763 1429 860 1484 per
887 1413 1188 1483 majestatis
1217 1411 1579 1482 praesentiam,
1611 1407 1812 1477 ubique

219 1524 281 1564 se
299 1524 422 1564 cum
445 1508 551 1562 illis
565 1521 880 1562 mansurum
904 1505 1190 1575 promittit.
1209 1503 1311 1571 Qui
1335 1517 1464 1571 ergo
1486 1502 1551 1555 ad
1568 1500 1810 1564 Patrem,

221 1615 474 1668 cumquo
496 1612 710 1668 semper
733 1607 838 1662 est,
868 1596 986 1661 ivit,
1017 1604 1073 1651 et
1126 1611 1248 1650 cum
1277 1593 1560 1663 discipulis
1589 1593 1808 1656 utansit,

222 1706 332 1746 non
361 1689 694 1760 impossibile
747 1697 832 1743 est
878 1702 1099 1757 corpus,
1131 1687 1278 1758 quod
1323 1697 1588 1742 aeternum
1619 1693 1674 1740 et
1721 1684 1808 1738 in-

1903 484 2158 540 Ecclesiar
2179 486 2438 554 pastorali
2461 499 2607 541 cura:
2633 486 2993 551 deserviehat,
3013 491 3199 556 quaeda
3210 505 3258 543 m
3283 503 3486 548 mater-'-

1901 575 2160 644 familias,
2175 580 2453 651 religionis
2465 578 2665 645 studio,
2682 578 2981 636 oblationes
2997 579 3176 638 facere
3199 592 3253 636 et
3279 591 3492 641 summo

1901 669 2144 740 pontiﬁci
2195 669 2264 724 ad
2309 670 2613 725 ecclesiam
2640 669 2982 726 familiariter
3029 671 3227 728 oﬁ‘erre
3257 690 3490 731 consuc-

1901 771 2076 818 verat.
2112 761 2244 830 Qua:
2272 777 2419 828 cum,
2453 778 2517 818 ex
2551 777 2725 828 more,
2770 764 3007 833 quadam
3033 764 3121 820 die
3149 765 3216 820 ad
3246 777 3491 838 commne

1905 855 2196 911 nicandum
2230 855 2296 909 de
2319 871 2477 909 iuanu
2509 856 2748 927 episcopi
2773 857 2962 912 ordine
2987 871 3086 913 suo
3116 859 3418 927 accederet,
3438 871 3493 936 et

1907 946 1982 1002 illi
2011 945 2250 1016 pontifex
2286 946 2547 1000 Dominici
2566 949 2869 1016 portionem
2893 950 3140 1019 corporis
3165 953 3490 1022 porrigeret,

1907 1038 2130 1093 dicens:
2161 1057 2180 1089 ε
2211 1039 2422 1109 Corpus
2462 1039 2675 1095 Domini
2724 1042 2893 1095 nostri
2931 1039 3059 1097 Jesu
3088 1041 3293 1098 Christi
3325 1044 3495 1116 prosit

1909 1131 2003 1186 tibi
2027 1132 2081 1184 in
2108 1131 2481 1187 remissionem
2505 1142 2851 1201 peccatorum
2882 1135 3115 1190 etvitam
3141 1147 3399 1192 aeternam
3425 1155 3439 1206 ;
3473 1159 3490 1194 ι

1909 1221 2152 1278 subrisit.
2180 1223 2333 1290 Quod
2380 1224 2466 1277 vir
2505 1216 2600 1279 Dei
2653 1224 2888 1291 intuens,
2933 1243 3372 1283 communionem
3407 1244 3493 1282 re-

1912 1317 2100 1383 traxit,
2131 1325 2184 1371 et
2214 1318 2504 1386 separatim
2540 1331 2703 1388 super
2735 1318 2906 1372 altare
2942 1321 3233 1389 repositam
3261 1321 3495 1375 diacono

1911 1409 2233 1464 servandam
2257 1450 2272 1475 ,
2306 1410 2432 1465 dum
2479 1411 2666 1466 eteteri
2719 1414 3222 1479 communicarent,
3255 1415 3498 1469 tradidit.

1912 1501 2154 1572 Expletis
2178 1516 2307 1556 vero
2350 1503 2524 1558 sacris
2556 1504 2829 1573 mysteriis
2849 1547 2864 1568 ,
2891 1505 3176 1576 cpiscopus
3201 1508 3342 1563 risus
3368 1523 3499 1564 cau-

1913 1607 2027 1648 sam
2054 1595 2300 1663 requirit.
2326 1595 2396 1649 At
2423 1594 2511 1649 illa
2538 1598 2815 1664 respondit
2839 1613 3160 1670 recognoase
3181 1615 3238 1654 se
3255 1598 3503 1670 partiun-

1915 1683 2090 1739 culam
2124 1685 2268 1739 illam
2311 1701 2375 1740 ex
2430 1686 2706 1742 oblatione
2751 1702 2915 1756 quam
2982 1691 3214 1760 propriis
3251 1690 3504 1748 manibus

222 1754 574 1850 corrupt—ibile
594 1789 694 1844 est,
726 1789 780 1834 ct
804 1779 856 1832 in
883 1754 1037 1832 caelis
1062 1754 1305 1844 servare,
1330 1777 1462 1832 etin
1489 1776 1652 1830 terris
1671 1791 1814 1831 com-
1844 1754 1889 1813 Β
1917 1775 2114 1832 factam
2164 1777 2416 1847 episcopo
2462 1754 2853 1842 ohtuleratiet,
2889 1779 3013 1848 quia
3049 1795 3245 1849 corpus
3290 1780 3503 1838 Domini

223 1871 610 1926 municandum
641 1869 799 1926 nobis
825 1870 1074 1941 corporis
1102 1869 1186 1924 sui
1238 1878 1641 1924 sacramentum
1669 1881 1809 1939 pra:-

222 1961 376 2020 here.

296 2053 452 2122 Quod
480 2069 611 2110 vero
641 2055 692 2109 in
741 2063 820 2110 tot
851 2054 1117 2126 partibus,
1166 2054 1500 2125 temporibus
1519 2095 1533 2119 ,
1560 2053 1772 2123 populis
1799 2093 1815 2119 ,

227 2143 538 2202 hominibus
595 2147 838 2215 quotidie
882 2157 1156 2217 sumptum
1207 2156 1265 2202 et
1314 2162 1422 2202 non
1469 2147 1816 2201 intmiuutum

224 2233 484 2302 ohjicitis,
524 2236 730 2302 nullum
774 2237 1170 2292 incredulitatis
1204 2238 1519 2293 scandalum
1570 2238 1735 2306 parit,
1771 2235 1816 2290 si

228 2326 355 2395 quis
389 2326 514 2384 ﬁdei
539 2327 711 2384 oculis
739 2328 935 2384 intueri
963 2328 1092 2384 velit
1115 2328 1260 2398 quod
1283 2329 1359 2383 ait
1385 2326 1665 2393 Dominus,
1688 2328 1816 2381 dum

227 2419 532 2491 porrigeret
577 2420 684 2476 illis
738 2435 930 2491 panem
979 2430 1035 2476 et
1083 2420 1309 2476 calicem
1334 2461 1350 2487 ,
1379 2419 1606 2475 dicens:
1647 2438 1666 2470 ι
1705 2417 1819 2474 Hoc

228 2509 394 2566 facite
412 2511 464 2566 in
487 2527 662 2567 meam
678 2513 1273 2569 commemorationem.
1311 2531 1330 2565 ι
1368 2511 1549 2568 Semel
1579 2524 1814 2583 namque

228 2600 482 2658 Christus
507 2617 720 2673 passus,
747 2603 919 2659 semel
941 2614 1208 2672 mortuus,
1233 2605 1474 2676 quotidie
1496 2604 1549 2659 in
1576 2603 1820 2659 Ecclesia

231 2692 396 2748 nobis
443 2694 675 2764 patitur,
707 2695 949 2764 quotidie
979 2696 1138 2752 nobis
1188 2697 1452 2761 moritur,
1487 2696 1613 2752 dum
1635 2737 1651 2760 ,
1704 2695 1823 2766 ipso

222 2779 475 2850 iubente,
499 2793 863 2840 sacrosanctae
894 2787 1160 2855 passionis
1185 2786 1303 2857 ejus
1332 2786 1592 2841 memoria
1618 2787 1820 2858 agitur,

229 2881 288 2930 et
310 2888 408 2944 per
456 2877 802 2932 sacerdotum
856 2878 1219 2932 ministerium
1271 2878 1528 2934 salutaria
1569 2880 1817 2947 corporis

231 2964 354 3034 ejus
382 2975 436 3020 et
476 2968 760 3036 sanguinis
792 2968 1050 3039 mysteria
1078 2979 1430 3024 renovantur.
1478 2969 1609 3038 Quae
1639 2972 1824 3027 invisi-

231 3053 420 3110 biliter
449 3057 641 3110 eodem
689 3054 893 3127 Spiritu
923 3058 1289 3124 viviﬁcantur,
1323 3074 1433 3129 quo
1464 3071 1726 3130 operante
1764 3061 1817 3116 in

231 3154 391 3202 utero
425 3146 660 3217 Virginis
707 3123 1022 3204 incarnatus
1047 3158 1134 3204 est
1168 3149 1262 3204 Dei
1289 3123 1481 3206 Filius.
1500 3123 1661 3219 Quod
1691 3154 1819 3224 qui-
1847 3123 1894 3187 ε

233 3235 357 3290 dem
384 3251 448 3290 ex
473 3235 655 3291 verbis
681 3237 823 3292 beati
854 3238 1086 3294 Andreae
1115 3241 1344 3311 apostoli
1374 3242 1600 3313 intelligi
1638 3247 1819 3312 datur,

233 3328 392 3398 cujus
414 3343 510 3384 vos
533 3328 837 3385 doctrinam
870 3329 1012 3387 inter
1048 3341 1279 3388 caeteros
1317 3335 1590 3405 apostolos
1622 3335 1823 3391 imitari

233 3420 593 3490 proﬁtemini.
617 3421 743 3489 Qui,
776 3438 899 3477 cum
938 3423 1003 3478 ad
1030 3424 1358 3480 sacriﬁcium
1380 3426 1645 3481 idolorum
1671 3443 1821 3483 com-

235 3511 558 3582 pelleretur,
582 3513 658 3567 ait
683 3530 697 3569 :
728 3532 748 3564 ‹
781 3513 1150 3584 Omnipotenti
1186 3517 1294 3572 Deo
1314 3517 1404 3586 qui
1425 3533 1564 3571 unus
1582 3527 1637 3572 et
1666 3533 1826 3573 verus

239 3615 346 3670 est,
374 3621 476 3675 ego
508 3607 655 3662 omni
681 3606 768 3662 die
799 3608 1071 3674 sacrifico,
1103 3624 1212 3664 nou
1247 3609 1424 3664 thuris
1455 3609 1696 3678 fumum,
1725 3627 1825 3667 nec

237 3706 519 3752 taurorum
577 3699 930 3769 mugientium
962 3715 1183 3766 carnes,
1230 3716 1331 3756 nec
1374 3702 1651 3757 hircorum
1703 3719 1826 3758 san-

236 3791 480 3872 guinem,
544 3793 638 3846 sed
689 3791 1097 3848 immaculatum
1131 3796 1449 3865 sanguinem
1478 3797 1724 3867 quotidie
1773 3800 1824 3851 in

237 3881 398 3936 altari
423 3883 606 3937 crucis
648 3884 934 3948 sacriﬁco;
969 3885 1122 3953 cujus
1173 3901 1395 3942 carnem
1431 3897 1618 3958 postea
1662 3904 1825 3958 quam

237 3972 420 4026 onmis
438 3972 666 4041 populus
686 3973 1026 4028 credentium
1048 3977 1478 4044 manducaverit,
1493 3987 1542 4034 et
1567 3979 1684 4048 ejus
1704 3994 1828 4032 san-

233 4062 456 4133 guinem
485 4064 704 4130 biberit,
734 4064 942 4136 Agnus,
966 4067 1058 4136 qui
1102 4068 1443 4124 sacriﬁcatus
1472 4081 1556 4125 est
1575 4111 1590 4137 ,
1623 4070 1830 4141 integer

235 4149 550 4222 perseverat
573 4163 629 4209 et
658 4154 830 4209 vivus.
862 4175 881 4206 ι
921 4157 984 4210 Et
1009 4171 1132 4211 cum
1188 4172 1316 4212 vere
1361 4160 1700 4215 sacriﬁcatus
1733 4161 1827 4227 sit,

238 4252 298 4297 et
319 4259 450 4299 vere
478 4259 674 4299 carnes
699 4246 816 4315 ejus
841 4245 1182 4304 manducata:
1205 4249 1314 4304 sint
1334 4266 1364 4304 a
1393 4251 1610 4320 populo,
1628 4260 1684 4306 et
1704 4267 1832 4306 vere

239 4337 464 4406 sanguis
487 4337 603 4408 ejus
625 4338 694 4392 sit
724 4338 948 4404 bibitus,
981 4349 1186 4406 tamen,
1210 4349 1271 4395 ut
1303 4341 1437 4406 dixi,
1469 4343 1682 4413 integer
1704 4359 1829 4413 per-

239 4436 448 4492 manet,
479 4436 536 4482 ct
577 4428 956 4484 immaculatus
984 4438 1041 4484 et
1069 4431 1246 4484 vivus.
1292 4430 1674 4506 lnterrogante
1700 4449 1833 4488 vero

242 4516 418 4590 {Egea
444 4519 714 4590 quomodo
734 4519 848 4575 ﬁeri
873 4531 1058 4591 posset
1081 4531 1140 4577 ut
1154 4523 1370 4579 occisus
1385 4523 1823 4597 viverctAgnus;

242 4611 586 4666 sacriﬁcales
619 4627 748 4667 vero
771 4621 829 4666 et
883 4623 1181 4680 comestus,
1215 4616 1489 4684 quomodo
1519 4617 1735 4688 integer
1776 4627 1832 4672 ct

245 4700 629 4757 immaculatus
653 4713 1020 4772 permaneret,
1047 4705 1339 4775 Apostolus
1375 4709 1688 4778 respondit:
1719 4729 1736 4761 ι
1773 4709 1830 4765 Si

245 4795 498 4865 discipuli
529 4794 771 4850 "formam
798 4798 1043 4854 imitatus
1074 4801 1342 4866 crederet,
1369 4799 1528 4857 facile
1541 4802 1609 4858 ad
1624 4804 1834 4860 discen-

249 4889 414 4952 dum;
449 4887 533 4941 sin
573 4897 790 4955 autem,
835 4891 904 4948 ad
928 4891 1233 4961 indaginem
1263 4891 1511 4948 veritatis
1540 4911 1645 4949 non
1673 4910 1836 4966 posse

249 4978 540 5050 attingere.
575 4999 593 5030 ι
631 4979 784 5049 Quod
807 4989 860 5036 et
903 4981 1053 5036 vobis
1082 4997 1303 5054 quoque
1353 4986 1690 5055 impossibile
1735 4989 1842 5042 erit

250 5070 474 5134 intueri,
505 5070 632 5136 nisi,
665 5071 911 5142 deposito
937 5071 1336 5130 incredulitatis
1362 5075 1562 5148 rigore,
1610 5079 1840 5136 formam

249 5161 523 5188 αλλ-ηπ...»
555 5162 935 5188 .l:....:....l.........
971 5166 1280 5188 -η,.......-ε.ε-
1335 5165 1379 5188 11

1916 1881 2036 1921 eam
2074 1868 2309 1934 dixerat,
2353 1867 2406 1922 in
2449 1868 2618 1924 risum
2665 1884 2724 1925 sc
2771 1870 3086 1926 excitatam.
3123 1869 3313 1938 Unde,
3363 1872 3508 1931 facto

1915 1960 2081 2016 verbo
2131 1961 2199 2014 ad
2254 1961 2532 2031 p0pulum,
2565 1961 2850 2033 episcopus
2879 1980 3070 2020 omnes
3120 1970 3172 2019 in
3217 1967 3506 2022 commune

1917 2052 2220 2108 orationem
2251 2053 2316 2106 ad
2339 2052 2624 2107 Dominum
2655 2052 2881 2109 fundere
2926 2055 3177 2111 hortatur
3205 2065 3263 2111 ut
3296 2059 3362 2111 ad
3385 2073 3510 2122 cor-~

1919 2142 2284 2197 roborandam
2316 2143 2474 2198 ﬁdem
2508 2144 2802 2198 multorum
2835 2145 3122 2202 manifesto
3154 2163 3266 2204 suae
3289 2150 3508 2204 virtutis

1919 2233 2122 2288 indicio
2157 2234 2401 2289 mulieris
2443 2234 2880 2292 incredulitatem
2921 2248 3312 2309 compesceret.
3353 2239 3508 2308 Quod

1919 2333 1973 2379 et
2004 2323 2204 2380 factum
2251 2333 2354 2380 est.
2403 2327 2770 2398 Surgentihus
2823 2336 3004 2383 autem
3050 2330 3264 2385 cunctis
3291 2330 3358 2386 ah
3386 2345 3510 2384 ora-

1922 2415 2088 2479 tione,
2122 2424 2176 2469 et
2197 2415 2263 2470 ad
2293 2416 2690 2472 decernendum
2714 2418 2936 2473 caeleste
2961 2420 3331 2489 Spectaculum
3363 2435 3513 2476 como
3593 2444 3606 2450 -

1919 2506 2302 2577 primentibus,
2333 2508 2586 2564 dominus
2615 2509 2903 2580 episcopus
2943 2510 3280 2580 corporalem
3309 2510 3511 2586 pallam

1920 2596 2145 2674 revelat,
2189 2606 2245 2652 et
2296 2598 2554 2654 universo
2597 2602 2798 2670 popqu
2842 2611 2897 2656 et
2933 2601 3163 2657 muliere
3193 2611 3512 2674 contuente,

1921 2696 2130 2758 partem
2183 2688 2336 2758 digiti
2389 2690 2710 2747 auricularis
2746 2692 3010 2764 sanguine
3062 2703 3399 2750 cruentatam
3431 2694 3515 2751 in.

1923 2779 2109 2842 venit;
2143 2787 2198 2833 et
2250 2793 2548 2836 conversus
2592 2782 2659 2836 ad
2714 2783 3002 2838 mulierem
3031 2784 3203 2842 dixit:
3243 2784 3336 2840 Vel
3365 2801 3514 2842 nunc

1924 2877 2150 2939 experta
2203 2869 2398 2926 divinae
2432 2872 2649 2928 virtutis
2677 2873 3020 2940 miraculum,
3074 2892 3144 2934 ne
3171 2876 3392 2936 diﬁ‘eras
3414 2897 3512 2950 aug

1924 2959 2042 3014 dire
2075 2958 2372 3016 Veritatem
2423 2962 2724 3020 dicentem:
2765 2983 2783 3016 ‹
2830 2963 3026 3033 Panis,
3059 2983 3220 3038 quem
3264 2983 3366 3038 ego
3397 2973 3466 3044 do
3490 3013 3506 3038 ,

1926 3065 2053 3107 caro
2084 3066 2201 3107 mea
2224 3062 2329 3118 est,
2356 3062 2412 3108 et
2437 3055 2660 3125 sanguis
2688 3071 2840 3111 meus
2876 3072 3003 3112 vere
3032 3068 3110 3113 est
3139 3069 3316 3129 potus.
3351 3079 3370 3113 ι
3404 3058 3518 3124 Sed

1925 3144 2185 3213 prarscius
2214 3141 2478 3202 Conditor
2499 3147 2829 3204 inﬁrmitatis
2859 3159 3080 3215 nostrae,
3101 3161 3516 3230 potestate,qna

1927 3244 2123 3292 cuncta
2172 3236 2302 3292 fecit
2339 3253 2404 3292 ex
2437 3238 2629 3305 nihilo,
2657 3249 2709 3294 et
2739 3254 2936 3309 corpus
2969 3241 3073 3296 sibi
3103 3257 3170 3296 ex
3195 3257 3360 3298 carne
3383 3243 3506 3298 Vir-

1926 3329 2087 3400 ginis,
2119 3339 2379 3400 operante
2431 3332 2637 3402 Spiritu
2692 3342 2918 3399 sancto,
2952 3331 3284 3402 fabricavit,
3316 3352 3510 3406 panem

1926 3421 1982 3474 et
2003 3421 2188 3475 vinum
2216 3437 2358 3493 aqua
2386 3422 2633 3488 mistum,
2668 3423 2886 3494 propria
2926 3435 3184 3480 manente
3207 3428 3389 3496 specie
3412 3467 3428 3492 ,
3461 3429 3518 3482 in

1932 3527 2154 3568 carnem
2182 3523 2238 3569 et
2281 3514 2601 3585 sanguinem
2634 3529 2790 3569 suum
2819 3514 2886 3569 ad
2915 3515 3243 3571 catholicam
3273 3532 3522 3588 precem,

1928 3610 1998 3660 oh
2050 3607 2454 3676 reparationem
2507 3597 3036 3679 nostram,'5piritus
3086 3611 3168 3664 sui
3208 3612 3515 3667 sanctiﬁca-

1930 3707 2096 3763 tione,
2147 3698 2434 3753 convertit.
2486 3697 2726 3766 Denique
2752 3712 2943 3755 omnes
2973 3715 3186 3754 rursum
3236 3703 3290 3756 in
3315 3703 3522 3766 oratioe

1929 3805 2052 3845 nem
2085 3791 2371 3862 prostrati,
2400 3791 2636 3846 divinam
2663 3793 2958 3862 potentiam
2987 3802 3253 3859 exorant,
3282 3803 3342 3848 ut
3385 3810 3526 3849 san-.

1933 3889 2083 3937 clum
2116 3883 2434 3951 mysterium
2487 3882 2540 3935 in
2589 3883 2871 3952 pristinam
2920 3883 3151 3938 formam
3199 3896 3518 3953 convertat,

1931 3979 2198 4040 quatenus
2256 3971 2322 4026 ad
2393 3971 2714 4026 sumendum
2783 3971 2997 4028 mulieri
3067 3971 3160 4027 ﬁat
3236 3975 3526 4044 possibile.

1933 4063 2087 4131 Quod
2118 4073 2173 4118 et
2203 4062 2404 4117 factum
2434 4072 2539 4118 est.
2583 4062 2885 4119 Consecuta
2918 4064 3080 4135 igitur
3109 4065 3304 4121 mulier
3334 4065 3529 4130 Domi:

1938 4155 2043 4210 uici
2089 4157 2334 4226 corporis
2369 4155 2841 4226 participationem
2859 4194 2874 4220 ,
2898 4164 3085 4225 postea
3109 4157 3162 4210 in
3187 4171 3373 4213 sancta
3401 4159 3532 4214 rell-

1937 4247 2096 4318 gione
2126 4257 2176 4300 et
2196 4245 2322 4310 ﬁde,
2346 4253 2402 4302 et
2429 4261 2620 4301 omnes
2639 4246 2728 4314 qui
2756 4245 3003 4313 aderant,
3030 4247 3081 4301 in
3101 4262 3292 4303 amore
3311 4248 3520 4304 Christi

1937 4347 1993 4394 et
2019 4337 2344 4393 credulitate
2379 4336 2653 4394 ferventes
2681 4337 3057 4408 proﬁciebant.

2011 4429 2132 4483 Alio
2162 4444 2378 4499 quoque
2430 4439 2692 4500 tempore,
2748 4430 2970 4503 quidam
3004 4431 3088 4485 vir
3123 4431 3520 4500 nobilissimus,

1941 4531 2106 4591 atque
2145 4520 2300 4590 juxta
2359 4519 2614 4574 szeculum
2646 4521 3089 4589 potentissimus,
3120 4538 3148 4576 a
3197 4522 3359 4578 beato
3383 4522 3538 4579 Grc--

1939 4613 2093 4683 gorio
2122 4609 2378 4682 reliquias
2408 4611 2691 4665 beatorum
2719 4611 3085 4681 apostolorum
3118 4622 3173 4667 et
3225 4623 3525 4684 martyrum

1941 4703 2098 4772 petiit
2125 4703 2229 4757 sibi
2263 4700 2725 4756 transmitti.Erat
2756 4705 2899 4757 enim
2931 4703 3188 4772 episcopo
3219 4703 3543 4766 familiaris,

1943 4803 1997 4850 et
2046 4808 2176 4865 erga
2229 4791 2321 4847 Dei
2366 4792 2570 4848 cultum
2602 4808 2699 4866 per
2745 4793 3172 4849 admonitionem
3215 4791 3331 4858 ejus
3387 4792 3506 4845 suﬁi
3535 4827 3548 4846 .

1944 4888 2152 4945 cienter
2181 4885 2436 4941 imbutus.
2469 4884 2778 4942 llonoriﬁce
2797 4884 3192 4955 igiturlegatos
3209 4882 3534 4950 suscipiens,

1945 4977 2268 5054 aliquandiu
2325 4991 2511 5034 secum
2561 4978 2762 5033 morari
2813 4977 2962 5031 fecit.
3024 4973 3314 5032 Memorias
3374 4975 3540 5048 igitur

1944 5070 2322 5147 apostolorum
2376 5077 2433 5122 et
2469 5075 2770 5138 martyrum
2799 5081 2899 5139 pro
2943 5065 3264 5140 hujusmodi
3317 5070 3538 5138 negotio

2089 5182 2110 5188 ..
2169 5161 2290 5188 δην-οι
2326 5159 2580 5188 ωηιξη-ειη(-
2613 5157 2980 5188 ΛΛηιιηιευιαιιιΙΛ
3015 5159 3305 5188 ...ξομπαρεττι
3339 5160 3511 5188 αΛΙηυκ
