4024 5370
521 311 667 386 ⁸ηδε

1492 309 1793 366 GERARDI
1832 310 1850 364 1
1886 306 2410 365 CAMERACENSIS
2447 305 2748 362 EPISCOI‘I

3645 297 3787 354 ηεῑ

526 427 674 481 mino
717 425 1001 496 portabant
1051 424 1265 492 penitus
1320 425 1650 495 ignorarent.
1703 422 1843 489 Quid
1884 421 2096 490 longius
2123 423 2174 482 Α
2203 418 2410 486 inquit,
2455 417 2501 471 si
2549 417 2676 486 quid
2708 414 2918 470 habetis
2946 428 3052 484 quo
3080 413 3195 469 ιλιι-ο
3229 413 3522 470 refellenda
3549 412 3790 468 arbitre-

527 514 838 572 moramur?
905 513 1112 570 Fractis
1170 515 1362 586 sigillis
1422 523 1476 569 et
1549 514 1752 584 apertis
1811 512 2094 577 buxtulis,

530 605 660 660 nihil
711 605 856 659 aliud
903 604 1004 658 nisi
1058 619 1266 674 pannos
1317 604 1772 674 contemplantur.
1828 602 2098 674 lndignati

528 696 692 766 igitur
767 695 991 749 Romam
1061 695 1328 760 redeunt,
1396 703 1712 750 accusantes
1762 695 2095 764 episcopum,

529 790 671 858 quod
721 789 806 842 sui
851 777 1053 842 domini
1100 787 1436 857 petitionem,
1470 796 1524 842 et
1573 788 1684 841 suis
1715 787 1926 842 itineris
1949 787 2098 840 labo-

527 893 639 932 rem
672 886 776 930 tam
808 877 954 946 parvi
982 877 1294 941 :etimasset,
1325 887 1381 930 ut
1425 894 1520 946 pro
1549 877 1791 946 reliquiis
1815 889 2022 946 pannos
2047 875 2099 930 ei

529 970 782 1029 misisset,
811 1027 814 1032 _
846 978 1100 1038 tanquam
1149 968 1450 1038 huiusmodi
1494 982 1661 1037 genus
1701 969 1840 1036 apud
1888 981 1946 1022 se
1992 980 2099 1020 non

528 1063 755 1117 inveniri
789 1071 988 1132 posset.
1013 1063 1250 1127 Quorum
1275 1060 1558 1114 stultitiam
1589 1061 1870 1129 episcopus
1893 1059 2101 1128 patien-

437 1154 446 1163 '
530 1165 611 1207 ter
639 1154 838 1219 ferens,
866 1169 958 1208 eos
980 1153 1316 1207 celebrandis
1339 1153 1612 1223 mysteriis
1634 1151 1788 1220 jubet
1819 1152 2099 1206 interesse.

535 1244 604 1300 llt
649 1255 827 1298 autem
861 1243 928 1297 ad
961 1243 1137 1298 locum
1171 1243 1439 1298 sermonis
1483 1251 1700 1296 ventum
1741 1250 1858 1307 est,
1911 1241 2103 1296 suadet

526 1333 724 1407 pupulo
761 1333 856 1389 Dei
885 1333 1114 1406 gratiam
1148 1341 1205 1388 et
1242 1341 1554 1388 sanctorum
1595 1346 1857 1395 exorare,
1892 1341 1950 1384 ut
1993 1346 2103 1386 sua:

528 1427 746 1480 virtutis
783 1426 1079 1494 potentiam
1130 1424 1182 1478 in
1229 1423 1332 1478 hac
1378 1439 1437 1477 re
1482 1423 1734 1492 dignetur
1780 1422 2099 1482 ostendere.

528 1526 794 1585 quatenus
820 1515 947 1585 quid
1002 1513 1134 1568 ﬁdes
1163 1521 1463 1569 mereretur
1504 1513 1814 1581 ignorantes
1839 1525 2099 1582 agnosce-

528 1615 669 1660 rent.
706 1607 832 1660 Data
867 1605 1028 1675 igitur
1055 1603 1330 1667 oratione,
1357 1612 1412 1658 et
1444 1605 1509 1658 ab
1531 1618 1594 1658 eo
1620 1604 1712 1674 qui
1743 1604 1893 1672 signa
1927 1601 2102 1674 frege-

532 1705 612 1749 rat
648 1704 872 1765 accepto
905 1693 1139 1758 cultello,
1171 1707 1334 1762 super
1360 1692 1528 1747 altare
1555 1692 1728 1747 sancti
1765 1691 1906 1746 Petri
1936 1707 2100 1746 unum

2204 508 2356 562 mini.
2384 508 2453 562 At
2484 508 2580 571 illi,
2609 508 2879 578 gravitate
2917 507 3207 562 verborum
3232 516 3285 561 et
3322 507 3633 562 caelestium
3671 510 3787 560 vir-

2200 607 2312 653 tute
2353 598 2681 667 magualium
2731 594 3056 668 stupefacti,
3103 596 3446 667 vultibusque
3494 597 3790 661 demissis,

2199 700 2487 767 quamdam
2515 696 2862 766 paenitudinis
2894 695 3298 750 similitudinem
3326 695 3706 764 praeferentes,
3736 703 3793 746 et

2204 803 2269 841 ex
2299 788 2408 842 alto
2435 788 2789 858 suspirantes,
2819 785 3074 854 gemitum
3100 799 3206 838 una
3229 785 3515 847 dederunt,
3542 773 3791 839 dicentes

2205 878 2339 933 nihil
2370 880 2458 932 hic
2487 893 2546 934 se
2572 879 2674 932 nisi
2714 877 2954 932 divinum
2985 876 3203 941 audire,
3246 883 3301 930 et
3336 875 3479 946 quod
3508 891 3569 930 se
3595 885 3782 932 mutos

2200 978 2256 1023 et
2297 984 2432 1038 pene
2467 968 2712 1038 elingues
2755 968 2972 1022 faceret.
3016 967 3450 1038 Corruentesque
3495 967 3549 1022 in
3591 977 3779 1034 terra,

2203 1060 2375 1115 tunsis
2400 1061 2706 1130 pectoribus
2745 1059 2954 1129 culpam
2983 1058 3238 1113 fatentur.
3272 1057 3561 1113 Elevantes
3599 1069 3788 1114 autem

2202 1151 2438 1223 [vocem]
2466 1152 2556 1206 Dei
2581 1166 2644 1220 se.
2665 1151 2976 1220 patientiam
3011 1149 3197 1204 dicunt
3221 1149 3500 1213 admirari,
3528 1151 3622 1219 qui
3669 1161 3794 1206 tan.

2204 1241 2295 1296 diu
2337 1255 2432 1297 eos
2460 1241 2527 1296 ad
2574 1241 2929 1312 ignominiam
2964 1237 3262 1294 Christiani
3304 1239 3537 1295 nominis
3585 1240 3790 1296 tolera-

2203 1339 2388 1392 verat;
2421 1331 2620 1384 nullam
2647 1332 2731 1386 sui
2761 1330 2966 1386 erroris
2986 1331 3198 1386 veniam
3229 1347 3387 1403 posse
3412 1348 3660 1403 sperare,
3691 1336 3789 1404 qui

2206 1431 2360 1476 tanto
2401 1421 2798 1476 incredulitatis
2843 1420 3110 1492 profundo
3139 1436 3245 1475 non
3278 1437 3336 1476 se
3367 1423 3510 1477 solos
3557 1424 3791 1479 immer-

2205 1524 2413 1578 serant,
2442 1513 2534 1567 sed
2561 1520 2612 1568 et
2633 1513 2768 1568 alios
2797 1512 3144 1582 quamplures
3171 1512 3412 1582 ejusdem
3443 1514 3619 1570 ruina:
3650 1531 3788 1586 pra:-

2205 1603 2393 1674 cipitio
2415 1611 2756 1657 necaverant.
2787 1601 2993 1669 Quibus
3018 1603 3306 1672 episc0pus
3336 1602 3409 1656 ait
3437 1620 3453 1656 :
3485 1604 3588 1671 Qui
3622 1604 3790 1673 lapsis

2208 1695 2314 1750 hu:
2359 1708 2528 1762 usque
2556 1694 2728 1747 veniae
2757 1694 3004 1747 semitam
3057 1692 3437 1758 interdixistis,
3475 1707 3577 1748 nec
3620 1693 3787 1749 ullum

528 1802 595 1842 ex
636 1790 830 1859 pannis
864 1803 962 1858 per
1009 1786 1242 1841 medium
1289 1799 1532 1854 pungens
1569 1787 1804 1848 secavit,
1850 1798 1917 1837 ex
1964 1797 2102 1850 quo,
2137 1777 2180 1836 Β
2210 1787 2262 1840 in
2311 1784 2628 1854 paenitentia
2672 1782 3126 1837 reconciliationis
3172 1780 3404 1836 fructum
3456 1784 3788 1852 sperandum

528 1877 646 1931 Visu
663 1876 933 1930 mirabile!
951 1874 1166 1944 sanguis
1187 1871 1445 1937 defluens,
1459 1886 1674 1926 onmem
1687 1871 1930 1925 eamdem
1946 1870 2105 1934 panni

529 1967 849 2036 particulam
867 1965 1186 2020 cruentavit.
1215 1962 1569 2033 Stupentibus
1599 1962 1787 2032 legatis
1811 1971 1865 2016 et
1894 1963 2106 2016 caeteris

531 2061 622 2129 qui
652 2061 899 2123 aderant,
933 2074 1092 2130 super
1123 2073 1381 2113 arcanum
1415 2072 1582 2112 sacra:
1610 2055 1732 2110 ﬁdei
1761 2054 2101 2119 miraculum,

531 2151 669 2205 dixit
710 2151 778 2204 ad
806 2165 902 2205 eos
946 2151 1134 2204 beatus
1167 2150 1476 2220 episcOpus,
1503 2149 1595 2219 qui
1635 2163 1820 2202 sacras
1851 2147 2106 2217 reliquias

529 2240 683 2311 parvi
714 2240 981 2294 duxerant
1009 2256 1024 2293 :
1054 2237 1281 2304 Scitote,
1317 2238 1546 2302 fratres,
1581 2238 1705 2308 quia
1733 2238 1786 2292 in
1814 2252 2104 2292 consecra-

533 2331 680 2384 tione
712 2329 973 2383 Dominici
1005 2329 1250 2400 corporis
1279 2343 1334 2383 et
1378 2329 1680 2399 sanguinis,
1712 2342 1834 2382 cum
1879 2329 1947 2382 ob
1977 2344 2103 2380 san-

533 2419 915 2474 ctiﬁcationem
945 2419 1292 2488 reliquiarum
1325 2419 1376 2473 in
1406 2419 1608 2473 honore
1648 2420 2015 2488 apostolorum
2050 2427 2105 2473 et

537 2517 837 2581 martyrum
868 2509 1091 2575 Christi,
1117 2510 1310 2580 quibus
1337 2510 1643 2580 specialiter
1665 2510 2104 2580 assignabantur,

532 2617 694 2673 supra
722 2612 968 2658 sanctum
998 2601 1171 2658 altare
1197 2603 1452 2658 libamina
1481 2600 1866 2667 offerebantur,
1892 2615 2108 2672 semper

537 2692 754 2746 illorum
797 2693 1015 2762 sanguis
1045 2693 1144 2748 hos
1172 2709 1378 2763 pannos
1405 2694 1644 2759 intravit,
1681 2693 1769 2762 qui
1801 2691 2002 2748 effusus
2024 2701 2111 2746 est

534 2796 636 2854 pro
667 2783 881 2839 nomine
926 2785 1139 2839 Domini
1177 2786 1344 2840 nostri
1373 2784 1498 2840 Jesu
1542 2785 1762 2839 Christi.
1796 2785 1887 2840 Sic
1929 2786 2112 2854 itaque

533 2875 830 2930 :ediﬁcatos
859 2877 913 2930 in
952 2877 1056 2931 tide
1099 2877 1303 2946 legatos
1341 2887 1562 2932 sanctus
1589 2877 1885 2949 Gregorius
1915 2879 1983 2933 ad
2017 2879 2112 2934 do-

535 2965 743 3020 minum
775 2981 930 3020 suum
960 2967 1256 3037 gaudentes
1291 2969 1520 3023 remisit.

607 3053 837 3109 Pensate
879 3056 1083 3126 igitur:
1129 3056 1187 3110 Si
1241 3059 1460 3128 sangu?s
1493 3067 1791 3130 umrtyrum
1825 3059 2026 3114 Christi
2057 3060 2110 3114 in

536 3157 724 3200 eorum
750 3145 1010 3198 memoria
1045 3160 1249 3215 pannos
1279 3147 1518 3216 intravit,
1551 3159 1750 3216 quanto
1781 3151 1950 3221 magis
1984 3166 2110 3206 san-
2136 3137 2182 3200 ιῖ

539 3235 660 3306 guis
713 3232 915 3290 Christi
959 3245 1014 3290 et
1059 3251 1256 3306 corpus
1311 3238 1364 3292 in
1416 3253 1475 3293 se
1520 3238 1871 3294 transformat
1917 3257 2109 3310 panem

539 3311 784 3379 sanctum
815 3332 870 3378 et
898 3326 1097 3391 vinum,
1131 3327 1339 3395 quoties
1366 3327 1658 3382 Dominica:
1702 3331 1972 3400 passionis
1999 3347 2110 3386 me-

540 3418 711 3471 moria
750 3418 946 3486 agitur.
997 3416 1256 3485 Superest
1287 3417 1438 3472 aliud
1467 3419 1777 3483 dicendum,
1822 3424 1962 3490 quod
1988 3423 2113 3491 qui-

539 3509 658 3561 dem
696 3506 982 3561 miriﬁcum
1024 3517 1078 3562 et
1125 3509 1191 3562 ad
1230 3507 1667 3564 incredulitatem
1694 3510 1961 3564 malorum
1986 3526 2114 3566 con-

538 3597 815 3650 futandam
847 3609 930 3651 est
964 3598 1284 3666 proficuum.

611 3692 840 3758 Quidam
871 3693 952 3744 vir
984 3693 1187 3747 virtute
1232 3693 1590 3760 venerabilis,
1637 3694 1818 3749 Plexis
1862 3695 2112 3762 nomine,

539 3781 931 3836 monachorum
965 3797 1178 3852 gregem
1208 3797 1334 3836 cura
1369 3785 1613 3855 pervigili
1646 3786 1934 3853 servabat;
1961 3779 2115 3854 eujus

540 3873 608 3926 de
632 3873 920 3926 virtutibus
944 3883 1000 3926 et
1034 3873 1311 3927 miraculis
1339 3884 1479 3930 esset
1509 3877 1642 3930 satis
1669 3876 1735 3929 ad
1766 3877 2111 3946 loquendum.

541 3960 648 4016 Sed
679 3965 822 4031 quod
849 3963 916 4016 ad
949 3977 1184 4032 praesens
1223 3965 1495 4033 negotium
1526 3965 1760 4020 attinens
1787 3967 1996 4020 utiliter
2024 3982 2118 4022 oc-

541 4055 734 4122 currit,
767 4071 930 4108 unum
959 4056 1160 4109 audite.
1193 4055 1292 4110 llic
1333 4058 1458 4110 dum
1487 4059 1720 4126 quadam
1753 4058 1840 4113 die
1865 4075 1933 4112 ex
1971 4074 2119 4115 more

544 4156 898 4201 sacrosancto
928 4146 1084 4200 altari
1111 4147 1298 4200 humili
1331 4147 1614 4202 devotione
1641 4157 1848 4203 astaret
1884 4158 1958 4215 et,
1992 4151 2118 4206 mis-

543 4254 727 4293 sarum
774 4239 1034 4295 solemnia
1078 4239 1359 4294 celebrans
1387 4279 1403 4304 ,
1456 4239 1722 4296 Dominici
1768 4241 2009 4311 corporis
2065 4252 2119 4297 et

542 4330 820 4398 sanguinis
848 4329 1155 4386 veneranda
1193 4332 1450 4401 mysteria
1487 4340 1850 4394 consecraret,
1903 4344 1961 4386 ut
1985 4349 2118 4387 ven-

549 4428 661 4470 tum
694 4431 776 4473 cst
822 4421 887 4474 ad
919 4423 1106 4474 horam
1149 4419 1458 4485 fractionis,
1501 4422 1635 4475 vidit
1672 4423 1849 4476 subito
1893 4421 2035 4492 quod
2067 4433 2121 4478 et

2203 1872 2510 1943 iudicastis,
2543 1873 2737 1927 durum
2779 1880 2865 1927 est
2911 1871 2965 1927 id
3011 1871 3164 1927 vobis
3199 1878 3447 1939 spectare
3491 1873 3562 1926 ab
3597 1888 3666 1927 eo
3697 1872 3789 1938 qui

2210 1972 2503 2033 peccantes
2517 1971 2671 2017 vocat
2696 1963 2746 2016 in
2770 1961 3108 2032 pcenitentia,
3132 1970 3186 2014 et
3209 1961 3401 2030 gaudet
3421 1964 3604 2030 potius
3628 1976 3790 2031 super

2209 2069 2315 2110 uno
2337 2055 2631 2125 pmnitente
2661 2068 2823 2123 quam
2852 2066 3014 2124 supra
3046 2053 3339 2121 nonaginta
3363 2068 3558 2107 novem
3597 2053 3782 2122 justis,

2209 2148 2316 2204 nisi
2348 2147 2588 2202 melioris
2615 2145 2736 2200 ﬁdei
2769 2147 2963 2216 pretio,
3001 2145 3054 2200 id
3084 2145 3151 2200 ab
3193 2160 3259 2199 eo
3285 2145 3606 2200 studueritis
3639 2161 3791 2214 qua:-

2207 2256 2347 2306 rere,
2386 2240 2477 2311 qui
2514 2249 2661 2296 certe
2691 2239 3074 2310 paenitentibus
3101 2255 3315 2310 semper
3340 2255 3451 2294 sua:
3479 2241 3792 2294 misericor-

2205 2331 2307 2387 dia:
2345 2331 2520 2386 sinum
2564 2341 2784 2399 paratus
2814 2339 2898 2384 est
2937 2329 3168 2399 aperire.
3220 2329 3276 2383 Si
3327 2336 3505 2382 autem
3552 2329 3790 2398 perﬁdia:

2204 2432 2398 2477 vestra:
2425 2421 2678 2476 duritiam
2707 2419 2990 2475 catholicae
3013 2420 3135 2474 lidei
3162 2420 3510 2490 perceptione
3539 2420 3786 2489 rejicitis.

2205 2525 2261 2570 et
2279 2513 2523 2585 deposito
2552 2512 2948 2568 incredulitatis
2981 2512 3156 2583 rigore
3184 2511 3306 2566 ﬁdei
3331 2511 3662 2568 Christiana:
3691 2515 3786 2567 do—

2207 2616 2462 2661 cumenta
2491 2604 2786 2674 suscipitis,
2811 2603 3147 2660 conﬁdenter
3175 2603 3330 2660 vobis
3367 2619 3399 2660 a
3435 2603 3547 2660 Deo
3575 2605 3789 2660 veniam

2210 2694 2486 2767 promitto.
2607 2766 2610 2768 Π
2929 2744 2932 2746 .
3716 2694 3724 2702 ”

2371 2786 2456 2841 Il.
2499 2785 2576 2840 De
2604 2796 2784 2842 sancta
2804 2785 3018 2842 ecclesia
3053 2804 3170 2859 quae
3195 2797 3270 2843 est
3295 2788 3481 2844 domus
3511 2789 3630 2843 Dei.

2282 2876 2389 2931 Sed
2419 2877 2587 2931 latere
2631 2877 2685 2931 in
2726 2878 2880 2934 vobis
2929 2879 3104 2933 adlmc
3149 2881 3410 2950 quasdam
3454 2879 3790 2935 inﬁdelitatis

2214 2966 2465 3019 tenebras
2499 2966 2692 3031 sentio,
2735 2982 2872 3036 quas
2900 2968 3026 3022 dum
3057 2969 3110 3022 in
3152 2969 3408 3024 cordibus
3446 2972 3648 3025 vestris
3675 2987 3788 3024 ma-

2220 3069 2349 3108 nere
2369 3056 2744 3124 permiseritis,
2769 3056 2969 3110 nullam
2994 3044 3240 3128 superna:
3261 3059 3400 3114 lucis
3425 3059 3788 3114 visitationem

2213 3159 2430 3213 sperare
2447 3145 2691 3213 potestis.
2719 3145 2810 3200 lla:
2837 3154 2964 3200 sunt
2987 3135 3136 3200 enim
3153 3149 3406 3212 tenebrae,
3431 3164 3552 3218 qu:e
3579 3163 3692 3211 vos,
3712 3149 3789 3201 in-

2213 3233 2486 3288 ﬁdelitatis
2508 3235 2750 3289 caecitate
2773 3237 3052 3290 damnatos
3074 3246 3264 3291 contra
3291 3248 3537 3292 sanctam
3568 3239 3660 3292 Dei
3691 3238 3789 3292 Ec-

2215 3325 2434 3380 clesiam
2458 3329 2688 3397 erigere,
2717 3339 2771 3382 et
2792 3329 3009 3382 domum
3033 3329 3125 3382 Dei
3144 3330 3246 3383 vivi
3274 3331 3650 3400 ignominiosis
3678 3345 3789 3383 verh

2214 3419 2403 3474 borum
2431 3420 2624 3474 ictibus
2644 3422 2956 3490 impugnare
2979 3421 3200 3485 faciunt,
3234 3423 3476 3477 dicentes
3503 3422 3561 3476 in
3593 3422 3787 3490 templo

2215 3509 2309 3562 Dei
2348 3509 2479 3563 nihil
2525 3525 2663 3574 esse,
2697 3509 2839 3578 quod
2882 3509 2953 3562 sit
2991 3509 3173 3580 aliquo
3219 3510 3364 3564 cultu
3399 3509 3683 3580 religionis
3708 3511 3787 3562 di-

2215 3616 2376 3670 gnum
2439 3599 2612 3669 magis
2656 3615 2820 3670 quam
2877 3602 3078 3670 proprii
3128 3601 3384 3656 domicilii
3437 3602 3786 3663 cubiculum,

2216 3693 2453 3762 nihilque
2482 3693 2534 3746 i'n
2570 3707 2634 3748 eo
2673 3703 2954 3758 sanctum,
2985 3702 3180 3762 praeter
3206 3705 3476 3749 ccetnenta
3512 3704 3567 3747 et
3593 3693 3789 3762 lapides

2215 3781 2485 3836 artiﬁcum
2509 3797 2672 3852 opere
2703 3784 2963 3855 digestos,
2986 3784 3080 3838 sed
3110 3791 3163 3838 et
3192 3798 3434 3838 mensam
3469 3783 3709 3846 Domini,
3738 3784 3785 3836 in

2215 3887 2319 3941 qua
2345 3874 2588 3942 corporis
2614 3881 2668 3927 et
2696 3874 2975 3944 sanguinis
3021 3886 3135 3940 ejus
3178 3874 3433 3927 libamina
3464 3872 3784 3934 offeruntur,

2217 3962 2424 4019 nullum
2452 3965 2504 4018 in
2542 3979 2601 4019 se
2626 3965 2768 4020 aliud
2791 3971 2988 4035 praeter
3015 3980 3263 4020 acervum
3290 3965 3527 4035 lapidum
3561 3966 3787 4021 retinere

2217 4065 2638 4110 sacramentum.
2693 4057 2767 4110 De
2801 4057 2998 4126 quibus
3039 4057 3083 4111 si
3126 4071 3188 4111 ea
3218 4073 3336 4126 quae
3361 4058 3523 4126 paulo
3566 4068 3695 4112 ante
3722 4059 3784 4113 de

2218 4157 2443 4213 corpore
2478 4152 2532 4196 et
2556 4145 2818 4214 sanguine
2857 4146 2973 4214 ejus
3011 4147 3402 4216 prmmisimus,
3442 4147 3678 4204 ﬁdeliter
3703 4156 3777 4203 te-

2219 4244 2435 4301 nentur,
2470 4235 2603 4289 nihil
2632 4245 2716 4290 est
2758 4237 2902 4306 quod
2939 4239 3172 4292 humana
3204 4253 3355 4293 meus
3391 4237 3518 4307 jure
3546 4239 3788 4294 dubitare

2217 4328 2408 4396 possit.
2442 4329 2594 4383 Sicut
2620 4332 2765 4384 enim
2797 4331 3056 4386 Dominus
3083 4341 3138 4386 et
3165 4333 3488 4402 Redemptor
3528 4343 3717 4387 noster
3735 4333 3784 4386 in

2220 4419 2305 4471 his
2329 4419 2734 4474 sanctificandis
2764 4422 3065 4492 mysteriis,
3112 4420 3310 4491 quibus
3336 4435 3404 4474 ex
3434 4422 3601 4476 rebus
3629 4422 3785 4477 eonﬁ-

551 4508 781 4560 t‘n’lcliter
819 4507 1140 4563 credendum
1172 4518 1227 4564 et
1263 4509 1556 4564 crcduliter
1603 4511 1673 4565 sit
1719 4511 2114 4576 admirandum,
2151 4497 2477 4564 Deerentur
2519 4510 2846 4579 specialiter,
2894 4513 3156 4581 quibusve
3196 4511 3458 4567 ministris
3500 4526 3785 4568 consecra-

548 4597 598 4649 id
625 4606 729 4659 est,
755 4597 1044 4652 santiﬁcati
1070 4599 1224 4666 panis
1250 4600 1549 4668 portionem
1574 4600 1627 4654 in
1657 4601 1916 4656 infantem
1947 4611 2115 4655 trans-

547 4687 808 4751 formari,
857 4694 910 4740 et
965 4687 1212 4754 angelum
1261 4689 1473 4742 Domini
1525 4691 1890 4757 particulatim
1940 4693 2116 4761 ipsum

547 4777 823 4839 dividere,
871 4776 1156 4831 manifesto
1199 4777 1445 4831 veritatis
1492 4778 1728 4845 indicio,
1773 4783 1900 4850 quia
1930 4797 2116 4837 verum

545 4868 750 4923 Christi
781 4884 979 4938 corpus
1007 4877 1063 4923 et
1105 4869 1323 4939 sanguis
1351 4878 1432 4923 est
1462 4868 1605 4936 quod
1650 4872 1748 4926 sub
1777 4886 2116 4928 sacramento

547 4961 1005 5014 communicanda:
1044 4959 1226 5014 carnis
1251 4969 1306 5015 et
1349 4960 1626 5028 sanguinis
1669 4961 1734 5016 de
1761 4961 1916 5017 altari
1949 4965 2117 5017 sumi-

2223 4607 2431 4663 rentur,
2466 4598 2714 4664 instituit,
2749 4601 2821 4654 ita
2846 4612 2902 4655 et
2927 4617 3032 4671 quo
3061 4601 3113 4655 in
3142 4591 3259 4656 loco
3279 4601 3594 4669 specialiter
3624 4603 3783 4658 sacri-

2224 4689 2554 4756 ﬁcarentur,
2584 4689 2777 4758 elegit,
2823 4691 2879 4746 id
2919 4701 3006 4745 est
3060 4691 3115 4744 in
3170 4691 3400 4747 ecclesia
3452 4700 3642 4746 sancta
3679 4707 3785 4760 qua;

2223 4779 2414 4834 domus
2444 4780 2534 4832 Dei
2564 4782 2870 4850 specialiter
2897 4781 3218 4852 appellatur,
3246 4783 3370 4851 quia
3395 4785 3510 4838 veri
3541 4785 3785 4839 sacriﬁcii

2223 4878 2377 4922 extra
2409 4869 2730 4924 catholicam
2768 4871 3062 4928 Ecclesiam
3091 4887 3197 4926 non
3223 4883 3304 4926 est
3326 4874 3496 4931 locus.
3525 4873 3623 4929 Hic
3653 4875 3783 4929 enim

2221 4957 2429 5032 [locus]
2457 4960 2652 5012 divinis
2683 4960 2915 5015 cultibus
2945 4963 3165 5034 agendis
3205 4972 3287 5016 est
3324 4976 3694 5019 consecratus.
3723 4964 3785 5018 De
