4024 5370
205 263 342 321 4285

1339 259 1518 318 ACTA
1561 261 1811 318 SYNOUI
1851 261 2121 316 ATREBA
2133 261 2190 316 T.

3352 259 3488 318 1285

205 393 307 432 non
354 371 668 429 discedebat
712 373 778 430 de
822 374 1042 445 templo.
1083 373 1330 443 Denique
1373 373 1635 430 Dominus
1666 374 1793 428 duo-
1822 377 1869 436 Α
1899 388 2208 428 sermonem
2250 371 2456 428 faceret
2485 372 2554 429 ad
2585 371 2867 444 populum,
2917 387 2981 428 ac
3027 373 3330 430 divinitatis
3373 389 3490 432 sua)

203 463 390 521 deunis
409 477 564 533 puer,
591 462 872 535 ignorante
893 475 1067 519 matre
1089 473 1141 518 ct
1165 463 1434 536 cognatis,
1454 463 1713 519 remansit
1734 463 1788 516 in

206 555 422 627 templo.
448 553 602 611 Unde
625 556 738 626 ipse
761 557 1164 627 requirentibus
1195 557 1300 611 ait:
1333 576 1350 607 ι
1380 556 1516 623 Quid
1541 564 1623 610 est
1647 555 1792 625 quod

203 663 288 702 me
317 645 1040 716 qumrebatis?Nesciebatis
1071 647 1196 718 quia
1241 646 1295 700 in
1333 647 1420 701 his
1457 663 1575 717 qua:
1615 644 1792 699 Patris

206 736 308 792 mei
353 745 498 799 sunt,
542 744 757 806 Oportet
799 751 886 792 me
927 738 1079 792 esse?
1106 756 1123 788 ι
1171 735 1324 808 (Luc.
1366 737 1452 805 ιι.)
1489 737 1794 807 Appmpin-

205 835 404 898 quante
427 839 555 880 vero
574 824 706 880 hora
727 826 998 896 passionis
1021 843 1150 892 suae,
1166 824 1559 898 Jerosolymam
1581 825 1790 891 adiens,

205 923 383 979 statim
424 920 648 975 intravit
674 923 728 975 in
755 921 1034 991 templum,
1072 919 1299 976 formam
1339 920 1496 976 nobis
1526 919 1794 991 religiosa:

201 1013 663 1080 conversationis,
702 1029 864 1084 quam
903 1014 1056 1084 sequi
1099 1015 1426 1076 debeamus,
1455 1013 1787 1075 ostendens,

204 1110 458 1165 videlicet
487 1119 566 1174 ut,
593 1125 716 1164 cum
750 1111 1028 1180 oppidum,
1071 1120 1166 1164 aut
1204 1111 1508 1176 castellum,
1549 1110 1662 1165 sive
1698 1108 1795 1163 ali-

200 1217 357 1271 quem
406 1200 610 1267 locum,
661 1201 753 1257 ubi
803 1203 998 1258 domus
1046 1202 1312 1257 orationis
1349 1201 1461 1258 Deo
1501 1202 1573 1256 sit
1602 1215 1795 1257 conse-

200 1303 369 1360 crata,
418 1293 779 1364 ingredimur,
829 1294 984 1365 prius
1019 1295 1086 1348 ad
1121 1295 1269 1348 illam
1318 1293 1576 1349 festinare
1625 1294 1792 1348 debe-

206 1399 344 1448 mus,
373 1382 463 1437 ubi
491 1383 753 1438 orationis
777 1393 977 1438 nostra:
1003 1392 1124 1439 vota
1156 1383 1450 1450 solventes,
1488 1383 1790 1452 nosmetip-

207 1490 293 1532 sos
321 1476 430 1530 Deo
455 1475 918 1531 commendemus.
943 1475 1226 1547 Ingressus
1254 1476 1417 1548 igitur
1436 1476 1488 1530 in
1513 1475 1791 1544 templum,

205 1568 363 1637 rmpit
417 1567 624 1636 ejicere
681 1567 972 1624 vendentes
1007 1568 1061 1623 in
1102 1583 1169 1622 eo
1196 1576 1250 1622 et
1272 1577 1535 1633 ementes,
1567 1567 1789 1622 dicens:

212 1680 228 1710 ι
262 1659 466 1714 Donms
508 1674 651 1722 utea,
700 1661 892 1715 domus
939 1659 1206 1715 orationis
1252 1669 1338 1715 est
1390 1659 1542 1731 (Luc.
1595 1661 1734 1730 nx).
1767 1679 1786 1714 ι

206 1751 405 1806 Domus
460 1751 547 1806 illa
595 1752 690 1807 Dei
735 1753 805 1806 ad
856 1752 959 1806 hoc
1007 1767 1038 1805 a
1097 1752 1388 1808 Salomone
1439 1755 1699 1824 primum,
1743 1732 1873 1810 etB

201 1851 385 1912 postea
418 1858 452 1896 a
482 1839 608 1897 Jesu
638 1843 922 1898 sacerdote
942 1853 995 1897 et
1016 1841 1316 1898 Zorobabel
1339 1855 1650 1899 constructa
1683 1844 1798 1900 fue-

202 1941 307 1998 rat,
356 1949 466 1987 non
512 1933 656 2003 quod
697 1932 840 1988 Deus
865 1932 920 1986 in
954 1931 1283 1988 manufactis
1307 1935 1525 2004 templis
1558 1935 1792 1999 habitet;

195 2022 287 2077 sed
332 2033 390 2077 ut
421 2023 498 2079 ibi
539 2039 736 2078 nomen
778 2022 894 2093 ejus
939 2024 1306 2090 invocaretur,
1358 2026 1543 2096 ibique
1591 2027 1798 2083 devotae

193 2115 364 2184 plebis
411 2117 696 2172 orationes
735 2117 974 2183 audiret,
1015 2126 1142 2173 vota
1194 2118 1518 2189 susciperet,
1569 2131 1796 2175 munera

191 2218 243 2261 et
273 2209 563 2265 orationes
599 2218 932 2280 acceptaret.
976 2209 1055 2266 De
1083 2226 1191 2283 quo
1220 2211 1381 2282 paulo
1406 2221 1529 2282 post
1561 2227 1796 2283 evange-

189 2294 312 2351 lista
340 2298 475 2354 dicit
501 2317 514 2352 :
551 2317 569 2350 ι
595 2298 731 2365 Quia
755 2310 1102 2356 accesserunt
1131 2302 1198 2356 ad
1221 2315 1344 2355 eum
1369 2301 1496 2355 czeci
1519 2310 1569 2355 et
1593 2301 1796 2366 claudi,

195 2399 247 2442 et
272 2391 488 2444 curavit
518 2405 613 2446 eos
637 2391 692 2446 in
720 2392 920 2462 templo
953 2393 1170 2464 (Matth.
1201 2395 1372 2464 ιιι).›
1409 2393 1612 2463 Ejectis
1636 2410 1796 2448 nam-
1852 2439 1858 2446 .

194 2494 300 2549 que
358 2480 601 2552 indignis
653 2490 708 2538 et
753 2482 1196 2552 profanatoribus
1250 2485 1456 2556 templi,
1511 2498 1688 2540 crocos
1737 2493 1794 2540 et

189 2570 425 2626 claudos
459 2571 514 2625 in
541 2586 608 2627 eo
631 2574 881 2640 sanavit;
924 2590 1032 2630 non
1074 2576 1219 2646 quod
1261 2575 1314 2629 in
1360 2574 1563 2645 platea,
1608 2583 1702 2630 aut
1743 2575 1796 2630 in

182 2663 414 2719 civitate
468 2665 770 2721 curationis
824 2667 876 2721 ei
922 2667 1102 2737 gratia
1151 2666 1455 2734 defuisset;
1513 2667 1610 2723 sed
1648 2679 1796 2723 certa

192 2770 356 2810 causa
391 2757 638 2827 mysterii
685 2772 797 2811 sure
846 2757 1067 2813 virtutis
1096 2760 1395 2829 potentiam
1437 2759 1705 2824 exercuit,
1739 2765 1800 2813 ut

187 2845 440 2914 profecto
473 2847 787 2902 ostenderet
814 2857 1013 2918 przeter
1045 2849 1337 2904 ecclesiam
1375 2850 1579 2905 nemini
1619 2849 1796 2904 locum

190 2945 378 3003 patere
425 2936 650 3002 salutis,
692 2936 800 3009 [et]
851 2938 1012 2992 istum
1058 2954 1182 2994 esse
1213 2939 1416 3005 locum,
1447 2939 1500 2994 in
1532 2954 1640 3010 quu
1666 2939 1798 2994 ube-

193 3027 307 3082 rius
331 3028 522 3082 divina
556 3027 820 3083 beneﬁcia
852 3029 1225 3099 quaerentibus
1265 3031 1557 3085 donantur.
1594 3029 1650 3083 In
1690 3031 1796 3086 hec

190 3117 522 3189 publicanus
567 3127 826 3188 peccator
862 3093 1099 3183 advenit,
1128 3116 1464 3188 justiﬁcatus
1494 3119 1674 3174 rediit.
1715 3117 1792 3174 De
1821 3093 1866 3155 (ί

190 3209 293 3267 hoc
320 3220 493 3266 etiam
526 3211 657 3266 dicit
686 3209 853 3265 Liber
880 3209 1277 3282 apostolorum,
1317 3211 1446 3282 quia
1491 3229 1509 3262 ι
1541 3211 1792 3278 Quotidie

187 3305 569 3375 perdurabant
615 3304 952 3360 unanimiter
1005 3305 1063 3359 in
1113 3303 1313 3374 templo
1362 3304 1500 3376 (Act.
1536 3302 1620 3374 ιι).
1649 3321 1669 3354 ι
1728 3303 1794 3358 Et

187 3397 351 3466 paulo
377 3405 501 3468 post
529 3413 542 3450 :
577 3416 596 3445 ι
626 3395 818 3450 Petrus
841 3407 896 3451 et
921 3393 1160 3450 Joannes
1187 3395 1550 3451 ascenderunt
1581 3395 1634 3448 in
1659 3405 1794 3448 tem-

186 3486 334 3554 plum
374 3487 444 3540 ad
481 3487 669 3541 horam
697 3486 962 3542 orationis
989 3502 1186 3540 nonam
1216 3486 1355 3557 (Act.
1386 3485 1490 3556 ιιι).
1523 3505 1541 3538 ι
1580 3485 1655 3540 De
1691 3486 1792 3540 hoc

186 3576 453 3636 Dominus
501 3578 618 3633 ait:
659 3598 676 3629 ι
709 3577 824 3633 Duo
873 3579 1123 3633 homines
1171 3579 1538 3633 ascenderunt
1565 3578 1618 3631 in
1658 3587 1792 3632 tem-

190 3668 366 3736 plmn,
428 3677 489 3722 ut
535 3677 755 3723 orarent
802 3667 970 3739 (Luc.
1023 3667 1270 3738 X\'lll).)
1300 3666 1472 3722 Porro
1517 3667 1789 3732 inlirmus,

189 3773 352 3829 Quem
401 3761 664 3816 diuturno
714 3761 976 3830 languore
1005 3759 1375 3815 tabescentem
1417 3759 1681 3815 Dominus
1706 3773 1791 3814 sa-

187 3856 424 3902 naverat
481 3862 643 3919 super
695 3848 1033 3918 prohaticam
1093 3847 1385 3918 piscinam,
1435 3863 1548 3902 suae
1597 3848 1788 3902 salutis

185 3949 475 3995 auctorem
535 3953 881 4008 nequaquam
936 3953 1236 4009 agnoscere
1285 3938 1467 4008 potuit
1515 3938 1572 3993 in
1627 3939 1786 3994 turba

183 4030 501 4098 sedentem,
531 4031 706 4086 donec
734 4047 858 4085 eum
886 4030 1044 4087 Jesus
1075 4030 1280 4085 invenit
1315 4031 1370 4085 in
1411 4030 1635 4100 templo,
1685 4031 1790 4088 ibi-

183 4139 291 4196 que
318 4137 382 4179 se
413 4124 731 4194 recognosci
763 4124 957 4189 voluit,
1012 4131 1203 4196 aperte
1241 4123 1464 4190 docens,
1509 4131 1567 4179 ut
1591 4125 1638 4180 si
1667 4141 1790 4196 gra-

183 4218 317 4273 tiam
349 4215 672 4274 Couditoris
718 4216 891 4270 nostri
941 4230 1272 4286 cognoscere
1301 4224 1356 4269 et
1383 4215 1451 4270 ad
1481 4215 1596 4283 ejus
1621 4215 1786 4270 visio-

181 4325 310 4367 nem
344 4311 737 4368 desideramus
764 4309 1072 4380 pervenire,
1101 4308 1480 4380 cunfugiamus
1509 4309 1688 4364 devoti
1718 4309 1783 4363 ad

183 4401 457 4474 templum
498 4401 615 4470 Dei,
655 4401 746 4455 ubi
770 4400 849 4454 illi
875 4400 941 4454 de
967 4399 1240 4471 perceptis
1276 4399 1557 4455 beneﬁciis
1581 4400 1784 4472 gratias

184 4508 374 4566 agere,
409 4493 564 4550 etde
595 4491 967 4563 percipiendis
1015 4507 1245 4546 exorare
1295 4500 1622 4561 satagamus,
1664 4508 1784 4546 nos-

182 4603 291 4658 que
324 4589 481 4659 ipsos
512 4586 773 4657 templum
807 4585 924 4650 Dei,
975 4585 1028 4638 in
1079 4599 1188 4653 quo
1228 4583 1653 4638 misericorditer
1692 4601 1787 4640 ve-

182 4683 324 4748 nire,
364 4689 422 4738 et
452 4680 794 4736 mansionem
825 4679 1006 4734 facere
1035 4678 1316 4748 dignetur,
1349 4691 1660 4748 prmparare
1689 4694 1784 4733 cu-

181 4787 390 4830 remus.

249 4867 385 4923 [Ith
417 4879 636 4937 semper
661 4863 947 4918 familiaris
971 4861 1152 4918 fuerat
1174 4862 1514 4916 consuetudo
1544 4859 1779 4925 Domini,

178 4969 240 5015 ut
270 4960 326 5014 in
357 4971 748 5030 quamcunque
790 4957 1068 5012 civitatem
1117 4952 1422 5020 introisset,
1474 4954 1658 5007 statim
1701 4953 1781 5006 di-

177 5058 428 5106 verteret
475 5049 532 5103 in
573 5048 854 5119 templum.
911 5046 1061 5102 Unde
1107 5043 1346 5099 Joannes
1401 5035 1786 5116 evangelista;

187 5159 208 5193 σ
236 5141 500 5198 Perrexit
534 5139 698 5196 Jesus
721 5143 775 5197 in
799 5149 1036 5196 montem
1058 5135 1280 5201 Olivcti,
1317 5146 1376 5192 et
1401 5137 1638 5194 diluculo
1676 5137 1777 5192 ite-

1195 5231 1433 5252 \-",‘.'

1896 473 2236 519 sacramenta
2279 463 2518 534 pandere
2563 466 2900 535 dignaretur.
2936 463 3090 522 Unde
3121 465 3246 520 licet
3279 464 3486 522 nullum

1896 555 2072 610 locum
2115 569 2313 610 vacare
2344 571 2373 609 a
2398 556 2692 626 prmsentia
2737 554 3040 624 majestatis
3075 555 3191 625 ejus
3226 558 3486 622 sciamus,

1896 646 1949 698 in
1979 646 2080 700 hac
2107 661 2284 702 tamen
2315 645 2640 714 prmsentius
2675 655 2840 717 atque
2883 645 3105 701 uberius
3147 663 3258 702 suae
3299 647 3489 718 gratia:

1893 735 2154 792 beneﬁcia
2210 737 2517 806 petentibus
2566 735 2777 803 tribuit,
2834 735 2922 790 ubi
2973 738 3218 806 corporis
3266 736 3384 808 ejus
3432 748 3489 794 et

1896 829 2174 901 sanguinis
2215 836 2566 883 sacrosancta
2608 829 2868 899 mysteria
2910 828 3258 884 celebrantur
3282 839 3338 885 et
3376 831 3489 886 lau-

1896 923 1990 976 des
2030 923 2228 977 divina:
2253 931 2306 976 et
2339 932 2463 976 vota
2513 921 2818 977 solvuntur.
2870 921 2926 976 In
2979 922 3181 992 templo
3228 923 3488 979 Dominus

1904 1015 2188 1071 Salomoui
2219 1017 2272 1070 in
2299 1016 2441 1070 nube
2465 1015 2652 1086 gloriae
2680 1032 2792 1070 sua:
2816 1017 3087 1086 apparuit,
3119 1018 3306 1074 dicens
3332 1033 3388 1074 se
3415 1018 3486 1072 ibi

1893 1108 2207 1180 petentibus
2239 1109 2494 1163 daturum
2538 1110 2840 1180 cuicunque
2893 1111 3266 1166 tribulationis
3299 1121 3352 1166 et
3390 1128 3490 1165 an-

1897 1201 2090 1271 gustia:
2132 1199 2453 1265 remedium,
2484 1207 2537 1255 et
2561 1209 2752 1255 contra
2790 1210 3144 1272 tempestates
3165 1211 3220 1266 et
3249 1205 3491 1259 mortali-

1899 1302 2089 1356 tatem,
2131 1293 2395 1347 adversus
2440 1291 2678 1361 gladium
2725 1305 2779 1348 et
2826 1295 3047 1360 famem,
3096 1296 3395 1355 siccitatem
3437 1306 3492 1352 ct

1895 1401 2113 1440 omnem
2155 1385 2535 1456 intemperiem
2584 1387 2752 1451 aeris,
2796 1388 3057 1457 quidquid
3100 1388 3171 1443 ibi
3202 1405 3231 1445 a
3261 1390 3492 1461 petenti-

1897 1479 1998 1534 bus
2019 1486 2379 1549 quzererctur,
2408 1477 2661 1533 eﬁectttni
2688 1478 2781 1532 Dei
2806 1479 2980 1547 gratia
3011 1488 3314 1549 praestaret.
3345 1479 3491 1550 Quae

1899 1570 2032 1626 tidic
2057 1579 2210 1626 certe
2239 1570 2503 1624 Dominus
2541 1579 2786 1624 sanctam
2829 1568 3183 1639 Spiritualiter
3206 1572 3373 1626 intrat
3401 1586 3492 1624 ec-

1901 1665 2148 1727 clesiam,
2190 1681 2298 1719 non
2336 1663 2480 1734 quod
2512 1663 2583 1716 ibi
2618 1661 2906 1715 altitudine
2937 1677 3241 1726 murorum,
3272 1675 3366 1718 aut
3397 1679 3489 1716 va-

1904 1758 2094 1812 rietate
2133 1757 2572 1827 pavimentorum
2619 1753 2950 1820 delectetur;
2997 1755 3092 1810 sed
3142 1755 3266 1826 quia
3313 1755 3384 1809 ibi
3431 1754 3493 1809 ﬁt

1900 1856 2198 1902 conventus
2229 1844 2465 1900 ﬁdelium
2494 1861 2508 1909 ;
2542 1843 2615 1897 ibi
2649 1853 2830 1914 grates
2851 1859 2950 1914 pro
2976 1843 3186 1914 largitis
3211 1844 3491 1900 beneﬁciis

1901 1956 1930 1993 a
1962 1939 2212 1993 ﬁdelibus
2255 1937 2489 2008 accipit;
2533 1936 2768 2007 hymnos
2803 1945 2858 1989 et
2901 1935 3114 1989 cantica
3163 1935 3488 2006 spiritualia,

1901 2038 1953 2085 et
1980 2031 2190 2084 devota:
2218 2029 2394 2082 laudis
2421 2027 2693 2083 sacriﬁcia
2721 2026 2966 2094 suscipit,
2999 2034 3054 2080 et
3085 2035 3272 2081 sancta
3299 2041 3491 2097 corpo-

1901 2119 1976 2173 ris
2001 2119 2082 2174 sui
2111 2127 2165 2174 et
2196 2117 2476 2187 sanguinis
2505 2117 2587 2170 sui
2615 2115 2940 2170 commercia
2971 2114 3176 2170 tribuit.
3207 2114 3490 2170 Postremo

1899 2212 2076 2267 Lucas
2106 2211 2174 2266 ad
2207 2208 2568 2278 Theophilum
2618 2207 2883 2273 scribens,
2938 2206 3010 2260 ait
3058 2206 3186 2276 quia
3229 2206 3490 2261 Dominus

1898 2301 2056 2357 .lesus
2108 2308 2271 2371 «post
2321 2298 2630 2368 passionem
2681 2312 2868 2359 suam,
2923 2295 3203 2365 discipulis
3250 2295 3488 2366 seipsum

1897 2391 2080 2444 vivum
2125 2388 2355 2459 prrebuit
2384 2389 2437 2442 in
2473 2387 2657 2442 multis
2687 2386 3046 2457 argumentis,
3085 2401 3179 2454 per
3210 2385 3326 2440 dies
3355 2403 3490 2456 qua-

1898 2484 2147 2554 draginta
2176 2497 2450 2553 apparens
2479 2481 2559 2535 eis
2584 2491 2639 2535 et
2667 2479 2896 2549 loquens
2923 2479 2990 2532 dc
3019 2494 3187 2550 regno
3217 2478 3312 2532 Dei
3345 2481 3486 2550 (Acr.

1896 2580 2036 2648 xm).
2065 2595 2083 2627 ι
2118 2574 2255 2642 Quid
2283 2584 2366 2630 est
2408 2574 2555 2644 loqui
2613 2573 2682 2628 de
2729 2587 2894 2644 regno
2947 2572 3064 2636 Dei,
3115 2572 3215 2626 nisi
3249 2574 3315 2628 de
3343 2581 3488 2628 statu

1898 2667 2180 2732 Ecelesim,
2207 2681 2326 2736 qua:
2353 2678 2579 2734 regnum
2608 2664 2810 2719 dicitur
2832 2664 2949 2728 Dei,
2979 2663 3279 2718 ordinare?

1968 2761 2136 2832 Igitur
2161 2761 2306 2831 quod
2335 2759 2610 2829 congestis
2634 2757 2905 2828 lapidibus
2932 2757 3150 2810 domum
3180 2755 3293 2819 Dei,
3323 2772 3488 2825 quam

1897 2871 2000 2912 nos
2051 2854 2340 2910 ecclesiam
2400 2852 2779 2917 nominamus,
2835 2850 3188 2916 fabricatam,
3246 2849 3490 2920 nihilque

1897 2961 2148 3004 sanctum
2177 2961 2242 3000 ex
2266 2961 2328 3000 ea
2356 2944 2564 3015 lapidea
2597 2943 2824 3000 materia
2855 2944 3072 2998 trahere
3101 2944 3154 2998 in
3183 2957 3243 2998 se
3270 2954 3490 2998 conten-

1897 3040 2050 3106 ditis,
2090 3047 2143 3093 et
2175 3039 2296 3093 ideo
2348 3036 2482 3091 nihil
2532 3033 2781 3100 differre;
2831 3034 2960 3105 quin
3009 3033 3063 3088 in
3106 3033 3396 3088 domiciliis
3435 3042 3488 3087 et

1897 3131 2126 3203 privatis
2155 3128 2532 3184 mansionibus
2560 3119 2758 3182 vestris
2785 3125 3061 3180 orationes
3088 3122 3243 3178 facta:
3276 3132 3488 3178 tantum

1895 3225 2113 3281 valeant
2148 3233 2412 3295 quantum
2439 3230 2495 3277 et
2526 3222 2577 3275 in
2610 3220 2811 3292 templo
2835 3231 3024 3274 sancto
3055 3217 3184 3285 Dei;
3224 3218 3489 3273 adversus

1896 3319 2012 3374 haec
2054 3315 2405 3372 considerare
2454 3319 2672 3382 oportet
2707 3324 2806 3366 cur
2849 3309 3111 3364 Dominus
3151 3317 3299 3362 tanto
3337 3308 3485 3364 cultu

1897 3404 2303 3463 tabernaculum
2339 3402 2562 3458 fmderis
2589 3403 2690 3457 sibi
2716 3417 2814 3472 per
2841 3400 3057 3471 Moysen
3081 3399 3246 3469 jussit
3266 3399 3404 3463 ﬁeri,
3431 3399 3486 3454 in

1893 3515 2023 3571 quo,
2051 3496 2377 3570 posthabitis
2426 3493 2639 3548 caeteris
2686 3492 2939 3548 erunibus
2989 3490 3142 3555 locis,
3197 3490 3488 3559 specialius

1892 3590 2064 3661 gloria
2110 3587 2228 3656 ejus
2264 3594 2614 3657 apparuerat,
2645 3584 2828 3653 ibique
2855 3583 3203 3652 singulariter
3236 3583 3289 3636 in
3324 3583 3486 3638 rebus

1894 3681 2075 3736 dubiis
2104 3678 2404 3742 consultus,
2434 3674 2641 3744 judicia
2671 3683 2725 3728 et
2755 3674 2927 3744 legem
2960 3671 3086 3731 ﬁllis
3120 3673 3289 3729 lsrael
3319 3669 3490 3742 expc?

1893 3781 2100 3829 suerat.
2125 3769 2278 3827 Unde
2300 3777 2354 3825 et
2385 3767 2678 3839 Apostolus
2709 3766 2776 3821 ad
2806 3765 3122 3821 Corinthios
3151 3765 3229 3819 ait
3253 3781 3267 3818 :
3297 3783 3316 3815 ι
3337 3763 3487 3819 Nun-

1896 3865 2025 3935 quid
2051 3878 2156 3920 non
2181 3860 2396 3917 habetis
2428 3861 2616 3916 domos
2643 3857 2711 3913 ad
2737 3855 3177 3912 manducandum
3209 3865 3264 3911 et
3294 3855 3485 3910 bibcn-
3511 3867 3513 3870 ‘

1893 3955 2041 4019 dum,
2090 3963 2186 4007 aut
2215 3951 2500 4008 ecclesiam
2542 3949 2635 4004 Dei
2665 3946 3052 4004 contemnitis?
3087 3965 3104 3997 ι
3134 3945 3181 4017 (1
3215 3944 3339 4000 Cor.
3380 3945 3482 4014 XI.)

1894 4044 1962 4098 Et
1993 4043 2155 4114 paulo
2194 4051 2356 4113 post:
2394 4060 2411 4092 ι
2441 4043 2648 4110 Itaque,
2695 4040 2895 4094 fratres
2947 4037 3076 4103 mei,
3120 4039 3316 4106 inquit,
3358 4053 3484 4092 cum

1890 4135 2196 4191 convenitis
2243 4134 2311 4188 ad
2353 4132 2808 4195 manducandum,
2858 4129 3090 4185 invicem
3124 4137 3480 4199 exspectate;

1892 4227 1938 4281 si
1970 4225 2097 4296 quis
2118 4234 2297 4278 autem
2341 4223 2536 4288 esurit,
2574 4221 2719 4276 domi
2757 4220 3064 4284 manducet,
3099 4228 3155 4274 ut
3185 4234 3290 4273 non
3321 4219 3372 4270 in
3399 4216 3488 4284 ju-

1890 4317 2094 4372 dicium
2163 4313 2505 4370 conveniatis
2572 4312 2839 4383 (lbid.).»
2910 4310 3248 4366 Monstrantc
3298 4309 3482 4379 itaque

1893 4407 2082 4470 Paulo,
2130 4415 2424 4477 propterea
2467 4403 2822 4459 convenimus
2849 4402 2914 4457 ad
2945 4402 3228 4456 ecclesiam
3260 4408 3318 4455 ut
3355 4416 3480 4457 ore-

1895 4513 2016 4552 mus
2061 4507 2116 4550 et
2156 4496 2551 4551 manducemus
2595 4509 2807 4550 cumam
2837 4493 3071 4549 Domini.
3110 4493 3225 4548 Duo
3253 4494 3482 4551 audistis

1893 4608 1993 4646 cur
2022 4590 2314 4646 conveniat
2338 4588 2568 4660 populus
2594 4588 2660 4642 ad
2685 4587 3005 4654 ecclesiam;
3049 4603 3216 4641 unum
3247 4601 3312 4641 ex
3344 4586 3483 4641 anti-

1892 4701 1995 4756 qua
2023 4684 2338 4749 traditione,
2364 4694 2422 4740 ut
2441 4682 2645 4753 judicia
2677 4697 2860 4737 rerum
2890 4691 2946 4738 et
2975 4680 3312 4752 cognitiones
3340 4683 3482 4733 acci-

1889 4780 2034 4850 piat;
2078 4778 2310 4832 alterum
2357 4792 2421 4834 ex
2464 4775 2616 4831 Novo
2659 4773 3038 4836 Testamento,
3086 4778 3146 4822 ut
3196 4770 3492 4852 manducet

1888 4885 2086 4940 corpus
2133 4867 2360 4923 Christi.
2405 4867 2649 4935 Utraque
2696 4865 2844 4918 enim
2884 4861 3182 4932 qumrimus
3215 4859 3283 4911 ad
3309 4859 3494 4912 eccle-'

1887 4962 2047 5029 siam,
2072 4959 2308 5016 scilicet:
2334 4967 2392 5012 ut
2415 4960 2469 5013 in
2492 4974 2556 5014 ea
2581 4958 2867 5012 audiamus
2886 4951 3097 5021 judicia
3123 4956 3307 5001 nostra
3331 4949 3493 5012 mala,

1887 5053 2005 5108 sive
2038 5055 2205 5115 bona,
2237 5055 2291 5106 et
2321 5050 2689 5118 cegnitienem
2736 5043 2859 5106 Dei,
2909 5055 2976 5100 et
3024 5048 3086 5094 ut
3115 5035 3505 5093 manducemus

1889 5159 2089 5215 corpus
2122 5140 2346 5198 Christi.
2393 5138 2536 5206 Quia
2578 5151 2708 5190 vero
2752 5133 3009 5204 quidam
3043 5124 3144 5181 vivi
3172 5137 3387 5215 comam
3414 5143 3509 5179 nu.

2718 5235 2770 5248 n.‘
2811 5224 2972 5248 nnos=n
3006 5243 3015 5248 .
3063 5211 3417 5248 nrnnnr'nhnnl
3467 5215 3518 5246 :n
