  <div class='ocr_page' id='page_1' title='image "/cluster/home/n/w/nwhite01/storage/ocr_20150623/142/hvd.32044015471808/649.png"; bbox 0 0 4024 5370; ppageno 0'>
   <div class='ocr_carea' id='block_1_1' title="bbox 521 315 655 372">
    <p class='ocr_par' dir='ltr' id='par_1_1' title="bbox 521 315 655 372">
     <span class='ocr_line' id='line_1_1' title="bbox 521 315 655 372; baseline -0.022 0"><span class='ocrx_word' id='word_1_1' title='bbox 521 315 655 372; x_wconf 69' lang='grc' dir='ltr'><strong>ΙΞ37</strong></span> 
     </span>
    </p>
   </div>
   <div class='ocr_carea' id='block_1_2' title="bbox 1454 318 2728 387">
    <p class='ocr_par' dir='ltr' id='par_1_2' title="bbox 1454 318 2728 387">
     <span class='ocr_line' id='line_1_2' title="bbox 1454 318 2728 387; baseline 0.01 -13"><span class='ocrx_word' id='word_1_2' title='bbox 1454 318 1757 376; x_wconf 74' lang='lat' dir='ltr'><strong>GERARDI</strong></span> <span class='ocrx_word' id='word_1_3' title='bbox 1797 321 1813 376; x_wconf 96' lang='lat' dir='ltr'><strong>I</strong></span> <span class='ocrx_word' id='word_1_4' title='bbox 1856 322 2384 382; x_wconf 74' lang='lat' dir='ltr'><strong>CAMERACENSIS</strong></span> <span class='ocrx_word' id='word_1_5' title='bbox 2423 329 2728 387; x_wconf 65' lang='lat' dir='ltr'><strong>EPISCOPI</strong></span> 
     </span>
    </p>
   </div>
   <div class='ocr_carea' id='block_1_3' title="bbox 3676 326 3803 385">
    <p class='ocr_par' dir='ltr' id='par_1_3' title="bbox 3676 326 3803 385">
     <span class='ocr_line' id='line_1_3' title="bbox 3676 326 3803 385; baseline 0.024 -3"><span class='ocrx_word' id='word_1_6' title='bbox 3676 326 3803 385; x_wconf 65' lang='lat'><strong>1288</strong></span> 
     </span>
    </p>
   </div>
   <div class='ocr_carea' id='block_1_4' title="bbox 512 429 3806 516">
    <p class='ocr_par' dir='ltr' id='par_1_4' title="bbox 512 429 3806 516">
     <span class='ocr_line' id='line_1_4' title="bbox 512 429 3806 516; baseline 0.005 -31"><span class='ocrx_word' id='word_1_7' title='bbox 512 431 656 501; x_wconf 81' lang='lat' dir='ltr'><strong>quod</strong></span> <span class='ocrx_word' id='word_1_8' title='bbox 685 429 765 486; x_wconf 90' lang='lat' dir='ltr'><strong>vir</strong></span> <span class='ocrx_word' id='word_1_9' title='bbox 791 429 1006 502; x_wconf 85' lang='lat' dir='ltr'><strong>quidem</strong></span> <span class='ocrx_word' id='word_1_10' title='bbox 1057 432 1101 488; x_wconf 90' lang='lat' dir='ltr'><strong>si</strong></span> <span class='ocrx_word' id='word_1_11' title='bbox 1145 445 1358 488; x_wconf 84' lang='lat' dir='ltr'><strong>comam</strong></span> <span class='ocrx_word' id='word_1_12' title='bbox 1403 434 1628 501; x_wconf 88' lang='lat' dir='ltr'><strong>nutriat,</strong></span> <span class='ocrx_word' id='word_1_13' title='bbox 1682 435 1977 506; x_wconf 77' lang='lat' dir='ltr'><strong>ignominia</strong></span> <span class='ocrx_word' id='word_1_14' title='bbox 2025 446 2106 493; x_wconf 88' lang='lat' dir='ltr'><strong>est</strong></span> <span class='ocrx_word' id='word_1_15' title='bbox 2134 442 2188 504; x_wconf 73' lang='grc' dir='ltr'><strong>Α</strong></span> <span class='ocrx_word' id='word_1_16' title='bbox 2211 439 2380 497; x_wconf 89' lang='lat' dir='ltr'><strong>altare</strong></span> <span class='ocrx_word' id='word_1_17' title='bbox 2414 441 2660 510; x_wconf 89' lang='lat' dir='ltr'><strong>Domino,</strong></span> <span class='ocrx_word' id='word_1_18' title='bbox 2690 454 2745 500; x_wconf 88' lang='lat' dir='ltr'><strong>et</strong></span> <span class='ocrx_word' id='word_1_19' title='bbox 2775 443 2966 501; x_wconf 89' lang='lat' dir='ltr'><strong>tollens</strong></span> <span class='ocrx_word' id='word_1_20' title='bbox 2993 445 3061 500; x_wconf 89' lang='lat' dir='ltr'><strong>de</strong></span> <span class='ocrx_word' id='word_1_21' title='bbox 3089 443 3376 516; x_wconf 81' lang='lat' dir='ltr'><strong>pecoribus</strong></span> <span class='ocrx_word' id='word_1_22' title='bbox 3405 454 3463 500; x_wconf 89' lang='lat' dir='ltr'><strong>et</strong></span> <span class='ocrx_word' id='word_1_23' title='bbox 3493 442 3806 501; x_wconf 75' lang='lat' dir='ltr'><strong>volucribus</strong></span> 
     </span>
    </p>
   </div>
   <div class='ocr_carea' id='block_1_5' title="bbox 513 519 2107 598">
    <p class='ocr_par' dir='ltr' id='par_1_5' title="bbox 513 519 2107 598">
     <span class='ocr_line' id='line_1_5' title="bbox 513 519 2107 598; baseline 0.008 -23"><span class='ocrx_word' id='word_1_24' title='bbox 513 521 633 576; x_wconf 88' lang='lat' dir='ltr'><strong>illi:</strong></span> <span class='ocrx_word' id='word_1_25' title='bbox 667 519 862 576; x_wconf 88' lang='lat' dir='ltr'><strong>mulier</strong></span> <span class='ocrx_word' id='word_1_26' title='bbox 892 538 1022 578; x_wconf 84' lang='lat' dir='ltr'><strong>vero</strong></span> <span class='ocrx_word' id='word_1_27' title='bbox 1067 523 1111 578; x_wconf 89' lang='lat' dir='ltr'><strong>si</strong></span> <span class='ocrx_word' id='word_1_28' title='bbox 1157 540 1366 579; x_wconf 82' lang='lat' dir='ltr'><strong>comam</strong></span> <span class='ocrx_word' id='word_1_29' title='bbox 1415 526 1639 592; x_wconf 89' lang='lat' dir='ltr'><strong>nutriat,</strong></span> <span class='ocrx_word' id='word_1_30' title='bbox 1683 527 1854 598; x_wconf 85' lang='lat' dir='ltr'><strong>gloria</strong></span> <span class='ocrx_word' id='word_1_31' title='bbox 1887 539 1987 588; x_wconf 76' lang='lat' dir='ltr'><strong>,cst</strong></span> <span class='ocrx_word' id='word_1_32' title='bbox 2029 531 2107 587; x_wconf 86' lang='lat' dir='ltr'><strong>illi</strong></span> 
     </span>
    </p>
   </div>
   <div class='ocr_carea' id='block_1_6' title="bbox 511 610 2109 696">
    <p class='ocr_par' dir='ltr' id='par_1_6' title="bbox 511 610 2109 696">
     <span class='ocr_line' id='line_1_6' title="bbox 511 610 2109 696; baseline 0.009 -30"><span class='ocrx_word' id='word_1_33' title='bbox 511 610 756 684; x_wconf 52' lang='lat' dir='ltr'><strong>(Ibit).</strong></span> <span class='ocrx_word' id='word_1_34' title='bbox 800 631 819 665; x_wconf 75' lang='grc' dir='ltr'><strong>ι</strong></span> <span class='ocrx_word' id='word_1_35' title='bbox 883 613 1126 684; x_wconf 80' lang='lat' dir='ltr'><strong>Denique</strong></span> <span class='ocrx_word' id='word_1_36' title='bbox 1185 616 1402 672; x_wconf 88' lang='lat' dir='ltr'><strong>beatum</strong></span> <span class='ocrx_word' id='word_1_37' title='bbox 1472 617 1749 676; x_wconf 82' lang='lat' dir='ltr'><strong>Urbanum</strong></span> <span class='ocrx_word' id='word_1_38' title='bbox 1811 633 2109 696; x_wconf 88' lang='lat' dir='ltr'><strong>martyrem</strong></span> 
     </span>
    </p>
   </div>
   <div class='ocr_carea' id='block_1_7' title="bbox 513 705 2112 785">
    <p class='ocr_par' dir='ltr' id='par_1_7' title="bbox 513 705 2112 785">
     <span class='ocr_line' id='line_1_7' title="bbox 513 705 2112 785; baseline 0.006 -25"><span class='ocrx_word' id='word_1_39' title='bbox 513 705 600 777; x_wconf 88' lang='lat' dir='ltr'><strong>(si</strong></span> <span class='ocrx_word' id='word_1_40' title='bbox 650 718 783 762; x_wconf 71' lang='lat' dir='ltr'><strong>vere</strong></span> <span class='ocrx_word' id='word_1_41' title='bbox 849 714 1120 778; x_wconf 78' lang='lat' dir='ltr'><strong>martyres</strong></span> <span class='ocrx_word' id='word_1_42' title='bbox 1191 707 1416 764; x_wconf 90' lang='lat' dir='ltr'><strong>creditis</strong></span> <span class='ocrx_word' id='word_1_43' title='bbox 1465 710 1664 766; x_wconf 84' lang='lat' dir='ltr'><strong>debere</strong></span> <span class='ocrx_word' id='word_1_44' title='bbox 1714 713 1957 785; x_wconf 90' lang='lat' dir='ltr'><strong>imitari)</strong></span> <span class='ocrx_word' id='word_1_45' title='bbox 2013 731 2112 770; x_wconf 84' lang='lat' dir='ltr'><strong>au-</strong></span> 
     </span>
    </p>
   </div>
   <div class='ocr_carea' id='block_1_8' title="bbox 509 795 2109 869">
    <p class='ocr_par' dir='ltr' id='par_1_8' title="bbox 509 795 2109 869">
     <span class='ocr_line' id='line_1_8' title="bbox 509 795 2109 869; baseline 0.006 -17"><span class='ocrx_word' id='word_1_46' title='bbox 509 795 628 852; x_wconf 89' lang='lat' dir='ltr'><strong>dire</strong></span> <span class='ocrx_word' id='word_1_47' title='bbox 699 812 795 851; x_wconf 86' lang='lat' dir='ltr'><strong>vos</strong></span> <span class='ocrx_word' id='word_1_48' title='bbox 845 807 1104 868; x_wconf 90' lang='lat' dir='ltr'><strong>oportet,</strong></span> <span class='ocrx_word' id='word_1_49' title='bbox 1175 799 1266 869; x_wconf 91' lang='lat' dir='ltr'><strong>qui</strong></span> <span class='ocrx_word' id='word_1_50' title='bbox 1328 800 1548 854; x_wconf 91' lang='lat' dir='ltr'><strong>domum</strong></span> <span class='ocrx_word' id='word_1_51' title='bbox 1615 814 1818 858; x_wconf 65' lang='lat' dir='ltr'><strong>sancte</strong></span> <span class='ocrx_word' id='word_1_52' title='bbox 1871 805 2109 862; x_wconf 69' lang='lat' dir='ltr'><strong>Ctrcilize</strong></span> 
     </span>
    </p>
   </div>
   <div class='ocr_carea' id='block_1_9' title="bbox 509 888 2110 968">
    <p class='ocr_par' dir='ltr' id='par_1_9' title="bbox 509 888 2110 968">
     <span class='ocr_line' id='line_1_9' title="bbox 509 888 2110 968; baseline 0.007 -26"><span class='ocrx_word' id='word_1_53' title='bbox 509 897 718 943; x_wconf 76' lang='lat' dir='ltr'><strong>sancta:</strong></span> <span class='ocrx_word' id='word_1_54' title='bbox 756 888 1000 946; x_wconf 77' lang='lat' dir='ltr'><strong>ecclesia:</strong></span> <span class='ocrx_word' id='word_1_55' title='bbox 1041 891 1244 945; x_wconf 88' lang='lat' dir='ltr'><strong>nomini</strong></span> <span class='ocrx_word' id='word_1_56' title='bbox 1293 891 1512 967; x_wconf 81' lang='lat' dir='ltr'><strong>dicavit.</strong></span> <span class='ocrx_word' id='word_1_57' title='bbox 1546 892 1700 949; x_wconf 85' lang='lat' dir='ltr'><strong>Unde</strong></span> <span class='ocrx_word' id='word_1_58' title='bbox 1729 896 1921 952; x_wconf 88' lang='lat' dir='ltr'><strong>doctor</strong></span> <span class='ocrx_word' id='word_1_59' title='bbox 1957 913 2110 968; x_wconf 85' lang='lat' dir='ltr'><strong>egre-</strong></span> 
     </span>
    </p>
   </div>
   <div class='ocr_carea' id='block_1_10' title="bbox 509 980 2111 1060">
    <p class='ocr_par' dir='ltr' id='par_1_10' title="bbox 509 980 2111 1060">
     <span class='ocr_line' id='line_1_10' title="bbox 509 980 2111 1060; baseline 0.007 -26"><span class='ocrx_word' id='word_1_60' title='bbox 509 981 630 1052; x_wconf 90' lang='lat' dir='ltr'><strong>gius</strong></span> <span class='ocrx_word' id='word_1_61' title='bbox 672 980 1029 1052; x_wconf 79' lang='lat' dir='ltr'><strong>Augustinus,</strong></span> <span class='ocrx_word' id='word_1_62' title='bbox 1079 983 1132 1038; x_wconf 89' lang='lat' dir='ltr'><strong>in</strong></span> <span class='ocrx_word' id='word_1_63' title='bbox 1177 985 1387 1055; x_wconf 77' lang='lat' dir='ltr'><strong>psalmo</strong></span> <span class='ocrx_word' id='word_1_64' title='bbox 1435 1001 1607 1040; x_wconf 73' lang='lat' dir='ltr'><strong>Lxxx:</strong></span> <span class='ocrx_word' id='word_1_65' title='bbox 1649 986 1816 1044; x_wconf 60' lang='lat' dir='ltr'><strong>«Haec</strong></span> <span class='ocrx_word' id='word_1_66' title='bbox 1851 1005 1973 1060; x_wconf 69' lang='lat' dir='ltr'><strong>qua:</strong></span> <span class='ocrx_word' id='word_1_67' title='bbox 2015 1005 2111 1044; x_wconf 79' lang='lat' dir='ltr'><strong>ex-</strong></span> 
     </span>
    </p>
   </div>
   <div class='ocr_carea' id='block_1_11' title="bbox 509 1071 2109 1151">
    <p class='ocr_par' dir='ltr' id='par_1_11' title="bbox 509 1071 2109 1151">
     <span class='ocr_line' id='line_1_11' title="bbox 509 1071 2109 1151; baseline 0.006 -25"><span class='ocrx_word' id='word_1_68' title='bbox 509 1081 797 1128; x_wconf 88' lang='lat' dir='ltr'><strong>struuntur</strong></span> <span class='ocrx_word' id='word_1_69' title='bbox 845 1073 911 1128; x_wconf 93' lang='lat' dir='ltr'><strong>ad</strong></span> <span class='ocrx_word' id='word_1_70' title='bbox 974 1083 1187 1146; x_wconf 89' lang='lat' dir='ltr'><strong>tempus</strong></span> <span class='ocrx_word' id='word_1_71' title='bbox 1242 1075 1308 1130; x_wconf 93' lang='lat' dir='ltr'><strong>ad</strong></span> <span class='ocrx_word' id='word_1_72' title='bbox 1371 1076 1680 1147; x_wconf 87' lang='lat' dir='ltr'><strong>recipienda</strong></span> <span class='ocrx_word' id='word_1_73' title='bbox 1739 1094 1970 1151; x_wconf 90' lang='lat' dir='ltr'><strong>corpora</strong></span> <span class='ocrx_word' id='word_1_74' title='bbox 2025 1071 2109 1137; x_wconf 92' lang='lat' dir='ltr'><strong>vel</strong></span> 
     </span>
    </p>
   </div>
   <div class='ocr_carea' id='block_1_12' title="bbox 510 1164 2109 1240">
    <p class='ocr_par' dir='ltr' id='par_1_12' title="bbox 510 1164 2109 1240">
     <span class='ocr_line' id='line_1_12' title="bbox 510 1164 2109 1240; baseline 0.006 -23"><span class='ocrx_word' id='word_1_75' title='bbox 510 1164 758 1219; x_wconf 84' lang='lat' dir='ltr'><strong>vivorum</strong></span> <span class='ocrx_word' id='word_1_76' title='bbox 802 1165 885 1220; x_wconf 89' lang='lat' dir='ltr'><strong>vel</strong></span> <span class='ocrx_word' id='word_1_77' title='bbox 929 1177 1265 1240; x_wconf 86' lang='lat' dir='ltr'><strong>mortuorum</strong></span> <span class='ocrx_word' id='word_1_78' title='bbox 1316 1169 1623 1223; x_wconf 87' lang='lat' dir='ltr'><strong>necessaria</strong></span> <span class='ocrx_word' id='word_1_79' title='bbox 1670 1180 1817 1231; x_wconf 88' lang='lat' dir='ltr'><strong>sunt,</strong></span> <span class='ocrx_word' id='word_1_80' title='bbox 1857 1171 1948 1225; x_wconf 91' lang='lat' dir='ltr'><strong>sed</strong></span> <span class='ocrx_word' id='word_1_81' title='bbox 1977 1181 2109 1227; x_wconf 91' lang='lat' dir='ltr'><strong>tem-</strong></span> 
     </span>
    </p>
   </div>
   <div class='ocr_carea' id='block_1_13' title="bbox 513 1260 2109 1330">
    <p class='ocr_par' dir='ltr' id='par_1_13' title="bbox 513 1260 2109 1330">
     <span class='ocr_line' id='line_1_13' title="bbox 513 1260 2109 1330; baseline 0.004 -19"><span class='ocrx_word' id='word_1_82' title='bbox 513 1273 645 1329; x_wconf 90' lang='lat' dir='ltr'><strong>pore</strong></span> <span class='ocrx_word' id='word_1_83' title='bbox 668 1269 1018 1329; x_wconf 71' lang='lat' dir='ltr'><strong>prartereunt.</strong></span> <span class='ocrx_word' id='word_1_84' title='bbox 1044 1260 1295 1330; x_wconf 86' lang='lat' dir='ltr'><strong>Nunquid</strong></span> <span class='ocrx_word' id='word_1_85' title='bbox 1322 1270 1442 1330; x_wconf 91' lang='lat' dir='ltr'><strong>post</strong></span> <span class='ocrx_word' id='word_1_86' title='bbox 1459 1261 1716 1330; x_wconf 80' lang='lat' dir='ltr'><strong>judicium</strong></span> <span class='ocrx_word' id='word_1_87' title='bbox 1743 1261 1836 1318; x_wconf 90' lang='lat' dir='ltr'><strong>Dei</strong></span> <span class='ocrx_word' id='word_1_88' title='bbox 1868 1262 2002 1318; x_wconf 88' lang='lat' dir='ltr'><strong>istas</strong></span> <span class='ocrx_word' id='word_1_89' title='bbox 2029 1263 2109 1318; x_wconf 80' lang='lat' dir='ltr'><strong>fa-</strong></span> 
     </span>
    </p>
   </div>
   <div class='ocr_carea' id='block_1_14' title="bbox 519 1349 2113 1410">
    <p class='ocr_par' dir='ltr' id='par_1_14' title="bbox 519 1349 2113 1410">
     <span class='ocr_line' id='line_1_14' title="bbox 519 1349 2113 1410; baseline 0.005 -9"><span class='ocrx_word' id='word_1_90' title='bbox 519 1349 701 1403; x_wconf 85' lang='lat' dir='ltr'><strong>bricas</strong></span> <span class='ocrx_word' id='word_1_91' title='bbox 748 1349 801 1402; x_wconf 93' lang='lat' dir='ltr'><strong>in</strong></span> <span class='ocrx_word' id='word_1_92' title='bbox 847 1350 1042 1404; x_wconf 73' lang='lat' dir='ltr'><strong>cmlum</strong></span> <span class='ocrx_word' id='word_1_93' title='bbox 1099 1349 1435 1406; x_wconf 87' lang='lat' dir='ltr'><strong>levabimus?</strong></span> <span class='ocrx_word' id='word_1_94' title='bbox 1485 1350 1615 1406; x_wconf 89' lang='lat' dir='ltr'><strong>Sine</strong></span> <span class='ocrx_word' id='word_1_95' title='bbox 1656 1352 1742 1407; x_wconf 85' lang='lat' dir='ltr'><strong>his</strong></span> <span class='ocrx_word' id='word_1_96' title='bbox 1786 1363 1965 1408; x_wconf 86' lang='lat' dir='ltr'><strong>tamen</strong></span> <span class='ocrx_word' id='word_1_97' title='bbox 2010 1353 2113 1410; x_wconf 90' lang='lat' dir='ltr'><strong>hoc</strong></span> 
     </span>
    </p>
   </div>
   <div class='ocr_carea' id='block_1_15' title="bbox 514 1442 2111 1516">
    <p class='ocr_par' dir='ltr' id='par_1_15' title="bbox 514 1442 2111 1516">
     <span class='ocr_line' id='line_1_15' title="bbox 514 1442 2111 1516; baseline 0.005 -24"><span class='ocrx_word' id='word_1_98' title='bbox 514 1448 759 1510; x_wconf 89' lang='lat' dir='ltr'><strong>tempore</strong></span> <span class='ocrx_word' id='word_1_99' title='bbox 788 1482 802 1505; x_wconf 94' lang='lat'><strong>,</strong></span> <span class='ocrx_word' id='word_1_100' title='bbox 850 1456 970 1511; x_wconf 74' lang='lat' dir='ltr'><strong>quze</strong></span> <span class='ocrx_word' id='word_1_101' title='bbox 1023 1442 1089 1496; x_wconf 91' lang='lat' dir='ltr'><strong>ad</strong></span> <span class='ocrx_word' id='word_1_102' title='bbox 1141 1443 1521 1513; x_wconf 91' lang='lat' dir='ltr'><strong>possidendum</strong></span> <span class='ocrx_word' id='word_1_103' title='bbox 1569 1443 1766 1499; x_wconf 57' lang='lat' dir='ltr'><strong>caelum</strong></span> <span class='ocrx_word' id='word_1_104' title='bbox 1815 1446 2111 1516; x_wconf 89' lang='lat' dir='ltr'><strong>pertinent,</strong></span> 
     </span>
    </p>
   </div>
   <div class='ocr_carea' id='block_1_16' title="bbox 520 1535 2113 1608">
    <p class='ocr_par' dir='ltr' id='par_1_16' title="bbox 520 1535 2113 1608">
     <span class='ocr_line' id='line_1_16' title="bbox 520 1535 2113 1608; baseline 0.008 -24"><span class='ocrx_word' id='word_1_105' title='bbox 520 1545 683 1600; x_wconf 84' lang='lat' dir='ltr'><strong>agere</strong></span> <span class='ocrx_word' id='word_1_106' title='bbox 712 1547 819 1586; x_wconf 91' lang='lat' dir='ltr'><strong>non</strong></span> <span class='ocrx_word' id='word_1_107' title='bbox 851 1535 1169 1603; x_wconf 88' lang='lat' dir='ltr'><strong>poterimus.</strong></span> <span class='ocrx_word' id='word_1_108' title='bbox 1216 1555 1233 1587; x_wconf 78' lang='grc' dir='ltr'><strong>ι</strong></span> <span class='ocrx_word' id='word_1_109' title='bbox 1295 1535 1466 1592; x_wconf 91' lang='lat' dir='ltr'><strong>Porro</strong></span> <span class='ocrx_word' id='word_1_110' title='bbox 1516 1537 1634 1608; x_wconf 88' lang='lat' dir='ltr'><strong>ipsa</strong></span> <span class='ocrx_word' id='word_1_111' title='bbox 1683 1538 1873 1593; x_wconf 88' lang='lat' dir='ltr'><strong>domus</strong></span> <span class='ocrx_word' id='word_1_112' title='bbox 1911 1540 2113 1596; x_wconf 90' lang='lat' dir='ltr'><strong>idcirco</strong></span> 
     </span>
    </p>
   </div>
   <div class='ocr_carea' id='block_1_17' title="bbox 511 1624 2111 1701">
    <p class='ocr_par' dir='ltr' id='par_1_17' title="bbox 511 1624 2111 1701">
     <span class='ocr_line' id='line_1_17' title="bbox 511 1624 2111 1701; baseline 0.007 -25"><span class='ocrx_word' id='word_1_113' title='bbox 511 1624 836 1679; x_wconf 68' lang='lat' dir='ltr'><strong>vocabulum</strong></span> <span class='ocrx_word' id='word_1_114' title='bbox 870 1626 1038 1682; x_wconf 88' lang='lat' dir='ltr'><strong>habet</strong></span> <span class='ocrx_word' id='word_1_115' title='bbox 1064 1627 1330 1693; x_wconf 67' lang='lat' dir='ltr'><strong>ecclesiae,</strong></span> <span class='ocrx_word' id='word_1_116' title='bbox 1361 1629 1486 1699; x_wconf 89' lang='lat' dir='ltr'><strong>quia</strong></span> <span class='ocrx_word' id='word_1_117' title='bbox 1513 1631 1754 1684; x_wconf 89' lang='lat' dir='ltr'><strong>continet</strong></span> <span class='ocrx_word' id='word_1_118' title='bbox 1781 1631 2111 1701; x_wconf 76' lang='lat' dir='ltr'><strong>Ecclesium,</strong></span> 
     </span>
    </p>
   </div>
   <div class='ocr_carea' id='block_1_18' title="bbox 515 1715 2112 1793">
    <p class='ocr_par' dir='ltr' id='par_1_18' title="bbox 515 1715 2112 1793">
     <span class='ocr_line' id='line_1_18' title="bbox 515 1715 2112 1793; baseline 0.008 -23"><span class='ocrx_word' id='word_1_119' title='bbox 515 1715 570 1770; x_wconf 87' lang='lat' dir='ltr'><strong>id</strong></span> <span class='ocrx_word' id='word_1_120' title='bbox 599 1727 682 1772; x_wconf 91' lang='lat' dir='ltr'><strong>est</strong></span> <span class='ocrx_word' id='word_1_121' title='bbox 714 1718 969 1789; x_wconf 88' lang='lat' dir='ltr'><strong>populum</strong></span> <span class='ocrx_word' id='word_1_122' title='bbox 999 1734 1358 1776; x_wconf 89' lang='lat' dir='ltr'><strong>convocatum</strong></span> <span class='ocrx_word' id='word_1_123' title='bbox 1393 1722 1460 1778; x_wconf 87' lang='lat' dir='ltr'><strong>ab</strong></span> <span class='ocrx_word' id='word_1_124' title='bbox 1494 1739 1580 1788; x_wconf 90' lang='lat' dir='ltr'><strong>co,</strong></span> <span class='ocrx_word' id='word_1_125' title='bbox 1616 1724 1707 1793; x_wconf 88' lang='lat' dir='ltr'><strong>qui</strong></span> <span class='ocrx_word' id='word_1_126' title='bbox 1756 1724 1885 1780; x_wconf 80' lang='lat' dir='ltr'><strong>facit</strong></span> <span class='ocrx_word' id='word_1_127' title='bbox 1915 1727 2112 1782; x_wconf 84' lang='lat' dir='ltr'><strong>unani-</strong></span> 
     </span>
    </p>
   </div>
   <div class='ocr_carea' id='block_1_19' title="bbox 2214 533 3808 607">
    <p class='ocr_par' dir='ltr' id='par_1_19' title="bbox 2214 533 3808 607">
     <span class='ocr_line' id='line_1_19' title="bbox 2214 533 3808 607; baseline 0.004 -21"><span class='ocrx_word' id='word_1_128' title='bbox 2214 533 2452 593; x_wconf 90' lang='lat' dir='ltr'><strong>mundis.</strong></span> <span class='ocrx_word' id='word_1_129' title='bbox 2481 535 2676 591; x_wconf 88' lang='lat' dir='ltr'><strong>obtulit</strong></span> <span class='ocrx_word' id='word_1_130' title='bbox 2719 534 3031 593; x_wconf 82' lang='lat' dir='ltr'><strong>holocausta</strong></span> <span class='ocrx_word' id='word_1_131' title='bbox 3075 551 3240 607; x_wconf 87' lang='lat' dir='ltr'><strong>super</strong></span> <span class='ocrx_word' id='word_1_132' title='bbox 3264 550 3412 601; x_wconf 90' lang='lat' dir='ltr'><strong>eum,</strong></span> <span class='ocrx_word' id='word_1_133' title='bbox 3440 537 3808 606; x_wconf 78' lang='lat' dir='ltr'><strong>odoratuqu</strong></span> 
     </span>
    </p>
   </div>
   <div class='ocr_carea' id='block_1_20' title="bbox 2210 625 3807 701">
    <p class='ocr_par' dir='ltr' id='par_1_20' title="bbox 2210 625 3807 701">
     <span class='ocr_line' id='line_1_20' title="bbox 2210 625 3807 701; baseline 0 -18"><span class='ocrx_word' id='word_1_134' title='bbox 2210 635 2296 683; x_wconf 91' lang='lat' dir='ltr'><strong>est</strong></span> <span class='ocrx_word' id='word_1_135' title='bbox 2323 625 2584 685; x_wconf 89' lang='lat' dir='ltr'><strong>Dominus</strong></span> <span class='ocrx_word' id='word_1_136' title='bbox 2610 629 2832 686; x_wconf 89' lang='lat' dir='ltr'><strong>odorem</strong></span> <span class='ocrx_word' id='word_1_137' title='bbox 2861 629 3146 685; x_wconf 85' lang='lat' dir='ltr'><strong>suavitatis</strong></span> <span class='ocrx_word' id='word_1_138' title='bbox 3172 629 3380 701; x_wconf 74' lang='lat' dir='ltr'><strong>(Genu.</strong></span> <span class='ocrx_word' id='word_1_139' title='bbox 3407 630 3551 698; x_wconf 76' lang='lat' dir='ltr'><strong>vin).</strong></span> <span class='ocrx_word' id='word_1_140' title='bbox 3586 647 3606 680; x_wconf 74' lang='grc' dir='ltr'><strong>ι</strong></span> <span class='ocrx_word' id='word_1_141' title='bbox 3645 627 3807 684; x_wconf 77' lang='grc' dir='ltr'>δίιιιὶ-</span> 
     </span>
    </p>
   </div>
   <div class='ocr_carea' id='block_1_21' title="bbox 2210 716 3809 789">
    <p class='ocr_par' dir='ltr' id='par_1_21' title="bbox 2210 716 3809 789">
     <span class='ocr_line' id='line_1_21' title="bbox 2210 716 3809 789; baseline 0.001 -18"><span class='ocrx_word' id='word_1_142' title='bbox 2210 717 2337 774; x_wconf 89' lang='lat' dir='ltr'><strong>liter</strong></span> <span class='ocrx_word' id='word_1_143' title='bbox 2355 727 2410 774; x_wconf 91' lang='lat' dir='ltr'><strong>et</strong></span> <span class='ocrx_word' id='word_1_144' title='bbox 2435 719 2732 784; x_wconf 82' lang='lat' dir='ltr'><strong>Abraham,</strong></span> <span class='ocrx_word' id='word_1_145' title='bbox 2761 720 2914 776; x_wconf 88' lang='lat' dir='ltr'><strong>Isaac</strong></span> <span class='ocrx_word' id='word_1_146' title='bbox 2937 729 2993 776; x_wconf 89' lang='lat' dir='ltr'><strong>et</strong></span> <span class='ocrx_word' id='word_1_147' title='bbox 3018 719 3205 776; x_wconf 83' lang='lat' dir='ltr'><strong>Jacob.</strong></span> <span class='ocrx_word' id='word_1_148' title='bbox 3229 718 3330 786; x_wconf 94' lang='lat' dir='ltr'><strong>Qui</strong></span> <span class='ocrx_word' id='word_1_149' title='bbox 3357 716 3529 774; x_wconf 70' lang='lat' dir='ltr'><strong>Iacob</strong></span> <span class='ocrx_word' id='word_1_150' title='bbox 3553 732 3809 789; x_wconf 77' lang='lat' dir='ltr'><strong>egressus</strong></span> 
     </span>
    </p>
   </div>
   <div class='ocr_carea' id='block_1_22' title="bbox 2211 807 3810 879">
    <p class='ocr_par' dir='ltr' id='par_1_22' title="bbox 2211 807 3810 879">
     <span class='ocr_line' id='line_1_22' title="bbox 2211 807 3810 879; baseline -0.001 -15"><span class='ocrx_word' id='word_1_151' title='bbox 2211 809 2278 864; x_wconf 89' lang='lat' dir='ltr'><strong>de</strong></span> <span class='ocrx_word' id='word_1_152' title='bbox 2306 807 2599 876; x_wconf 85' lang='lat' dir='ltr'><strong>Bersabee,</strong></span> <span class='ocrx_word' id='word_1_153' title='bbox 2631 810 2765 865; x_wconf 87' lang='lat' dir='ltr'><strong>vidit</strong></span> <span class='ocrx_word' id='word_1_154' title='bbox 2792 809 2993 865; x_wconf 90' lang='lat' dir='ltr'><strong>scalam</strong></span> <span class='ocrx_word' id='word_1_155' title='bbox 3023 825 3053 864; x_wconf 90' lang='lat' dir='ltr'><strong>a</strong></span> <span class='ocrx_word' id='word_1_156' title='bbox 3087 819 3230 864; x_wconf 89' lang='lat' dir='ltr'><strong>terra</strong></span> <span class='ocrx_word' id='word_1_157' title='bbox 3275 809 3444 864; x_wconf 73' lang='lat' dir='ltr'><strong>cmlos</strong></span> <span class='ocrx_word' id='word_1_158' title='bbox 3473 823 3649 879; x_wconf 88' lang='lat' dir='ltr'><strong>usque</strong></span> <span class='ocrx_word' id='word_1_159' title='bbox 3678 807 3810 864; x_wconf 83' lang='lat' dir='ltr'><strong>etni-</strong></span> 
     </span>
    </p>
   </div>
   <div class='ocr_carea' id='block_1_23' title="bbox 2211 898 3810 970">
    <p class='ocr_par' dir='ltr' id='par_1_23' title="bbox 2211 898 3810 970">
     <span class='ocr_line' id='line_1_23' title="bbox 2211 898 3810 970; baseline 0.003 -17"><span class='ocrx_word' id='word_1_160' title='bbox 2211 907 2469 966; x_wconf 90' lang='lat' dir='ltr'><strong>nentcm,</strong></span> <span class='ocrx_word' id='word_1_161' title='bbox 2530 915 2628 970; x_wconf 89' lang='lat' dir='ltr'><strong>per</strong></span> <span class='ocrx_word' id='word_1_162' title='bbox 2674 915 2840 970; x_wconf 88' lang='lat' dir='ltr'><strong>quam</strong></span> <span class='ocrx_word' id='word_1_163' title='bbox 2893 899 3116 970; x_wconf 82' lang='lat' dir='ltr'><strong>angelus</strong></span> <span class='ocrx_word' id='word_1_164' title='bbox 3183 898 3279 955; x_wconf 84' lang='lat' dir='ltr'><strong>Dei</strong></span> <span class='ocrx_word' id='word_1_165' title='bbox 3346 900 3713 955; x_wconf 85' lang='lat' dir='ltr'><strong>ascendentes</strong></span> <span class='ocrx_word' id='word_1_166' title='bbox 3757 907 3810 958; x_wconf 78' lang='lat' dir='ltr'><strong>et</strong></span> 
     </span>
    </p>
   </div>
   <div class='ocr_carea' id='block_1_24' title="bbox 2212 993 3809 1066">
    <p class='ocr_par' dir='ltr' id='par_1_24' title="bbox 2212 993 3809 1066">
     <span class='ocr_line' id='line_1_24' title="bbox 2212 993 3809 1066; baseline -0.001 -17"><span class='ocrx_word' id='word_1_167' title='bbox 2212 993 2624 1062; x_wconf 86' lang='lat' dir='ltr'><strong>descendentes,</strong></span> <span class='ocrx_word' id='word_1_168' title='bbox 2650 997 2824 1066; x_wconf 90' lang='lat' dir='ltr'><strong>ipsum</strong></span> <span class='ocrx_word' id='word_1_169' title='bbox 2844 996 3008 1051; x_wconf 90' lang='lat' dir='ltr'><strong>etiam</strong></span> <span class='ocrx_word' id='word_1_170' title='bbox 3030 995 3318 1050; x_wconf 89' lang='lat' dir='ltr'><strong>Dominum</strong></span> <span class='ocrx_word' id='word_1_171' title='bbox 3343 993 3661 1064; x_wconf 85' lang='lat' dir='ltr'><strong>loquentem</strong></span> <span class='ocrx_word' id='word_1_172' title='bbox 3682 995 3809 1062; x_wconf 84' lang='lat' dir='ltr'><strong>sibi,</strong></span> 
     </span>
    </p>
   </div>
   <div class='ocr_carea' id='block_1_25' title="bbox 2211 1085 3810 1160">
    <p class='ocr_par' dir='ltr' id='par_1_25' title="bbox 2211 1085 3810 1160">
     <span class='ocr_line' id='line_1_25' title="bbox 2211 1085 3810 1160; baseline 0.001 -20"><span class='ocrx_word' id='word_1_173' title='bbox 2211 1087 2367 1144; x_wconf 83' lang='lat' dir='ltr'><strong>vidit.</strong></span> <span class='ocrx_word' id='word_1_174' title='bbox 2395 1087 2498 1156; x_wconf 86' lang='lat' dir='ltr'><strong>Qui</strong></span> <span class='ocrx_word' id='word_1_175' title='bbox 2523 1104 2681 1144; x_wconf 91' lang='lat' dir='ltr'><strong>mane</strong></span> <span class='ocrx_word' id='word_1_176' title='bbox 2700 1103 2999 1160; x_wconf 76' lang='lat' dir='ltr'><strong>exsurgens</strong></span> <span class='ocrx_word' id='word_1_177' title='bbox 3029 1107 3042 1143; x_wconf 87' lang='lat'><strong>:</strong></span> <span class='ocrx_word' id='word_1_178' title='bbox 3081 1106 3099 1140; x_wconf 73' lang='grc' dir='ltr'><strong>ι</strong></span> <span class='ocrx_word' id='word_1_179' title='bbox 3131 1085 3290 1152; x_wconf 75' lang='lat' dir='ltr'><strong>Vere,</strong></span> <span class='ocrx_word' id='word_1_180' title='bbox 3316 1087 3513 1158; x_wconf 90' lang='lat' dir='ltr'><strong>inquit,</strong></span> <span class='ocrx_word' id='word_1_181' title='bbox 3546 1085 3810 1142; x_wconf 82' lang='lat' dir='ltr'><strong>Dominus</strong></span> 
     </span>
    </p>
   </div>
   <div class='ocr_carea' id='block_1_26' title="bbox 2211 1175 3812 1250">
    <p class='ocr_par' dir='ltr' id='par_1_26' title="bbox 2211 1175 3812 1250">
     <span class='ocr_line' id='line_1_26' title="bbox 2211 1175 3812 1250; baseline -0.002 -16"><span class='ocrx_word' id='word_1_182' title='bbox 2211 1187 2296 1234; x_wconf 88' lang='lat' dir='ltr'><strong>est</strong></span> <span class='ocrx_word' id='word_1_183' title='bbox 2323 1179 2376 1234; x_wconf 92' lang='lat' dir='ltr'><strong>in</strong></span> <span class='ocrx_word' id='word_1_184' title='bbox 2407 1179 2523 1237; x_wconf 92' lang='lat' dir='ltr'><strong>loco</strong></span> <span class='ocrx_word' id='word_1_185' title='bbox 2554 1181 2676 1246; x_wconf 89' lang='lat' dir='ltr'><strong>isto,</strong></span> <span class='ocrx_word' id='word_1_186' title='bbox 2705 1189 2760 1236; x_wconf 90' lang='lat' dir='ltr'><strong>et</strong></span> <span class='ocrx_word' id='word_1_187' title='bbox 2787 1194 2884 1250; x_wconf 84' lang='lat' dir='ltr'><strong>ego</strong></span> <span class='ocrx_word' id='word_1_188' title='bbox 2911 1180 3238 1236; x_wconf 87' lang='lat' dir='ltr'><strong>nesciebam.</strong></span> <span class='ocrx_word' id='word_1_189' title='bbox 3263 1175 3613 1248; x_wconf 89' lang='lat' dir='ltr'><strong>Pavensque,</strong></span> <span class='ocrx_word' id='word_1_190' title='bbox 3635 1175 3812 1244; x_wconf 87' lang='lat' dir='ltr'><strong>Quam</strong></span> 
     </span>
    </p>
   </div>
   <div class='ocr_carea' id='block_1_27' title="bbox 2215 1270 3813 1350">
    <p class='ocr_par' dir='ltr' id='par_1_27' title="bbox 2215 1270 3813 1350">
     <span class='ocr_line' id='line_1_27' title="bbox 2215 1270 3813 1350; baseline -0.001 -24"><span class='ocrx_word' id='word_1_191' title='bbox 2215 1271 2473 1328; x_wconf 88' lang='lat' dir='ltr'><strong>terribilis</strong></span> <span class='ocrx_word' id='word_1_192' title='bbox 2501 1280 2607 1337; x_wconf 89' lang='lat' dir='ltr'><strong>est,</strong></span> <span class='ocrx_word' id='word_1_193' title='bbox 2636 1273 2832 1343; x_wconf 88' lang='lat' dir='ltr'><strong>inquit,</strong></span> <span class='ocrx_word' id='word_1_194' title='bbox 2862 1274 3014 1328; x_wconf 90' lang='lat' dir='ltr'><strong>locus</strong></span> <span class='ocrx_word' id='word_1_195' title='bbox 3051 1271 3187 1327; x_wconf 83' lang='lat' dir='ltr'><strong>iste!</strong></span> <span class='ocrx_word' id='word_1_196' title='bbox 3237 1286 3347 1348; x_wconf 85' lang='lat' dir='ltr'><strong>non</strong></span> <span class='ocrx_word' id='word_1_197' title='bbox 3387 1271 3484 1350; x_wconf 81' lang='lat' dir='ltr'><strong>hic</strong></span> <span class='ocrx_word' id='word_1_198' title='bbox 3531 1278 3620 1326; x_wconf 89' lang='lat' dir='ltr'><strong>est</strong></span> <span class='ocrx_word' id='word_1_199' title='bbox 3664 1270 3813 1324; x_wconf 86' lang='lat' dir='ltr'><strong>aliud</strong></span> 
     </span>
    </p>
   </div>
   <div class='ocr_carea' id='block_1_28' title="bbox 2213 1361 3816 1436">
    <p class='ocr_par' dir='ltr' id='par_1_28' title="bbox 2213 1361 3816 1436">
     <span class='ocr_line' id='line_1_28' title="bbox 2213 1361 3816 1436; baseline -0.004 -16"><span class='ocrx_word' id='word_1_200' title='bbox 2213 1364 2316 1420; x_wconf 85' lang='lat' dir='ltr'><strong>nisi</strong></span> <span class='ocrx_word' id='word_1_201' title='bbox 2349 1365 2541 1420; x_wconf 88' lang='lat' dir='ltr'><strong>domus</strong></span> <span class='ocrx_word' id='word_1_202' title='bbox 2572 1364 2664 1420; x_wconf 92' lang='lat' dir='ltr'><strong>Dei</strong></span> <span class='ocrx_word' id='word_1_203' title='bbox 2705 1375 2762 1420; x_wconf 90' lang='lat' dir='ltr'><strong>et</strong></span> <span class='ocrx_word' id='word_1_204' title='bbox 2807 1373 2964 1436; x_wconf 89' lang='lat' dir='ltr'><strong>porta</strong></span> <span class='ocrx_word' id='word_1_205' title='bbox 3014 1362 3158 1419; x_wconf 62' lang='lat' dir='ltr'><strong>caeli.</strong></span> <span class='ocrx_word' id='word_1_206' title='bbox 3213 1361 3455 1431; x_wconf 84' lang='lat' dir='ltr'><strong>Surgcns</strong></span> <span class='ocrx_word' id='word_1_207' title='bbox 3489 1376 3625 1432; x_wconf 87' lang='lat' dir='ltr'><strong>ergo</strong></span> <span class='ocrx_word' id='word_1_208' title='bbox 3656 1377 3816 1415; x_wconf 89' lang='lat' dir='ltr'><strong>mane</strong></span> 
     </span>
    </p>
   </div>
   <div class='ocr_carea' id='block_1_29' title="bbox 2215 1453 3815 1528">
    <p class='ocr_par' dir='ltr' id='par_1_29' title="bbox 2215 1453 3815 1528">
     <span class='ocr_line' id='line_1_29' title="bbox 2215 1453 3815 1528; baseline -0.003 -15"><span class='ocrx_word' id='word_1_209' title='bbox 2215 1457 2336 1513; x_wconf 90' lang='lat' dir='ltr'><strong>tulit</strong></span> <span class='ocrx_word' id='word_1_210' title='bbox 2363 1457 2612 1527; x_wconf 86' lang='lat' dir='ltr'><strong>lapidem,</strong></span> <span class='ocrx_word' id='word_1_211' title='bbox 2637 1473 2799 1528; x_wconf 86' lang='lat' dir='ltr'><strong>quem</strong></span> <span class='ocrx_word' id='word_1_212' title='bbox 2825 1464 3182 1528; x_wconf 90' lang='lat' dir='ltr'><strong>snpposuerat</strong></span> <span class='ocrx_word' id='word_1_213' title='bbox 3203 1454 3369 1526; x_wconf 91' lang='lat' dir='ltr'><strong>lapidi</strong></span> <span class='ocrx_word' id='word_1_214' title='bbox 3399 1469 3520 1520; x_wconf 84' lang='lat' dir='ltr'><strong>suo,</strong></span> <span class='ocrx_word' id='word_1_215' title='bbox 3548 1463 3606 1507; x_wconf 88' lang='lat' dir='ltr'><strong>et</strong></span> <span class='ocrx_word' id='word_1_216' title='bbox 3635 1453 3815 1508; x_wconf 73' lang='lat' dir='ltr'><strong>erexit</strong></span> 
     </span>
    </p>
   </div>
   <div class='ocr_carea' id='block_1_30' title="bbox 2217 1545 3812 1619">
    <p class='ocr_par' dir='ltr' id='par_1_30' title="bbox 2217 1545 3812 1619">
     <span class='ocr_line' id='line_1_30' title="bbox 2217 1545 3812 1619; baseline -0.003 -15"><span class='ocrx_word' id='word_1_217' title='bbox 2217 1548 2273 1604; x_wconf 92' lang='lat' dir='ltr'><strong>in</strong></span> <span class='ocrx_word' id='word_1_218' title='bbox 2315 1549 2568 1616; x_wconf 89' lang='lat' dir='ltr'><strong>titulum,</strong></span> <span class='ocrx_word' id='word_1_219' title='bbox 2617 1547 2955 1619; x_wconf 84' lang='lat' dir='ltr'><strong>fundensque</strong></span> <span class='ocrx_word' id='word_1_220' title='bbox 2994 1548 3174 1604; x_wconf 90' lang='lat' dir='ltr'><strong>oleum</strong></span> <span class='ocrx_word' id='word_1_221' title='bbox 3222 1548 3456 1618; x_wconf 88' lang='lat' dir='ltr'><strong>desuper</strong></span> <span class='ocrx_word' id='word_1_222' title='bbox 3502 1545 3658 1601; x_wconf 87' lang='lat' dir='ltr'><strong>vovit</strong></span> <span class='ocrx_word' id='word_1_223' title='bbox 3706 1546 3812 1600; x_wconf 61' lang='lat' dir='ltr'><strong>Dn-</strong></span> 
     </span>
    </p>
   </div>
   <div class='ocr_carea' id='block_1_31' title="bbox 2216 1638 3810 1714">
    <p class='ocr_par' dir='ltr' id='par_1_31' title="bbox 2216 1638 3810 1714">
     <span class='ocr_line' id='line_1_31' title="bbox 2216 1638 3810 1714; baseline -0.003 -17"><span class='ocrx_word' id='word_1_224' title='bbox 2216 1640 2426 1712; x_wconf 87' lang='lat' dir='ltr'><strong>mino(l</strong></span> <span class='ocrx_word' id='word_1_225' title='bbox 2433 1641 2518 1698; x_wconf 85' lang='lat' dir='ltr'><strong>bid</strong></span> <span class='ocrx_word' id='word_1_226' title='bbox 2526 1683 2563 1708; x_wconf 92' lang='lat'><strong>.,</strong></span> <span class='ocrx_word' id='word_1_227' title='bbox 2580 1644 2794 1714; x_wconf 75' lang='lat' dir='ltr'><strong>xxvm).</strong></span> <span class='ocrx_word' id='word_1_228' title='bbox 2809 1662 2827 1696; x_wconf 74' lang='grc' dir='ltr'><strong>ι</strong></span> <span class='ocrx_word' id='word_1_229' title='bbox 2843 1642 3027 1712; x_wconf 81' lang='lat' dir='ltr'><strong>Ibique</strong></span> <span class='ocrx_word' id='word_1_230' title='bbox 3038 1642 3277 1697; x_wconf 86' lang='lat' dir='ltr'><strong>decimas</strong></span> <span class='ocrx_word' id='word_1_231' title='bbox 3295 1651 3347 1696; x_wconf 90' lang='lat' dir='ltr'><strong>et</strong></span> <span class='ocrx_word' id='word_1_232' title='bbox 3360 1641 3572 1696; x_wconf 84' lang='lat' dir='ltr'><strong>hostias</strong></span> <span class='ocrx_word' id='word_1_233' title='bbox 3584 1638 3810 1704; x_wconf 85' lang='lat' dir='ltr'><strong>obtulit;</strong></span> 
     </span>
    </p>
   </div>
   <div class='ocr_carea' id='block_1_32' title="bbox 2218 1729 3814 1805">
    <p class='ocr_par' dir='ltr' id='par_1_32' title="bbox 2218 1729 3814 1805">
     <span class='ocr_line' id='line_1_32' title="bbox 2218 1729 3814 1805; baseline -0.002 -16"><span class='ocrx_word' id='word_1_234' title='bbox 2218 1733 2284 1789; x_wconf 90' lang='lat' dir='ltr'><strong>ad</strong></span> <span class='ocrx_word' id='word_1_235' title='bbox 2313 1733 2467 1805; x_wconf 87' lang='lat' dir='ltr'><strong>cujus</strong></span> <span class='ocrx_word' id='word_1_236' title='bbox 2494 1734 2665 1788; x_wconf 92' lang='lat' dir='ltr'><strong>instar</strong></span> <span class='ocrx_word' id='word_1_237' title='bbox 2699 1733 2877 1789; x_wconf 91' lang='lat' dir='ltr'><strong>adhuc</strong></span> <span class='ocrx_word' id='word_1_238' title='bbox 2904 1734 2957 1788; x_wconf 94' lang='lat' dir='ltr'><strong>in</strong></span> <span class='ocrx_word' id='word_1_239' title='bbox 3007 1743 3194 1788; x_wconf 90' lang='lat' dir='ltr'><strong>sancta</strong></span> <span class='ocrx_word' id='word_1_240' title='bbox 3241 1732 3472 1788; x_wconf 89' lang='lat' dir='ltr'><strong>ecclesia</strong></span> <span class='ocrx_word' id='word_1_241' title='bbox 3505 1729 3630 1787; x_wconf 88' lang='lat' dir='ltr'><strong>oleo</strong></span> <span class='ocrx_word' id='word_1_242' title='bbox 3657 1747 3814 1787; x_wconf 84' lang='lat' dir='ltr'><strong>sacro</strong></span> 
     </span>
    </p>
   </div>
   <div class='ocr_carea' id='block_1_33' title="bbox 517 1802 3814 1895">
    <p class='ocr_par' dir='ltr' id='par_1_33' title="bbox 517 1802 3814 1895">
     <span class='ocr_line' id='line_1_33' title="bbox 517 1802 3814 1895; baseline 0.005 -32"><span class='ocrx_word' id='word_1_243' title='bbox 517 1823 638 1863; x_wconf 87' lang='lat' dir='ltr'><strong>mes</strong></span> <span class='ocrx_word' id='word_1_244' title='bbox 681 1808 929 1864; x_wconf 79' lang='lat' dir='ltr'><strong>habitare</strong></span> <span class='ocrx_word' id='word_1_245' title='bbox 963 1810 1015 1865; x_wconf 92' lang='lat' dir='ltr'><strong>in</strong></span> <span class='ocrx_word' id='word_1_246' title='bbox 1050 1812 1228 1868; x_wconf 89' lang='lat' dir='ltr'><strong>domo.</strong></span> <span class='ocrx_word' id='word_1_247' title='bbox 1277 1813 1408 1880; x_wconf 74' lang='lat' dir='ltr'><strong>Qua:</strong></span> <span class='ocrx_word' id='word_1_248' title='bbox 1456 1814 1577 1869; x_wconf 88' lang='lat' dir='ltr'><strong>ideo</strong></span> <span class='ocrx_word' id='word_1_249' title='bbox 1631 1815 2005 1872; x_wconf 83' lang='lat' dir='ltr'><strong>sanctificatur</strong></span> <span class='ocrx_word' id='word_1_250' title='bbox 2042 1819 2110 1874; x_wconf 89' lang='lat' dir='ltr'><strong>ab</strong></span> <span class='ocrx_word' id='word_1_251' title='bbox 2143 1802 2186 1862; x_wconf 76' lang='grc' dir='ltr'><strong>Β</strong></span> <span class='ocrx_word' id='word_1_252' title='bbox 2216 1802 2410 1880; x_wconf 82' lang='lat' dir='ltr'><strong>altaria</strong></span> <span class='ocrx_word' id='word_1_253' title='bbox 2443 1835 2842 1895; x_wconf 83' lang='lat' dir='ltr'><strong>perunguntur.</strong></span> <span class='ocrx_word' id='word_1_254' title='bbox 2895 1825 2971 1880; x_wconf 92' lang='lat' dir='ltr'><strong>De</strong></span> <span class='ocrx_word' id='word_1_255' title='bbox 3013 1825 3117 1880; x_wconf 87' lang='lat' dir='ltr'><strong>hoc</strong></span> <span class='ocrx_word' id='word_1_256' title='bbox 3143 1825 3402 1880; x_wconf 87' lang='lat' dir='ltr'><strong>Dominus</strong></span> <span class='ocrx_word' id='word_1_257' title='bbox 3429 1824 3485 1878; x_wconf 93' lang='lat' dir='ltr'><strong>in</strong></span> <span class='ocrx_word' id='word_1_258' title='bbox 3513 1823 3814 1894; x_wconf 81' lang='lat' dir='ltr'><strong>Evangelio</strong></span> 
     </span>
    </p>
   </div>
   <div class='ocr_carea' id='block_1_34' title="bbox 515 1903 2112 1978">
    <p class='ocr_par' dir='ltr' id='par_1_34' title="bbox 515 1903 2112 1978">
     <span class='ocr_line' id='line_1_34' title="bbox 515 1903 2112 1978; baseline 0.006 -22"><span class='ocrx_word' id='word_1_259' title='bbox 515 1903 795 1974; x_wconf 85' lang='lat' dir='ltr'><strong>episc0po,</strong></span> <span class='ocrx_word' id='word_1_260' title='bbox 826 1913 878 1958; x_wconf 91' lang='lat' dir='ltr'><strong>ut</strong></span> <span class='ocrx_word' id='word_1_261' title='bbox 909 1905 960 1959; x_wconf 92' lang='lat' dir='ltr'><strong>in</strong></span> <span class='ocrx_word' id='word_1_262' title='bbox 989 1921 1052 1959; x_wconf 86' lang='lat' dir='ltr'><strong>ea</strong></span> <span class='ocrx_word' id='word_1_263' title='bbox 1083 1907 1212 1961; x_wconf 88' lang='lat' dir='ltr'><strong>velit</strong></span> <span class='ocrx_word' id='word_1_264' title='bbox 1241 1922 1362 1962; x_wconf 87' lang='lat' dir='ltr'><strong>esse</strong></span> <span class='ocrx_word' id='word_1_265' title='bbox 1393 1908 1658 1962; x_wconf 88' lang='lat' dir='ltr'><strong>adventus</strong></span> <span class='ocrx_word' id='word_1_266' title='bbox 1685 1909 2024 1978; x_wconf 79' lang='lat' dir='ltr'><strong>angelorum,</strong></span> <span class='ocrx_word' id='word_1_267' title='bbox 2057 1921 2112 1965; x_wconf 92' lang='lat' dir='ltr'><strong>ct</strong></span> 
     </span>
    </p>
   </div>
   <div class='ocr_carea' id='block_1_35' title="bbox 515 1995 2115 2070">
    <p class='ocr_par' dir='ltr' id='par_1_35' title="bbox 515 1995 2115 2070">
     <span class='ocr_line' id='line_1_35' title="bbox 515 1995 2115 2070; baseline 0.005 -22"><span class='ocrx_word' id='word_1_268' title='bbox 515 1995 765 2051; x_wconf 85' lang='lat' dir='ltr'><strong>homines</strong></span> <span class='ocrx_word' id='word_1_269' title='bbox 799 1997 850 2050; x_wconf 87' lang='lat' dir='ltr'><strong>in</strong></span> <span class='ocrx_word' id='word_1_270' title='bbox 879 2012 998 2052; x_wconf 91' lang='lat' dir='ltr'><strong>eam</strong></span> <span class='ocrx_word' id='word_1_271' title='bbox 1035 1999 1372 2054; x_wconf 89' lang='lat' dir='ltr'><strong>introeuntes</strong></span> <span class='ocrx_word' id='word_1_272' title='bbox 1403 1999 1472 2052; x_wconf 89' lang='lat' dir='ltr'><strong>ab</strong></span> <span class='ocrx_word' id='word_1_273' title='bbox 1504 2000 1647 2052; x_wconf 87' lang='lat' dir='ltr'><strong>onmi</strong></span> <span class='ocrx_word' id='word_1_274' title='bbox 1682 2000 2028 2070; x_wconf 89' lang='lat' dir='ltr'><strong>turpiloquio,</strong></span> <span class='ocrx_word' id='word_1_275' title='bbox 2060 2010 2115 2060; x_wconf 84' lang='lat' dir='ltr'><strong>et</strong></span> 
     </span>
    </p>
   </div>
   <div class='ocr_carea' id='block_1_36' title="bbox 516 2089 2110 2163">
    <p class='ocr_par' dir='ltr' id='par_1_36' title="bbox 516 2089 2110 2163">
     <span class='ocr_line' id='line_1_36' title="bbox 516 2089 2110 2163; baseline 0.006 -21"><span class='ocrx_word' id='word_1_276' title='bbox 516 2089 870 2156; x_wconf 86' lang='lat' dir='ltr'><strong>scurrilitate,</strong></span> <span class='ocrx_word' id='word_1_277' title='bbox 891 2100 948 2145; x_wconf 91' lang='lat' dir='ltr'><strong>et</strong></span> <span class='ocrx_word' id='word_1_278' title='bbox 969 2090 1144 2146; x_wconf 91' lang='lat' dir='ltr'><strong>inutili</strong></span> <span class='ocrx_word' id='word_1_279' title='bbox 1173 2093 1498 2163; x_wconf 83' lang='lat' dir='ltr'><strong>cegitatione</strong></span> <span class='ocrx_word' id='word_1_280' title='bbox 1528 2094 1709 2148; x_wconf 91' lang='lat' dir='ltr'><strong>norint</strong></span> <span class='ocrx_word' id='word_1_281' title='bbox 1729 2109 1786 2150; x_wconf 93' lang='lat' dir='ltr'><strong>se</strong></span> <span class='ocrx_word' id='word_1_282' title='bbox 1813 2096 2110 2151; x_wconf 90' lang='lat' dir='ltr'><strong>continere.</strong></span> 
     </span>
    </p>
   </div>
   <div class='ocr_carea' id='block_1_37' title="bbox 514 2184 2112 2260">
    <p class='ocr_par' dir='ltr' id='par_1_37' title="bbox 514 2184 2112 2260">
     <span class='ocr_line' id='line_1_37' title="bbox 514 2184 2112 2260; baseline 0.001 -23"><span class='ocrx_word' id='word_1_283' title='bbox 514 2184 754 2240; x_wconf 85' lang='lat' dir='ltr'><strong>Audiant</strong></span> <span class='ocrx_word' id='word_1_284' title='bbox 781 2185 873 2255; x_wconf 92' lang='lat' dir='ltr'><strong>qui</strong></span> <span class='ocrx_word' id='word_1_285' title='bbox 910 2187 1114 2241; x_wconf 89' lang='lat' dir='ltr'><strong>intrant</strong></span> <span class='ocrx_word' id='word_1_286' title='bbox 1137 2187 1420 2243; x_wconf 86' lang='lat' dir='ltr'><strong>ecclesiam</strong></span> <span class='ocrx_word' id='word_1_287' title='bbox 1449 2188 1590 2258; x_wconf 89' lang='lat' dir='ltr'><strong>quod</strong></span> <span class='ocrx_word' id='word_1_288' title='bbox 1645 2188 1851 2242; x_wconf 86' lang='lat' dir='ltr'><strong>audivit</strong></span> <span class='ocrx_word' id='word_1_289' title='bbox 1877 2187 2112 2260; x_wconf 81' lang='lat' dir='ltr'><strong>Moyses,</strong></span> 
     </span>
    </p>
   </div>
   <div class='ocr_carea' id='block_1_38' title="bbox 515 2274 2109 2343">
    <p class='ocr_par' dir='ltr' id='par_1_38' title="bbox 515 2274 2109 2343">
     <span class='ocr_line' id='line_1_38' title="bbox 515 2274 2109 2343; baseline 0.003 -17"><span class='ocrx_word' id='word_1_290' title='bbox 515 2274 732 2341; x_wconf 87' lang='lat' dir='ltr'><strong>quando</strong></span> <span class='ocrx_word' id='word_1_291' title='bbox 756 2274 926 2330; x_wconf 88' lang='lat' dir='ltr'><strong>voluit</strong></span> <span class='ocrx_word' id='word_1_292' title='bbox 951 2276 1127 2330; x_wconf 87' lang='lat' dir='ltr'><strong>visere</strong></span> <span class='ocrx_word' id='word_1_293' title='bbox 1157 2277 1348 2330; x_wconf 87' lang='lat' dir='ltr'><strong>rulmm</strong></span> <span class='ocrx_word' id='word_1_294' title='bbox 1379 2277 1691 2343; x_wconf 85' lang='lat' dir='ltr'><strong>ardentem;</strong></span> <span class='ocrx_word' id='word_1_295' title='bbox 1725 2285 1780 2331; x_wconf 92' lang='lat' dir='ltr'><strong>et</strong></span> <span class='ocrx_word' id='word_1_296' title='bbox 1807 2277 2065 2332; x_wconf 88' lang='lat' dir='ltr'><strong>Dominus</strong></span> <span class='ocrx_word' id='word_1_297' title='bbox 2097 2295 2109 2330; x_wconf 91' lang='lat'><strong>:</strong></span> 
     </span>
    </p>
   </div>
   <div class='ocr_carea' id='block_1_39' title="bbox 522 2366 2114 2440">
    <p class='ocr_par' dir='ltr' id='par_1_39' title="bbox 522 2366 2114 2440">
     <span class='ocr_line' id='line_1_39' title="bbox 522 2366 2114 2440; baseline 0.001 -18"><span class='ocrx_word' id='word_1_298' title='bbox 522 2366 604 2423; x_wconf 78' lang='lat' dir='ltr'><strong>Ne</strong></span> <span class='ocrx_word' id='word_1_299' title='bbox 651 2369 957 2440; x_wconf 87' lang='lat' dir='ltr'><strong>appropies,</strong></span> <span class='ocrx_word' id='word_1_300' title='bbox 997 2369 1189 2440; x_wconf 89' lang='lat' dir='ltr'><strong>inquit.</strong></span> <span class='ocrx_word' id='word_1_301' title='bbox 1238 2371 1362 2434; x_wconf 89' lang='lat' dir='ltr'><strong>huc,</strong></span> <span class='ocrx_word' id='word_1_302' title='bbox 1400 2370 1549 2426; x_wconf 90' lang='lat' dir='ltr'><strong>solve</strong></span> <span class='ocrx_word' id='word_1_303' title='bbox 1586 2369 2015 2426; x_wconf 88' lang='lat' dir='ltr'><strong>calceamentum</strong></span> <span class='ocrx_word' id='word_1_304' title='bbox 2049 2370 2114 2424; x_wconf 90' lang='lat' dir='ltr'><strong>de</strong></span> 
     </span>
    </p>
   </div>
   <div class='ocr_carea' id='block_1_40' title="bbox 515 2458 2113 2532">
    <p class='ocr_par' dir='ltr' id='par_1_40' title="bbox 515 2458 2113 2532">
     <span class='ocr_line' id='line_1_40' title="bbox 515 2458 2113 2532; baseline 0.002 -19"><span class='ocrx_word' id='word_1_305' title='bbox 515 2458 742 2528; x_wconf 87' lang='lat' dir='ltr'><strong>pedibus</strong></span> <span class='ocrx_word' id='word_1_306' title='bbox 771 2461 905 2526; x_wconf 89' lang='lat' dir='ltr'><strong>tuis;</strong></span> <span class='ocrx_word' id='word_1_307' title='bbox 958 2461 1114 2517; x_wconf 90' lang='lat' dir='ltr'><strong>locus</strong></span> <span class='ocrx_word' id='word_1_308' title='bbox 1144 2461 1288 2516; x_wconf 92' lang='lat' dir='ltr'><strong>enim</strong></span> <span class='ocrx_word' id='word_1_309' title='bbox 1333 2462 1384 2516; x_wconf 91' lang='lat' dir='ltr'><strong>in</strong></span> <span class='ocrx_word' id='word_1_310' title='bbox 1416 2478 1524 2532; x_wconf 86' lang='lat' dir='ltr'><strong>quo</strong></span> <span class='ocrx_word' id='word_1_311' title='bbox 1570 2470 1702 2526; x_wconf 89' lang='lat' dir='ltr'><strong>stas,</strong></span> <span class='ocrx_word' id='word_1_312' title='bbox 1747 2471 1888 2517; x_wconf 85' lang='lat' dir='ltr'><strong>terra</strong></span> <span class='ocrx_word' id='word_1_313' title='bbox 1923 2473 2113 2517; x_wconf 90' lang='lat' dir='ltr'><strong>sancta</strong></span> 
     </span>
    </p>
   </div>
   <div class='ocr_carea' id='block_1_41' title="bbox 516 2551 2116 2626">
    <p class='ocr_par' dir='ltr' id='par_1_41' title="bbox 516 2551 2116 2626">
     <span class='ocr_line' id='line_1_41' title="bbox 516 2551 2116 2626; baseline 0.002 -21"><span class='ocrx_word' id='word_1_314' title='bbox 516 2559 599 2606; x_wconf 76' lang='lat' dir='ltr'><strong>est</strong></span> <span class='ocrx_word' id='word_1_315' title='bbox 637 2551 834 2622; x_wconf 72' lang='lat' dir='ltr'><strong>(Exod.</strong></span> <span class='ocrx_word' id='word_1_316' title='bbox 862 2553 971 2624; x_wconf 86' lang='grc' dir='ltr'><strong>ιιι).</strong></span> <span class='ocrx_word' id='word_1_317' title='bbox 1013 2573 1031 2605; x_wconf 73' lang='grc' dir='ltr'><strong>ι</strong></span> <span class='ocrx_word' id='word_1_318' title='bbox 1082 2554 1147 2609; x_wconf 83' lang='grc' dir='ltr'>Ει</span> <span class='ocrx_word' id='word_1_319' title='bbox 1176 2555 1400 2626; x_wconf 82' lang='lat' dir='ltr'><strong>angelus</strong></span> <span class='ocrx_word' id='word_1_320' title='bbox 1431 2554 1494 2610; x_wconf 90' lang='lat' dir='ltr'><strong>ad</strong></span> <span class='ocrx_word' id='word_1_321' title='bbox 1523 2555 1688 2612; x_wconf 83' lang='lat' dir='ltr'><strong>Josne</strong></span> <span class='ocrx_word' id='word_1_322' title='bbox 1717 2573 1732 2611; x_wconf 89' lang='lat'><strong>:</strong></span> <span class='ocrx_word' id='word_1_323' title='bbox 1769 2575 1786 2606; x_wconf 74' lang='grc' dir='ltr'><strong>ι</strong></span> <span class='ocrx_word' id='word_1_324' title='bbox 1820 2555 2001 2619; x_wconf 88' lang='lat' dir='ltr'><strong>Solve,</strong></span> <span class='ocrx_word' id='word_1_325' title='bbox 2036 2555 2116 2609; x_wconf 89' lang='lat' dir='ltr'><strong>in-</strong></span> 
     </span>
    </p>
   </div>
   <div class='ocr_carea' id='block_1_42' title="bbox 517 2643 2116 2716">
    <p class='ocr_par' dir='ltr' id='par_1_42' title="bbox 517 2643 2116 2716">
     <span class='ocr_line' id='line_1_42' title="bbox 517 2643 2116 2716; baseline 0.003 -20"><span class='ocrx_word' id='word_1_326' title='bbox 517 2643 660 2714; x_wconf 87' lang='lat' dir='ltr'><strong>quit,</strong></span> <span class='ocrx_word' id='word_1_327' title='bbox 687 2644 1118 2701; x_wconf 85' lang='lat' dir='ltr'><strong>calceamentum</strong></span> <span class='ocrx_word' id='word_1_328' title='bbox 1159 2646 1226 2702; x_wconf 92' lang='lat' dir='ltr'><strong>de</strong></span> <span class='ocrx_word' id='word_1_329' title='bbox 1253 2647 1510 2716; x_wconf 87' lang='lat' dir='ltr'><strong>pedibus;</strong></span> <span class='ocrx_word' id='word_1_330' title='bbox 1558 2646 1707 2701; x_wconf 89' lang='lat' dir='ltr'><strong>locus</strong></span> <span class='ocrx_word' id='word_1_331' title='bbox 1735 2647 1880 2701; x_wconf 90' lang='lat' dir='ltr'><strong>enim</strong></span> <span class='ocrx_word' id='word_1_332' title='bbox 1920 2647 1970 2700; x_wconf 93' lang='lat' dir='ltr'><strong>in</strong></span> <span class='ocrx_word' id='word_1_333' title='bbox 2009 2661 2116 2715; x_wconf 89' lang='lat' dir='ltr'><strong>quo</strong></span> 
     </span>
    </p>
   </div>
   <div class='ocr_carea' id='block_1_43' title="bbox 521 2739 2114 2813">
    <p class='ocr_par' dir='ltr' id='par_1_43' title="bbox 521 2739 2114 2813">
     <span class='ocr_line' id='line_1_43' title="bbox 521 2739 2114 2813; baseline -0.001 -19"><span class='ocrx_word' id='word_1_334' title='bbox 521 2747 636 2794; x_wconf 83' lang='lat' dir='ltr'><strong>stas</strong></span> <span class='ocrx_word' id='word_1_335' title='bbox 671 2749 816 2794; x_wconf 88' lang='lat' dir='ltr'><strong>terra</strong></span> <span class='ocrx_word' id='word_1_336' title='bbox 872 2749 1060 2796; x_wconf 87' lang='lat' dir='ltr'><strong>sancta</strong></span> <span class='ocrx_word' id='word_1_337' title='bbox 1099 2750 1183 2796; x_wconf 87' lang='lat' dir='ltr'><strong>est</strong></span> <span class='ocrx_word' id='word_1_338' title='bbox 1223 2739 1361 2811; x_wconf 76' lang='lat' dir='ltr'><strong>(los.</strong></span> <span class='ocrx_word' id='word_1_339' title='bbox 1406 2741 1482 2813; x_wconf 90' lang='lat' dir='ltr'><strong>v).</strong></span> <span class='ocrx_word' id='word_1_340' title='bbox 1520 2760 1540 2794; x_wconf 70' lang='grc' dir='ltr'><strong>ι</strong></span> <span class='ocrx_word' id='word_1_341' title='bbox 1588 2739 1654 2795; x_wconf 82' lang='lat' dir='ltr'><strong>Et</strong></span> <span class='ocrx_word' id='word_1_342' title='bbox 1679 2739 1971 2810; x_wconf 82' lang='lat' dir='ltr'><strong>Apostolus</strong></span> <span class='ocrx_word' id='word_1_343' title='bbox 1994 2741 2114 2794; x_wconf 89' lang='lat' dir='ltr'><strong>ait:</strong></span> 
     </span>
    </p>
   </div>
   <div class='ocr_carea' id='block_1_44' title="bbox 521 2827 2116 2901">
    <p class='ocr_par' dir='ltr' id='par_1_44' title="bbox 521 2827 2116 2901">
     <span class='ocr_line' id='line_1_44' title="bbox 521 2827 2116 2901; baseline 0.004 -22"><span class='ocrx_word' id='word_1_344' title='bbox 521 2848 539 2879; x_wconf 77' lang='grc' dir='ltr'><strong>ι</strong></span> <span class='ocrx_word' id='word_1_345' title='bbox 590 2827 873 2899; x_wconf 82' lang='lat' dir='ltr'><strong>Templum</strong></span> <span class='ocrx_word' id='word_1_346' title='bbox 927 2830 1072 2884; x_wconf 88' lang='lat' dir='ltr'><strong>enim</strong></span> <span class='ocrx_word' id='word_1_347' title='bbox 1131 2830 1226 2884; x_wconf 85' lang='lat' dir='ltr'><strong>Dei</strong></span> <span class='ocrx_word' id='word_1_348' title='bbox 1291 2840 1538 2886; x_wconf 88' lang='lat' dir='ltr'><strong>sanctum</strong></span> <span class='ocrx_word' id='word_1_349' title='bbox 1601 2839 1723 2896; x_wconf 89' lang='lat' dir='ltr'><strong>est,</strong></span> <span class='ocrx_word' id='word_1_350' title='bbox 1777 2831 1919 2901; x_wconf 83' lang='lat' dir='ltr'><strong>quod</strong></span> <span class='ocrx_word' id='word_1_351' title='bbox 1984 2831 2116 2885; x_wconf 84' lang='lat' dir='ltr'><strong>estis</strong></span> 
     </span>
    </p>
   </div>
   <div class='ocr_carea' id='block_1_45' title="bbox 515 2921 2118 2994">
    <p class='ocr_par' dir='ltr' id='par_1_45' title="bbox 515 2921 2118 2994">
     <span class='ocr_line' id='line_1_45' title="bbox 515 2921 2118 2994; baseline 0.001 -20"><span class='ocrx_word' id='word_1_352' title='bbox 515 2935 614 2976; x_wconf 88' lang='lat' dir='ltr'><strong>vos</strong></span> <span class='ocrx_word' id='word_1_353' title='bbox 643 2921 693 2994; x_wconf 91' lang='lat' dir='ltr'><strong>(I</strong></span> <span class='ocrx_word' id='word_1_354' title='bbox 719 2922 843 2976; x_wconf 77' lang='lat' dir='ltr'><strong>Cor.</strong></span> <span class='ocrx_word' id='word_1_355' title='bbox 870 2923 973 2993; x_wconf 89' lang='grc' dir='ltr'>ιιι).</span> <span class='ocrx_word' id='word_1_356' title='bbox 1007 2943 1025 2975; x_wconf 76' lang='grc' dir='ltr'><strong>ι</strong></span> <span class='ocrx_word' id='word_1_357' title='bbox 1061 2921 1330 2977; x_wconf 88' lang='lat' dir='ltr'><strong>lntrantes</strong></span> <span class='ocrx_word' id='word_1_358' title='bbox 1359 2923 1522 2994; x_wconf 80' lang='lat' dir='ltr'><strong>igitur</strong></span> <span class='ocrx_word' id='word_1_359' title='bbox 1552 2923 1769 2978; x_wconf 85' lang='lat' dir='ltr'><strong>domum</strong></span> <span class='ocrx_word' id='word_1_360' title='bbox 1802 2923 1918 2987; x_wconf 93' lang='lat' dir='ltr'><strong>Dei,</strong></span> <span class='ocrx_word' id='word_1_361' title='bbox 1943 2922 2118 2979; x_wconf 86' lang='lat' dir='ltr'><strong>eccle-</strong></span> 
     </span>
    </p>
   </div>
   <div class='ocr_carea' id='block_1_46' title="bbox 517 3009 2116 3082">
    <p class='ocr_par' dir='ltr' id='par_1_46' title="bbox 517 3009 2116 3082">
     <span class='ocr_line' id='line_1_46' title="bbox 517 3009 2116 3082; baseline 0.002 -17"><span class='ocrx_word' id='word_1_362' title='bbox 517 3009 680 3075; x_wconf 87' lang='lat' dir='ltr'><strong>siam,</strong></span> <span class='ocrx_word' id='word_1_363' title='bbox 708 3010 799 3066; x_wconf 90' lang='lat' dir='ltr'><strong>ubi</strong></span> <span class='ocrx_word' id='word_1_364' title='bbox 834 3009 1097 3066; x_wconf 91' lang='lat' dir='ltr'><strong>Dominus</strong></span> <span class='ocrx_word' id='word_1_365' title='bbox 1131 3019 1185 3065; x_wconf 92' lang='lat' dir='ltr'><strong>et</strong></span> <span class='ocrx_word' id='word_1_366' title='bbox 1234 3011 1408 3082; x_wconf 84' lang='lat' dir='ltr'><strong>angeli</strong></span> <span class='ocrx_word' id='word_1_367' title='bbox 1439 3010 1557 3081; x_wconf 85' lang='lat' dir='ltr'><strong>ejus</strong></span> <span class='ocrx_word' id='word_1_368' title='bbox 1605 3021 1750 3076; x_wconf 90' lang='lat' dir='ltr'><strong>sunt,</strong></span> <span class='ocrx_word' id='word_1_369' title='bbox 1779 3021 1993 3082; x_wconf 90' lang='lat' dir='ltr'><strong>oportet</strong></span> <span class='ocrx_word' id='word_1_370' title='bbox 2019 3029 2116 3068; x_wconf 66' lang='lat' dir='ltr'><strong>nos</strong></span> 
     </span>
    </p>
   </div>
   <div class='ocr_carea' id='block_1_47' title="bbox 518 3100 2118 3172">
    <p class='ocr_par' dir='ltr' id='par_1_47' title="bbox 518 3100 2118 3172">
     <span class='ocr_line' id='line_1_47' title="bbox 518 3100 2118 3172; baseline 0.003 -19"><span class='ocrx_word' id='word_1_371' title='bbox 518 3114 718 3154; x_wconf 67' lang='lat' dir='ltr'><strong>exuere</strong></span> <span class='ocrx_word' id='word_1_372' title='bbox 750 3109 980 3154; x_wconf 66' lang='lat' dir='ltr'><strong>mortua:</strong></span> <span class='ocrx_word' id='word_1_373' title='bbox 1009 3100 1240 3155; x_wconf 87' lang='lat' dir='ltr'><strong>actionis</strong></span> <span class='ocrx_word' id='word_1_374' title='bbox 1268 3101 1670 3165; x_wconf 88' lang='lat' dir='ltr'><strong>calceamentis,</strong></span> <span class='ocrx_word' id='word_1_375' title='bbox 1704 3111 1757 3155; x_wconf 90' lang='lat' dir='ltr'><strong>et</strong></span> <span class='ocrx_word' id='word_1_376' title='bbox 1787 3103 2023 3172; x_wconf 87' lang='lat' dir='ltr'><strong>cogitare</strong></span> <span class='ocrx_word' id='word_1_377' title='bbox 2053 3103 2118 3158; x_wconf 90' lang='lat' dir='ltr'><strong>de</strong></span> 
     </span>
    </p>
   </div>
   <div class='ocr_carea' id='block_1_48' title="bbox 2214 1913 3815 1981">
    <p class='ocr_par' dir='ltr' id='par_1_48' title="bbox 2214 1913 3815 1981">
     <span class='ocr_line' id='line_1_48' title="bbox 2214 1913 3815 1981; baseline -0.001 -11"><span class='ocrx_word' id='word_1_378' title='bbox 2214 1915 2388 1970; x_wconf 89' lang='lat' dir='ltr'><strong>dicit:</strong></span> <span class='ocrx_word' id='word_1_379' title='bbox 2423 1935 2439 1967; x_wconf 81' lang='grc' dir='ltr'><strong>ι</strong></span> <span class='ocrx_word' id='word_1_380' title='bbox 2475 1913 2530 1969; x_wconf 91' lang='lat' dir='ltr'><strong>Si</strong></span> <span class='ocrx_word' id='word_1_381' title='bbox 2563 1914 2726 1971; x_wconf 84' lang='lat' dir='ltr'><strong>oll‘ers</strong></span> <span class='ocrx_word' id='word_1_382' title='bbox 2767 1931 2966 1971; x_wconf 90' lang='lat' dir='ltr'><strong>munus</strong></span> <span class='ocrx_word' id='word_1_383' title='bbox 3005 1924 3154 1970; x_wconf 92' lang='lat' dir='ltr'><strong>tuum</strong></span> <span class='ocrx_word' id='word_1_384' title='bbox 3204 1916 3270 1970; x_wconf 91' lang='lat' dir='ltr'><strong>ad</strong></span> <span class='ocrx_word' id='word_1_385' title='bbox 3316 1914 3510 1981; x_wconf 86' lang='lat' dir='ltr'><strong>altare,</strong></span> <span class='ocrx_word' id='word_1_386' title='bbox 3542 1923 3601 1970; x_wconf 90' lang='lat' dir='ltr'><strong>et</strong></span> <span class='ocrx_word' id='word_1_387' title='bbox 3628 1914 3704 1968; x_wconf 91' lang='lat' dir='ltr'><strong>ibi</strong></span> <span class='ocrx_word' id='word_1_388' title='bbox 3734 1930 3815 1968; x_wconf 82' lang='lat' dir='ltr'><strong>re-</strong></span> 
     </span>
    </p>
   </div>
   <div class='ocr_carea' id='block_1_49' title="bbox 2213 2005 3814 2078">
    <p class='ocr_par' dir='ltr' id='par_1_49' title="bbox 2213 2005 3814 2078">
     <span class='ocr_line' id='line_1_49' title="bbox 2213 2005 3814 2078; baseline -0.001 -16"><span class='ocrx_word' id='word_1_389' title='bbox 2213 2009 2472 2064; x_wconf 83' lang='lat' dir='ltr'><strong>cordatus</strong></span> <span class='ocrx_word' id='word_1_390' title='bbox 2499 2006 2669 2062; x_wconf 90' lang='lat' dir='ltr'><strong>fueris</strong></span> <span class='ocrx_word' id='word_1_391' title='bbox 2697 2007 2841 2078; x_wconf 87' lang='lat' dir='ltr'><strong>quod</strong></span> <span class='ocrx_word' id='word_1_392' title='bbox 2879 2006 3048 2062; x_wconf 81' lang='lat' dir='ltr'><strong>frater</strong></span> <span class='ocrx_word' id='word_1_393' title='bbox 3095 2016 3222 2063; x_wconf 89' lang='lat' dir='ltr'><strong>tuus</strong></span> <span class='ocrx_word' id='word_1_394' title='bbox 3269 2007 3433 2062; x_wconf 84' lang='lat' dir='ltr'><strong>habet</strong></span> <span class='ocrx_word' id='word_1_395' title='bbox 3469 2005 3680 2076; x_wconf 87' lang='lat' dir='ltr'><strong>aliquid</strong></span> <span class='ocrx_word' id='word_1_396' title='bbox 3721 2007 3814 2061; x_wconf 73' lang='lat' dir='ltr'><strong>al-</strong></span> 
     </span>
    </p>
   </div>
   <div class='ocr_carea' id='block_1_50' title="bbox 2213 2095 3807 2171">
    <p class='ocr_par' dir='ltr' id='par_1_50' title="bbox 2213 2095 3807 2171">
     <span class='ocr_line' id='line_1_50' title="bbox 2213 2095 3807 2171; baseline -0.003 -16"><span class='ocrx_word' id='word_1_397' title='bbox 2213 2114 2433 2155; x_wconf 81' lang='lat' dir='ltr'><strong>versum</strong></span> <span class='ocrx_word' id='word_1_398' title='bbox 2463 2110 2535 2165; x_wconf 92' lang='lat' dir='ltr'><strong>te,</strong></span> <span class='ocrx_word' id='word_1_399' title='bbox 2570 2100 2817 2171; x_wconf 86' lang='lat' dir='ltr'><strong>relinque</strong></span> <span class='ocrx_word' id='word_1_400' title='bbox 2854 2101 2925 2155; x_wconf 91' lang='lat' dir='ltr'><strong>ibi</strong></span> <span class='ocrx_word' id='word_1_401' title='bbox 2969 2115 3169 2154; x_wconf 89' lang='lat' dir='ltr'><strong>munus</strong></span> <span class='ocrx_word' id='word_1_402' title='bbox 3200 2107 3352 2153; x_wconf 87' lang='lat' dir='ltr'><strong>tuum</strong></span> <span class='ocrx_word' id='word_1_403' title='bbox 3400 2097 3627 2167; x_wconf 74' lang='lat' dir='ltr'><strong>(Matth.</strong></span> <span class='ocrx_word' id='word_1_404' title='bbox 3670 2095 3749 2162; x_wconf 87' lang='lat' dir='ltr'><strong>v).</strong></span> <span class='ocrx_word' id='word_1_405' title='bbox 3789 2119 3807 2151; x_wconf 75' lang='grc' dir='ltr'><strong>ι</strong></span> 
     </span>
    </p>
   </div>
   <div class='ocr_carea' id='block_1_51' title="bbox 2216 2189 3814 2263">
    <p class='ocr_par' dir='ltr' id='par_1_51' title="bbox 2216 2189 3814 2263">
     <span class='ocr_line' id='line_1_51' title="bbox 2216 2189 3814 2263; baseline -0.002 -17"><span class='ocrx_word' id='word_1_406' title='bbox 2216 2191 2282 2246; x_wconf 85' lang='lat' dir='ltr'><strong>Et</strong></span> <span class='ocrx_word' id='word_1_407' title='bbox 2303 2191 2429 2246; x_wconf 90' lang='lat' dir='ltr'><strong>alibi</strong></span> <span class='ocrx_word' id='word_1_408' title='bbox 2461 2205 2475 2244; x_wconf 89' lang='lat'><strong>:</strong></span> <span class='ocrx_word' id='word_1_409' title='bbox 2511 2211 2528 2242; x_wconf 74' lang='grc' dir='ltr'><strong>ι</strong></span> <span class='ocrx_word' id='word_1_410' title='bbox 2561 2191 2722 2259; x_wconf 84' lang='lat' dir='ltr'><strong>Quid,</strong></span> <span class='ocrx_word' id='word_1_411' title='bbox 2757 2193 2947 2263; x_wconf 88' lang='lat' dir='ltr'><strong>inquit,</strong></span> <span class='ocrx_word' id='word_1_412' title='bbox 2980 2190 3157 2260; x_wconf 91' lang='lat' dir='ltr'><strong>majus</strong></span> <span class='ocrx_word' id='word_1_413' title='bbox 3183 2200 3262 2245; x_wconf 90' lang='lat' dir='ltr'><strong>est</strong></span> <span class='ocrx_word' id='word_1_414' title='bbox 3292 2189 3516 2255; x_wconf 90' lang='lat' dir='ltr'><strong>donum,</strong></span> <span class='ocrx_word' id='word_1_415' title='bbox 3544 2205 3617 2243; x_wconf 90' lang='lat' dir='ltr'><strong>an</strong></span> <span class='ocrx_word' id='word_1_416' title='bbox 3641 2189 3814 2243; x_wconf 87' lang='lat' dir='ltr'><strong>altare</strong></span> 
     </span>
    </p>
   </div>
   <div class='ocr_carea' id='block_1_52' title="bbox 2216 2278 3816 2354">
    <p class='ocr_par' dir='ltr' id='par_1_52' title="bbox 2216 2278 3816 2354">
     <span class='ocr_line' id='line_1_52' title="bbox 2216 2278 3816 2354; baseline -0.002 -17"><span class='ocrx_word' id='word_1_417' title='bbox 2216 2285 2362 2353; x_wconf 85' lang='lat' dir='ltr'><strong>quod</strong></span> <span class='ocrx_word' id='word_1_418' title='bbox 2414 2282 2723 2340; x_wconf 78' lang='lat' dir='ltr'><strong>sanctificat</strong></span> <span class='ocrx_word' id='word_1_419' title='bbox 2774 2283 3010 2339; x_wconf 88' lang='lat' dir='ltr'><strong>donum?</strong></span> <span class='ocrx_word' id='word_1_420' title='bbox 3057 2302 3076 2337; x_wconf 71' lang='grc' dir='ltr'><strong>ι</strong></span> <span class='ocrx_word' id='word_1_421' title='bbox 3111 2280 3540 2354; x_wconf 74' lang='lat' dir='ltr'><strong>(Ibid.,nttt.)</strong></span> <span class='ocrx_word' id='word_1_422' title='bbox 3589 2278 3667 2336; x_wconf 86' lang='lat' dir='ltr'><strong>De</strong></span> <span class='ocrx_word' id='word_1_423' title='bbox 3711 2281 3816 2334; x_wconf 80' lang='lat' dir='ltr'><strong>hoc</strong></span> 
     </span>
    </p>
   </div>
   <div class='ocr_carea' id='block_1_53' title="bbox 2216 2371 3815 2441">
    <p class='ocr_par' dir='ltr' id='par_1_53' title="bbox 2216 2371 3815 2441">
     <span class='ocr_line' id='line_1_53' title="bbox 2216 2371 3815 2441; baseline -0.002 -13"><span class='ocrx_word' id='word_1_424' title='bbox 2216 2373 2392 2429; x_wconf 90' lang='lat' dir='ltr'><strong>Lucas</strong></span> <span class='ocrx_word' id='word_1_425' title='bbox 2418 2373 2494 2428; x_wconf 85' lang='lat' dir='ltr'><strong>ait</strong></span> <span class='ocrx_word' id='word_1_426' title='bbox 2523 2391 2537 2428; x_wconf 89' lang='lat'><strong>:</strong></span> <span class='ocrx_word' id='word_1_427' title='bbox 2573 2392 2592 2426; x_wconf 79' lang='grc' dir='ltr'><strong>ι</strong></span> <span class='ocrx_word' id='word_1_428' title='bbox 2629 2373 2766 2441; x_wconf 91' lang='lat' dir='ltr'><strong>Quia</strong></span> <span class='ocrx_word' id='word_1_429' title='bbox 2795 2373 2922 2428; x_wconf 92' lang='lat' dir='ltr'><strong>dum</strong></span> <span class='ocrx_word' id='word_1_430' title='bbox 2961 2371 3256 2428; x_wconf 87' lang='lat' dir='ltr'><strong>Zacharias</strong></span> <span class='ocrx_word' id='word_1_431' title='bbox 3285 2371 3596 2427; x_wconf 89' lang='lat' dir='ltr'><strong>sacerdotio</strong></span> <span class='ocrx_word' id='word_1_432' title='bbox 3626 2371 3815 2441; x_wconf 81' lang='lat' dir='ltr'><strong>funge-</strong></span> 
     </span>
    </p>
   </div>
   <div class='ocr_carea' id='block_1_54' title="bbox 2219 2463 3812 2537">
    <p class='ocr_par' dir='ltr' id='par_1_54' title="bbox 2219 2463 3812 2537">
     <span class='ocr_line' id='line_1_54' title="bbox 2219 2463 3812 2537; baseline -0.003 -17"><span class='ocrx_word' id='word_1_433' title='bbox 2219 2477 2369 2521; x_wconf 88' lang='lat' dir='ltr'><strong>retur</strong></span> <span class='ocrx_word' id='word_1_434' title='bbox 2395 2466 2447 2520; x_wconf 94' lang='lat' dir='ltr'><strong>in</strong></span> <span class='ocrx_word' id='word_1_435' title='bbox 2478 2464 2698 2535; x_wconf 88' lang='lat' dir='ltr'><strong>templo,</strong></span> <span class='ocrx_word' id='word_1_436' title='bbox 2730 2463 2955 2537; x_wconf 87' lang='lat' dir='ltr'><strong>angelus</strong></span> <span class='ocrx_word' id='word_1_437' title='bbox 2980 2463 3194 2518; x_wconf 85' lang='lat' dir='ltr'><strong>Domini</strong></span> <span class='ocrx_word' id='word_1_438' title='bbox 3224 2463 3476 2534; x_wconf 90' lang='lat' dir='ltr'><strong>apparuit</strong></span> <span class='ocrx_word' id='word_1_439' title='bbox 3500 2463 3576 2530; x_wconf 90' lang='lat' dir='ltr'><strong>ei,</strong></span> <span class='ocrx_word' id='word_1_440' title='bbox 3608 2472 3759 2518; x_wconf 85' lang='lat' dir='ltr'><strong>stans</strong></span> <span class='ocrx_word' id='word_1_441' title='bbox 3782 2480 3812 2516; x_wconf 66' lang='grc' dir='ltr'><strong>ι</strong></span> 
     </span>
    </p>
   </div>
   <div class='ocr_carea' id='block_1_55' title="bbox 2219 2551 3811 2623">
    <p class='ocr_par' dir='ltr' id='par_1_55' title="bbox 2219 2551 3811 2623">
     <span class='ocr_line' id='line_1_55' title="bbox 2219 2551 3811 2623; baseline -0.003 -12"><span class='ocrx_word' id='word_1_442' title='bbox 2219 2554 2423 2611; x_wconf 83' lang='lat' dir='ltr'><strong>dextris</strong></span> <span class='ocrx_word' id='word_1_443' title='bbox 2452 2553 2638 2609; x_wconf 89' lang='lat' dir='ltr'><strong>altaris</strong></span> <span class='ocrx_word' id='word_1_444' title='bbox 2664 2553 2869 2608; x_wconf 87' lang='lat' dir='ltr'><strong>incensi</strong></span> <span class='ocrx_word' id='word_1_445' title='bbox 2903 2551 3053 2623; x_wconf 85' lang='lat' dir='ltr'><strong>(Luc.</strong></span> <span class='ocrx_word' id='word_1_446' title='bbox 3081 2553 3144 2623; x_wconf 89' lang='grc' dir='ltr'><strong>ι).</strong></span> <span class='ocrx_word' id='word_1_447' title='bbox 3178 2572 3199 2605; x_wconf 73' lang='grc' dir='ltr'><strong>ι</strong></span> <span class='ocrx_word' id='word_1_448' title='bbox 3231 2551 3299 2607; x_wconf 85' lang='grc' dir='ltr'>Ει</span> <span class='ocrx_word' id='word_1_449' title='bbox 3323 2551 3562 2607; x_wconf 82' lang='lat' dir='ltr'><strong>Joannes</strong></span> <span class='ocrx_word' id='word_1_450' title='bbox 3590 2553 3645 2607; x_wconf 92' lang='lat' dir='ltr'><strong>in</strong></span> <span class='ocrx_word' id='word_1_451' title='bbox 3667 2553 3811 2623; x_wconf 81' lang='lat' dir='ltr'><strong>Apo-</strong></span> 
     </span>
    </p>
   </div>
   <div class='ocr_carea' id='block_1_56' title="bbox 2221 2643 3810 2716">
    <p class='ocr_par' dir='ltr' id='par_1_56' title="bbox 2221 2643 3810 2716">
     <span class='ocr_line' id='line_1_56' title="bbox 2221 2643 3810 2716; baseline -0.004 -15"><span class='ocrx_word' id='word_1_452' title='bbox 2221 2645 2422 2716; x_wconf 89' lang='lat' dir='ltr'><strong>calypsi</strong></span> <span class='ocrx_word' id='word_1_453' title='bbox 2461 2663 2473 2698; x_wconf 90' lang='lat'><strong>:</strong></span> <span class='ocrx_word' id='word_1_454' title='bbox 2514 2663 2531 2695; x_wconf 78' lang='grc' dir='ltr'><strong>ι</strong></span> <span class='ocrx_word' id='word_1_455' title='bbox 2565 2643 2710 2709; x_wconf 77' lang='lat' dir='ltr'><strong>Vidi,</strong></span> <span class='ocrx_word' id='word_1_456' title='bbox 2743 2643 2938 2714; x_wconf 91' lang='lat' dir='ltr'><strong>inquit,</strong></span> <span class='ocrx_word' id='word_1_457' title='bbox 2988 2645 3089 2700; x_wconf 88' lang='lat' dir='ltr'><strong>sub</strong></span> <span class='ocrx_word' id='word_1_458' title='bbox 3137 2643 3310 2698; x_wconf 87' lang='lat' dir='ltr'><strong>altare</strong></span> <span class='ocrx_word' id='word_1_459' title='bbox 3347 2643 3440 2699; x_wconf 89' lang='lat' dir='ltr'><strong>Dei</strong></span> <span class='ocrx_word' id='word_1_460' title='bbox 3479 2643 3694 2698; x_wconf 84' lang='lat' dir='ltr'><strong>animas</strong></span> <span class='ocrx_word' id='word_1_461' title='bbox 3729 2645 3810 2697; x_wconf 83' lang='lat' dir='ltr'><strong>in-</strong></span> 
     </span>
    </p>
   </div>
   <div class='ocr_carea' id='block_1_57' title="bbox 2225 2733 3815 2812">
    <p class='ocr_par' dir='ltr' id='par_1_57' title="bbox 2225 2733 3815 2812">
     <span class='ocr_line' id='line_1_57' title="bbox 2225 2733 3815 2812; baseline -0.004 -20"><span class='ocrx_word' id='word_1_462' title='bbox 2225 2738 2575 2792; x_wconf 84' lang='lat' dir='ltr'><strong>terfectorum</strong></span> <span class='ocrx_word' id='word_1_463' title='bbox 2607 2734 2791 2804; x_wconf 75' lang='lat' dir='ltr'><strong>(Apoc.</strong></span> <span class='ocrx_word' id='word_1_464' title='bbox 2825 2733 2925 2804; x_wconf 90' lang='lat' dir='ltr'><strong>vt).</strong></span> <span class='ocrx_word' id='word_1_465' title='bbox 2957 2754 2974 2786; x_wconf 79' lang='grc' dir='ltr'><strong>ι</strong></span> <span class='ocrx_word' id='word_1_466' title='bbox 3003 2734 3066 2788; x_wconf 84' lang='lat' dir='ltr'><strong>Et</strong></span> <span class='ocrx_word' id='word_1_467' title='bbox 3098 2733 3294 2789; x_wconf 89' lang='lat' dir='ltr'><strong>iterum</strong></span> <span class='ocrx_word' id='word_1_468' title='bbox 3326 2752 3379 2787; x_wconf 74' lang='grc' dir='ltr'><strong>ε(</strong></span> <span class='ocrx_word' id='word_1_469' title='bbox 3409 2733 3565 2789; x_wconf 87' lang='lat' dir='ltr'><strong>Alius</strong></span> <span class='ocrx_word' id='word_1_470' title='bbox 3593 2733 3815 2812; x_wconf 77' lang='lat' dir='ltr'><strong>angelus</strong></span> 
     </span>
    </p>
   </div>
   <div class='ocr_carea' id='block_1_58' title="bbox 2223 2824 3814 2890">
    <p class='ocr_par' dir='ltr' id='par_1_58' title="bbox 2223 2824 3814 2890">
     <span class='ocr_line' id='line_1_58' title="bbox 2223 2824 3814 2890; baseline -0.001 -9"><span class='ocrx_word' id='word_1_471' title='bbox 2223 2826 2393 2890; x_wconf 84' lang='lat' dir='ltr'><strong>venit,</strong></span> <span class='ocrx_word' id='word_1_472' title='bbox 2441 2833 2496 2879; x_wconf 90' lang='lat' dir='ltr'><strong>et</strong></span> <span class='ocrx_word' id='word_1_473' title='bbox 2542 2824 2692 2880; x_wconf 91' lang='lat' dir='ltr'><strong>stetit</strong></span> <span class='ocrx_word' id='word_1_474' title='bbox 2725 2833 2853 2879; x_wconf 83' lang='lat' dir='ltr'><strong>ante</strong></span> <span class='ocrx_word' id='word_1_475' title='bbox 2899 2824 3092 2890; x_wconf 86' lang='lat' dir='ltr'><strong>altare,</strong></span> <span class='ocrx_word' id='word_1_476' title='bbox 3118 2825 3326 2881; x_wconf 87' lang='lat' dir='ltr'><strong>habens</strong></span> <span class='ocrx_word' id='word_1_477' title='bbox 3357 2824 3693 2880; x_wconf 87' lang='lat' dir='ltr'><strong>thuribulum</strong></span> <span class='ocrx_word' id='word_1_478' title='bbox 3723 2842 3814 2880; x_wconf 85' lang='lat' dir='ltr'><strong>au-</strong></span> 
     </span>
    </p>
   </div>
   <div class='ocr_carea' id='block_1_59' title="bbox 2221 2913 3816 2982">
    <p class='ocr_par' dir='ltr' id='par_1_59' title="bbox 2221 2913 3816 2982">
     <span class='ocr_line' id='line_1_59' title="bbox 2221 2913 3816 2982; baseline -0.001 -13"><span class='ocrx_word' id='word_1_479' title='bbox 2221 2929 2374 2969; x_wconf 91' lang='lat' dir='ltr'><strong>reum</strong></span> <span class='ocrx_word' id='word_1_480' title='bbox 2399 2953 2413 2977; x_wconf 87' lang='lat'><strong>,</strong></span> <span class='ocrx_word' id='word_1_481' title='bbox 2463 2923 2517 2968; x_wconf 91' lang='lat' dir='ltr'><strong>et</strong></span> <span class='ocrx_word' id='word_1_482' title='bbox 2563 2913 2688 2970; x_wconf 91' lang='lat' dir='ltr'><strong>data</strong></span> <span class='ocrx_word' id='word_1_483' title='bbox 2739 2924 2866 2969; x_wconf 89' lang='lat' dir='ltr'><strong>sunt</strong></span> <span class='ocrx_word' id='word_1_484' title='bbox 2913 2913 2961 2970; x_wconf 92' lang='lat' dir='ltr'><strong>ei</strong></span> <span class='ocrx_word' id='word_1_485' title='bbox 2999 2915 3218 2970; x_wconf 88' lang='lat' dir='ltr'><strong>incensa</strong></span> <span class='ocrx_word' id='word_1_486' title='bbox 3259 2913 3448 2982; x_wconf 90' lang='lat' dir='ltr'><strong>multa,</strong></span> <span class='ocrx_word' id='word_1_487' title='bbox 3481 2924 3540 2968; x_wconf 92' lang='lat' dir='ltr'><strong>ut</strong></span> <span class='ocrx_word' id='word_1_488' title='bbox 3567 2914 3724 2971; x_wconf 82' lang='lat' dir='ltr'><strong>daret</strong></span> <span class='ocrx_word' id='word_1_489' title='bbox 3753 2915 3816 2968; x_wconf 90' lang='lat' dir='ltr'><strong>de</strong></span> 
     </span>
    </p>
   </div>
   <div class='ocr_carea' id='block_1_60' title="bbox 2220 3005 3815 3076">
    <p class='ocr_par' dir='ltr' id='par_1_60' title="bbox 2220 3005 3815 3076">
     <span class='ocr_line' id='line_1_60' title="bbox 2220 3005 3815 3076; baseline 0 -16"><span class='ocrx_word' id='word_1_490' title='bbox 2220 3005 2564 3061; x_wconf 83' lang='lat' dir='ltr'><strong>orationibus</strong></span> <span class='ocrx_word' id='word_1_491' title='bbox 2594 3017 2904 3061; x_wconf 86' lang='lat' dir='ltr'><strong>sanctorum</strong></span> <span class='ocrx_word' id='word_1_492' title='bbox 2936 3022 3098 3076; x_wconf 88' lang='lat' dir='ltr'><strong>super</strong></span> <span class='ocrx_word' id='word_1_493' title='bbox 3127 3006 3300 3060; x_wconf 88' lang='lat' dir='ltr'><strong>altare</strong></span> <span class='ocrx_word' id='word_1_494' title='bbox 3347 3005 3492 3076; x_wconf 89' lang='lat' dir='ltr'><strong>quod</strong></span> <span class='ocrx_word' id='word_1_495' title='bbox 3524 3014 3646 3061; x_wconf 89' lang='lat' dir='ltr'><strong>erat</strong></span> <span class='ocrx_word' id='word_1_496' title='bbox 3691 3015 3815 3060; x_wconf 84' lang='lat' dir='ltr'><strong>ante</strong></span> 
     </span>
    </p>
   </div>
   <div class='ocr_carea' id='block_1_61' title="bbox 2224 3094 3814 3167">
    <p class='ocr_par' dir='ltr' id='par_1_61' title="bbox 2224 3094 3814 3167">
     <span class='ocr_line' id='line_1_61' title="bbox 2224 3094 3814 3167; baseline -0.001 -17"><span class='ocrx_word' id='word_1_497' title='bbox 2224 3097 2478 3150; x_wconf 90' lang='lat' dir='ltr'><strong>thronum</strong></span> <span class='ocrx_word' id='word_1_498' title='bbox 2526 3094 2713 3166; x_wconf 87' lang='lat' dir='ltr'><strong>(Ibid.,</strong></span> <span class='ocrx_word' id='word_1_499' title='bbox 2744 3094 2886 3166; x_wconf 87' lang='lat' dir='ltr'><strong>vm).</strong></span> <span class='ocrx_word' id='word_1_500' title='bbox 2922 3115 2940 3147; x_wconf 73' lang='grc' dir='ltr'><strong>ι</strong></span> <span class='ocrx_word' id='word_1_501' title='bbox 2975 3095 3042 3150; x_wconf 86' lang='lat' dir='ltr'><strong>Et</strong></span> <span class='ocrx_word' id='word_1_502' title='bbox 3083 3096 3244 3167; x_wconf 89' lang='lat' dir='ltr'><strong>paulo</strong></span> <span class='ocrx_word' id='word_1_503' title='bbox 3284 3105 3406 3167; x_wconf 90' lang='lat' dir='ltr'><strong>post</strong></span> <span class='ocrx_word' id='word_1_504' title='bbox 3451 3113 3465 3148; x_wconf 92' lang='lat'><strong>:</strong></span> <span class='ocrx_word' id='word_1_505' title='bbox 3513 3113 3532 3146; x_wconf 76' lang='grc' dir='ltr'><strong>ι</strong></span> <span class='ocrx_word' id='word_1_506' title='bbox 3568 3094 3814 3166; x_wconf 82' lang='lat' dir='ltr'><strong>Accepit,</strong></span> 
     </span>
    </p>
   </div>
   <div class='ocr_carea' id='block_1_62' title="bbox 524 3183 3816 3263">
    <p class='ocr_par' dir='ltr' id='par_1_62' title="bbox 524 3183 3816 3263">
     <span class='ocr_line' id='line_1_62' title="bbox 524 3183 3816 3263; baseline -0.002 -18"><span class='ocrx_word' id='word_1_507' title='bbox 524 3192 939 3245; x_wconf 85' lang='lat' dir='ltr'><strong>conversatione</strong></span> <span class='ocrx_word' id='word_1_508' title='bbox 969 3190 1308 3261; x_wconf 83' lang='lat' dir='ltr'><strong>angelorum,</strong></span> <span class='ocrx_word' id='word_1_509' title='bbox 1335 3199 1388 3245; x_wconf 91' lang='lat' dir='ltr'><strong>et</strong></span> <span class='ocrx_word' id='word_1_510' title='bbox 1416 3190 1482 3245; x_wconf 92' lang='lat' dir='ltr'><strong>dc</strong></span> <span class='ocrx_word' id='word_1_511' title='bbox 1510 3191 1796 3260; x_wconf 66' lang='lat' dir='ltr'><strong>praesentia</strong></span> <span class='ocrx_word' id='word_1_512' title='bbox 1823 3192 2118 3263; x_wconf 65' lang='lat' dir='ltr'><strong>maiestatis</strong></span> <span class='ocrx_word' id='word_1_513' title='bbox 2147 3183 2192 3246; x_wconf 88' lang='lat' dir='ltr'><strong><em>C</em></strong></span> <span class='ocrx_word' id='word_1_514' title='bbox 2223 3185 2421 3256; x_wconf 89' lang='lat' dir='ltr'><strong>inquit,</strong></span> <span class='ocrx_word' id='word_1_515' title='bbox 2447 3186 2669 3257; x_wconf 85' lang='lat' dir='ltr'><strong>angelus</strong></span> <span class='ocrx_word' id='word_1_516' title='bbox 2698 3185 3055 3252; x_wconf 87' lang='lat' dir='ltr'><strong>thurihulum,</strong></span> <span class='ocrx_word' id='word_1_517' title='bbox 3084 3194 3138 3242; x_wconf 89' lang='lat' dir='ltr'><strong>et</strong></span> <span class='ocrx_word' id='word_1_518' title='bbox 3167 3185 3410 3257; x_wconf 86' lang='lat' dir='ltr'><strong>implevit</strong></span> <span class='ocrx_word' id='word_1_519' title='bbox 3439 3184 3574 3240; x_wconf 88' lang='lat' dir='ltr'><strong>illud</strong></span> <span class='ocrx_word' id='word_1_520' title='bbox 3603 3186 3670 3240; x_wconf 88' lang='lat' dir='ltr'><strong>de</strong></span> <span class='ocrx_word' id='word_1_521' title='bbox 3697 3185 3816 3256; x_wconf 61' lang='lat' dir='ltr'><strong>igne”</strong></span> 
     </span>
    </p>
   </div>
   <div class='ocr_carea' id='block_1_63' title="bbox 521 3271 2114 3353">
    <p class='ocr_par' dir='ltr' id='par_1_63' title="bbox 521 3271 2114 3353">
     <span class='ocr_line' id='line_1_63' title="bbox 521 3271 2114 3353; baseline 0.002 -18"><span class='ocrx_word' id='word_1_522' title='bbox 521 3271 640 3346; x_wconf 89' lang='lat' dir='ltr'><strong>Dei,</strong></span> <span class='ocrx_word' id='word_1_523' title='bbox 672 3289 726 3334; x_wconf 92' lang='lat' dir='ltr'><strong>et</strong></span> <span class='ocrx_word' id='word_1_524' title='bbox 753 3281 986 3336; x_wconf 83' lang='lat' dir='ltr'><strong>assiduis</strong></span> <span class='ocrx_word' id='word_1_525' title='bbox 1018 3281 1235 3352; x_wconf 88' lang='lat' dir='ltr'><strong>hymnis</strong></span> <span class='ocrx_word' id='word_1_526' title='bbox 1273 3291 1328 3336; x_wconf 89' lang='lat' dir='ltr'><strong>et</strong></span> <span class='ocrx_word' id='word_1_527' title='bbox 1372 3280 1594 3352; x_wconf 88' lang='lat' dir='ltr'><strong>psalmis</strong></span> <span class='ocrx_word' id='word_1_528' title='bbox 1629 3281 2004 3353; x_wconf 90' lang='lat' dir='ltr'><strong>spiritualibus</strong></span> <span class='ocrx_word' id='word_1_529' title='bbox 2033 3284 2114 3338; x_wconf 85' lang='lat' dir='ltr'><strong>in-</strong></span> 
     </span>
    </p>
   </div>
   <div class='ocr_carea' id='block_1_64' title="bbox 520 3371 2121 3442">
    <p class='ocr_par' dir='ltr' id='par_1_64' title="bbox 520 3371 2121 3442">
     <span class='ocr_line' id='line_1_64' title="bbox 520 3371 2121 3442; baseline 0.004 -17"><span class='ocrx_word' id='word_1_530' title='bbox 520 3388 720 3428; x_wconf 84' lang='lat' dir='ltr'><strong>vocare</strong></span> <span class='ocrx_word' id='word_1_531' title='bbox 749 3388 943 3429; x_wconf 90' lang='lat' dir='ltr'><strong>nomen</strong></span> <span class='ocrx_word' id='word_1_532' title='bbox 994 3371 1230 3439; x_wconf 89' lang='lat' dir='ltr'><strong>Domini,</strong></span> <span class='ocrx_word' id='word_1_533' title='bbox 1262 3382 1323 3428; x_wconf 92' lang='lat' dir='ltr'><strong>ut</strong></span> <span class='ocrx_word' id='word_1_534' title='bbox 1354 3371 1481 3428; x_wconf 91' lang='lat' dir='ltr'><strong>illud</strong></span> <span class='ocrx_word' id='word_1_535' title='bbox 1514 3372 1854 3442; x_wconf 89' lang='lat' dir='ltr'><strong>compleatur</strong></span> <span class='ocrx_word' id='word_1_536' title='bbox 1881 3373 1933 3427; x_wconf 92' lang='lat' dir='ltr'><strong>in</strong></span> <span class='ocrx_word' id='word_1_537' title='bbox 1964 3373 2121 3432; x_wconf 86' lang='lat' dir='ltr'><strong>nobis</strong></span> 
     </span>
    </p>
   </div>
   <div class='ocr_carea' id='block_1_65' title="bbox 522 3462 2120 3536">
    <p class='ocr_par' dir='ltr' id='par_1_65' title="bbox 522 3462 2120 3536">
     <span class='ocr_line' id='line_1_65' title="bbox 522 3462 2120 3536; baseline 0.001 -18"><span class='ocrx_word' id='word_1_538' title='bbox 522 3464 666 3534; x_wconf 84' lang='lat' dir='ltr'><strong>quod</strong></span> <span class='ocrx_word' id='word_1_539' title='bbox 721 3465 798 3519; x_wconf 89' lang='lat' dir='ltr'><strong>ait</strong></span> <span class='ocrx_word' id='word_1_540' title='bbox 842 3462 1130 3519; x_wconf 83' lang='lat' dir='ltr'><strong>Psalmista</strong></span> <span class='ocrx_word' id='word_1_541' title='bbox 1167 3481 1180 3518; x_wconf 89' lang='lat'><strong>:</strong></span> <span class='ocrx_word' id='word_1_542' title='bbox 1219 3483 1238 3516; x_wconf 75' lang='grc' dir='ltr'><strong>ι</strong></span> <span class='ocrx_word' id='word_1_543' title='bbox 1269 3462 1543 3519; x_wconf 85' lang='lat' dir='ltr'><strong>Conlirma</strong></span> <span class='ocrx_word' id='word_1_544' title='bbox 1593 3463 1714 3528; x_wconf 88' lang='lat' dir='ltr'><strong>hoc,</strong></span> <span class='ocrx_word' id='word_1_545' title='bbox 1764 3463 1927 3531; x_wconf 86' lang='lat' dir='ltr'><strong>Deus,</strong></span> <span class='ocrx_word' id='word_1_546' title='bbox 1977 3466 2120 3536; x_wconf 88' lang='lat' dir='ltr'><strong>quod</strong></span> 
     </span>
    </p>
   </div>
   <div class='ocr_carea' id='block_1_66' title="bbox 521 3555 2122 3628">
    <p class='ocr_par' dir='ltr' id='par_1_66' title="bbox 521 3555 2122 3628">
     <span class='ocr_line' id='line_1_66' title="bbox 521 3555 2122 3628; baseline 0.003 -21"><span class='ocrx_word' id='word_1_547' title='bbox 521 3565 780 3625; x_wconf 79' lang='lat' dir='ltr'><strong>operatus</strong></span> <span class='ocrx_word' id='word_1_548' title='bbox 804 3571 863 3612; x_wconf 89' lang='lat' dir='ltr'><strong>es</strong></span> <span class='ocrx_word' id='word_1_549' title='bbox 894 3558 945 3611; x_wconf 92' lang='lat' dir='ltr'><strong>in</strong></span> <span class='ocrx_word' id='word_1_550' title='bbox 977 3556 1132 3611; x_wconf 91' lang='lat' dir='ltr'><strong>nobis</strong></span> <span class='ocrx_word' id='word_1_551' title='bbox 1161 3573 1188 3610; x_wconf 94' lang='lat' dir='ltr'><strong>a</strong></span> <span class='ocrx_word' id='word_1_552' title='bbox 1222 3555 1422 3628; x_wconf 90' lang='lat' dir='ltr'><strong>templo</strong></span> <span class='ocrx_word' id='word_1_553' title='bbox 1466 3565 1656 3613; x_wconf 88' lang='lat' dir='ltr'><strong>saneto</strong></span> <span class='ocrx_word' id='word_1_554' title='bbox 1704 3565 1816 3624; x_wconf 90' lang='lat' dir='ltr'><strong>tuo,</strong></span> <span class='ocrx_word' id='word_1_555' title='bbox 1849 3559 1993 3628; x_wconf 92' lang='lat' dir='ltr'><strong>quod</strong></span> <span class='ocrx_word' id='word_1_556' title='bbox 2037 3565 2122 3614; x_wconf 86' lang='lat' dir='ltr'><strong>est</strong></span> 
     </span>
    </p>
   </div>
   <div class='ocr_carea' id='block_1_67' title="bbox 521 3644 1381 3718">
    <p class='ocr_par' dir='ltr' id='par_1_67' title="bbox 521 3644 1381 3718">
     <span class='ocr_line' id='line_1_67' title="bbox 521 3644 1381 3718; baseline 0.001 -18"><span class='ocrx_word' id='word_1_557' title='bbox 521 3645 577 3700; x_wconf 91' lang='lat' dir='ltr'><strong>in</strong></span> <span class='ocrx_word' id='word_1_558' title='bbox 605 3644 904 3702; x_wconf 81' lang='lat' dir='ltr'><strong>Jerusalem</strong></span> <span class='ocrx_word' id='word_1_559' title='bbox 937 3644 1107 3718; x_wconf 70' lang='lat' dir='ltr'><strong>(Paul.</strong></span> <span class='ocrx_word' id='word_1_560' title='bbox 1143 3648 1329 3718; x_wconf 80' lang='lat' dir='ltr'><strong>van).</strong></span> <span class='ocrx_word' id='word_1_561' title='bbox 1363 3667 1381 3701; x_wconf 76' lang='grc' dir='ltr'><strong>ι</strong></span> 
     </span>
    </p>
   </div>
   <div class='ocr_carea' id='block_1_68' title="bbox 1014 3737 1610 3796">
    <p class='ocr_par' dir='ltr' id='par_1_68' title="bbox 1014 3737 1610 3796">
     <span class='ocr_line' id='line_1_68' title="bbox 1014 3737 1610 3796; baseline -0.002 -1"><span class='ocrx_word' id='word_1_562' title='bbox 1014 3737 1105 3796; x_wconf 75' lang='grc' dir='ltr'><strong>ιν.</strong></span> <span class='ocrx_word' id='word_1_563' title='bbox 1147 3740 1223 3796; x_wconf 88' lang='lat' dir='ltr'><strong>De</strong></span> <span class='ocrx_word' id='word_1_564' title='bbox 1251 3759 1404 3794; x_wconf 84' lang='lat' dir='ltr'><strong>sacro</strong></span> <span class='ocrx_word' id='word_1_565' title='bbox 1433 3740 1610 3795; x_wconf 79' lang='lat' dir='ltr'><strong>altari.</strong></span> 
     </span>
    </p>
   </div>
   <div class='ocr_carea' id='block_1_69' title="bbox 591 3831 2122 3900">
    <p class='ocr_par' dir='ltr' id='par_1_69' title="bbox 591 3831 2122 3900">
     <span class='ocr_line' id='line_1_69' title="bbox 591 3831 2122 3900; baseline 0.001 -13"><span class='ocrx_word' id='word_1_566' title='bbox 591 3831 747 3900; x_wconf 89' lang='lat' dir='ltr'><strong>Quod</strong></span> <span class='ocrx_word' id='word_1_567' title='bbox 797 3841 978 3888; x_wconf 88' lang='lat' dir='ltr'><strong>autem</strong></span> <span class='ocrx_word' id='word_1_568' title='bbox 1029 3831 1097 3887; x_wconf 90' lang='lat' dir='ltr'><strong>de</strong></span> <span class='ocrx_word' id='word_1_569' title='bbox 1144 3848 1330 3887; x_wconf 90' lang='lat' dir='ltr'><strong>mensa</strong></span> <span class='ocrx_word' id='word_1_570' title='bbox 1378 3831 1592 3888; x_wconf 92' lang='lat' dir='ltr'><strong>Domini</strong></span> <span class='ocrx_word' id='word_1_571' title='bbox 1637 3841 1694 3887; x_wconf 90' lang='lat' dir='ltr'><strong>et</strong></span> <span class='ocrx_word' id='word_1_572' title='bbox 1737 3832 1805 3888; x_wconf 89' lang='lat' dir='ltr'><strong>de</strong></span> <span class='ocrx_word' id='word_1_573' title='bbox 1849 3832 2122 3889; x_wconf 88' lang='lat' dir='ltr'><strong>materiali</strong></span> 
     </span>
    </p>
   </div>
   <div class='ocr_carea' id='block_1_70' title="bbox 522 3919 2119 3992">
    <p class='ocr_par' dir='ltr' id='par_1_70' title="bbox 522 3919 2119 3992">
     <span class='ocr_line' id='line_1_70' title="bbox 522 3919 2119 3992; baseline -0.001 -13"><span class='ocrx_word' id='word_1_574' title='bbox 522 3930 797 3980; x_wconf 88' lang='lat' dir='ltr'><strong>structura</strong></span> <span class='ocrx_word' id='word_1_575' title='bbox 830 3921 947 3992; x_wconf 89' lang='lat' dir='ltr'><strong>ejus</strong></span> <span class='ocrx_word' id='word_1_576' title='bbox 995 3919 1206 3976; x_wconf 85' lang='lat' dir='ltr'><strong>fabulas</strong></span> <span class='ocrx_word' id='word_1_577' title='bbox 1237 3919 1461 3992; x_wconf 76' lang='lat' dir='ltr'><strong>fingitis,</strong></span> <span class='ocrx_word' id='word_1_578' title='bbox 1489 3922 1631 3990; x_wconf 91' lang='lat' dir='ltr'><strong>quod</strong></span> <span class='ocrx_word' id='word_1_579' title='bbox 1681 3923 1814 3976; x_wconf 92' lang='lat' dir='ltr'><strong>nihil</strong></span> <span class='ocrx_word' id='word_1_580' title='bbox 1851 3922 1995 3977; x_wconf 89' lang='lat' dir='ltr'><strong>aliud</strong></span> <span class='ocrx_word' id='word_1_581' title='bbox 2028 3924 2119 3989; x_wconf 81' lang='lat' dir='ltr'><strong>sit,</strong></span> 
     </span>
    </p>
   </div>
   <div class='ocr_carea' id='block_1_71' title="bbox 520 4014 2123 4087">
    <p class='ocr_par' dir='ltr' id='par_1_71' title="bbox 520 4014 2123 4087">
     <span class='ocr_line' id='line_1_71' title="bbox 520 4014 2123 4087; baseline 0 -14"><span class='ocrx_word' id='word_1_582' title='bbox 520 4017 626 4073; x_wconf 89' lang='lat' dir='ltr'><strong>nisi</strong></span> <span class='ocrx_word' id='word_1_583' title='bbox 656 4031 882 4072; x_wconf 86' lang='lat' dir='ltr'><strong>acervus</strong></span> <span class='ocrx_word' id='word_1_584' title='bbox 916 4014 1176 4086; x_wconf 91' lang='lat' dir='ltr'><strong>lapidum,</strong></span> <span class='ocrx_word' id='word_1_585' title='bbox 1205 4025 1260 4069; x_wconf 90' lang='lat' dir='ltr'><strong>et</strong></span> <span class='ocrx_word' id='word_1_586' title='bbox 1290 4015 1408 4069; x_wconf 91' lang='lat' dir='ltr'><strong>ideo</strong></span> <span class='ocrx_word' id='word_1_587' title='bbox 1445 4014 1590 4068; x_wconf 92' lang='lat' dir='ltr'><strong>inani</strong></span> <span class='ocrx_word' id='word_1_588' title='bbox 1641 4015 1918 4087; x_wconf 83' lang='lat' dir='ltr'><strong>religionis</strong></span> <span class='ocrx_word' id='word_1_589' title='bbox 1947 4017 2123 4073; x_wconf 82' lang='lat' dir='ltr'><strong>olIicio</strong></span> 
     </span>
    </p>
   </div>
   <div class='ocr_carea' id='block_1_72' title="bbox 525 4101 2124 4172">
    <p class='ocr_par' dir='ltr' id='par_1_72' title="bbox 525 4101 2124 4172">
     <span class='ocr_line' id='line_1_72' title="bbox 525 4101 2124 4172; baseline -0.003 -9"><span class='ocrx_word' id='word_1_590' title='bbox 525 4101 674 4163; x_wconf 83' lang='lat' dir='ltr'><strong>illam</strong></span> <span class='ocrx_word' id='word_1_591' title='bbox 708 4103 1000 4170; x_wconf 84' lang='lat' dir='ltr'><strong>venerari;</strong></span> <span class='ocrx_word' id='word_1_592' title='bbox 1052 4121 1159 4159; x_wconf 91' lang='lat' dir='ltr'><strong>non</strong></span> <span class='ocrx_word' id='word_1_593' title='bbox 1194 4113 1278 4159; x_wconf 91' lang='lat' dir='ltr'><strong>est</strong></span> <span class='ocrx_word' id='word_1_594' title='bbox 1304 4119 1408 4158; x_wconf 83' lang='lat' dir='ltr'><strong>vox</strong></span> <span class='ocrx_word' id='word_1_595' title='bbox 1438 4104 1540 4158; x_wconf 92' lang='lat' dir='ltr'><strong>ista</strong></span> <span class='ocrx_word' id='word_1_596' title='bbox 1571 4104 1836 4172; x_wconf 90' lang='lat' dir='ltr'><strong>hominis,</strong></span> <span class='ocrx_word' id='word_1_597' title='bbox 1887 4106 1980 4161; x_wconf 91' lang='lat' dir='ltr'><strong>sed</strong></span> <span class='ocrx_word' id='word_1_598' title='bbox 2009 4107 2124 4162; x_wconf 89' lang='lat' dir='ltr'><strong>dia-</strong></span> 
     </span>
    </p>
   </div>
   <div class='ocr_carea' id='block_1_73' title="bbox 527 4197 2125 4273">
    <p class='ocr_par' dir='ltr' id='par_1_73' title="bbox 527 4197 2125 4273">
     <span class='ocr_line' id='line_1_73' title="bbox 527 4197 2125 4273; baseline 0.001 -17"><span class='ocrx_word' id='word_1_599' title='bbox 527 4201 662 4266; x_wconf 79' lang='lat' dir='ltr'><strong>boli,</strong></span> <span class='ocrx_word' id='word_1_600' title='bbox 693 4217 815 4256; x_wconf 91' lang='lat' dir='ltr'><strong>cum</strong></span> <span class='ocrx_word' id='word_1_601' title='bbox 846 4197 1025 4254; x_wconf 89' lang='lat' dir='ltr'><strong>nullus</strong></span> <span class='ocrx_word' id='word_1_602' title='bbox 1051 4199 1122 4254; x_wconf 93' lang='lat' dir='ltr'><strong>sit</strong></span> <span class='ocrx_word' id='word_1_603' title='bbox 1150 4197 1301 4254; x_wconf 92' lang='lat' dir='ltr'><strong>locus</strong></span> <span class='ocrx_word' id='word_1_604' title='bbox 1331 4199 1384 4254; x_wconf 92' lang='lat' dir='ltr'><strong>in</strong></span> <span class='ocrx_word' id='word_1_605' title='bbox 1412 4197 1543 4256; x_wconf 88' lang='lat' dir='ltr'><strong>orbe</strong></span> <span class='ocrx_word' id='word_1_606' title='bbox 1569 4199 1726 4264; x_wconf 90' lang='lat' dir='ltr'><strong>alius,</strong></span> <span class='ocrx_word' id='word_1_607' title='bbox 1760 4200 1849 4256; x_wconf 93' lang='lat' dir='ltr'><strong>ubi</strong></span> <span class='ocrx_word' id='word_1_608' title='bbox 1880 4200 2125 4273; x_wconf 90' lang='lat' dir='ltr'><strong>legitime</strong></span> 
     </span>
    </p>
   </div>
   <div class='ocr_carea' id='block_1_74' title="bbox 522 4277 2123 4360">
    <p class='ocr_par' dir='ltr' id='par_1_74' title="bbox 522 4277 2123 4360">
     <span class='ocr_line' id='line_1_74' title="bbox 522 4277 2123 4360; baseline 0.002 -17"><span class='ocrx_word' id='word_1_609' title='bbox 522 4277 837 4344; x_wconf 63' lang='lat' dir='ltr'><strong>veneranda</strong></span> <span class='ocrx_word' id='word_1_610' title='bbox 901 4289 1148 4359; x_wconf 89' lang='lat' dir='ltr'><strong>corporis</strong></span> <span class='ocrx_word' id='word_1_611' title='bbox 1221 4290 1339 4360; x_wconf 87' lang='lat' dir='ltr'><strong>ejus</strong></span> <span class='ocrx_word' id='word_1_612' title='bbox 1405 4299 1462 4346; x_wconf 91' lang='lat' dir='ltr'><strong>ct</strong></span> <span class='ocrx_word' id='word_1_613' title='bbox 1529 4290 1808 4360; x_wconf 90' lang='lat' dir='ltr'><strong>sanguinis</strong></span> <span class='ocrx_word' id='word_1_614' title='bbox 1865 4291 2123 4346; x_wconf 85' lang='lat' dir='ltr'><strong>libamina</strong></span> 
     </span>
    </p>
   </div>
   <div class='ocr_carea' id='block_1_75' title="bbox 525 4365 2123 4455">
    <p class='ocr_par' dir='ltr' id='par_1_75' title="bbox 525 4365 2123 4455">
     <span class='ocr_line' id='line_1_75' title="bbox 525 4365 2123 4455; baseline 0.004 -22"><span class='ocrx_word' id='word_1_615' title='bbox 525 4390 730 4452; x_wconf 89' lang='lat' dir='ltr'><strong>queant</strong></span> <span class='ocrx_word' id='word_1_616' title='bbox 759 4381 1128 4450; x_wconf 85' lang='lat' dir='ltr'><strong>sanctillcari;</strong></span> <span class='ocrx_word' id='word_1_617' title='bbox 1159 4365 1335 4437; x_wconf 80' lang='lat' dir='ltr'><strong>nescit</strong></span> <span class='ocrx_word' id='word_1_618' title='bbox 1358 4381 1502 4437; x_wconf 87' lang='lat' dir='ltr'><strong>enim</strong></span> <span class='ocrx_word' id='word_1_619' title='bbox 1533 4383 1714 4439; x_wconf 90' lang='lat' dir='ltr'><strong>crucis</strong></span> <span class='ocrx_word' id='word_1_620' title='bbox 1741 4385 1994 4454; x_wconf 90' lang='lat' dir='ltr'><strong>pretium,</strong></span> <span class='ocrx_word' id='word_1_621' title='bbox 2031 4385 2123 4455; x_wconf 89' lang='lat' dir='ltr'><strong>qui</strong></span> 
     </span>
    </p>
   </div>
   <div class='ocr_carea' id='block_1_76' title="bbox 526 4473 2120 4548">
    <p class='ocr_par' dir='ltr' id='par_1_76' title="bbox 526 4473 2120 4548">
     <span class='ocr_line' id='line_1_76' title="bbox 526 4473 2120 4548; baseline 0.002 -21"><span class='ocrx_word' id='word_1_622' title='bbox 526 4489 636 4527; x_wconf 83' lang='lat' dir='ltr'><strong>non</strong></span> <span class='ocrx_word' id='word_1_623' title='bbox 689 4473 862 4528; x_wconf 91' lang='lat' dir='ltr'><strong>credit</strong></span> <span class='ocrx_word' id='word_1_624' title='bbox 915 4488 1135 4529; x_wconf 90' lang='lat' dir='ltr'><strong>manere</strong></span> <span class='ocrx_word' id='word_1_625' title='bbox 1189 4475 1242 4529; x_wconf 92' lang='lat' dir='ltr'><strong>in</strong></span> <span class='ocrx_word' id='word_1_626' title='bbox 1295 4475 1452 4530; x_wconf 89' lang='lat' dir='ltr'><strong>altari</strong></span> <span class='ocrx_word' id='word_1_627' title='bbox 1506 4474 1726 4531; x_wconf 73' lang='lat' dir='ltr'><strong>caeleste</strong></span> <span class='ocrx_word' id='word_1_628' title='bbox 1782 4477 2120 4548; x_wconf 86' lang='lat' dir='ltr'><strong>mysterium.</strong></span> 
     </span>
    </p>
   </div>
   <div class='ocr_carea' id='block_1_77' title="bbox 529 4564 2125 4640">
    <p class='ocr_par' dir='ltr' id='par_1_77' title="bbox 529 4564 2125 4640">
     <span class='ocr_line' id='line_1_77' title="bbox 529 4564 2125 4640; baseline 0.004 -22"><span class='ocrx_word' id='word_1_629' title='bbox 529 4564 718 4618; x_wconf 87' lang='lat' dir='ltr'><strong>Altare</strong></span> <span class='ocrx_word' id='word_1_630' title='bbox 749 4565 814 4618; x_wconf 90' lang='lat' dir='ltr'><strong>de</strong></span> <span class='ocrx_word' id='word_1_631' title='bbox 847 4573 990 4620; x_wconf 88' lang='lat' dir='ltr'><strong>terra</strong></span> <span class='ocrx_word' id='word_1_632' title='bbox 1020 4567 1280 4623; x_wconf 91' lang='lat' dir='ltr'><strong>Dominus</strong></span> <span class='ocrx_word' id='word_1_633' title='bbox 1304 4567 1653 4640; x_wconf 65' lang='lat' dir='ltr'><strong>perbloysen</strong></span> <span class='ocrx_word' id='word_1_634' title='bbox 1685 4569 1786 4624; x_wconf 85' lang='lat' dir='ltr'><strong>sibi</strong></span> <span class='ocrx_word' id='word_1_635' title='bbox 1820 4572 1937 4626; x_wconf 86' lang='lat' dir='ltr'><strong>fieri</strong></span> <span class='ocrx_word' id='word_1_636' title='bbox 1971 4571 2125 4626; x_wconf 91' lang='lat' dir='ltr'><strong>insti-</strong></span> 
     </span>
    </p>
   </div>
   <div class='ocr_carea' id='block_1_78' title="bbox 537 4657 2123 4732">
    <p class='ocr_par' dir='ltr' id='par_1_78' title="bbox 537 4657 2123 4732">
     <span class='ocr_line' id='line_1_78' title="bbox 537 4657 2123 4732; baseline 0.005 -20"><span class='ocrx_word' id='word_1_637' title='bbox 537 4657 663 4732; x_wconf 84' lang='lat' dir='ltr'><strong>tuit,</strong></span> <span class='ocrx_word' id='word_1_638' title='bbox 691 4672 858 4729; x_wconf 90' lang='lat' dir='ltr'><strong>super</strong></span> <span class='ocrx_word' id='word_1_639' title='bbox 883 4659 1025 4730; x_wconf 90' lang='lat' dir='ltr'><strong>quod</strong></span> <span class='ocrx_word' id='word_1_640' title='bbox 1053 4659 1372 4715; x_wconf 88' lang='lat' dir='ltr'><strong>holocausta</strong></span> <span class='ocrx_word' id='word_1_641' title='bbox 1418 4670 1475 4715; x_wconf 92' lang='lat' dir='ltr'><strong>ct</strong></span> <span class='ocrx_word' id='word_1_642' title='bbox 1518 4662 1784 4718; x_wconf 79' lang='lat' dir='ltr'><strong>sacriﬁcia</strong></span> <span class='ocrx_word' id='word_1_643' title='bbox 1818 4662 1998 4718; x_wconf 87' lang='lat' dir='ltr'><strong>offerri</strong></span> <span class='ocrx_word' id='word_1_644' title='bbox 2025 4665 2123 4720; x_wconf 91' lang='lat' dir='ltr'><strong>de-</strong></span> 
     </span>
    </p>
   </div>
   <div class='ocr_carea' id='block_1_79' title="bbox 518 4745 2124 4828">
    <p class='ocr_par' dir='ltr' id='par_1_79' title="bbox 518 4745 2124 4828">
     <span class='ocr_line' id='line_1_79' title="bbox 518 4745 2124 4828; baseline 0.002 -22"><span class='ocrx_word' id='word_1_645' title='bbox 518 4745 812 4816; x_wconf 76' lang='lat' dir='ltr'><strong>buissent;</strong></span> <span class='ocrx_word' id='word_1_646' title='bbox 859 4751 925 4806; x_wconf 91' lang='lat' dir='ltr'><strong>de</strong></span> <span class='ocrx_word' id='word_1_647' title='bbox 956 4767 1062 4822; x_wconf 93' lang='lat' dir='ltr'><strong>quo</strong></span> <span class='ocrx_word' id='word_1_648' title='bbox 1103 4753 1240 4808; x_wconf 87' lang='lat' dir='ltr'><strong>liber</strong></span> <span class='ocrx_word' id='word_1_649' title='bbox 1275 4753 1547 4809; x_wconf 88' lang='lat' dir='ltr'><strong>Leviticus</strong></span> <span class='ocrx_word' id='word_1_650' title='bbox 1579 4762 1810 4810; x_wconf 91' lang='lat' dir='ltr'><strong>testatur</strong></span> <span class='ocrx_word' id='word_1_651' title='bbox 1836 4756 1960 4828; x_wconf 91' lang='lat' dir='ltr'><strong>quia</strong></span> <span class='ocrx_word' id='word_1_652' title='bbox 1989 4771 2124 4824; x_wconf 75' lang='lat' dir='ltr'><strong>pra:-</strong></span> 
     </span>
    </p>
   </div>
   <div class='ocr_carea' id='block_1_80' title="bbox 531 4841 2122 4915">
    <p class='ocr_par' dir='ltr' id='par_1_80' title="bbox 531 4841 2122 4915">
     <span class='ocr_line' id='line_1_80' title="bbox 531 4841 2122 4915; baseline 0.004 -20"><span class='ocrx_word' id='word_1_653' title='bbox 531 4851 752 4914; x_wconf 80' lang='lat' dir='ltr'><strong>cepcrat</strong></span> <span class='ocrx_word' id='word_1_654' title='bbox 777 4841 952 4898; x_wconf 86' lang='lat' dir='ltr'><strong>eidem</strong></span> <span class='ocrx_word' id='word_1_655' title='bbox 984 4843 1154 4915; x_wconf 81' lang='lat' dir='ltr'><strong>Moysi</strong></span> <span class='ocrx_word' id='word_1_656' title='bbox 1187 4843 1471 4910; x_wconf 92' lang='lat' dir='ltr'><strong>Dominus,</strong></span> <span class='ocrx_word' id='word_1_657' title='bbox 1503 4854 1562 4898; x_wconf 93' lang='lat' dir='ltr'><strong>ut</strong></span> <span class='ocrx_word' id='word_1_658' title='bbox 1587 4855 1813 4915; x_wconf 91' lang='lat' dir='ltr'><strong>poneret</strong></span> <span class='ocrx_word' id='word_1_659' title='bbox 1846 4846 2122 4912; x_wconf 80' lang='lat' dir='ltr'><strong>sacerdos,</strong></span> 
     </span>
    </p>
   </div>
   <div class='ocr_carea' id='block_1_81' title="bbox 529 4933 2122 5006">
    <p class='ocr_par' dir='ltr' id='par_1_81' title="bbox 529 4933 2122 5006">
     <span class='ocr_line' id='line_1_81' title="bbox 529 4933 2122 5006; baseline 0.006 -22"><span class='ocrx_word' id='word_1_660' title='bbox 529 4933 622 5002; x_wconf 89' lang='lat' dir='ltr'><strong>qui</strong></span> <span class='ocrx_word' id='word_1_661' title='bbox 655 4942 851 4988; x_wconf 92' lang='lat' dir='ltr'><strong>unctus</strong></span> <span class='ocrx_word' id='word_1_662' title='bbox 880 4946 997 4989; x_wconf 90' lang='lat' dir='ltr'><strong>erat</strong></span> <span class='ocrx_word' id='word_1_663' title='bbox 1023 4976 1036 4999; x_wconf 93' lang='lat'><strong>,</strong></span> <span class='ocrx_word' id='word_1_664' title='bbox 1083 4935 1150 4990; x_wconf 91' lang='lat' dir='ltr'><strong>de</strong></span> <span class='ocrx_word' id='word_1_665' title='bbox 1197 4936 1463 5005; x_wconf 85' lang='lat' dir='ltr'><strong>sanguine</strong></span> <span class='ocrx_word' id='word_1_666' title='bbox 1513 4935 1703 4990; x_wconf 77' lang='lat' dir='ltr'><strong>hostia:</strong></span> <span class='ocrx_word' id='word_1_667' title='bbox 1733 4950 1894 5006; x_wconf 88' lang='lat' dir='ltr'><strong>super</strong></span> <span class='ocrx_word' id='word_1_668' title='bbox 1919 4953 2122 4993; x_wconf 90' lang='lat' dir='ltr'><strong>cornua</strong></span> 
     </span>
    </p>
   </div>
   <div class='ocr_carea' id='block_1_82' title="bbox 533 5023 2124 5097">
    <p class='ocr_par' dir='ltr' id='par_1_82' title="bbox 533 5023 2124 5097">
     <span class='ocr_line' id='line_1_82' title="bbox 533 5023 2124 5097; baseline 0.005 -21"><span class='ocrx_word' id='word_1_669' title='bbox 533 5023 724 5079; x_wconf 88' lang='lat' dir='ltr'><strong>altaris</strong></span> <span class='ocrx_word' id='word_1_670' title='bbox 753 5023 1122 5095; x_wconf 69' lang='lat' dir='ltr'><strong>thymiamatis</strong></span> <span class='ocrx_word' id='word_1_671' title='bbox 1148 5027 1439 5096; x_wconf 89' lang='lat' dir='ltr'><strong>gratissimi</strong></span> <span class='ocrx_word' id='word_1_672' title='bbox 1473 5024 1722 5092; x_wconf 89' lang='lat' dir='ltr'><strong>Domino,</strong></span> <span class='ocrx_word' id='word_1_673' title='bbox 1749 5027 1892 5097; x_wconf 85' lang='lat' dir='ltr'><strong>quod</strong></span> <span class='ocrx_word' id='word_1_674' title='bbox 1923 5038 2040 5083; x_wconf 88' lang='lat' dir='ltr'><strong>erat</strong></span> <span class='ocrx_word' id='word_1_675' title='bbox 2072 5030 2124 5084; x_wconf 92' lang='lat' dir='ltr'><strong>in</strong></span> 
     </span>
    </p>
   </div>
   <div class='ocr_carea' id='block_1_83' title="bbox 2220 3278 2714 3352">
    <p class='ocr_par' dir='ltr' id='par_1_83' title="bbox 2220 3278 2714 3352">
     <span class='ocr_line' id='line_1_83' title="bbox 2220 3278 2714 3352; baseline -0.002 -18"><span class='ocrx_word' id='word_1_676' title='bbox 2220 3279 2413 3336; x_wconf 89' lang='lat' dir='ltr'><strong>altaris</strong></span> <span class='ocrx_word' id='word_1_677' title='bbox 2445 3278 2658 3352; x_wconf 87' lang='lat' dir='ltr'><strong>(Ibid.).</strong></span> <span class='ocrx_word' id='word_1_678' title='bbox 2696 3299 2714 3333; x_wconf 76' lang='grc' dir='ltr'><strong>ι</strong></span> 
     </span>
    </p>
   </div>
   <div class='ocr_carea' id='block_1_84' title="bbox 2782 3361 3254 3444">
    <p class='ocr_par' dir='ltr' id='par_1_84' title="bbox 2782 3361 3254 3444">
     <span class='ocr_line' id='line_1_84' title="bbox 2782 3361 3254 3444; baseline 0 -16"><span class='ocrx_word' id='word_1_679' title='bbox 2782 3373 2862 3428; x_wconf 84' lang='lat' dir='ltr'><strong>De</strong></span> <span class='ocrx_word' id='word_1_680' title='bbox 2895 3361 3254 3444; x_wconf 80' lang='lat' dir='ltr'><strong>thymiamate.</strong></span> 
     </span>
    </p>
   </div>
   <div class='ocr_carea' id='block_1_85' title="bbox 2292 3463 3813 3537">
    <p class='ocr_par' dir='ltr' id='par_1_85' title="bbox 2292 3463 3813 3537">
     <span class='ocr_line' id='line_1_85' title="bbox 2292 3463 3813 3537; baseline 0 -16"><span class='ocrx_word' id='word_1_681' title='bbox 2292 3463 2558 3532; x_wconf 90' lang='lat' dir='ltr'><strong>Quoniam</strong></span> <span class='ocrx_word' id='word_1_682' title='bbox 2606 3465 2674 3522; x_wconf 90' lang='lat' dir='ltr'><strong>de</strong></span> <span class='ocrx_word' id='word_1_683' title='bbox 2708 3481 2866 3522; x_wconf 87' lang='lat' dir='ltr'><strong>sacro</strong></span> <span class='ocrx_word' id='word_1_684' title='bbox 2901 3465 3062 3521; x_wconf 88' lang='lat' dir='ltr'><strong>altari</strong></span> <span class='ocrx_word' id='word_1_685' title='bbox 3113 3465 3334 3522; x_wconf 89' lang='lat' dir='ltr'><strong>verbum</strong></span> <span class='ocrx_word' id='word_1_686' title='bbox 3387 3464 3658 3520; x_wconf 83' lang='lat' dir='ltr'><strong>facientes</strong></span> <span class='ocrx_word' id='word_1_687' title='bbox 3693 3465 3813 3537; x_wconf 79' lang='lat' dir='ltr'><strong>thy-</strong></span> 
     </span>
    </p>
   </div>
   <div class='ocr_carea' id='block_1_86' title="bbox 2221 3556 3814 3630">
    <p class='ocr_par' dir='ltr' id='par_1_86' title="bbox 2221 3556 3814 3630">
     <span class='ocr_line' id='line_1_86' title="bbox 2221 3556 3814 3630; baseline -0.001 -16"><span class='ocrx_word' id='word_1_688' title='bbox 2221 3559 2496 3614; x_wconf 87' lang='lat' dir='ltr'><strong>miamatis</strong></span> <span class='ocrx_word' id='word_1_689' title='bbox 2538 3574 2754 3630; x_wconf 89' lang='lat' dir='ltr'><strong>quoque</strong></span> <span class='ocrx_word' id='word_1_690' title='bbox 2807 3569 2864 3617; x_wconf 86' lang='lat' dir='ltr'><strong>et</strong></span> <span class='ocrx_word' id='word_1_691' title='bbox 2925 3559 3135 3615; x_wconf 89' lang='lat' dir='ltr'><strong>incensi</strong></span> <span class='ocrx_word' id='word_1_692' title='bbox 3187 3559 3522 3614; x_wconf 87' lang='lat' dir='ltr'><strong>mentionem</strong></span> <span class='ocrx_word' id='word_1_693' title='bbox 3564 3556 3814 3621; x_wconf 85' lang='lat' dir='ltr'><strong>fecimus.</strong></span> 
     </span>
    </p>
   </div>
   <div class='ocr_carea' id='block_1_87' title="bbox 2221 3649 3814 3725">
    <p class='ocr_par' dir='ltr' id='par_1_87' title="bbox 2221 3649 3814 3725">
     <span class='ocr_line' id='line_1_87' title="bbox 2221 3649 3814 3725; baseline -0.001 -19"><span class='ocrx_word' id='word_1_694' title='bbox 2221 3664 2456 3720; x_wconf 88' lang='lat' dir='ltr'><strong>quorum</strong></span> <span class='ocrx_word' id='word_1_695' title='bbox 2486 3665 2644 3706; x_wconf 89' lang='lat' dir='ltr'><strong>usum</strong></span> <span class='ocrx_word' id='word_1_696' title='bbox 2671 3658 2726 3706; x_wconf 90' lang='lat' dir='ltr'><strong>et</strong></span> <span class='ocrx_word' id='word_1_697' title='bbox 2755 3650 2808 3725; x_wconf 88' lang='lat' dir='ltr'><strong>in</strong></span> <span class='ocrx_word' id='word_1_698' title='bbox 2853 3649 3005 3706; x_wconf 69' lang='lat' dir='ltr'><strong>caalis</strong></span> <span class='ocrx_word' id='word_1_699' title='bbox 3050 3649 3295 3720; x_wconf 87' lang='lat' dir='ltr'><strong>angelico</strong></span> <span class='ocrx_word' id='word_1_700' title='bbox 3323 3649 3651 3716; x_wconf 89' lang='lat' dir='ltr'><strong>ministerio,</strong></span> <span class='ocrx_word' id='word_1_701' title='bbox 3680 3659 3737 3706; x_wconf 92' lang='lat' dir='ltr'><strong>et</strong></span> <span class='ocrx_word' id='word_1_702' title='bbox 3764 3649 3814 3704; x_wconf 89' lang='lat' dir='ltr'><strong>in</strong></span> 
     </span>
    </p>
   </div>
   <div class='ocr_carea' id='block_1_88' title="bbox 2223 3740 3816 3813">
    <p class='ocr_par' dir='ltr' id='par_1_88' title="bbox 2223 3740 3816 3813">
     <span class='ocr_line' id='line_1_88' title="bbox 2223 3740 3816 3813; baseline -0.002 -15"><span class='ocrx_word' id='word_1_703' title='bbox 2223 3743 2388 3811; x_wconf 74' lang='lat' dir='ltr'><strong>terris</strong></span> <span class='ocrx_word' id='word_1_704' title='bbox 2421 3757 2518 3813; x_wconf 88' lang='lat' dir='ltr'><strong>per</strong></span> <span class='ocrx_word' id='word_1_705' title='bbox 2551 3743 2806 3812; x_wconf 86' lang='lat' dir='ltr'><strong>antiquos</strong></span> <span class='ocrx_word' id='word_1_706' title='bbox 2843 3749 2899 3796; x_wconf 89' lang='lat' dir='ltr'><strong>et</strong></span> <span class='ocrx_word' id='word_1_707' title='bbox 2942 3757 3110 3797; x_wconf 88' lang='lat' dir='ltr'><strong>novos</strong></span> <span class='ocrx_word' id='word_1_708' title='bbox 3138 3740 3329 3797; x_wconf 90' lang='lat' dir='ltr'><strong>Patres</strong></span> <span class='ocrx_word' id='word_1_709' title='bbox 3359 3741 3646 3797; x_wconf 81' lang='lat' dir='ltr'><strong>observari</strong></span> <span class='ocrx_word' id='word_1_710' title='bbox 3687 3740 3816 3812; x_wconf 85' lang='lat' dir='ltr'><strong>legi-</strong></span> 
     </span>
    </p>
   </div>
   <div class='ocr_carea' id='block_1_89' title="bbox 2224 3832 3814 3901">
    <p class='ocr_par' dir='ltr' id='par_1_89' title="bbox 2224 3832 3814 3901">
     <span class='ocr_line' id='line_1_89' title="bbox 2224 3832 3814 3901; baseline -0.002 -10"><span class='ocrx_word' id='word_1_711' title='bbox 2224 3851 2370 3901; x_wconf 86' lang='lat' dir='ltr'><strong>mus,</strong></span> <span class='ocrx_word' id='word_1_712' title='bbox 2403 3834 2564 3891; x_wconf 88' lang='lat' dir='ltr'><strong>talem</strong></span> <span class='ocrx_word' id='word_1_713' title='bbox 2591 3849 2658 3890; x_wconf 79' lang='lat' dir='ltr'><strong>ex</strong></span> <span class='ocrx_word' id='word_1_714' title='bbox 2690 3835 2792 3889; x_wconf 89' lang='lat' dir='ltr'><strong>hoc</strong></span> <span class='ocrx_word' id='word_1_715' title='bbox 2820 3834 3016 3890; x_wconf 72' lang='lat' dir='ltr'><strong>divina:</strong></span> <span class='ocrx_word' id='word_1_716' title='bbox 3047 3832 3401 3888; x_wconf 86' lang='lat' dir='ltr'><strong>institutionis</strong></span> <span class='ocrx_word' id='word_1_717' title='bbox 3434 3833 3814 3888; x_wconf 84' lang='lat' dir='ltr'><strong>auctoritatem</strong></span> 
     </span>
    </p>
   </div>
   <div class='ocr_carea' id='block_1_90' title="bbox 2223 3921 3816 3994">
    <p class='ocr_par' dir='ltr' id='par_1_90' title="bbox 2223 3921 3816 3994">
     <span class='ocr_line' id='line_1_90' title="bbox 2223 3921 3816 3994; baseline -0.003 -13"><span class='ocrx_word' id='word_1_718' title='bbox 2223 3925 2508 3982; x_wconf 85' lang='lat' dir='ltr'><strong>habemus.</strong></span> <span class='ocrx_word' id='word_1_719' title='bbox 2545 3924 2715 3981; x_wconf 86' lang='lat' dir='ltr'><strong>Porro</strong></span> <span class='ocrx_word' id='word_1_720' title='bbox 2746 3925 2890 3980; x_wconf 89' lang='lat' dir='ltr'><strong>inter</strong></span> <span class='ocrx_word' id='word_1_721' title='bbox 2917 3934 3136 3990; x_wconf 84' lang='lat' dir='ltr'><strong>caetera,</strong></span> <span class='ocrx_word' id='word_1_722' title='bbox 3163 3939 3284 3994; x_wconf 81' lang='lat' dir='ltr'><strong>qua:</strong></span> <span class='ocrx_word' id='word_1_723' title='bbox 3310 3922 3375 3977; x_wconf 89' lang='lat' dir='ltr'><strong>ad</strong></span> <span class='ocrx_word' id='word_1_724' title='bbox 3404 3921 3615 3978; x_wconf 90' lang='lat' dir='ltr'><strong>cultum</strong></span> <span class='ocrx_word' id='word_1_725' title='bbox 3646 3923 3816 3979; x_wconf 84' lang='lat' dir='ltr'><strong>taber-</strong></span> 
     </span>
    </p>
   </div>
   <div class='ocr_carea' id='block_1_91' title="bbox 2223 4014 3815 4085">
    <p class='ocr_par' dir='ltr' id='par_1_91' title="bbox 2223 4014 3815 4085">
     <span class='ocr_line' id='line_1_91' title="bbox 2223 4014 3815 4085; baseline -0.003 -14"><span class='ocrx_word' id='word_1_726' title='bbox 2223 4015 2401 4072; x_wconf 86' lang='lat' dir='ltr'><strong>naculi</strong></span> <span class='ocrx_word' id='word_1_727' title='bbox 2445 4015 2692 4072; x_wconf 89' lang='lat' dir='ltr'><strong>facienda</strong></span> <span class='ocrx_word' id='word_1_728' title='bbox 2743 4015 3005 4070; x_wconf 91' lang='lat' dir='ltr'><strong>Dominus</strong></span> <span class='ocrx_word' id='word_1_729' title='bbox 3045 4014 3424 4074; x_wconf 80' lang='lat' dir='ltr'><strong>constituerat.</strong></span> <span class='ocrx_word' id='word_1_730' title='bbox 3457 4014 3577 4069; x_wconf 68' lang='lat' dir='ltr'><strong>lucc</strong></span> <span class='ocrx_word' id='word_1_731' title='bbox 3603 4028 3815 4085; x_wconf 90' lang='lat' dir='ltr'><strong>quoque</strong></span> 
     </span>
    </p>
   </div>
   <div class='ocr_carea' id='block_1_92' title="bbox 2216 4106 3811 4186">
    <p class='ocr_par' dir='ltr' id='par_1_92' title="bbox 2216 4106 3811 4186">
     <span class='ocr_line' id='line_1_92' title="bbox 2216 4106 3811 4186; baseline -0.003 -23"><span class='ocrx_word' id='word_1_732' title='bbox 2216 4108 2380 4179; x_wconf 89' lang='lat' dir='ltr'><strong>jussit</strong></span> <span class='ocrx_word' id='word_1_733' title='bbox 2413 4109 2603 4186; x_wconf 84' lang='lat' dir='ltr'><strong>Moysi,</strong></span> <span class='ocrx_word' id='word_1_734' title='bbox 2634 4109 2823 4164; x_wconf 89' lang='lat' dir='ltr'><strong>dicens</strong></span> <span class='ocrx_word' id='word_1_735' title='bbox 2853 4126 2867 4163; x_wconf 90' lang='lat'><strong>:</strong></span> <span class='ocrx_word' id='word_1_736' title='bbox 2905 4126 2924 4160; x_wconf 77' lang='grc' dir='ltr'><strong>ι</strong></span> <span class='ocrx_word' id='word_1_737' title='bbox 2960 4108 3152 4162; x_wconf 83' lang='lat' dir='ltr'><strong>Facies</strong></span> <span class='ocrx_word' id='word_1_738' title='bbox 3185 4106 3316 4161; x_wconf 90' lang='lat' dir='ltr'><strong>mihi</strong></span> <span class='ocrx_word' id='word_1_739' title='bbox 3353 4106 3529 4162; x_wconf 87' lang='lat' dir='ltr'><strong>altare</strong></span> <span class='ocrx_word' id='word_1_740' title='bbox 3568 4108 3640 4161; x_wconf 85' lang='lat' dir='ltr'><strong>ad</strong></span> <span class='ocrx_word' id='word_1_741' title='bbox 3685 4106 3811 4160; x_wconf 83' lang='lat' dir='ltr'><strong>ado-</strong></span> 
     </span>
    </p>
   </div>
   <div class='ocr_carea' id='block_1_93' title="bbox 2225 4198 3810 4274">
    <p class='ocr_par' dir='ltr' id='par_1_93' title="bbox 2225 4198 3810 4274">
     <span class='ocr_line' id='line_1_93' title="bbox 2225 4198 3810 4274; baseline -0.006 -17"><span class='ocrx_word' id='word_1_742' title='bbox 2225 4201 2442 4257; x_wconf 89' lang='lat' dir='ltr'><strong>lendum</strong></span> <span class='ocrx_word' id='word_1_743' title='bbox 2484 4201 2784 4274; x_wconf 88' lang='lat' dir='ltr'><strong>thymiama</strong></span> <span class='ocrx_word' id='word_1_744' title='bbox 2831 4199 2898 4256; x_wconf 90' lang='lat' dir='ltr'><strong>de</strong></span> <span class='ocrx_word' id='word_1_745' title='bbox 2935 4199 3094 4270; x_wconf 85' lang='lat' dir='ltr'><strong>lignis</strong></span> <span class='ocrx_word' id='word_1_746' title='bbox 3130 4198 3288 4254; x_wconf 89' lang='lat' dir='ltr'><strong>setim</strong></span> <span class='ocrx_word' id='word_1_747' title='bbox 3335 4198 3548 4267; x_wconf 74' lang='lat' dir='ltr'><strong>(Exod.</strong></span> <span class='ocrx_word' id='word_1_748' title='bbox 3593 4198 3755 4266; x_wconf 79' lang='lat' dir='ltr'><strong>xxx).</strong></span> <span class='ocrx_word' id='word_1_749' title='bbox 3789 4216 3810 4248; x_wconf 77' lang='grc' dir='ltr'><strong>ι</strong></span> 
     </span>
    </p>
   </div>
   <div class='ocr_carea' id='block_1_94' title="bbox 2224 4286 3814 4358">
    <p class='ocr_par' dir='ltr' id='par_1_94' title="bbox 2224 4286 3814 4358">
     <span class='ocr_line' id='line_1_94' title="bbox 2224 4286 3814 4358; baseline -0.003 -12"><span class='ocrx_word' id='word_1_750' title='bbox 2224 4291 2293 4346; x_wconf 86' lang='grc' dir='ltr'>Ει</span> <span class='ocrx_word' id='word_1_751' title='bbox 2318 4291 2512 4346; x_wconf 90' lang='lat' dir='ltr'><strong>iterum</strong></span> <span class='ocrx_word' id='word_1_752' title='bbox 2549 4308 2561 4342; x_wconf 92' lang='lat'><strong>:</strong></span> <span class='ocrx_word' id='word_1_753' title='bbox 2601 4308 2620 4342; x_wconf 79' lang='grc' dir='ltr'><strong>ι</strong></span> <span class='ocrx_word' id='word_1_754' title='bbox 2657 4289 2835 4345; x_wconf 88' lang='lat' dir='ltr'><strong>Pones</strong></span> <span class='ocrx_word' id='word_1_755' title='bbox 2872 4289 3043 4344; x_wconf 88' lang='lat' dir='ltr'><strong>altare</strong></span> <span class='ocrx_word' id='word_1_756' title='bbox 3072 4297 3263 4344; x_wconf 90' lang='lat' dir='ltr'><strong>contra</strong></span> <span class='ocrx_word' id='word_1_757' title='bbox 3290 4286 3468 4342; x_wconf 88' lang='lat' dir='ltr'><strong>velum</strong></span> <span class='ocrx_word' id='word_1_758' title='bbox 3516 4287 3663 4358; x_wconf 89' lang='lat' dir='ltr'><strong>quod</strong></span> <span class='ocrx_word' id='word_1_759' title='bbox 3695 4296 3814 4341; x_wconf 84' lang='lat' dir='ltr'><strong>ante</strong></span> 
     </span>
    </p>
   </div>
   <div class='ocr_carea' id='block_1_95' title="bbox 2226 4375 3814 4452">
    <p class='ocr_par' dir='ltr' id='par_1_95' title="bbox 2226 4375 3814 4452">
     <span class='ocr_line' id='line_1_95' title="bbox 2226 4375 3814 4452; baseline -0.003 -16"><span class='ocrx_word' id='word_1_760' title='bbox 2226 4397 2411 4438; x_wconf 90' lang='lat' dir='ltr'><strong>arcam</strong></span> <span class='ocrx_word' id='word_1_761' title='bbox 2454 4379 2653 4452; x_wconf 88' lang='lat' dir='ltr'><strong>pendet</strong></span> <span class='ocrx_word' id='word_1_762' title='bbox 2699 4395 2882 4436; x_wconf 90' lang='lat' dir='ltr'><strong>coram</strong></span> <span class='ocrx_word' id='word_1_763' title='bbox 2921 4375 3318 4450; x_wconf 89' lang='lat' dir='ltr'><strong>pr0pitiatorio,</strong></span> <span class='ocrx_word' id='word_1_764' title='bbox 3347 4376 3438 4433; x_wconf 92' lang='lat' dir='ltr'><strong>ubi</strong></span> <span class='ocrx_word' id='word_1_765' title='bbox 3470 4377 3670 4448; x_wconf 89' lang='lat' dir='ltr'><strong>loquar</strong></span> <span class='ocrx_word' id='word_1_766' title='bbox 3700 4379 3814 4443; x_wconf 85' lang='lat' dir='ltr'><strong>tibi,</strong></span> 
     </span>
    </p>
   </div>
   <div class='ocr_carea' id='block_1_96' title="bbox 2227 4469 3812 4542">
    <p class='ocr_par' dir='ltr' id='par_1_96' title="bbox 2227 4469 3812 4542">
     <span class='ocr_line' id='line_1_96' title="bbox 2227 4469 3812 4542; baseline -0.003 -13"><span class='ocrx_word' id='word_1_767' title='bbox 2227 4483 2281 4530; x_wconf 91' lang='lat' dir='ltr'><strong>et</strong></span> <span class='ocrx_word' id='word_1_768' title='bbox 2304 4472 2539 4529; x_wconf 88' lang='lat' dir='ltr'><strong>adolebit</strong></span> <span class='ocrx_word' id='word_1_769' title='bbox 2568 4472 2848 4527; x_wconf 88' lang='lat' dir='ltr'><strong>incensum</strong></span> <span class='ocrx_word' id='word_1_770' title='bbox 2871 4473 3044 4541; x_wconf 85' lang='lat' dir='ltr'><strong>super</strong></span> <span class='ocrx_word' id='word_1_771' title='bbox 3063 4486 3126 4526; x_wconf 91' lang='lat' dir='ltr'><strong>eo</strong></span> <span class='ocrx_word' id='word_1_772' title='bbox 3149 4470 3354 4534; x_wconf 88' lang='lat' dir='ltr'><strong>Aaron,</strong></span> <span class='ocrx_word' id='word_1_773' title='bbox 3383 4484 3555 4525; x_wconf 89' lang='lat' dir='ltr'><strong>suave</strong></span> <span class='ocrx_word' id='word_1_774' title='bbox 3583 4469 3812 4542; x_wconf 81' lang='lat' dir='ltr'><strong>ﬂagrans</strong></span> 
     </span>
    </p>
   </div>
   <div class='ocr_carea' id='block_1_97' title="bbox 2229 4552 3815 4635">
    <p class='ocr_par' dir='ltr' id='par_1_97' title="bbox 2229 4552 3815 4635">
     <span class='ocr_line' id='line_1_97' title="bbox 2229 4552 3815 4635; baseline -0.001 -13"><span class='ocrx_word' id='word_1_775' title='bbox 2229 4582 2410 4622; x_wconf 88' lang='lat' dir='ltr'><strong>mane.</strong></span> <span class='ocrx_word' id='word_1_776' title='bbox 2443 4552 2672 4634; x_wconf 89' lang='lat' dir='ltr'><strong>Quando</strong></span> <span class='ocrx_word' id='word_1_777' title='bbox 2701 4574 2986 4635; x_wconf 88' lang='lat' dir='ltr'><strong>componet</strong></span> <span class='ocrx_word' id='word_1_778' title='bbox 3009 4564 3280 4631; x_wconf 88' lang='lat' dir='ltr'><strong>lucernas,</strong></span> <span class='ocrx_word' id='word_1_779' title='bbox 3311 4564 3568 4620; x_wconf 87' lang='lat' dir='ltr'><strong>incendet</strong></span> <span class='ocrx_word' id='word_1_780' title='bbox 3593 4565 3742 4632; x_wconf 90' lang='lat' dir='ltr'><strong>illud,</strong></span> <span class='ocrx_word' id='word_1_781' title='bbox 3764 4575 3815 4620; x_wconf 82' lang='lat' dir='ltr'><strong>et</strong></span> 
     </span>
    </p>
   </div>
   <div class='ocr_carea' id='block_1_98' title="bbox 2228 4656 3814 4728">
    <p class='ocr_par' dir='ltr' id='par_1_98' title="bbox 2228 4656 3814 4728">
     <span class='ocr_line' id='line_1_98' title="bbox 2228 4656 3814 4728; baseline -0.001 -16"><span class='ocrx_word' id='word_1_782' title='bbox 2228 4657 2446 4728; x_wconf 91' lang='lat' dir='ltr'><strong>quando</strong></span> <span class='ocrx_word' id='word_1_783' title='bbox 2475 4656 2704 4713; x_wconf 88' lang='lat' dir='ltr'><strong>collocat</strong></span> <span class='ocrx_word' id='word_1_784' title='bbox 2733 4671 2827 4712; x_wconf 91' lang='lat' dir='ltr'><strong>cas</strong></span> <span class='ocrx_word' id='word_1_785' title='bbox 2867 4656 2932 4711; x_wconf 90' lang='lat' dir='ltr'><strong>ad</strong></span> <span class='ocrx_word' id='word_1_786' title='bbox 2983 4671 3266 4727; x_wconf 89' lang='lat' dir='ltr'><strong>vesperum</strong></span> <span class='ocrx_word' id='word_1_787' title='bbox 3290 4696 3306 4721; x_wconf 89' lang='lat'><strong>,</strong></span> <span class='ocrx_word' id='word_1_788' title='bbox 3355 4664 3478 4712; x_wconf 90' lang='lat' dir='ltr'><strong>uret</strong></span> <span class='ocrx_word' id='word_1_789' title='bbox 3520 4657 3814 4728; x_wconf 84' lang='lat' dir='ltr'><strong>thymiama</strong></span> 
     </span>
    </p>
   </div>
   <div class='ocr_carea' id='block_1_99' title="bbox 2229 4737 3814 4829">
    <p class='ocr_par' dir='ltr' id='par_1_99' title="bbox 2229 4737 3814 4829">
     <span class='ocr_line' id='line_1_99' title="bbox 2229 4737 3814 4829; baseline -0.003 -21"><span class='ocrx_word' id='word_1_790' title='bbox 2229 4752 2624 4822; x_wconf 90' lang='lat' dir='ltr'><strong>sempiternum</strong></span> <span class='ocrx_word' id='word_1_791' title='bbox 2656 4750 2886 4807; x_wconf 88' lang='lat' dir='ltr'><strong>Domino</strong></span> <span class='ocrx_word' id='word_1_792' title='bbox 2926 4750 3138 4822; x_wconf 83' lang='lat' dir='ltr'><strong>(Ibid.).</strong></span> <span class='ocrx_word' id='word_1_793' title='bbox 3161 4737 3188 4802; x_wconf 57' lang='grc' dir='ltr'><strong>ἰ</strong></span> <span class='ocrx_word' id='word_1_794' title='bbox 3231 4751 3434 4808; x_wconf 90' lang='lat' dir='ltr'><strong>Dehinc</strong></span> <span class='ocrx_word' id='word_1_795' title='bbox 3461 4751 3516 4806; x_wconf 91' lang='lat' dir='ltr'><strong>in</strong></span> <span class='ocrx_word' id='word_1_796' title='bbox 3545 4750 3814 4829; x_wconf 85' lang='lat' dir='ltr'><strong>sequenti-</strong></span> 
     </span>
    </p>
   </div>
   <div class='ocr_carea' id='block_1_100' title="bbox 2227 4843 3810 4918">
    <p class='ocr_par' dir='ltr' id='par_1_100' title="bbox 2227 4843 3810 4918">
     <span class='ocr_line' id='line_1_100' title="bbox 2227 4843 3810 4918; baseline -0.003 -20"><span class='ocrx_word' id='word_1_797' title='bbox 2227 4844 2330 4901; x_wconf 89' lang='lat' dir='ltr'><strong>bus</strong></span> <span class='ocrx_word' id='word_1_798' title='bbox 2353 4845 2429 4900; x_wconf 92' lang='lat' dir='ltr'><strong>ait</strong></span> <span class='ocrx_word' id='word_1_799' title='bbox 2457 4862 2470 4898; x_wconf 91' lang='lat'><strong>:</strong></span> <span class='ocrx_word' id='word_1_800' title='bbox 2512 4863 2532 4896; x_wconf 77' lang='grc' dir='ltr'><strong>ι</strong></span> <span class='ocrx_word' id='word_1_801' title='bbox 2561 4843 2728 4918; x_wconf 88' lang='lat' dir='ltr'><strong>Sume</strong></span> <span class='ocrx_word' id='word_1_802' title='bbox 2758 4843 2851 4898; x_wconf 92' lang='lat' dir='ltr'><strong>tibi</strong></span> <span class='ocrx_word' id='word_1_803' title='bbox 2881 4851 3147 4908; x_wconf 86' lang='lat' dir='ltr'><strong>aromata,</strong></span> <span class='ocrx_word' id='word_1_804' title='bbox 3177 4851 3231 4896; x_wconf 93' lang='lat' dir='ltr'><strong>et</strong></span> <span class='ocrx_word' id='word_1_805' title='bbox 3258 4851 3472 4898; x_wconf 85' lang='lat' dir='ltr'><strong>stacten</strong></span> <span class='ocrx_word' id='word_1_806' title='bbox 3498 4851 3554 4897; x_wconf 91' lang='lat' dir='ltr'><strong>et</strong></span> <span class='ocrx_word' id='word_1_807' title='bbox 3584 4843 3810 4914; x_wconf 84' lang='lat' dir='ltr'><strong>onycha,</strong></span> 
     </span>
    </p>
   </div>
   <div class='ocr_carea' id='block_1_101' title="bbox 2228 4920 3808 5014">
    <p class='ocr_par' dir='ltr' id='par_1_101' title="bbox 2228 4920 3808 5014">
     <span class='ocr_line' id='line_1_101' title="bbox 2228 4920 3808 5014; baseline -0.002 -24"><span class='ocrx_word' id='word_1_808' title='bbox 2228 4936 2517 5008; x_wconf 86' lang='lat' dir='ltr'><strong>galbanum</strong></span> <span class='ocrx_word' id='word_1_809' title='bbox 2539 4950 2754 5007; x_wconf 91' lang='lat' dir='ltr'><strong>quoque</strong></span> <span class='ocrx_word' id='word_1_810' title='bbox 2774 4934 2902 4991; x_wconf 90' lang='lat' dir='ltr'><strong>boni</strong></span> <span class='ocrx_word' id='word_1_811' title='bbox 2928 4933 3135 5000; x_wconf 88' lang='lat' dir='ltr'><strong>odoris,</strong></span> <span class='ocrx_word' id='word_1_812' title='bbox 3165 4945 3222 5014; x_wconf 83' lang='lat' dir='ltr'><strong>et</strong></span> <span class='ocrx_word' id='word_1_813' title='bbox 3246 4920 3370 4991; x_wconf 84' lang='lat' dir='ltr'><strong>thus</strong></span> <span class='ocrx_word' id='word_1_814' title='bbox 3400 4933 3808 5012; x_wconf 88' lang='lat' dir='ltr'><strong>lucidissimum,</strong></span> 
     </span>
    </p>
   </div>
   <div class='ocr_carea' id='block_1_102' title="bbox 2230 5026 3810 5105">
    <p class='ocr_par' dir='ltr' id='par_1_102' title="bbox 2230 5026 3810 5105">
     <span class='ocr_line' id='line_1_102' title="bbox 2230 5026 3810 5105; baseline -0.002 -23"><span class='ocrx_word' id='word_1_815' title='bbox 2230 5028 2507 5099; x_wconf 86' lang='lat' dir='ltr'><strong>faciesque</strong></span> <span class='ocrx_word' id='word_1_816' title='bbox 2532 5030 2826 5102; x_wconf 88' lang='lat' dir='ltr'><strong>thymiama</strong></span> <span class='ocrx_word' id='word_1_817' title='bbox 2877 5028 3228 5100; x_wconf 78' lang='lat' dir='ltr'><strong>compositum</strong></span> <span class='ocrx_word' id='word_1_818' title='bbox 3279 5028 3446 5098; x_wconf 80' lang='lat' dir='ltr'><strong>opere</strong></span> <span class='ocrx_word' id='word_1_819' title='bbox 3474 5026 3810 5105; x_wconf 78' lang='lat' dir='ltr'><strong>unguentarii</strong></span> 
     </span>
    </p>
   </div>
  </div>
