4024 5370
217 254 357 312 1289

1326 261 1505 319 ACTA
1546 260 1793 322 SYNODI
1829 260 2172 323 ATREBAT.

3347 254 3486 318 1290

220 386 239 420 ε
267 366 467 423 Factus
495 375 577 424 est
608 368 817 441 primus
849 371 1014 427 homo
1043 368 1213 427 Adam
1247 372 1300 429 in
1334 376 1571 431 animam
1603 379 1791 434 viven-
1820 385 1869 441 Α
1969 376 2138 431 Porro
2165 376 2216 429 in
2249 374 2414 429 veteri
2462 379 2787 428 testamento
2815 369 2996 427 Aaron
3022 388 3050 426 a
3076 369 3259 442 Moyse
3287 354 3485 427 unctus

213 470 326 514 tem
373 457 425 529 (I
472 452 595 514 Cor.
644 459 768 530 xv).
803 480 821 514 ι
883 460 1023 530 Quid
1069 464 1271 535 igitur?
1328 463 1579 536 Nunquid
1631 467 1797 524 Vetus

213 549 622 606 Testamentum
698 554 1019 623 reprobasse
1086 555 1347 613 dicendus
1405 567 1491 614 est
1519 600 1535 624 ,
1594 561 1685 629 qui
1743 562 1799 616 in

209 636 451 711 Epistola
497 641 567 699 ad
613 640 870 701 Bebraos
919 646 990 701 ita
1039 644 1228 704 scribit
1264 665 1278 703 :
1314 667 1333 701 ι
1369 649 1798 707 Tabernaculum

208 732 414 790 factum
463 742 548 791 est
588 735 847 805 primum,
882 739 935 794 in
981 754 1091 810 quo
1124 750 1282 795 erant
1328 739 1653 797 candelabra
1679 785 1693 808 ,
1744 751 1803 800 et

158 830 161 839 ’
206 837 422 889 mensa,
453 831 509 879 et
537 824 837 895 propositio
881 840 1105 897 panum,
1135 828 1279 898 quod
1317 826 1518 886 dicitur
1564 840 1795 898 sancta;

204 927 332 985 post
374 911 740 970 velamentum
785 924 967 971 autem
1016 919 1315 976 secundum
1367 920 1797 988 tabernaculum,

206 1004 352 1077 quod
364 1005 562 1061 dicitur
583 1001 787 1063 Sancta
803 1018 1136 1077 sanctorum,
1152 1022 1376 1067 aureum
1389 1008 1593 1069 habens
1617 1015 1793 1070 thuri-

213 1096 474 1164 ribulum,
515 1106 572 1155 et
604 1114 789 1155 arcam
835 1101 1150 1158 testamenti
1200 1103 1609 1160 circumtectam
1651 1106 1800 1163 omni

202 1201 274 1243 ex
309 1196 466 1260 parte
504 1202 640 1243 auro
679 1187 869 1257 (Hebr.
913 1188 999 1260 9),
1038 1210 1057 1243 ι
1110 1199 1167 1248 et
1212 1202 1445 1259 catera,
1476 1208 1597 1265 qua
1625 1195 1678 1249 iu
1707 1209 1801 1251 ea-

204 1278 334 1337 dem
384 1278 625 1350 Epistola
679 1279 747 1335 de
797 1276 983 1337 Veteri
1035 1278 1385 1340 Testamento
1430 1284 1796 1356 prosequitur.

276 1368 448 1441 Igitur
477 1385 576 1426 nos
602 1379 916 1428 sanctorum
948 1381 1165 1443 patrum
1200 1375 1455 1446 exempla
1492 1388 1797 1443 servantes,

202 1456 435 1530 plurima
466 1459 655 1516 abillo
700 1461 903 1517 veteris
945 1458 1308 1520 observantia:
1355 1465 1502 1521 cultu
1550 1466 1604 1520 in
1642 1467 1803 1521 mini-

202 1548 429 1605 sterium
479 1547 615 1606 Novi
673 1549 1008 1607 Testamenti
1064 1568 1163 1622 per
1208 1553 1491 1612 ministros
1542 1555 1801 1612 Ecclesia

203 1639 508 1706 tractanda,
536 1641 763 1711 apostoli
794 1649 850 1697 et
881 1658 1071 1698 eorum
1101 1659 1450 1701 successores
1506 1647 1802 1703 transtule-

1900 474 2006 528 est,
2038 474 2095 519 et
2121 464 2215 518 filii
2238 461 2374 531 ejus,
2392 463 2497 533 .qui
2531 462 2583 515 in
2622 460 2972 516 tabernaculo
3000 459 3091 515 Dei
3126 459 3488 516 ministraturi

1898 552 2133 618 fuerant,
2158 552 2299 607 sicut
2321 551 2583 606 Dominus
2628 550 2842 606 locutus
2882 559 2964 605 est
2994 550 3062 606 ad
3112 549 3330 620 Moysen
3360 591 3375 614 ,
3408 550 3488 607 di-

1899 654 2077 697 cens:
2114 661 2134 694 t
2168 642 2368 711 Accipe
2393 643 2575 696 Aaron
2624 650 2681 695 et
2708 640 2849 695 filios
2890 641 3008 710 ejus
3033 679 3049 704 ,
3092 648 3151 695 et
3190 640 3489 711 applicabis

1900 731 1969 787 ad
2002 733 2203 789 ostium
2257 730 2591 786 tabernaculi
2635 730 2930 787 testimonii
2961 746 2975 795 ;
3020 743 3252 799 cumque
3288 729 3488 784 laveris

1898 830 2108 894 patrem
2129 838 2253 879 cum
2302 821 2426 877 filiis
2454 836 2594 892 aqua
2620 858 2639 888 ,
2688 820 2882 876 indues
2929 821 3109 875 Aaron
3149 819 3491 876 vestimentis

1899 913 2054 979 suis,
2100 923 2157 968 et
2197 912 2376 969 oleum
2418 911 2691 967 unctionis
2725 910 2919 967 fundes
2965 924 3130 982 super
3174 918 3337 980 caput
3371 907 3491 979 ejus

1901 1002 2255 1075 (Exodarx).
2285 1022 2305 1056 ι
2333 1002 2401 1057 Ει
2421 1003 2617 1058 iterum
2644 1015 2657 1055 :
2695 1019 2716 1054 ι
2746 1000 3018 1068 Pontifex,
3046 1001 3102 1057 id
3122 1010 3209 1058 est
3230 1000 3491 1060 sacerdos

1902 1108 2178 1151 maxrmus
2202 1095 2350 1151 inter
2369 1094 2573 1151 fratres
2598 1108 2763 1161 suos,
2802 1109 2965 1166 super
3014 1092 3171 1164 cujus
3214 1103 3378 1164 caput
3403 1091 3483 1147 fu-

1902 1199 2022 1242 sum
2058 1193 2143 1241 est
2172 1185 2449 1242 unctionis
2474 1184 2676 1250 oleum,
2707 1194 2764 1241 et
2784 1184 2943 1255 cujus
2987 1200 3183 1241 manus
3212 1183 3269 1240 in
3299 1198 3490 1272 sacer-
3539 1224 3552 1258 ί

1903 1275 2053 1332 dotio
2097 1284 2432 1331 consecrata
2457 1283 2606 1341 sunt,
2633 1275 2968 1345 vestitusque
2988 1282 3073 1332 est
3095 1274 3303 1331 sanctis
3320 1274 3492 1330 vesti-
3555 1273 3558 1276 ’

1902 1366 2026 1431 bus,
2056 1374 2219 1436 caput
2247 1382 2404 1421 suum
2435 1381 2546 1422 non
2575 1366 2727 1422 disco
2752 1366 2961 1436 operiet
2985 1406 3003 1433 ,
3025 1365 3349 1422 vestimenta
3375 1379 3490 1420 non

1902 1456 2145 1521 scindet,
2187 1465 2244 1513 et
2288 1456 2359 1511 ad
2411 1469 2628 1511 omnem
2669 1464 2945 1510 mortuum
2999 1470 3108 1512 non
3155 1454 3491 1526 ingredietur

1902 1548 2146 1605 omnino.
2176 1547 2289 1604 Sub
2322 1556 2480 1619 patre
2503 1562 2721 1618 quoque
2771 1561 2872 1603 suo
2918 1554 2975 1603 et
3007 1554 3183 1601 matre
3222 1561 3330 1602 non
3358 1558 3491 1600 con-

1904 1640 2287 1707 taminabitur,
2316 1654 2420 1695 nec
2453 1639 2767 1708 egredietur
2791 1638 2859 1694 de
2880 1637 3085 1694 sanctis
3111 1678 3127 1705 ,
3168 1652 3239 1693 ne
3282 1635 3493 1707 polluat

202 1741 349 1796 runt,
402 1739 461 1786 ut
507 1740 591 1788 est
641 1731 759 1788 hac
801 1733 941 1804 ipsa,
984 1734 1052 1789 de
1088 1750 1195 1804 qua
1247 1735 1393 1806 loqui
1448 1737 1791 1808 incapimus,
1826 1722 1870 1783 Β
1901 1732 2277 1788 sanctuarium
2307 1731 2429 1798 Dei,
2455 1731 2583 1800 quia
2609 1731 2793 1787 oleum
2839 1740 3045 1786 sancta
3088 1729 3364 1785 unctionis
3391 1728 3493 1785 Dei

200 1823 342 1881 sacri
368 1823 679 1879 chrismatis
700 1833 865 1894 atque
891 1825 993 1881 olei
1026 1827 1210 1883 unctio
1232 1869 1247 1894 ,
1280 1832 1346 1884 de
1382 1843 1487 1899 qua
1536 1828 1665 1885 olim
1699 1846 1789 1886 sa-

200 1914 452 1971 cerdotes
505 1922 561 1971 et
614 1929 771 1988 reges
795 1957 821 1990 ,ι
851 1915 1076 1987 jubente
1123 1918 1349 1976 Domino
1374 1960 1389 1985 ,
1430 1923 1787 1993 ungebantur.

202 1998 335 2057 Nam
367 2004 420 2058 in
442 2004 630 2060 Exodo
653 2005 919 2076 scriptum
941 2017 1026 2064 est
1045 2018 1100 2064 ut
1130 2009 1311 2081 populi
1333 2008 1567 2068 oﬂerant
1586 2012 1787 2082 oleum,

198 2094 416 2150 dicente
443 2094 715 2152 Domino:
753 2117 771 2149 ι
806 2098 1047 2170 Pracipe
1088 2099 1214 2157 filiis
1264 2101 1434 2157 Israel
1465 2113 1524 2157 ut
1562 2099 1791 2162 oll‘erant

198 2184 479 2259 [afferant]
512 2187 605 2243 tibi
636 2188 813 2244 oleum
845 2191 912 2246 de
940 2191 1227 2248 arboribus
1269 2193 1532 2249 olivarum
1562 2196 1790 2266 purissi-

200 2293 348 2333 mum
396 2276 592 2349 (Exod.
640 2280 833 2343 xxvn).
872 2301 891 2334 ι
939 2280 1100 2349 Nam,
1149 2292 1211 2339 ut
1250 2284 1488 2339 Isidorus
1526 2283 1790 2350 ait,Olea

201 2369 318 2440 ipsa
367 2369 528 2425 arbor
570 2380 674 2435 est,
722 2369 931 2427 fructus
974 2369 1139 2439 oliva,
1197 2389 1392 2430 succus
1439 2373 1641 2430 oleum.
1692 2374 1790 2431 Est

200 2469 382 2515 autem
412 2457 530 2515 olea
565 2460 728 2516 arbor
763 2461 913 2533 pacis
943 2463 1189 2535 insignis,
1213 2473 1267 2521 et
1309 2465 1472 2521 habet
1503 2466 1787 2540 pinguedi—

201 2564 351 2617 nem,
376 2565 483 2619 qua
537 2548 665 2606 lassi
702 2560 865 2622 atque
906 2550 1109 2609 infirmi
1148 2564 1301 2611 artus
1352 2568 1689 2623 recreantur,
1735 2567 1792 2615 et

199 2642 378 2715 gratia
404 2652 697 2714 prastatur
730 2644 993 2709 luminis;
1035 2645 1189 2717 cujus
1220 2663 1435 2713 succus,
1470 2648 1600 2704 dum
1623 2647 1787 2706 offer-

199 2743 291 2789 tur
315 2747 349 2789 a
374 2734 593 2805 populo,
622 2732 849 2806 simplex
889 2736 1068 2806 liquor
1093 2745 1196 2802 est,
1228 2753 1323 2808 per
1350 2738 1788 2795 benedictionem

200 2839 332 2879 vero
361 2823 705 2881 sacerdotum
735 2824 1062 2881 transfertur
1093 2826 1145 2880 in
1188 2837 1612 2894 sacramentum,
1647 2829 1791 2886 sicut

199 2914 270 2972 dc
297 2931 437 2988 aqua
465 2914 807 2988 baptismatis
833 2925 960 2972 ante
980 2914 1283 2973 docuimus.
1308 2916 1584 2976 Animales
1607 2930 1786 2977 autem

200 3008 319 3064 hac
346 3022 457 3063 non
485 3012 712 3078 possunt
753 3008 1031 3077 percipere
1054 3049 1071 3074 ,
1112 3009 1207 3063 sed
1246 3005 1382 3065 fides
1434 3006 1611 3081 sapiat
1645 3010 1789 3080 quod

198 3094 551 3153 carneioculi
593 3111 701 3151 non
730 3105 956 3167 possunt
977 3099 1331 3170 contemplari
1355 3140 1371 3165 ,
1413 3109 1474 3156 ut
1505 3101 1601 3156 flat
1658 3101 1790 3158 illud

200 3188 346 3261 quod
376 3188 454 3245 ait
479 3186 767 3259 Apostolus
800 3208 813 3242 :
848 3207 868 3241 ‹
910 3186 1207 3247 lnvisibilia
1253 3191 1422 3261 ipsius
1464 3206 1495 3247 a
1537 3203 1789 3250 creatura

199 3281 391 3337 mundi
420 3296 519 3353 per
544 3296 608 3337 ea
640 3296 761 3351 qua
791 3281 932 3338 facta
972 3291 1120 3349 sunt,
1147 3282 1419 3340 intellecta
1447 3287 1789 3355 conspiciun-

200 3382 335 3428 tur:
400 3372 728 3443 sempiterna
781 3389 995 3445 quoque
1044 3374 1162 3443 ejus
1214 3376 1388 3431 virtus
1430 3385 1487 3433 et
1533 3375 1789 3434 divinitas

201 3461 381 3535 (Rom.
422 3463 483 3535 ι).
520 3482 539 3516 ι
568 3463 721 3520 Unde
748 3465 941 3521 beatus
964 3466 1320 3537 Augustinus,
1340 3467 1391 3521 in
1416 3468 1622 3537 psalmo
1643 3484 1786 3535 mv,

199 3553 457 3625 explanat
490 3572 502 3608 :
536 3553 725 3611 Oleum
758 3553 970 3612 visibile
996 3555 1051 3611 in
1078 3554 1235 3627 signo
1265 3558 1567 3623 est,olcum
1599 3559 1789 3615 invisi-

198 3646 312 3702 hile
342 3646 397 3699 in
446 3654 789 3702 sacramento
820 3655 923 3703 est.
964 3645 1155 3703 Oleum
1193 3649 1474 3720 spirituale
1524 3650 1791 3707 invisibile

200 3742 305 3791 est.
336 3734 525 3791 Potest
570 3738 712 3793 Deus
756 3754 855 3808 per
897 3754 957 3794 se
999 3738 1178 3794 oleum
1228 3740 1513 3810 spirituale
1550 3743 1790 3799 tribuere

207 3829 332 3884 sine
360 3830 657 3899 corporali,
687 3832 781 3886 sed
808 3842 1028 3902 propter
1059 3832 1322 3889 animales
1352 3845 1585 3908 aguntur
1604 3837 1791 3892 visibi-

201 3920 300 3986 lia,
330 3929 392 3976 ut
418 3921 704 3978 invisibilia
723 3918 934 3979 facilius
958 3924 1264 3994 capiantur.
1296 3925 1537 3995 Apostoli
1557 3925 1792 3999 denique

203 4012 311 4068 hac
335 4020 454 4068 arte
479 4011 584 4068 olei
612 4013 903 4069 utebantur
945 4015 1000 4070 in
1050 4016 1505 4086 redintegratioue
1552 4016 1792 4072 infirmo-

205 4118 355 4169 rum,
385 4112 441 4158 et
463 4105 743 4173 apostolici
786 4106 890 4160 viri
941 4106 992 4162 in
1036 4108 1448 4179 consignatione
1492 4109 1792 4181 neopbyto-

206 4210 350 4249 rum.
387 4194 477 4250 Sic
502 4196 648 4251 enim
686 4198 1049 4268 scriptumcst
1079 4196 1136 4254 in
1156 4192 1450 4270 Evangelia
1478 4218 1490 4253 :
1524 4219 1543 4251 ε
1580 4200 1792 4255 Exeun-

207 4292 289 4339 tes
308 4283 693 4354 praedicabant,
709 4295 770 4341 nt
788 4288 1166 4359 paenitentiam
1191 4298 1432 4361 agerent,
1450 4298 1505 4344 et
1528 4290 1797 4346 dainouia'

204 4375 534 4444 ejicicbant,
580 4387 636 4434 et
675 4381 949 4449 ungebant
991 4380 1110 4438 oleo
1162 4381 1360 4437 multos
1401 4382 1682 4450 inﬁrmos,
1734 4392 1787 4439 et

206 4469 475 4524 sanabant
502 4469 697 4541 (Marc.
732 4471 830 4543 vr).
866 4492 883 4523 ι
914 4469 1088 4539 Unde,
1110 4474 1189 4528 ait
1218 4473 1494 4543 apostolus
1513 4472 1747 4529 Jacobus
1772 4492 1786 4531 :

213 4577 233 4610 ι
277 4558 590 4618 lnﬂrmatur
633 4565 757 4635 quis
807 4566 864 4620 in
915 4567 1113 4624 vobis?
1173 4567 1397 4623 inducat
1446 4569 1792 4640 presbyteros

207 4656 486 4722 Ecclesia,
509 4665 564 4712 et
594 4669 753 4714 orent
780 4672 942 4729 super
967 4675 1113 4728 eum,
1146 4669 1410 4732 ungentes
1436 4676 1557 4716 eum
1588 4661 1706 4716 oleo
1736 4659 1791 4715 in

208 4748 427 4803 nomine
454 4748 666 4804 Domini
695 4766 709 4815 ;
740 4757 794 4805 et
824 4750 867 4805 si
894 4750 946 4805 in
974 4752 1214 4822 peccatis
1238 4749 1425 4816 fuerit,
1448 4752 1793 4807 dimittantur

207 4838 257 4894 ei
287 4838 431 4910 (Jac.
471 4839 548 4909 v).
585 4858 604 4892 ι
649 4838 803 4895 Unde
831 4849 977 4911 patet
1009 4849 1065 4897 et
1088 4842 1156 4898 ab
1191 4841 1323 4910 ipsis
1352 4841 1619 4912 apostolis
1643 4842 1789 4899 hunc

209 4936 411 4984 sancta
447 4927 703 4985 Ecclesia
749 4943 954 4985 morem
1004 4933 1258 4987 traditum
1285 4972 1299 4995 ,
1334 4941 1396 4986 ut
1439 4932 1793 5006 energumcni

206 5027 264 5074 et
292 5018 383 5073 alii
411 5019 636 5090 quilibet
659 5020 847 5093 agroti
874 5034 1141 5092 unguntur
1189 5023 1308 5078 oleo
1356 5027 1655 5095 pontificali
1703 5026 1796 5080 hc-

208 5106 519 5183 nedictione
541 5117 878 5168 consecrato.
915 5109 1314 5186 Consignantur
1338 5117 1536 5187 etiam,
1567 5126 1626 5174 ut
1656 5116 1797 5171 dixi-

207 5217 350 5270 mus,
393 5203 645 5276 neophyti
670 5206 736 5262 de
760 5216 846 5268 eo,
870 5203 934 5257 ad
960 5207 1109 5277 cujus
1150 5206 1534 5269 exorcismum
1575 5210 1802 5282 jubetur

208 5291 457 5348 diabolus
481 5296 731 5351 recedere
783 5307 811 5346 a
852 5297 1279 5360 catechumeno,
1329 5300 1425 5367 qui
1476 5306 1653 5361 adhuc
1701 5317 1800 5370 pro

1896 1824 1982 1880 sui
2013 1837 2311 1894 supereum
2335 1830 2419 1878 est
2442 1821 2633 1894 (Lavit.
2673 1821 2810 1893 xm).
2833 1841 2852 1874 ι
2887 1822 3044 1878 Unde
3064 1821 3351 1878 Psalmista
3369 1822 3446 1876 ait
3469 1834 3488 1875 :

1905 1932 1925 1967 ι
1962 1914 2131 1970 Unxit
2180 1922 2233 1968 te
2283 1913 2549 1969 Dominus
2589 1913 2733 1968 Deus
2791 1921 2914 1967 tuus
2958 1911 3079 1967 oleo
3130 1910 3334 1967 latitia
3376 1926 3492 1981 pra

1894 2005 2243 2062 consortibus
2287 2004 2395 2058 tuis
2431 2002 2605 2075 (Prol.
2654 2002 2823 2074 κων).
2854 2020 2874 2054 ο
2928 2000 3157 2068 Quando
3200 2008 3490 2056 consortes

1895 2099 2228 2162 nominavit,
2284 2113 2422 2168 quos
2462 2097 2599 2154 alios
2635 2096 2950 2152 intuebatur
2999 2096 3107 2151 nisi
3154 2095 3440 2167 episcopos
3465 2137 3481 2164 ,

1893 2206 2055 2262 quos,
2081 2191 2307 2255 Christi,
2344 2190 2577 2246 vicarius
2602 2189 2792 2258 spiritu
2821 2170 3240 2259 propheticonad
3262 2175 3492 2260 ‘regen-

1893 2283 2017 2339 dam
2082 2292 2328 2338 sanctam
2395 2279 2695 2336 Ecclesiam
2745 2279 3120 2349 pravidebat,
3174 2279 3271 2349 qui
3339 2278 3486 2333 hanc

1892 2375 2169 2430 unctionis
2212 2373 2440 2445 gratiam
2471 2371 2541 2427 ab
2576 2386 2643 2427 eo
2689 2369 2968 2440 accepturi
3008 2378 3207 2435 erant,
3252 2369 3345 2439 qui
3391 2378 3482 2425 est

1893 2480 2055 2522 verus
2098 2465 2352 2521 sacerdos
2401 2461 2698 2519 secundum
2743 2461 2991 2518 ordinem
3035 2459 3432 2516 Melchisedech
3462 2459 3488 2513 ἲ

1892 2557 2071 2614 Porro
2089 2566 2254 2627 caput
2278 2564 2527 2611 nostrum
2549 2547 2807 2610 Ciiristus
2830 2562 2915 2609 est
2944 2592 2960 2621 ,
2998 2554 3124 2609 ideo
3152 2552 3400 2624 pontifex
3430 2552 3488 2608 in

1892 2649 2068 2720 capite
2088 2648 2327 2719 ungitur,
2343 2646 2434 2716 qui
2462 2646 2669 2701 Christi
2688 2645 2928 2702 vicarius
2946 2643 3202 2700 efﬁcitur.
3215 2643 3486 2699 lmitando

1893 2742 2037 2797 enim
2070 2739 2243 2806 illum,
2277 2741 2369 2811 qui
2408 2748 2493 2794 est
2515 2738 2682 2795 totius
2706 2723 2892 2810 caput
2926 2738 3187 2794 Ecclesia
3209 2779 3223 2802 ,
3249 2751 3346 2809 per
3380 2738 3488 2793 hoc

1892 2834 2165 2889 unctionis
2200 2831 2520 2903 mysterium
2556 2831 2614 2886 fit
2638 2840 2694 2887 et
2730 2831 2847 2901 ipse
2889 2836 3054 2901 caput
3096 2829 3355 2886 Ecclesia
3380 2828 3489 2884 sibi

1892 2925 2219 2981 commissa.
2252 2924 2321 2979 Et
2348 2924 2492 2979 sicut
2520 2922 2770 2980 Christus
2800 2937 2901 2993 pro
2927 2921 3181 2977 universa
3226 2918 3481 2989 interpeh

1893 3003 1968 3070 lat
2002 3015 2267 3080 Ecclesia,
2302 3015 2377 3070 ita
2408 3014 2698 3086 episcopus
2725 3028 2827 3083 pro
2853 3012 2955 3068 sibi
2991 3012 3306 3068 commissa.
3334 3011 3391 3066 ln
3419 3025 3486 3066 eo

1893 3118 2077 3164 autem
2125 3108 2270 3178 quod
2321 3106 2396 3162 ait
2459 3106 2722 3178 propheta
2770 3112 2997 3161 unctum
3045 3104 3323 3161 Christum
3373 3117 3490 3174 pra

1892 3200 2237 3274 consortibus
2295 3200 2449 3266 suis,
2503 3198 2803 3275 spiritualis
2848 3199 3038 3270 gratia
3084 3199 3324 3264 donum,
3376 3211 3488 3267 quo

1891 3292 2140 3349 Christus
2179 3304 2293 3363 pra
2320 3291 2685 3354 consortibus,
2723 3290 2778 3347 id
2821 3298 2909 3346 est
2993 3290 3206 3345 cateris
3253 3288 3518 3352 sanctis,‘

1892 3392 2087 3439 unctus
2114 3389 2218 3448 est,
2258 3383 2536 3450 insinuat,
2582 3381 2739 3451 cujus
2774 3380 2963 3437 unctio
3012 3380 3104 3435 illo
3152 3381 3363 3451 expleta
3402 3387 3488 3437 est

1894 3482 2155 3544 tempore,
2185 3473 2403 3543 quando
2426 3472 2734 3542 baptizatus
2761 3480 2845 3527 est
2874 3472 2930 3526 in
2963 3470 3219 3536 Jordane,
3263 3479 3321 3527 et
3363 3470 3488 3540 Spi-

1893 3565 2033 3621 ritus
2081 3575 2302 3622 sanctus
2343 3565 2399 3619 in
2450 3565 2631 3635 specie
2677 3564 2943 3621 columba
3000 3563 3283 3619 descendit
3322 3578 3487 3634 super

1893 3671 2038 3727 eum,
2070 3668 2126 3716 et
2157 3658 2353 3715 mansit
2377 3659 2431 3714 in
2455 3659 2545 3714 illo
2575 3675 2589 3725 ;
2617 3658 2673 3714 in
2702 3674 2768 3715 eo
2789 3672 2921 3714 vero
2943 3658 3086 3729 quod
3109 3655 3313 3713 Christi
3348 3672 3449 3712 con
3469 3690 3493 3703 -

1895 3763 2073 3809 sortes
2099 3760 2291 3807 unctos
2318 3751 2439 3807 oleo
2477 3750 2649 3817 dixit,
2695 3748 2994 3805 materialis
3033 3748 3307 3803 unctionis
3357 3763 3491 3819 gra-
3560 3761 3565 3767 '

1894 3838 2048 3911 tiam,
2079 3860 2188 3916 qua
2215 3842 2403 3898 vicarii
2430 3841 2657 3909 Christi,
2689 3841 2743 3899 id
2768 3834 2869 3899 est"
2898 3841 3206 3912 pontifices,
3257 3839 3486 3911 perfun-

1893 3935 2115 4002 duntur,
2187 3933 2448 3989 insinuat.
2526 3932 2663 3989 Nam
2738 3935 2786 3989 si
2859 3932 3215 3988 sacerdotalis
3289 3935 3484 4003 gratia

1892 4025 2203 4081 unctionem
2226 4024 2553 4095 singularem
2580 4023 2729 4080 solus
2754 4025 2854 4080 sibi
2872 4023 3125 4081 Christus
3145 4024 3484 4086 retinuisset,

1893 4132 2234 4189 nequaquam
2266 4117 2551 4189 Apostolus
2594 4118 2736 4172 hanc
2785 4119 2997 4174 caeteris
3038 4118 3270 4189 gratiam
3307 4118 3486 4173 inesse

1894 4208 2150 4277 doceret,
2202 4225 2325 4265 cum
2375 4211 2451 4264 ait
2487 4228 2499 4264 :
2539 4229 2557 4261 ι
2592 4209 2781 4265 Plures
2822 4208 2951 4265 facti
2995 4220 3121 4266 sunt
3172 4209 3486 4265 sacerdotes

1894 4305 2189 4358 secundum
2230 4302 2423 4375 legem,
2456 4304 2657 4360 idcirco
2685 4304 2831 4373 quod
2859 4313 3031 4360 morte
3057 4305 3486 4376 prohiberentur

1894 4410 2216 4464 permanere
2246 4394 2433 4466 (Hebr.
2460 4396 2615 4467 xvu).
2655 4415 2673 4449 ι

1967 4486 2134 4557 Igitur
2160 4488 2303 4541 hunc
2326 4487 2599 4542 unctionis
2624 4502 2827 4543 morem
2854 4487 2907 4543 in
2932 4488 3249 4543 ordinandis
3273 4489 3488 4559 episco-

1894 4575 1981 4647 pis
2013 4586 2200 4632 sancta
2256 4577 2434 4632 adhuc
2480 4587 2660 4633 servat
2705 4579 2986 4645 Ecclesia;
3021 4580 3120 4650 ipsi
3167 4581 3332 4635 etiam
3371 4579 3487 4648 epi-

1895 4672 2041 4739 scopi
2095 4669 2147 4722 iu
2200 4667 2589 4726 consecrandis
2640 4671 3008 4743 presbyteris,
3052 4686 3243 4725 manus
3294 4685 3485 4725 eorum

1895 4769 2103 4829 ungunt
2127 4759 2193 4814 de
2221 4756 2359 4819 oleo,
2395 4760 2669 4816 utmundi
2719 4760 2831 4816 sint
2879 4761 2948 4815 ad
2995 4758 3333 4816 offerendum
3376 4760 3489 4813 Deo

1895 4846 2121 4913 hostias,
2150 4856 2204 4902 et
2228 4847 2359 4917 largi
2384 4849 2452 4902 ad
2496 4858 2694 4905 catcra
2714 4847 2890 4904 ofﬁcia
2916 4849 3158 4920 pietatis.
3185 4848 3495 4919 Utrumque

1899 4940 2045 4993 enim
2077 4937 2391 5008 designatur
2425 4955 2529 5008 per
2573 4938 2747 4993 oleum
2770 4976 2787 5002 ,
2840 4947 2896 4992 et
2932 4939 3107 5008 gratia
3163 4939 3490 5003 curationis,

1899 5040 1954 5084 et
1987 5030 2249 5085 Charitas:
2279 5027 2601 5092 dilecuonis
2628 5069 2642 5092 ,
2670 5029 2733 5081 de
2769 5041 2876 5095 qua
2913 5026 3198 5098 Apostolus
3242 5029 3318 5083 ait
3369 5030 3499 5101 quia.

1908 5140 1927 5174 ι
1965 5123 2205 5179 cliaritas
2244 5119 2336 5172 Dei
2386 5119 2608 5184 diffusa
2645 5125 2725 5172 est
2761 5117 2817 5169 in
2863 5119 3115 5173 cordibus
3164 5120 3367 5175 nostris
3404 5135 3503 5191 per

1906 5212 2171 5286 Spiritum
2208 5216 2509 5285 sanctum,
2540 5211 2634 5286 qui
2654 5207 2806 5263 datus
2842 5214 2928 5261 est
2970 5206 3127 5263 nobis
3161 5206 3342 5279 (Rom.
3364 5209 3443 5280 v).
3478 5227 3501 5262 ι

1978 5308 2035 5364 Si
2088 5303 2212 5370 quis
2261 5308 2446 5357 autem
2521 5300 2780 5370 objiciet:
2841 5297 2979 5354 Cum
3021 5300 3164 5354 Deus
3211 5298 3328 5354 sine
3395 5300 3516 5359 oleo
