4024 5370
583 261 707 316 liii!

1485 232 1784 327 etiamm
1825 274 1838 323 I
1879 273 2408 328 casn-:nscrmms
2448 273 2754 329 EPISCOPI

3704 275 3848 327 429?.

577 380 869 439 Potuerunt
916 385 1144 456 utique;
1199 387 1292 441 sed
1345 397 1628 458 postquam
1686 390 1769 443 eis
1815 399 2143 460 praeceptum
2175 398 2222 454 Α
2249 388 2467 458 cjicicnt
2509 388 2721 458 (Manli.
2765 391 2883 459 vn).
2915 409 2933 441 ι
2970 389 3140 457 Quam
3189 388 3596 460 cffugandorum
3640 388 3847 441 tia-nm-

568 476 665 530 fuit
692 487 746 531 ut
774 475 1294 530 circumciderentur
1316 517 1331 543 ,
1377 478 1480 532 nisi
1519 479 1590 532 ita
1621 488 1882 548 agerent,
1933 482 2141 548 peccati

560 564 786 618 vinculis
829 567 1172 622 tenebantur.
1223 568 1370 623 Unde
1414 570 1605 624 beatus
1649 571 1982 640 Augustinus
2017 571 2138 627 ait:

559 675 576 708 ε
613 658 1001 729 Antiquijusti,
1028 661 1072 715 si
1103 663 1765 728 noncircumcidrrcntur,
1799 676 2038 720 nouerat
2061 666 2140 721 eis

553 759 833 818 peccatum
859 768 872 817 ;
904 763 1089 822 postea
1115 769 1241 808 vero
1271 769 1432 823 quam
1453 754 1617 822 jussit
1648 757 1787 811 Deus
1810 757 2136 812 circumcidi

552 843 823 898 Abraham
846 843 1069 914 ejusque
1099 848 1619 918 posteritatcm,jam
1651 849 1752 903 nisi
1779 848 2140 920 fieret,grave

550 943 830 1005 peccatum
854 937 971 992 fuit.
1015 957 1032 989 ι

1152 1031 1212 1087 ν.
1253 1033 1330 1088 De
1355 1035 1538 1104 signis.

619 1117 909 1187 Signorum
976 1135 1194 1192 quoque
1261 1139 1394 1178 usus
1450 1141 1480 1178 a
1540 1125 1721 1182 Veteri
1784 1127 2138 1189 Testamento

547 1221 792 1280 sumptus
834 1221 940 1267 est.
991 1213 1048 1267 In
1101 1229 1208 1283 quo
1253 1229 1350 1285 per
1405 1215 1622 1285 Moysen
1673 1219 1932 1274 Dominus
1971 1221 2136 1291 jussit

547 1300 661 1355 fieri
718 1303 872 1358 tubas
921 1314 1211 1373 argenteas
1264 1305 1515 1369 ductilcs,
1567 1323 1705 1378 quas
1749 1309 1878 1363 dum
1928 1311 2132 1368 Levita:

546 1403 793 1462 tempore
813 1395 1064 1450 sacriﬁcii
1101 1396 1434 1466 clangerent,
1469 1401 1648 1452 sonitu
1699 1399 2001 1456 dulcedinis
2040 1417 2135 1470 po-

543 1483 703 1554 pulus
725 1487 1112 1548 commonitus,
1141 1489 1208 1543 ad
1234 1489 1639 1544 tabernaculum
1674 1491 1892 1548 ftederis
1928 1496 1994 1550 ad
2038 1496 2136 1549 ad-

521 1575 807 1681 Prandum
839 1574 1137 1639 festinaret,
1168 1592 1396 1646 quarum
1427 1579 1592 1633 etiam
1614 1580 1863 1652 clangore
1885 1584 2133 1640 hortatus

511 1662 610 1717 "ad
640 1662 840 1718 bellum
875 1664 979 1718 tela
1003 1675 1374 1734 prosterneret
1395 1669 1800 1724 adversantium
1821 1712 1836 1735 ,
1876 1681 1930 1726 et
1968 1672 2126 1728 forti-

2245 498 2372 536 num
2403 490 2749 552 potestatem,
2786 481 2929 534 nulla
2960 497 3213 534 manuum
3246 479 3593 550 impositione
3627 489 3727 532 aut
3756 495 3846 533 sa-

2243 571 2530 625 cerdotalis
2553 571 2942 625 benedictionis
2965 569 3317 640 prterogativa
3343 569 3550 631 donati,
3570 569 3705 621 olim
3721 571 3844 637 qui—

2242 662 2365 715 dam
2399 676 2662 730 usurpare
2700 660 2963 725 volentes,
2995 661 3060 714 ab
3098 659 3330 714 obsessis
3367 658 3698 726 corporibus
3725 659 3843 712 da:-

2242 766 2430 804 mones
2462 767 2557 821 per
2593 752 2958 806 exorcismum
2997 751 3277 805 tentabant
3323 751 3544 819 ejicere,
3590 750 3735 804 sicut
3773 751 3842 804 de

2240 839 2364 896 ﬁliis
2395 840 2579 894 Scevaa
2603 839 2773 894 Juda‘i
2812 838 2977 895 Liber
3007 839 3370 909 apostolorum
3413 851 3837 895 commemorat.

2239 931 2341 998 Qui
2372 946 2493 986 cum
2525 931 2577 986 in
2610 931 2827 986 nomine
2854 929 3005 997 Jesu,
3038 947 3198 1001 quem
3240 929 3439 985 Paulus
3470 931 3838 1001 praedicabat.

2238 1027 2463 1096 spiritus
2490 1027 2794 1080 immundos
2823 1027 3226 1090 exorcizarent,
3256 1025 3468 1079 concito
3496 1024 3840 1093 indignantis

2237 1119 2461 1188 spiritus
2496 1117 2677 1172 furore
2720 1118 2920 1183 vexati,
2957 1118 3386 1188 temeritatisque
3416 1133 3614 1172 ausum
3659 1117 3839 1172 ultore

2237 1209 2426 1280 spiritu
2452 1208 2682 1274 luentes,
2705 1210 2994 1263 audierunt
3019 1190 3349 1279 increpantis
3378 1223 3710 1278 responsum
3733 1209 3839 1263 hoc

2235 1299 2432 1354 modo:
2476 1319 2496 1350 ι
2527 1299 2711 1354 Jesum
2761 1299 2908 1367 novi,
2952 1308 3008 1355 et
3044 1299 3266 1354 Paulum
3313 1301 3468 1356 scio:
3512 1316 3611 1354 vos
3650 1310 3836 1355 autem

2235 1388 2324 1458 qui
2355 1388 2523 1442 estis?
2551 1399 2607 1443 et
2633 1391 2890 1444 continuo
2914 1389 3118 1443 insiluit
3147 1390 3198 1443 in
3227 1404 3319 1445 eos
3341 1391 3568 1460 spiritus
3595 1390 3838 1444 immun-

2234 1480 2337 1534 dus
2371 1480 2510 1550 (Act.
2548 1480 2686 1551 XIX).
2722 1499 2740 1532 ι
2775 1479 2984 1547 Quibus
3023 1479 3111 1534 illa
3145 1480 3227 1534 sui
3255 1493 3411 1550 pmna
3451 1480 3663 1534 furoris
3701 1495 3837 1534 sane

2233 1571 2382 1624 dedit
2430 1571 2686 1626 indicimn
2723 1573 2848 1640 quia
2889 1587 2998 1625 non
3048 1580 3208 1626 erant
3247 1585 3314 1625 ex
3350 1585 3544 1625 eorum
3589 1586 3835 1625 numero

2234 1661 2430 1732 quibus
2480 1662 2582 1717 boc
2636 1662 2835 1716 donum
2885 1663 3072 1732 gratia:
3126 1662 3450 1718 auctoritate
3497 1663 3831 1718 sacerdotali

540 1754 672 1808 tudo
712 1743 1056 1810 inimicorum
1086 1771 1151 1811 eo
1193 1772 1330 1812 sono
1369 1759 1628 1814 exterrita
1663 1761 1714 1814 in
1759 1775 1818 1815 se
1847 1761 2121 1818 deﬁceret.
2157 1740 2204 1800 Β
2233 1753 2534 1824 prwstitum
2581 1753 2776 1806 fuerat.
2825 1753 2932 1808 llos
2977 1762 3279 1822 sequuntur
3321 1752 3582 1822 acolylhi.
3625 1752 3682 1806 id
3723 1762 3827 1816 est.

539 1841 676 1896 Nam
706 1842 933 1914 legimus
959 1844 1106 1914 quia,
1138 1853 1264 1900 ante
1287 1862 1470 1900 arcam
1508 1847 1751 1910 foederis.
1779 1865 1877 1919 per
1905 1851 2126 1921 clango-

541 1947 654 1986 rem
700 1934 948 1988 tubarum
998 1935 1138 1989 mtui
1185 1934 1426 1998 Jcricbo,
1476 1936 1672 2006 quibus
1719 1922 2124 1996 adversantium

537 2023 860 2094 cingebatur
897 2026 1193 2090 exercitus,
1226 2037 1572 2083 corruerunt.
1612 2027 1692 2082 Ad
1733 2029 1873 2083 huuc
1904 2033 2124 2086 tnodum

539 2119 593 2175 in
619 2126 805 2172 sancta
833 2118 1062 2174 ecclesia
1091 2119 1252 2174 hodie
1279 2119 1640 2174 tintinnabula
1674 2120 1830 2187 fiunt,
1866 2131 1923 2176 ut
1945 2139 2039 2192 per
2063 2123 2125 2176 il-

536 2207 712 2262 lorum
741 2218 943 2262 tactum
970 2208 1154 2265 fideles
1173 2209 1240 2262 ad
1264 2211 1530 2279 gremium
1558 2211 1748 2265 matris
1771 2211 2014 2266 ecclesia:
2043 2216 2123 2268 in-

536 2297 800 2361 vitentur,
829 2305 911 2364 ut,
925 2297 1184 2367 depositis
1206 2313 1352 2352 cura:
1372 2299 2118 2368 saecularis-occupationibus,

534 2385 748 2442 discant
775 2403 835 2442 se
865 2401 1082 2442 armare
1113 2388 1374 2442 adversus
1404 2388 1715 2458 Spiritualcs
1749 2389 2021 2444 incursus.
2059 2390 2125 2443 Et

536 2479 760 2534 sicutfit
789 2487 848 2534 ut
890 2479 1076 2541 audita
1120 2480 1312 2538 bellica
1353 2481 1479 2536 tuba
1523 2481 1724 2537 milites
1780 2483 1845 2536 ad
1876 2483 2121 2552 praelium

535 2570 834 2628 animosius
862 2571 1258 2638 accendantur,
1301 2571 1514 2628 hostilis
1556 2573 1790 2644 impetus
1832 2572 2122 2628 formidine

534 2659 689 2719 fusus
708 2662 1090 2734 dispergatur:
1123 2663 1218 2727 ita,
1246 2664 1525 2718 exterritis
1554 2664 1725 2720 turbis
1772 2666 2116 2728 nocentibus,

533 2756 871 2812 confortetur
896 2757 966 2812 ad
1008 2756 1290 2812 Dominica
1318 2756 1459 2812 bella
1500 2771 1598 2828 per
1641 2757 1854 2829 signum
1892 2758 2119 2827 populus

532 2855 808 2912 evocatus;
843 2855 920 2914 et,
962 2846 1152 2918 procul
1194 2847 1364 2918 pulsis
1391 2848 1564 2903 aereis
1579 2847 1959 2918 potestatibus,
1991 2864 2117 2905 con-

529 2945 722 2993 ventus
744 2937 1020 3024 Ecclesia;
1037 2953 1201 2993 manu
1223 2938 1466 3010 angelica
1497 2949 1760 2994 servetur.

964 3025 1049 3080 \rl.
1091 3025 1168 3080 De
1197 3029 1364 3081 sacris
1395 3029 1688 3082 ordinibus.

605 3117 936 3174 Veniendum
986 3128 1071 3174 est
1109 3128 1288 3174 autem
1335 3119 1403 3174 ad
1438 3121 1834 3176 sacratissimos
1869 3123 2109 3189 ordines,

527 3222 668 3278 quos
686 3222 899 3262 vesanae
927 3211 1122 3262 mentis
1144 3208 1440 3276 pertinacia
1469 3223 1563 3262 vos
1588 3208 1814 3277 rejicere
1840 3211 2108 3266 audimus.

533 3300 606 3354 De
635 3297 834 3368 quibus
868 3297 1043 3368 primo
1073 3298 1367 3352 notandum
1399 3307 1484 3353 est
1511 3299 1637 3369 quia
1667 3314 1762 3357 eos
1809 3301 1900 3372 qui
1943 3304 2112 3374 magis

528 3397 656 3442 sunt
684 3388 734 3441 in
765 3387 1003 3442 Ecclesia
1037 3387 1353 3451 necessarii,
1384 3388 1672 3457 Apostolus
1697 3391 2030 3458 denominat,
2058 3401 2113 3448 et

526 3496 715 3534 eorum
755 3495 934 3535 mores
976 3480 1213 3550 depingit
1267 3479 1386 3535 sine
1424 3481 1619 3550 quibus
1665 3498 1769 3536 non
1803 3491 1977 3554 potest
2008 3485 2110 3540 rite

526 3573 828 3627 immolatio
855 3571 1047 3626 altaris
1081 3570 1361 3636 celebrari,
1407 3572 1458 3625 id
1511 3582 1592 3628 est
1627 3571 1818 3630 levitas
1847 3584 1900 3630 et
1930 3591 2112 3631 sacer-

525 3665 698 3720 dotes.
750 3663 820 3720 Ut
859 3665 1007 3720 enim
1055 3665 1174 3720 sine
1213 3666 1602 3719 retractatione
1649 3669 1906 3724 sacerdos
1962 3671 2105 3726 circa

524 3756 732 3812 hostias
772 3755 983 3827 vigilat,
1023 3757 1367 3812 necessarius
1416 3768 1498 3812 est
1538 3758 1796 3813 diaconus
1842 3760 1907 3814 ad
1944 3762 2107 3815 mini-

525 3849 804 3902 strandum
857 3862 920 3901 ea
970 3862 1089 3916 qua:
1131 3849 1438 3902 necessaria
1477 3859 1600 3903 sunt
1645 3851 1935 3905 sacerdoti.
1989 3853 2104 3906 Cit"

527 3936 627 3992 teri
680 3937 896 3992 ordines
929 3937 1013 3991 his
1061 3936 1287 4004 subjecti
1336 3947 1490 4003 sunt;
1540 3949 1822 3994 crescente
1876 3954 2106 4009 namque

527 4026 787 4089 Ecclesia,
835 4025 1008 4081 crevit
1059 4025 1292 4080 ollicium
1339 4027 1803 4093 ecclesiasticum;
1858 4040 1914 4084 ut
1959 4033 2102 4085 enim

526 4120 852 4174 multitudini
884 4119 1139 4175 Ecclesia:
1159 4120 1432 4176 subveniri
1458 4122 1648 4191 possit,
1675 4122 2002 4190 adjiciuntur
2026 4125 2105 4178 in-

525 4209 750 4264 feriores
775 4209 830 4264 iu
862 4207 1131 4278 adjutorio
1167 4211 1598 4280 prarpositornm.
1644 4212 1716 4266 De
1756 4214 1950 4282 quibus
1980 4225 2104 4268 sunt

524 4301 755 4366 ostiarii,
789 4301 838 4355 id
869 4310 972 4365 est,
999 4300 1286 4371 ianitores,
1318 4301 1408 4371 qui
1447 4303 1689 4373 pervigili
1729 4320 1858 4357 cura
1900 4315 2103 4359 sancta:

524 4393 766 4446 ccclisiac
795 4393 1020 4462 januam
1059 4403 1299 4456 servant,
1344 4404 1398 4447 et
1444 4395 1734 4450 thesauros
1773 4398 1963 4451 domus
2008 4397 2100 4452 Dei

2227 1842 2561 1908 ceroferarii,
2609 1844 2700 1914 qui
2747 1843 2924 1914 ignem
2974 1844 3122 1899 verbi
3168 1843 3425 1908 celesds,
3473 1858 3585 1912 quo
3627 1843 3828 1897 illumi-

2228 1944 2425 1988 ncntur
2460 1933 2660 1988 fratres
2687 1935 2753 1988 ad
2783 1935 3208 2006 agnoscendum,
3239 1945 3292 1989 et
3319 1932 3737 1987 inﬂammentur
3759 1934 3826 1986 ad

2225 2025 2556 2097 diligendum
2599 2025 2785 2090 Deum,
2830 2027 3177 2096 pr:edicando
3216 2026 3548 2080 ministrant.
3595 2023 3828 2083 Subdia.

2224 2121 2345 2173 coni
2373 2135 2501 2173 vero
2536 2118 2588 2173 hi
2613 2128 2763 2183 sunt,
2788 2119 2878 2189 qui
2909 2118 3210 2174 oblationes
3233 2134 3262 2172 a
3291 2118 3507 2188 populis
3531 2119 3589 2172 in
3617 2118 3823 2187 templo

2227 2209 2437 2263 Domini
2470 2208 2797 2278 suscipiunt,
2831 2217 2885 2262 et
2913 2208 3105 2264 ofﬁciis
3130 2195 3442 2263 deserviunt
3472 2207 3819 2272 Levitarum,

2225 2299 2278 2352 in
2299 2296 2587 2354 offerendis
2613 2299 2757 2354 vasis
2786 2299 3032 2369 corporis
3057 2307 3110 2354 et
3133 2299 3410 2369 sanguinis
3429 2299 3669 2365 Domini,
3688 2311 3744 2354 et
3768 2302 3818 2354 in

2223 2389 2666 2445 administrandis
2687 2391 2771 2445 his
2801 2406 2918 2460 qua:
2945 2400 3178 2460 aguntur
3206 2391 3351 2445 circa
3389 2391 3583 2446 altaris
3613 2390 3816 2446 ofﬁcia.

2292 2477 2391 2532 Cui
2421 2493 2548 2532 vero
2584 2479 2754 2533 otium
2792 2478 2957 2534 fuerit
2990 2479 3156 2534 Vetus
3188 2478 3604 2534 Testamentum
3638 2480 3815 2534 revol-

2221 2583 2374 2633 vere,
2408 2569 2645 2625 inveniet
2688 2570 2755 2625 ab
2787 2585 2853 2625 eo
2895 2569 2992 2624 hos
3031 2570 3328 2640 sumpsisse
3369 2572 3683 2635 exordium,
3718 2585 3815 2624 nec

2222 2662 2401 2718 minus
2430 2657 2596 2716 etiam
2641 2678 2734 2718 eos
2773 2663 2864 2733 qui
2915 2672 3227 2733 supersunt,
3261 2663 3313 2717 id
3361 2675 3468 2728 est,
3506 2662 3732 2717 Levitas
3758 2673 3816 2717 et

2221 2752 2554 2818 sacerdotes,
2579 2770 2808 2823 quorum
2831 2755 3032 2823 gradus
3052 2754 3178 2824 quia
3198 2755 3361 2809 altior
3380 2763 3485 2820 est,
3509 2754 3675 2824 paqu
3696 2754 3812 2824 plus

2221 2841 2273 2897 in
2302 2843 2382 2898 eis
2423 2844 2578 2898 nobis
2601 2854 2684 2899 est
2724 2845 3142 2899 immorandum.
3177 2845 3331 2909 Nam,
3361 2845 3502 2900 sicut
3535 2846 3680 2900 liber
3703 2845 3811 2899 Nu-

2220 2947 2494 2988 merorum
2533 2934 2698 2989 refert
2727 2951 2738 2986 :
2782 2934 3020 2990 Locutus
3047 2943 3130 2990 est
3174 2935 3429 2991 Dominus
3461 2936 3533 2990 ad
3563 2936 3806 3008 Moysen,

2220 3027 2408 3084 dicens
2436 3048 2448 3082 :
2490 3048 2508 3080 ι
2542 3029 2764 3099 Applica
2799 3029 2998 3085 tribum
3027 3028 3176 3094 Levi,
3208 3039 3265 3084 et
3297 3029 3381 3085 fac
3409 3039 3558 3085 stare
3589 3030 3644 3085 in
3674 3046 3806 3086 con-

2219 3128 2405 3188 spectu
2433 3118 2613 3174 Aaron
2641 3119 2964 3182 sacerdotis,
2996 3127 3055 3174 ut
3093 3119 3405 3174 ministrent
3438 3119 3487 3173 ei
3501 3162 3510 3183 ,
3550 3128 3609 3173 et
3645 3135 3806 3176 excu-

2217 3208 2366 3273 bent,
2390 3219 2444 3264 et
2477 3210 2768 3265 observent
2796 3209 3054 3280 quidquid
3083 3209 3150 3263 ad
3171 3209 3371 3264 cultum
3397 3211 3639 3280 pertinet
3664 3212 3802 3265 mul-

2221 3301 2463 3356 titudinis
2483 3315 2666 3355 coram
2693 3300 3041 3357 tabernaculo
3065 3301 3382 3367 testimonii,
3406 3310 3460 3356 et
3489 3303 3800 3358 custodiant

2218 3405 2348 3444 vasa
2380 3390 2734 3457 tabernaculi,
2767 3390 3066 3446 servientes
3098 3391 3150 3444 in
3177 3391 3479 3446 ministerio
3509 3391 3649 3460 ejus.
3676 3411 3694 3443 ι
3731 3391 3800 3448 De

2219 3481 2305 3536 bis
2325 3481 2584 3551 scriptmu
2606 3490 2706 3544 est,
2735 3483 2786 3534 in
2808 3481 2888 3535 Ac
2915 3481 3034 3535 ibus
3057 3480 3442 3550 apostolorum,
3466 3483 3600 3550 quia
3629 3501 3647 3534 ι
3676 3497 3798 3536 con.

2218 3584 2474 3630 vocantes
2503 3574 2787 3630 duodecim
2834 3577 3231 3633 multitudinem
3267 3577 3686 3647 discipulorum,
3716 3579 3796 3633 di-

2216 3674 2445 3719 xerunt:
2489 3665 2602 3719 Non
2643 3676 2726 3720 est
2765 3683 2978 3736 {equum
3020 3682 3117 3722 nos
3157 3667 3536 3737 derelinquere
3574 3668 3793 3723 verbum

2219 3755 2310 3809 Dei
2339 3764 2394 3810 et
2417 3755 2729 3812 ministrare
2752 3759 2975 3813 mensis.
3001 3757 3354 3814 Considerate
3387 3774 3543 3830 ergo,
3577 3759 3791 3825 fratres,

2216 3846 2363 3899 viros
2383 3861 2452 3900 ex
2475 3846 2624 3901 vobis
2647 3847 2770 3900 boni
2802 3848 3094 3903 testimonii
3119 3857 3344 3918 septem,
3377 3849 3567 3919 plenos
3593 3850 3792 3921 Spiriu

2215 3946 2407 3990 Sancto
2447 3947 2502 3991 et
2548 3938 2834 4007 sapientia,
2880 3953 3017 4008 quos
3057 3939 3449 3994 constituamus
3489 3958 3656 4010 super
3699 3945 3790 3997 hcc

2212 4042 2374 4097 Opus;
2407 4043 2504 4081 nos
2551 4043 2676 4080 vero
2716 4029 2946 4082 orationi
2987 4038 3041 4083 et
3072 4029 3371 4083 ministerio
3401 4032 3552 4084 verbi
3593 4033 3788 4087 erimus

2215 4118 2496 4171 instantes.
2544 4117 2609 4171 Et
2649 4119 2851 4186 placuit
2887 4134 3065 4174 sermo
3107 4135 3290 4173 coram
3333 4121 3704 4186 multitudine,
3739 4135 3787 4178 et

2212 4207 2489 4278 elegerunt
2519 4209 2875 4279 Stephanum,
2907 4211 3082 4264 virum
3115 4210 3329 4280 plenum
3360 4212 3464 4266 fide
3501 4223 3559 4267 et
3588 4213 3783 4284 Spiritu

2212 4308 2420 4364 sancto,
2458 4309 2514 4354 et
2566 4300 2867 4370 Philippum
2910 4310 2965 4355 et
3006 4310 3263 4367 caeteros,
3309 4316 3445 4372 quos
3484 4315 3783 4360 statuerunt

2211 4402 2338 4448 ante
2368 4403 2714 4462 conspectum
2752 4395 3151 4464 apostolorum;
3187 4407 3240 4450 et
3269 4407 3490 4452 orantes
3522 4400 3782 4470 imposne-

525 4480 854 4544 custodiunt,
893 4497 986 4548 per
1010 4497 1145 4550 quos
1172 4497 1447 4537 accessum
1477 4483 1740 4540 habemus
1763 4485 1814 4538 in
1846 4485 2100 4556 templum
2132 4455 2180 4514 D
2213 4492 2336 4539 runt
2365 4485 2442 4540 eis
2467 4503 2658 4540 manus
2690 4487 2828 4556 (Act.
2855 4489 2952 4555 vt).
2984 4507 3003 4540 ι
3036 4488 3109 4542 Ex
3143 4490 3266 4544 hinc
3287 4487 3400 4558 jam
3431 4491 3779 4548 decreverunt

526 4570 759 4634 Domini,
788 4572 877 4638 qui
924 4571 1037 4624 ait:
1075 4595 1092 4624 ι
1122 4573 1230 4641 Ego
1261 4591 1376 4627 sum
1414 4575 1612 4628 OStiunt
1641 4577 1830 4646 (Joan.
1862 4594 1891 4630 x
1913 4578 1951 4647 ).
1983 4596 2001 4628 ι
2038 4577 2101 4632 Hi

523 4662 823 4731 suscipiunt
855 4677 948 4716 eos
977 4677 1111 4731 quos
1140 4666 1492 4735 priet-ogativa
1536 4668 1656 4721 fidei
1689 4667 1900 4733 invitat,
1930 4679 1983 4722 et
2008 4685 2102 4722 cx-

522 4753 746 4807 cludnnt
795 4754 910 4808 illos
940 4755 1030 4823 qui
1079 4757 1146 4808 ab
1185 4756 1392 4810 unitate
1425 4755 1678 4824 disjuncti
1719 4767 1862 4822 sunt,
1903 4759 2101 4830 quibus

521 4846 766 4901 dicturus
788 4857 866 4900 est
892 4845 1178 4900 Dominus:
1203 4864 1220 4897 ι
1260 4845 1448 4900 Nescio
1464 4863 1576 4902 vos.
1609 4867 1627 4900 ν
1659 4849 1781 4904 Post
1808 4853 2098 4905 instituun-

527 4948 612 4992 tur
641 4937 903 5001 lectores,
972 4937 1024 4992 id
1076 4947 1178 5001 est,
1212 4939 1476 4994 Dominici
1511 4941 1662 4996 verbi
1709 4942 1992 5006 relatores,
2032 4942 2098 4996 de

519 5027 714 5066 nnihnc
757 5029 1039 5074 Anmtnlnq
1072 5029 1184 5078 ait:
1231 5049 1248 5080 ‹
1278 5029 1380 5082 Alii
1412 5031 1568 5084 datur
1597 5046 1778 5088 sermo
1820 5031 2098 5094 sapientia}

2210 4575 2463 4644 apostoli,
2509 4577 2591 4630 vel
2629 4593 2975 4632 successores
3023 4580 3408 4649 apostolorum,
3461 4598 3558 4652 per
3603 4599 3776 4638 omnes

2208 4682 2288 4722 ect
2307 4665 2468 4721 lesias
2497 4679 2700 4737 septem
2726 4670 3000 4735 diaconos,
3030 4672 3122 4740 qui
3145 4672 3446 4726 sublimiori
3485 4675 3656 4742 gradu
3687 4691 3777 4731 cae-

2210 4759 2340 4812 teris
2370 4760 2514 4813 circa
2561 4776 2709 4814 aram
2739 4762 2940 4816 Christi
2986 4764 3139 4832 quasi
3177 4763 3441 4833 columna:
3477 4766 3671 4823 altaris
3696 4783 3771 4821 as-

2208 4852 2482 4904 sisterrnt.
2517 4850 2588 4905 De
2615 4852 2699 4906 his
2726 4851 2944 4917 Paulus,
2973 4853 3128 4924 cujus
3153 4869 3247 4909 vos
3271 4855 3577 4910 doctrinam
3606 4868 3769 4912 tenere

2205 4939 2403 5004 dicitis,
2433 4941 2653 5012 scripsit
2683 4943 2748 4995 ad
2780 4941 3141 4997 Timotheum.
3172 4943 3306 4998 Nam
3340 4960 3461 4998 cum
3497 4947 3768 5014 prtemisis-

2205 5037 2289 5083 set
2333 5029 2642 5098 episcopum
2693 5030 2889 5085 debere
2931 5033 3457 5098 irreprebensibilem
3505 5049 3658 5098 esse,
3699 5049 3749 5089 so
