4024 5370
197 355 332 413 {295

1292 357 1473 414 ACTA
1516 357 1771 415 SYNODI
1804 357 2150 418 ATREBAT.

3307 375 3448 432 £294

195 466 310 522 filiis
329 464 528 530 Aaron,
552 465 642 534 qui
666 474 792 520 tunc
815 466 1125 521 sacerdotes
1148 469 1483 526 vocabantur
1506 473 1556 526 in
1578 471 1758 528 Veteri
1787 476 1835 534 Α
1866 472 2163 528 Ecclesium
2218 473 2389 529 meam
2437 475 2650 546 (Matth.
2681 482 2813 549 τινι).
2865 497 2882 529 ι
2925 478 3021 534 llic
3073 496 3201 552 ergo
3255 487 3454 558 ligandi

194 558 548 618 Testamento,
581 573 722 612 nunc
747 567 926 612 autem
953 560 1251 630 presbyteri
1284 573 1565 616 vocantur.
1595 564 1762 618 Porro

192 649 242 701 hi
271 655 506 716 praesunt
541 645 798 701 Ecclesiae
829 648 1052 713 Christi,
1081 662 1136 705 et
1168 651 1220 704 iu
1262 652 1602 708 confectione
1637 669 1764 708 cor-

191 747 331 807 ports
364 745 420 791 et
462 737 743 805 sanguinis
772 737 986 793 Domini
1023 750 1304 796 consortes
1334 758 1456 796 cum
1496 743 1764 813 episcopis

190 834 326 889 sunt,
358 825 608 880 similiter
631 833 688 881 et
713 825 767 881 in
797 827 1042 884 doctrina
1080 831 1400 900 populorum
1430 841 1484 887 et
1509 834 1561 887 in
1587 833 1764 890 ollicio

188 917 529 989 prmdicandi.
562 918 640 975 De
678 919 764 975 his
800 918 1002 976 Paulus
1039 924 1314 993 apostolus
1355 926 1544 980 scribit
1572 926 1764 980 ad'Ti-

190 1021 294 1065 tum
321 1027 333 1064 :
371 1027 390 1061 ι
424 1009 616 1081 Hujus,
647 1010 915 1081 inquiens,
943 1013 1020 1068 rei
1053 1015 1228 1085 gratia
1260 1016 1454 1087 reliqui
1488 1025 1539 1071 te
1565 1017 1761 1082 Cretae,

187 1110 241 1153 ut
261 1114 319 1154 ea
336 1115 455 1170 qua:
475 1101 674 1156 desunt
703 1103 964 1172 corrigas,
992 1113 1046 1159 et
1067 1107 1367 1161 constituas
1390 1123 1490 1177 per
1518 1108 1765 1164 civitates

185 1191 546 1260 presbyteros,
568 1192 1024 1258 quemadmodum
1045 1208 1147 1264 ego
1170 1195 1266 1249 tibi
1293 1197 1552 1266 disposui,
1576 1197 1618 1251 si
1641 1198 1764 1266 quis

184 1279 294 1332 sine
313 1279 541 1334 crimine
561 1289 644 1334 est
665 1279 796 1352 (Tit.
825 1281 886 1353 ι).
910 1301 930 1334 θ
960 1282 1027 1336 Et
1055 1284 1106 1336 in
1129 1285 1302 1354 prima
1329 1286 1396 1340 ad
1419 1286 1762 1341 Timotheum

184 1369 408 1440 Epistula
440 1389 453 1424 :
493 1389 512 1422 ι
549 1370 689 1437 Noli,
731 1373 928 1444 inquit,
971 1375 1242 1448 negligere
1277 1379 1506 1449 gratiam
1555 1394 1675 1448 qua:
1708 1381 1762 1435 in

183 1469 231 1513 te
259 1467 360 1523 est,
391 1475 515 1530 quae
545 1461 670 1516 data
705 1471 788 1517 est
821 1464 913 1518 tibi
945 1479 1042 1534 per
1067 1467 1404 1536 prophetiam
1432 1484 1556 1522 cum
1592 1469 1765 1540 impo-

181 1553 369 1607 sitione
393 1569 652 1608 manuum
676 1556 998 1626 presbyterii
1025 1556 1074 1627 (Ι
1104 1557 1240 1612 Tim.
1269 1560 1364 1629 Iv).
1398 1580 1417 1611 ›
1450 1560 1616 1629 Igitur
1638 1575 1760 1614 cum

179 1643 470 1714 presbyteri
494 1643 836 1710 ordinantur,
862 1661 958 1716 per
977 1647 1376 1704 impositionem
1396 1667 1649 1704 manuum
1672 1667 1760 1706 sa-

177 1734 461 1789 cerdotalis
475 1735 662 1806 gratia:
679 1735 880 1790 donum
897 1738 1216 1806 suscipiunt.
1238 1740 1312 1794 De
1327 1741 1524 1809 quibus
1541 1742 1593 1794 in
1619 1741 1757 1796 libro

188 1823 544 1880 Numerorum
578 1826 837 1896 scriptum
864 1835 984 1880 est:
1020 1847 1038 1879 ι
1067 1829 1348 1900 Cougrega
1376 1831 1505 1886 mihi
1540 1841 1758 1901 septua-

173 1915 310 1986 ginta
359 1917 513 1972 viros
540 1918 608 1973 de
664 1919 972 1975 senioribus
1035 1920 1231 1986 Israel;
1289 1938 1426 1991 quos
1486 1932 1542 1978 tu
1609 1923 1752 1978 nosti

173 2007 304 2074 quod
325 2021 488 2063 senes
513 2009 694 2079 populi
723 2009 832 2064 sint
860 2024 924 2064 ac
953 2012 1217 2083 magistri,
1260 2021 1316 2068 et
1347 2015 1514 2070 duces
1535 2029 1630 2070 eos
1682 2015 1750 2069 ad

169 2100 358 2154 ostium
409 2101 754 2156 tabernaculi
794 2102 1046 2165 fmderis,
1110 2104 1386 2176 faciesque
1444 2107 1517 2161 ibi
1602 2115 1752 2163 stare

170 2196 357 2256 tecum,
388 2199 454 2246 ut
484 2192 809 2247 descendam
832 2201 888 2248 et
916 2192 1110 2263 loquar
1139 2195 1236 2249 tibi
1261 2236 1276 2258 ,
1302 2203 1354 2250 et
1380 2195 1626 2250 auferam
1683 2197 1752 2252 de

168 2280 354 2348 spiritu
392 2291 531 2348 tuo,
563 2282 881 2353 tradamque
931 2286 1011 2340 eis
1058 2286 1248 2358 (Num.
1286 2288 1383 2356 xu).
1421 2307 1439 2342 ι
1494 2289 1560 2342 Ει
1589 2289 1751 2357 paulo

173 2381 288 2439 post
318 2390 332 2426 :
368 2390 389 2425 ι
432 2374 724 2430 Descendit
759 2375 1021 2430 Dominus
1056 2393 1156 2447 per
1201 2380 1425 2442 nubem,
1453 2391 1509 2433 et
1537 2381 1749 2436 locutus

170 2470 250 2518 est
285 2465 351 2520 ad
372 2481 531 2533 eum,
579 2467 835 2525 auferens
871 2469 936 2524 de
958 2471 1149 2539 spiritu
1173 2472 1264 2541 qui
1297 2474 1488 2526 eratin
1522 2473 1703 2545 Moyse
1729 2514 1745 2539 ,

169 2562 221 2608 et
249 2555 382 2611 dans
403 2560 746 2631 septuaginta
779 2561 912 2615 viris
944 2561 1156 2635 (Ibid).
1200 2584 1218 2615 ι
1249 2565 1324 2618 De
1343 2565 1437 2620 his
1465 2567 1659 2625 etiam.
1691 2567 1746 2621 in

170 2644 387 2704 Actibus
416 2650 784 2719 apostolorum
811 2693 824 2716 ,
859 2655 1117 2722 scriptum
1169 2657 1445 2725 est'quod,
1492 2673 1613 2711 cum
1653 2673 1747 2713 ve-

169 2736 332 2795 nisset
354 2739 557 2798 Paulus
587 2744 865 2812 apostolus
890 2744 1154 2810 Miletum,
1189 2748 1396 2802 miserit
1430 2749 1703 2818 Ephesum
1723 2791 1741 2817 ,

168 2835 222 2882 et
238 2833 515 2888 vocaverit
557 2834 904 2906 presbyteros
934 2836 1174 2906 ejusdem
1207 2839 1465 2894 Ecclesia:
1487 2881 1502 2906 ,
1535 2841 1738 2910 quibus

168 2914 303 2974 inter
328 2931 527 2978 caetera
564 2924 641 2978 ait
671 2942 684 2978 :
729 2944 749 2976 ι
794 2924 1072 2983 Attendite
1098 2929 1252 2984 vobis
1282 2939 1338 2983 et
1367 2932 1513 2986 omni
1537 2933 1696 3004 gregi
1725 2973 1742 3000 ,

165 3006 218 3060 in
247 3023 354 3077 quo
371 3026 469 3066 vos
493 3011 732 3081 Spiritus
755 3026 976 3071 sanctus
997 3019 1178 3086 posuit
1197 3034 1421 3088 pascere
1444 3021 1742 3079 Ecclesium

170 3097 399 3168 Domini,
433 3119 594 3172 quam
622 3106 917 3175 acquisivit
943 3122 1040 3177 per
1059 3110 1379 3180 sanguinem
1410 3126 1567 3165 suum
1592 3113 1734 3183 (Act.

166 3188 273 3260 xx).
317 3210 337 3244 ι
383 3191 488 3248 Sed
515 3202 574 3249 et
603 3195 795 3252 Petrus
827 3197 882 3251 in
909 3198 1085 3267 prima
1122 3199 1362 3269 Epistula
1393 3218 1406 3254 :
1445 3220 1463 3252 ι
1502 3201 1733 3274 Presby-

168 3288 322 3345 teros,
351 3283 549 3354 inquit,
575 3285 666 3356 qui
697 3285 752 3340 in
779 3286 930 3343 vobis
959 3296 1088 3343 sunt
1110 3328 1125 3353 ,
1176 3289 1408 3344 obsecro
1449 3293 1744 3348 consenior

123 3372 130 3382 '
163 3380 217 3427 et
245 3376 400 3430 testis
426 3377 628 3433 Christi
656 3378 970 3446 passionum
1001 3419 1016 3445 ,
1049 3388 1105 3434 et
1133 3379 1251 3450 ejus
1281 3395 1402 3450 qua:
1453 3382 1506 3436 in
1557 3382 1742 3440 futuro

167 3466 456 3522 revelanda
485 3477 570 3524 est
604 3468 791 3539 gloriae
835 3472 1298 3538 communicator;
1353 3477 1560 3542 pascite
1587 3515 1603 3542 ,
1649 3477 1744 3546 qui

164 3559 318 3614 estin
347 3564 526 3628 vobis,
567 3580 786 3636 gregem
822 3566 957 3631 Dei,
990 3567 1334 3636 providentes
1377 3585 1483 3624 non
1533 3583 1741 3638 coacte,

164 3649 252 3702 sed
275 3662 596 3720 spontanee,
629 3655 927 3711 secundum
970 3655 1171 3725 Deum;
1224 3675 1331 3715 non
1381 3662 1560 3732 turpis
1601 3663 1743 3719 lucri

163 3741 354 3808 gratia,
388 3744 484 3800 sed
512 3745 838 3812 voluntarie,
872 3761 1046 3818 neque
1068 3759 1125 3804 ut
1156 3749 1502 3808 dominantes
1537 3753 1592 3808 in
1627 3755 1741 3811 cle-

165 3839 302 3895 rum,
326 3835 421 3889 sed
459 3835 632 3890 forma
658 3835 783 3891 facti
814 3838 995 3907 gregis
1021 3853 1086 3893 ex
1117 3839 1318 3905 animo;
1351 3850 1406 3896 et
1431 3857 1554 3898 cum
1580 3858 1745 3914 appa-

166 3923 332 3977 ruerit
364 3924 625 3996 Princeps
656 3939 932 3996 pastorum
967 3971 982 3994 ,
1035 3932 1349 4002 percipietis
1383 3934 1746 3991 itnmarcessi-

163 4005 317 4064 bilem
346 4015 531 4083 gloria:
560 4033 816 4073 coronam
849 4018 903 4089 (Ι
932 4018 1076 4075 Patr.
1118 4022 1193 4092 v).
1233 4043 1250 4074 ι

228 4094 470 4173 Denique
496 4109 823 4176 pontificalis
845 4113 1136 4167 sacerdotii
1165 4115 1300 4168 ordo
1341 4115 1553 4170 initium
1593 4131 1741 4171 sunt-

164 4187 268 4252 psit
289 4194 358 4248 ab
379 4196 558 4252 Aaron
589 4239 603 4263 ,
636 4201 776 4254 sicut
818 4201 952 4256 dicit
979 4203 1218 4260 Isidorus
1251 4245 1266 4269 ,
1316 4220 1631 4276 quanquam
1685 4217 1740 4262 et

164 4273 554 4342 Melchisedech
592 4289 742 4358 prior
791 4290 1053 4346 obtulerit
1085 4273 1410 4347 sacrificium
1439 4336 1454 4360 ,
1485 4273 1566 4349 iet
1617 4305 1740 4366 post

165 4363 304 4426 hunc
326 4374 626 4445 Abraham,
657 4380 807 4436 Isaac
833 4391 887 4436 et
913 4381 1114 4448 Jacob;
1169 4386 1262 4439 sed
1305 4385 1390 4440 isti
1439 4363 1736 4456 spontanca

166 4459 459 4537 voluntate,
484 4487 591 4527 non
624 4474 945 4528 sacerdotali
973 4477 1298 4530 auctoritate
1332 4477 1432 4533 ista
1463 4478 1730 4535 fecerunt.

1782 3293 1809 3334 ἓν

1866 563 2220 633 solvendique
2241 557 2565 634 potestatem
2599 569 2804 638 primus
2829 572 3041 641 accepit
3065 613 3079 637 ,
3128 557 3446 649 primusque

1867 655 1932 706 ad
1980 654 2140 709 fidem
2191 655 2445 725 populum
2499 660 2700 713 virtute
2749 663 3151 730 praedicationis
3202 668 3450 724 adduxit.

1867 741 2144 812 Siquidem
2173 756 2229 802 et
2249 750 2428 802 czeteri
2454 750 2681 818 apostoli
2705 767 2826 806 cum
2849 752 3008 809 Petro
3031 758 3146 826 pari
3173 761 3452 816 consortio

1867 833 2089 888 honoris
2125 845 2180 890 et
2211 839 2495 906 potestatis
2521 852 2887 910 acceperunt,
2920 852 2974 898 et
3005 845 3137 914 ipsis
3184 851 3445 918 apostolis

1865 924 2245 980 ordinantihus
2276 940 2658 985 successerunt
2681 932 2942 1003 episcopi,
2967 935 3058 1004 qui
3085 946 3212 990 sunt
3242 940 3451 995 consti-

1865 1011 1965 1066 tuti
1992 1027 2088 1081 per
2116 1016 2376 1071 mundum
2407 1017 2460 1072 in
2491 1019 2711 1075 sedibus
2735 1022 3103 1090 apostolorum
3127 1065 3142 1091 ,
3191 1027 3285 1096 qui
3339 1044 3450 1084 non

1858 1100 1972 1170 jam
2012 1118 2079 1158 ex
2132 1117 2292 1174 gente
2329 1109 2512 1164 carnis
2545 1119 2600 1163 et
2657 1113 2936 1182 sanguinis
2985 1115 3264 1186 eliguntur
3308 1121 3452 1175 sicut

1865 1195 2103 1279 primum
2130 1237 2146 1263 ,
2201 1200 2293 1254 sed
2323 1216 2421 1270 pro
2470 1203 2894 1275 uniuscujusque
2932 1209 3126 1265 merito
3161 1252 3175 1278 ,
3205 1213 3350 1283 quod
3394 1213 3447 1268 in

1864 1270 1988 1341 eum
2016 1287 2199 1343 divina
2227 1294 2403 1361 gratia
2431 1296 2678 1350 contulit.

1934 1419 2088 1488 Quod
2111 1433 2290 1480 autem
2323 1443 2420 1497 per
2450 1445 2639 1486 manus
2670 1432 3066 1504 impositionem
3093 1455 3123 1494 a
3144 1456 3443 1511 prmcesso—

1861 1510 2012 1567 ribus
2043 1514 2137 1568 Dei
2183 1519 2555 1576 sacerdotibus
2575 1523 2813 1594 epis'mpi
2837 1510 3178 1596 ordinantur,
3205 1535 3436 1604 antiqua

1860 1603 2128 1663 institutio
2151 1619 2252 1664 est.
2289 1608 2381 1666 Sic
2431 1613 2575 1670 enim
2633 1618 2942 1685 patriarcha
2993 1620 3146 1677 Isaac
3170 1664 3186 1690 ,
3219 1603 3439 1682 manum

1859 1708 2024 1764 super
2049 1709 2212 1769 caput
2240 1699 2407 1756 Jacob
2432 1703 2737 1773 imponens,
2758 1708 3039 1766 benedixit
3063 1713 3145 1776 ei;
3190 1716 3446 1773 similiter

1792 1793 1918 1880 Bet
1967 1785 2139 1880 Jacob
2195 1790 2321 1846 filiis
2365 1794 2505 1859 suis;
2557 1795 2771 1868 Moyses
2800 1839 2814 1863 ,
2855 1815 3021 1870 super
3060 1813 3226 1874 caput
3278 1805 3446 1862 Josuc

1863 1890 2082 1931 manum
2126 1877 2446 1948 imponens.
2499 1885 2648 1940 dedit
2694 1887 2744 1942 ei
2813 1889 3063 1960 spiritum
3121 1893 3337 1951 virtutis
3388 1908 3446 1951 et

1855 1964 2082 2022 ducatus
2111 1968 2165 2023 in
2194 1973 2391 2043 populo
2419 1973 2602 2030 Israel.
2657 1976 2749 2032 Sic
2789 1988 2846 2033 et
2880 1981 3160 2052 suppletor
3209 1985 3344 2054 legis
3383 1997 3444 2041 et

1852 2058 2282 2128 prophetarum,
2342 2062 2607 2121 Dominus
2666 2077 2854 2122 noster
2909 2067 3070 2125 Iesus
3137 2072 3434 2136 Christus.

1852 2148 2125 2216 apostolos
2162 2151 2462 2208 benedixit.
2492 2155 2560 2210 Et
2589 2156 2644 2210 in
2689 2157 2918 2215 Actibus
2966 2163 3334 2230 apostolorum
3365 2180 3438 2223 ex

1851 2248 2123 2309 praecepto
2148 2243 2326 2297 sancti
2355 2242 2594 2312 Spiritus
2612 2245 2782 2303 Paulo
2803 2259 2859 2304 et
2890 2249 3152 2307 Barnabtn
3175 2256 3439 2324 apostolis

1851 2340 2046 2382 manus
2077 2328 2334 2398 imposita
2363 2343 2450 2389 est
2505 2336 2558 2389 in
2587 2337 2962 2409 episcopatum
2991 2381 3008 2405 ,
3061 2351 3118 2398 et
3151 2346 3231 2400 sic
3282 2347 3437 2402 missi

1851 2423 1979 2468 sunt
2025 2417 2093 2471 ad
2143 2421 2648 2492 evangelizandum.
2701 2425 2877 2498 Caput
2938 2431 3082 2487 enim
3137 2435 3439 2508 principale

1849 2508 2048 2564 mentis
2086 2510 2364 2582 designat;
2396 2523 2452 2570 et
2477 2515 2620 2572 sicut
2647 2529 2828 2576 mente
2857 2537 3054 2593 corpus
3090 2527 3325 2596 regitur,
3357 2531 3434 2584 ita

1849 2611 1949 2666 per
1997 2601 2282 2674 episcopos
2307 2604 2552 2662 Ecclesia
2577 2647 2592 2674 ,
2620 2625 2743 2679 quae
2791 2621 2878 2668 est
2925 2629 3126 2685 corpus
3174 2617 3374 2673 Christi
3411 2660 3428 2684 ,

1849 2689 2074 2758 regitur.
2093 2693 2168 2749 De
2184 2695 2477 2753 hisPaulus
2495 2700 2770 2770 apostolus
2796 2703 2862 2757 ad
2891 2703 3071 2760 Titum
3097 2724 3110 2760 :
3143 2725 3161 2758 ι
3182 2707 3433 2778 Oportet,

1854 2781 2052 2850 inquit,
2083 2784 2397 2855 episcopum
2431 2787 2965 2858 irreprehensibilem
2993 2808 3134 2861 esse,
3163 2798 3301 2852 sicut
3327 2798 3426 2856 Dei

1848 2869 2283 2941 dispensatorem
2334 2875 2466 2947 (Tit.
2499 2878 2562 2950 ι).
2608 2898 2628 2933 ι
2667 2878 2736 2935 Ει
2776 2882 2844 2936 ad
2893 2883 3237 2949 Timotheum
3291 2889 3370 2944 ait
3413 2907 3428 2944 :

1853 2979 1872 3012 ι
1901 2961 1958 3017 Si
1984 2965 2107 3034 quis
2133 2967 2506 3038 episcopatum
2537 2970 2842 3040 desiderat,
2873 2973 3073 3033 bonum
3104 2994 3240 3050 opus
3283 2981 3432 3037 desi-

1846 3051 2028 3120 derat;
2079 3065 2296 3124 oportet
2329 3059 2474 3114 enim
2523 3061 2836 3132 episcopum
2889 3064 3420 3136 irreprehensibilem

1767 3169 1813 3232 C
1845 3157 1992 3209 esse,
2021 3145 2266 3202 sobrium
2289 3187 2306 3215 ,
2339 3150 2664 3220 prudentem
2691 3152 2746 3224 (1
2772 3153 2908 3210 Tim.
2937 3157 3048 3229 ιιι).
3087 3177 3106 3210 ι
3143 3161 3210 3216 Et
3238 3161 3368 3218 item
3412 3181 3429 3218 :

1853 3254 1872 3288 ι
1917 3237 2200 3296 Admoneo
2253 3250 2307 3298 te
2357 3252 2419 3298 ut
2469 3247 2765 3303 resuscites
2833 3251 3064 3320 gratiam
3092 3251 3187 3308 Dei
3217 3255 3444 3323 quatin,

1847 3336 1898 3384 te
1925 3337 2009 3384 est
2065 3345 2163 3400 per
2189 3333 2592 3402 impositionem
2625 3353 2882 3394 manuum
2903 3357 3148 3398 mearum
3175 3343 3265 3415 (II
3286 3345 3425 3402 Tim.

1846 3421 1907 3490 1).
1943 3440 1963 3474 ι
1997 3421 2116 3476 Jam
2148 3439 2278 3480 vero
2299 3465 2316 3490 ,
2348 3427 2490 3496 quod
2519 3429 2808 3486 saeculares
2832 3431 2934 3486 viri
2974 3448 3316 3506 nequaquam
3359 3439 3430 3494 ad

1844 3511 2206 3568 ministerium
2236 3514 2491 3572 Ecclesiae
2541 3530 2921 3587 assumantur,
2979 3525 3166 3579 eadem
3213 3537 3435 3595 aposto-

1843 3604 1952 3661 lica
2023 3609 2321 3665 auctoritas
2371 3611 2530 3666 docet
2567 3622 2624 3668 et
2676 3614 2808 3669 dicit
2849 3632 2862 3669 :
2903 3635 2921 3666 ι
2971 3616 3160 3673 Manus
3222 3620 3432 3676 nemini

1843 3695 1952 3750 cito
1999 3695 2318 3767 imposueris
2359 3699 2412 3771 (1
2466 3699 2602 3756 Tim.
2649 3702 2726 3773 v).
2787 3722 2805 3755 ι
2839 3704 2905 3758 Ει
2935 3706 3132 3762 iterum
3169 3726 3183 3762 :
3223 3727 3244 3762 ι
3299 3709 3423 3767 Non

1843 3785 2170 3856 neophytum
2197 3827 2212 3853 ,
2248 3803 2316 3842 ne
2361 3788 2415 3842 in
2446 3790 2697 3859 superbia
2740 3791 2913 3848 elatus
2940 3794 2996 3866 (1
3042 3794 3182 3852 Tim.
3220 3799 3306 3869 ιιι)
3331 3839 3348 3865 ,
3401 3819 3422 3852 ι

1843 3883 1998 3942 putet
2053 3891 2114 3931 se
2165 3893 2272 3931 non
2312 3887 2421 3932 tam
2477 3881 2840 3938 ministerium
2888 3885 3211 3945 humilitatis
3261 3905 3428 3960 quam

1843 3963 2369 4022 administrationem
2395 3970 2670 4027 saecularis
2694 3976 2983 4042 potestatis
3025 3978 3282 4050 adeptum
3311 4022 3327 4048 ,
3370 3996 3430 4041 et

1844 4053 1899 4109 in
1951 4058 2463 4116 condemnationem
2495 4066 2767 4134 superbire
2822 4068 2966 4124 sicut
3023 4072 3272 4130 diabolus
3320 4093 3422 4146 per

1836 4143 2158 4214 jactantiam
2208 4151 2516 4219 dejiciatur.
2556 4154 2670 4211 Non
2711 4158 2857 4212 enim
2897 4159 3098 4217 valebit
3149 4143 3429 4225 saecularis

1845 4237 2011 4292 homo
2049 4241 2348 4297 'sacerdotii
2377 4243 2748 4314 magisterium
2802 4247 3026 4319 implere
3054 4293 3069 4315 ,
3124 4255 3280 4324 cujus
3325 4273 3430 4314 nec

1840 4325 2074 4383 cilicium
2107 4332 2295 4396 lenuit,
2328 4348 2429 4388 nec
2455 4335 2796 4406 disciplinam
2824 4343 3100 4411 cognovit,
3134 4347 3230 4401 sed
3249 4362 3430 4419 neque

1842 4420 2038 4477 docere
2066 4432 2238 4491 potest
2260 4426 2402 4494 quod
2438 4441 2544 4481 non
2577 4429 2784 4486 didicit.

157 4517 638 4624 l%ler,l,n'Aaron
671 4565 876 4633 primus
916 4567 968 4618 in
1011 4566 1124 4636 lege
1155 4570 1487 4625 sacerdotale
1542 4587 1738 4626 nomen
1767 4517 1820 4577 θ
1916 4553 2070 4620 Quod
2123 4571 2248 4609 cum
2303 4557 2377 4611 ita
2406 4559 2478 4614 sit
2504 4601 2520 4626 ,
2557 4562 2782 4617 stultum
2813 4574 2869 4620 et
2895 4570 3112 4624 cunctis
3139 4575 3428 4630 catholicis

157 4627 162 4650 l

169 4647 392 4714 accepit,
423 4654 739 4722 primusque
765 4655 1061 4724 pontificali
1082 4657 1217 4712 stola
1247 4658 1467 4714 indutus
1489 4660 1741 4718 victimas

165 4730 374 4822 obtulit,
405 4743 620 4800 dicente
653 4746 880 4801 Domino
923 4749 990 4802 ad
1019 4747 1239 4819 Moysen
1271 4769 1282 4803 :
1320 4769 1338 4801 ι
1378 4751 1578 4822 Accipe
1609 4793 1624 4815 ,
1656 4753 1738 4806 in-

166 4821 297 4884 ‘luit,
328 4829 511 4888 Aaron
537 4843 595 4890 et
625 4835 768 4891 ﬁlios
795 4835 912 4904 eius
937 4878 951 4903 ,
985 4849 1041 4892 ct
1094 4839 1393 4910 applicabis
1438 4821 1736 4897 adiostium

169 4910 492 5000 tabernaculi
525 4927 836 4981 testimonii.
861 4927 1106 4999 Cumque
1139 4930 1336 4986 laveris
1371 4940 1581 5000 patrem
1613 4947 1736 4986 cum

157 4989 287 5054 “iis
323 5013 484 5078 aq’ua,
515 5013 707 5068 indues
735 5013 913 5066 Aaron
949 4989 1290 5071 vestimentis
1320 5018 1433 5072 suis
1458 5058 1471 5082 ,
1519 5018 1571 5072 id
1609 5025 1693 5073 est
1716 5059 1732 5083 ,

162 5087 335 5161 mea.
365 5112 419 5155 ct
471 5107 686 5172 tunica,
729 5114 786 5158 et
828 5110 1272 5175 superhumerale
1319 5121 1374 5164 ct
1426 5112 1689 5169 rationale
1718 5153 1734 5179 ,

165 5183 304 5276 ‘luOd
333 5196 670 5268 constringes
695 5195 906 5260 balteo;
953 5209 1011 5255 et
1040 5216 1210 5272 pones
1242 5203 1440 5259 tiaram
1475 5207 1527 5262 in
1559 5206 1736 5275 capite

1844 4644 2210 4702 abominabile
2251 4649 2310 4703 fit
2351 4654 2493 4719 quod
2527 4657 2730 4723 putatis
2758 4671 2854 4712 vos
2904 4675 3064 4729 posse
3110 4664 3238 4718 dare
3285 4668 3431 4736 quod

1844 4750 1950 4789 non
1993 4738 2315 4806 accepistis;
2375 4757 2474 4796 nec
2522 4745 2720 4813 quibus
2753 4748 2804 4800 iu
2865 4749 3000 4806 locis
3029 4793 3044 4817 ,
3081 4770 3180 4807 nec
3229 4760 3430 4824 quibus

1846 4827 2119 4883 ministris
2146 4830 2305 4885 detur
2341 4834 2554 4904 aliquod
2588 4838 2776 4906 gratiae
2803 4839 3002 4895 donum
3023 4883 3038 4906 ,
3065 4841 3431 4901 differentiam
3471 4888 3475 4900 .

1849 4919 2056 4988 facitis;
2097 4923 2192 4977 sed
2219 4924 2272 4978 in
2303 4923 2460 4990 lucis,
2485 4940 2577 4981 aut
2608 4930 2660 4982 in
2691 4931 2917 4994 breviis.
2956 4943 3049 4987 aut
3074 4936 3237 4987 etiam
3286 4938 3436 4994 intra
3475 4998 3479 5026 l

1845 5016 2100 5085 pudenda
2130 5026 2279 5084 septa
2307 5017 2628 5073 lalriuamm
2668 5030 2879 5075 vestras
2925 5025 3240 5093 phantasias
3267 5039 3437 5100 atque
3473 5016 3491 5071 λ

1846 5111 2148 5178 sacrilegas
2186 5107 2601 5173 incantationes,
2631 5110 2785 5180 quasi
2813 5115 3091 5180 quoddam
3122 5119 3439 5177 sanctifica-

1847 5200 2013 5257 tionis
2069 5196 2421 5265 mysterium,
2474 5214 2635 5267 super
2679 5213 2774 5254 eos
2827 5204 2992 5272 agitis
3043 5217 3180 5271 quos
3230 5212 3444 5265 erroris
