4024 5370
535 321 670 378 1293

1057 430 1160 485 \‘ll.
1197 430 1270 483 De
1307 428 1595 499 sepultura.
1677 438 1699 461 ⁸

601 528 678 582 De
702 524 981 595 sepultura
1010 523 1175 575 etiam
1204 562 1218 585 ,
1250 536 1414 601 quam
1461 527 1660 590 prmler
1708 517 1881 572 ullum
1926 513 2119 573 salutis

532 614 909 686 compendium
946 611 1191 665 avaritia:
1221 609 1565 664 sacerdotum
1589 607 1884 672 ascribitis,
1915 618 2120 660 sermo—

534 707 861 764 cinabimur.
906 702 1172 757 Asseritis
1219 702 1435 771 quidem
1485 700 1621 753 nihil
1668 698 1890 754 differre
1940 706 2120 767 utrum

537 796 740 853 mortui
778 794 834 848 iu
895 793 1053 847 atriis
1074 792 1269 846 domus
1292 789 1528 852 Domini,
1561 805 1629 843 an
1658 788 1780 842 aliis
1808 788 1861 841 in
1894 787 2122 856 quibus-

530 889 667 945 libet
692 886 828 941 locis
878 883 1210 954 sepeliantur
1245 920 1260 945 ,
1289 880 1552 951 fingentes
1605 878 1810 933 nullum
1862 876 2123 947 pnetendi

529 976 855 1050 mysterium
898 972 1232 1036 sanctitatis,
1260 979 1460 1040 praeter
1492 969 1637 1039 quod
1670 969 1737 1023 de
1769 966 1887 1037 ipso
1943 964 2121 1038 pretio

532 1068 852 1128 Sacerdotes
880 1064 983 1120 sibi
1021 1069 1353 1119 coacervant
1378 1060 1688 1130 pecuniam.
1715 1058 1822 1113 Sed
1854 1056 1899 1112 si
1922 1063 2126 1112 sanctae

534 1160 729 1218 matris
781 1155 1042 1215 Ecclesia:
1129 1154 1308 1209 sinuin
1384 1151 1634 1206 ﬁdelibus
1685 1150 1824 1204 vivis
1862 1149 2126 1219 derogare

538 1249 875 1323 praesumitis
909 1288 925 1314 ,
977 1261 1081 1303 nec
1138 1244 1337 1324 mirum
1412 1243 1456 1298 si
1514 1242 1680 1296 vultis
1738 1240 2002 1309 derogare
2064 1238 2128 1291 ‘et

535 1342 827 1401 defunctis.
860 1340 1087 1405 Verum,
1116 1338 1243 1409 quia
1272 1336 1340 1392 de
1368 1334 1611 1391 Ecclesia
1643 1332 1893 1403 superius
1938 1330 2127 1385 certis-

540 1437 680 1491 sime
709 1433 1085 1497 tractavimus,
1108 1430 1177 1486 de
1206 1428 1484 1500 sepultura
1524 1426 1688 1482 etiam
1716 1424 1920 1494 aliquid
1957 1422 2128 1477 disse-

536 1542 742 1583 ramus.
783 1525 959 1581 Porro
991 1538 1115 1579 cum
1171 1521 1358 1577 fideles
1409 1519 1712 1575 Christiani
1772 1517 2127 1588 temporalem

538 1619 718 1673 vitam
779 1617 835 1671 in
879 1614 1091 1670 unitate
1134 1612 1371 1683 Spiritus
1430 1611 1606 1666 sancti
1686 1609 1789 1666 sub
1867 1608 2131 1680 mysterio

543 1704 829 1762 catholicae
901 1701 1028 1759 ﬁdei
1072 1701 1127 1756 in
1173 1701 1278 1757 hac
1332 1699 1616 1770 temporali
1687 1697 1927 1753 Ecclesia
1983 1712 2132 1752 coni-

1450 308 1814 369 GERARDII
1852 310 2380 369 CAMERACENSIS
2418 310 2725 366 EPISCOI'I

2142 426 2194 484 Α
2291 421 2444 489 Quod
2470 424 2513 478 si
2537 423 2810 477 Abraham
2838 422 3143 492 sepulcrum
3169 420 3268 476 sibi
3293 419 3470 490 pretio
3492 418 3806 480 coemisset,

3671 305 3810 359 I296

2220 530 2342 570 eum
2367 517 2536 586 gratis
2560 526 2746 585 posset
2777 515 2998 580 habere,
3029 530 3127 568 cur
3165 530 3269 568 non
3297 514 3480 583 potius
3522 522 3580 567 et
3611 527 3715 567 nos
3759 514 3811 566 in

2221 605 2513 675 sepulturis
2556 607 2760 661 nostris
2804 615 3046 661 sanctam
3093 605 3387 660 Ecclesium
3408 604 3659 674 quolibet
3696 620 3813 658 tnu-

2222 712 2355 752 nere
2382 697 2727 760 donabimus,
2759 697 2903 767 quod
2928 706 2982 751 et
3007 696 3074 751 ad
3119 696 3415 751 remedium
3446 696 3609 762 vivis,
3658 706 3715 750 et
3744 696 3813 750 ad

2220 786 2435 841 veniam
2460 786 2629 856 prosit
2651 786 2956 842 defunctis?
2981 785 3037 842 Si
3076 795 3261 841 autem
3287 784 3524 853 objicitis
3546 785 3679 856 quia
3709 787 3813 841 hoc

2223 878 2397 947 magis
2425 877 2651 933 avaritia
2697 877 3041 933 sacerdotum
3087 876 3278 946 exigit,
3311 891 3414 931 nec
3456 876 3684 946 quidem
3713 892 3816 931 nos

2223 984 2490 1041 negamus
2548 970 2677 1039 quin
2709 968 2875 1040 aliqui
2907 968 3010 1025 hoc
3041 966 3275 1034 faciant;
3309 966 3515 1022 faciunt
3542 968 3692 1022 enim
3717 969 3817 1021 ali-

2224 1060 2337 1130 qui.
2373 1059 2484 1117 Nec
2525 1061 2748 1127 mirum,
2778 1075 2902 1116 cum
2940 1074 3005 1115 ex
3051 1058 3333 1115 duodecim
3381 1058 3651 1127 apostolis
3676 1074 3818 1115 unus

2226 1154 2468 1210 avaritiae
2494 1154 2778 1211 inhiasset.
2811 1154 3104 1210 Sciendum
3131 1167 3263 1208 vero
3282 1153 3435 1223 quod
3478 1153 3619 1209 vitio
3645 1153 3819 1209 malo-

2226 1263 2346 1302 rum
2381 1249 2506 1303 boui
2535 1247 2821 1318 depravari
2850 1263 2960 1304 non
2984 1248 3199 1313 debent,
3223 1255 3317 1302 aut
3345 1247 3527 1302 divina
3554 1248 3816 1319 mysteria

2227 1335 2499 1392 infamari.
2549 1337 2823 1409 Quidquid
2868 1336 3012 1393 enim
3063 1336 3156 1393 fiet
3198 1337 3253 1392 in
3308 1337 3531 1394 nomine
3579 1337 3819 1400 Domini,

2226 1428 2449 1499 praemio
2475 1430 2710 1485 vacabit.
2742 1428 2787 1485 Ο
2828 1443 2926 1485 vos
2953 1429 3082 1485 cmci
3115 1437 3170 1483 et
3199 1438 3470 1496 errantes,
3518 1428 3821 1485 Dominicis

2227 1522 2411 1576 verbis
2459 1536 2557 1578 vos
2603 1522 2852 1593 increpo!
2902 1520 3220 1577 Nescientes
3269 1520 3463 1593 legem,
3495 1535 3675 1591 quare
3712 1536 3819 1575 non

2230 1613 2550 1668 scrutamiui
2594 1613 2944 1684 Scripturas?
2993 1612 3105 1668 Hoc
3137 1613 3300 1668 habet
3343 1612 3502 1683 plane
3548 1612 3689 1667 liber
3715 1611 3823 1667 Re-

2232 1715 2379 1771 gum,
2411 1701 2555 1771 quod
2584 1717 2739 1774 reges
2762 1700 3070 1757 israelitica:
3087 1700 3260 1771 plebis
3286 1701 3341 1756 in
3364 1716 3472 1755 uno
3491 1699 3615 1756 loco
3630 1716 3824 1756 omnes

542 1797 785 1853 mlmilel‘
843 1794 1087 1864 exigunt.
1124 1800 1184 1847 ιιι
1237 1805 1335 1863 Per
1386 1792 1531 1847 hanc
1578 1790 1646 1846 ad
1677 1789 1956 1845 C(EleSlem
2005 1803 2128 1858 pcr-
2160 1774 2614 1862 Bsepelirentur,
2671 1794 2913 1864 exceptis
2971 1794 3155 1864 pravis
3209 1804 3265 1850 et
3321 1793 3818 1863 impasnitentibus.

540 1887 812 1952 veniant,
884 1883 974 1940 ubi
1004 1923 1020 1950 ,
1098 1896 1234 1954 rogo
1265 1922 1281 1949 ,
1351 1881 1553 1937 debent
1626 1894 1856 1950 corpora
1936 1892 2128 1933 eorum

538 1990 668 2051 post
718 1976 1102 2033 resolutionem
1164 1975 1368 2031 rectius
1422 1989 1587 2045 quam
1646 1974 1700 2027 in
1757 1974 1877 2028 sinu
1934 1973 2129 2026 matris

546 2068 810 2125 Ecclesia:
852 2066 1142 2122 tumulari?
1201 2065 1355 2119 Sicut
1410 2065 1556 2120 enim
1616 2062 1900 2135 temporali
1949 2061 2127 2117 eccle-

549 2162 648 2217 siae
705 2158 1081 2230 temporaliter
1130 2158 1365 2214 vivendo
1416 2174 1514 2228 per
1574 2157 1736 2215 fidem
1806 2159 2125 2222 adbterent,

541 2253 618 2308 ita
669 2260 725 2307 et
766 2250 1139 2322 temporaliter
1194 2250 1477 2306 moriendo
1528 2251 1582 2305 in
1634 2250 1758 2307 sinu
1807 2250 1982 2321 ipsius
2034 2263 2127 2303 re-

543 2343 849 2414 quiescunt,
878 2343 1022 2399 diem
1048 2341 1301 2397 videlicet
1328 2341 1747 2398 resurrectionis
1779 2350 1835 2396 et
1868 2341 2137 2410 intempo-

550 2436 685 2492 ralis
717 2436 970 2493 Ecclesiae
1013 2434 1237 2507 gloriam
1279 2443 1679 2505 exspectantes.
1723 2431 1851 2489 Haec
1876 2440 1961 2488 est
1989 2431 2133 2488 enim

550 2537 731 2585 mater
753 2526 1111 2592 credentium,
1150 2542 1271 2598 quae
1297 2536 1455 2582 natos
1496 2527 1562 2581 ad
1594 2534 1824 2582 mortem
1851 2531 2137 2595 regenerat

551 2623 621 2679 ad
650 2621 1133 2688 immortalitatem,
1160 2635 1279 2691 qua:
1303 2619 1535 2674 filiorum
1556 2632 1782 2689 corpora
1806 2626 1987 2673 servat
2006 2630 2137 2671 sane

550 2715 622 2771 ad
662 2723 873 2784 tempus
923 2713 1119 2783 sopita,
1152 2713 1205 2767 in
1257 2709 1494 2783 generali
1527 2719 1707 2765 tamen
1740 2708 2137 2764 resurrectione

549 2806 620 2862 ad
649 2803 1152 2862 immarcessibilem
1182 2802 1409 2875 gloriam
1448 2800 1781 2857 suscitanda.
1821 2798 1878 2855 Si
1920 2812 2050 2869 ergo
2083 2798 2135 2852 in

552 2905 705 2953 tanto
731 2897 938 2951 lumine
966 2895 1214 2950 veritatis
1255 2893 1543 2965 caliginem
1591 2891 1799 2947 erroris
1842 2905 1946 2945 non
1977 2891 2139 2959 depo-

559 2990 712 3056 nitis,
743 2989 907 3045 dicite
934 2987 1078 3043 unde
1102 2986 1324 3057 spiritus
1345 2986 1471 3039 vita:
1494 2994 1711 3039 :eternae
1740 2983 1893 3038 vobis
1916 2981 2141 3053 promit-

556 3078 695 3134 titis.
717 3077 776 3131 In
808 3085 994 3132 sancta
1021 3076 1221 3146 quippe
1246 3074 1488 3143 Ecclesia
1513 3074 1623 3128 Deo
1651 3071 2139 3135 renatioﬂ'erimus,

808 3124 994 3132 ν--η--
1025 3124 1220 3146 ςι--νιτν
1247 3124 1488 3143 "nm-.77
1516 3124 1539 3127 -
1565 3124 1617 3128 η
1880 3124 1885 3125 7
1928 3124 1933 3125 7
1982 3124 1985 3125 7
2126 3124 2138 3135 .

558 3179 614 3225 et
639 3184 737 3240 per
760 3169 930 3239 ipsam
954 3167 1109 3236 juxta
1141 3167 1241 3237 piae
1266 3164 1700 3221 conversationis
1731 3163 2047 3233 qualitatem
2075 3162 2140 3215 ad
2169 3124 2214 3186 ο

553 3263 917 3321 aeternitatem
944 3260 1233 3315 tendimus.
1260 3259 1524 3315 Cmterum
1557 3275 1679 3314 cum
1712 3258 2058 3319 resolvimur,
2091 3257 2143 3310 in

557 3334 679 3425 ipsa
732 3350 925 3421 sepulti
975 3350 1330 3420 quiescimus,
1383 3359 1438 3404 et
1484 3350 1639 3419 juxta
1689 3349 1923 3418 speciem
1956 3347 2147 3402 mortis

558 3443 836 3498 imitamur
865 3439 1059 3494 futura:
1088 3440 1430 3495 beatudiuem
1470 3439 1908 3494 resurrectionis.

631 3532 734 3599 Qui
768 3546 897 3601 ergo
922 3531 1024 3584 hoc
1047 3530 1372 3586 Christiana:
1402 3529 1525 3585 tidci
1558 3530 1775 3585 unicum
1814 3533 2009 3600 pignus
2038 3546 2145 3585 non

561 3622 931 3694 amplectitur,
948 3637 975 3675 a
993 3637 1256 3693 compage
1285 3622 1529 3691 corporis
1550 3621 1750 3677 Christi
1777 3622 1961 3692 procul
1985 3621 2149 3678 dubio

562 3714 859 3770 divellitnr.
892 3712 973 3767 Ad
1000 3711 1159 3780 hujus
1190 3727 1320 3766 vero
1349 3712 1472 3767 fidei
1505 3714 1767 3768 unitatem
1800 3725 1951 3782 pater
1978 3712 2150 3766 Abra-

564 3803 690 3856 ham
721 3815 779 3857 se
804 3809 1033 3856 noverat
1054 3800 1445 3870 colligendum,
1470 3815 1592 3856 cum
1624 3802 1692 3854 ah
1716 3801 1935 3870 Ephrou
1968 3800 2147 3870 dupli-

564 3907 681 3946 cem
736 3890 1067 3960 sepulturam
1123 3898 1362 3956 emeret;
1419 3904 1581 3958 quam
1638 3891 1739 3945 etsi
1796 3890 1915 3945 sine
1972 3890 2149 3959 pretio

564 3989 750 4049 posset
784 3981 1006 4045 habere,
1042 3989 1251 4045 tamen,
1286 3995 1353 4035 ne
1396 3994 1517 4033 cum
1570 3978 1832 4049 improbis
1877 3980 2152 4034 videretur

562 4070 899 4140 participari,
918 4069 1207 4125 aastimavit
1228 4070 1409 4139 potius
1434 4085 1770 4139 comparare.
1791 4070 1866 4125 lbi
1892 4071 2149 4125 nimirum

565 4164 757 4217 Suram
788 4177 1013 4217 uxorem
1038 4161 1313 4231 sepelivit,
1336 4169 1388 4216 et
1417 4161 1531 4232 ipse
1562 4170 1747 4231 postea
1775 4160 2017 4231 sepultus
2044 4169 2147 4228 est,

564 4270 777 4311 necnon
803 4253 957 4309 Isaac
992 4268 1116 4308 cum
1148 4253 1417 4307 Rebecca.
1450 4253 1580 4307 llluc
1608 4252 1771 4306 etiam
1801 4251 1988 4317 Jacoh,
2024 4268 2147 4307 cum

565 4348 624 4401 in
655 4344 891 4415 Egypto
920 4344 1053 4398 mori
1100 4343 1402 4407 debuisset,
1441 4342 1579 4397 filios
1608 4358 1735 4398 suos
1781 4342 2147 4411 sepeliendum

2235 1884 2387 1952 Quod
2410 1885 2454 1939 si
2479 1885 2809 1955 preniteutes
2830 1885 3067 1940 admissa
3086 1884 3445 1947 correxerint,
3459 1900 3587 1939 cum
3608 1883 3822 1938 caeteris

2232 1974 2565 2046 sepulturam
2614 1976 2963 2031 sortirentur.
2995 1972 3151 2030 Unde
3200 1973 3365 2029 datur
3390 1973 3622 2044 intelligi
3653 1974 3819 2043 quod,

2232 2084 2353 2124 cum
2383 2066 2637 2123 Salomon
2659 2083 2780 2124 cum
2808 2068 3023 2124 caeteris
3049 2066 3365 2132 tumuletur,
3378 2067 3613 2147 .veniam
3640 2066 3822 2121 crimi-

2233 2176 2364 2214 num
2404 2160 2716 2227 meruisset,
2763 2160 2891 2217 licet
2918 2176 3015 2216 sua
3046 2160 3365 2230 paenitentia
3420 2174 3528 2215 non
3592 2159 3818 2230 legatur.

2232 2250 2315 2306 Ad
2348 2251 2452 2306 hoc
2479 2261 2659 2306 autem
2692 2261 2746 2306 et
2786 2251 2891 2306 alia
2923 2250 3090 2305 multa
3132 2265 3254 2320 quae
3307 2250 3374 2305 de
3421 2249 3702 2318 sepultura
3732 2263 3822 2304 oc-

2233 2355 2461 2402 currunt
2489 2347 2768 2418 mysteria,
2797 2346 2964 2415 ipsius
3005 2344 3305 2400 Salvatoris
3343 2360 3410 2399 eo
3452 2345 3625 2398 etiam
3667 2342 3822 2398 aﬂuit

2234 2438 2755 2509 providentia,quod
2776 2454 2909 2493 crux
2932 2449 3118 2492 sancta
3142 2438 3194 2492 in
3218 2454 3324 2508 qua
3350 2438 3633 2507 pependit,
3664 2452 3826 2506 super

2238 2530 2503 2585 tumulum
2534 2531 2936 2602 protoparentis
2964 2530 3161 2595 Adam,
3204 2539 3263 2585 ut
3291 2531 3518 2585 tradunt
3545 2531 3822 2593 doctores,

2238 2620 2518 2689 figeretur.
2548 2619 2659 2675 Nec
2686 2630 2844 2677 vacat
2867 2620 3011 2690 quod
3040 2620 3215 2689 pretio
3239 2618 3357 2687 ejus
3389 2622 3678 2691 sanguinis
3698 2635 3826 2690 ager

2239 2709 2567 2767 llaceldania
2594 2712 2813 2777 emitur,
2837 2711 2925 2766 ubi
2951 2712 3357 2780 peregrinorum
3389 2727 3623 2781 corpora
3650 2719 3824 2765 tumn-

2240 2800 2419 2854 lautur
2446 2818 2459 2853 :
2488 2817 2675 2855 revera
2702 2801 2846 2855 enim
2876 2800 2994 2869 ejus
3033 2801 3294 2870 sanguine
3337 2800 3581 2857 Ecclesia
3609 2816 3823 2872 compa-

2241 2902 2424 2957 ratur,
2458 2892 2510 2945 in
2539 2890 2695 2961 cujus
2726 2893 2846 2946 sinu
2882 2908 3147 2962 pauperes
3176 2892 3376 2949 Christi
3404 2894 3723 2963 quiescunt.

2739 2981 2869 3037 VIII.
2900 2980 2979 3035 De
3007 2983 3327 3051 paenitentia.

2316 3073 2582 3141 Quoniam
2623 3073 2839 3142 quidem
2885 3073 3134 3142 superius
3168 3076 3603 3145 regenerationis
3632 3086 3824 3147 myste-

2247 3167 2386 3221 rium
2434 3166 2565 3220 nihil
2601 3180 2722 3220 esse
2756 3165 2992 3232 dixistis,
3022 3165 3091 3220 ob
3141 3166 3284 3221 hanc
3328 3167 3541 3223 scilicet
3587 3184 3820 3234 causam,

2245 3262 2369 3329 quia
2399 3258 2660 3329 quidquid
2689 3274 2756 3313 ex
2785 3259 3040 3329 operibus
3068 3259 3281 3316 Satanas
3302 3260 3664 3320 baptizandus
3687 3264 3824 3320 abdi-

2246 3367 2373 3407 care
2399 3367 2458 3406 se
2483 3351 2790 3420 profitetur,
2818 3353 3159 3422 postmodum
3197 3353 3251 3407 in
3295 3354 3406 3408 vita
3446 3366 3698 3425 repetere
3726 3373 3822 3413 non

2249 3444 2431 3497 timet:
2461 3458 2528 3497 ex
2556 3458 2659 3513 qua
2706 3442 2976 3498 sententia
3007 3443 3341 3514 poenitentiae
3386 3447 3656 3517 derogare
3683 3450 3820 3503 vide-

2246 3536 2377 3590 mini
2405 3545 2459 3590 et
2484 3537 2698 3592 caeteris
2728 3551 2847 3606 quae
2878 3535 3021 3592 Deus
3084 3538 3152 3593 ad
3195 3541 3541 3609 peccantium
3592 3543 3823 3599 reconci-

2248 3625 2522 3680 liationem
2555 3627 2792 3682 remedia
2815 3628 3071 3694 contulit;
3092 3637 3261 3684 restat
3283 3630 3443 3685 nobis
3466 3630 3647 3687 adhuc
3667 3648 3825 3702 super

2250 3715 2554 3783 hujusmodi
2612 3717 2886 3773 insudare.
2943 3717 3183 3774 Necdum
3233 3704 3391 3775 enim
3436 3722 3824 3779 incredulitatis

2248 3807 2442 3863 vulnus
2471 3810 2538 3865 ad
2565 3810 2746 3865 vivum
2780 3824 2955 3881 usque
2976 3812 3282 3882 attigimus,
3311 3813 3453 3881 quod
3481 3814 3704 3882 quidem
3733 3831 3821 3869 nos

2250 3898 2572 3956 inedicantis
2615 3901 2766 3956 verbi
2826 3899 3161 3957 ferramento
3207 3919 3344 3972 opus
3399 3915 3487 3960 est
3532 3906 3819 3970 recludere,

2251 3989 2392 4042 unde
2419 3988 2637 4044 latentis
2658 3991 2962 4059 putredinis
2989 3994 3171 4048 sanies
3200 3992 3253 4047 in
3279 4004 3529 4062 apertum
3556 4006 3818 4066 erumpat.

2252 4076 2440 4134 Sciens
2467 4092 2614 4136 certe
2638 4081 2819 4136 divina
2849 4083 3187 4151 providentia
3220 4086 3516 4150 neminem,
3543 4089 3820 4158 baptisma-

2253 4171 2322 4225 tis
2347 4172 2521 4241 gratia
2551 4184 2890 4238 renovatum,
2916 4176 2984 4230 ad
3009 4178 3344 4246 superandus
3375 4178 3579 4233 diaboli
3612 4180 3822 4235 insidias

2251 4268 2306 4315 et
2334 4261 2624 4316 vincendas
2654 4263 2837 4318 carnis
2865 4266 3335 4336 concupiscentias
3381 4281 3505 4322 esse
3558 4269 3820 4334 idoneum,

2253 4368 2319 4406 ne
2342 4352 2463 4421 quis
2481 4361 2603 4424 post
2628 4353 2838 4424 lapsum
2861 4355 2914 4409 in
2941 4356 3336 4426 desperationis
3358 4357 3574 4414 foveam
3595 4370 3820 4423 corruat,

567 4452 629 4491 se
658 4436 921 4505 reportari
956 4434 1308 4489 commonuit.
1342 4432 1611 4504 Josephus
1639 4449 1785 4498 vero,
1822 4434 1964 4488 filius
1994 4449 2137 4499 suus1

2255 4444 2514 4500 adversus
2542 4445 2753 4516 singula
2781 4446 3038 4503 vitiorum
3083 4448 3311 4511 vulnera
3354 4451 3658 4506 reservavit
3709 4467 3819 4506 cono

570 4534 862 4595 antequam
903 4536 1227 4590 moreretur,
1257 4525 1491 4595 quodam
1537 4525 1853 4596 prophetico
1902 4526 2143 4580 contuitu

570 4616 709 4675 dixit
736 4616 802 4669 ad
855 4614 1051 4670 fratres
1089 4630 1217 4669 suos
1251 4634 1264 4668 :
1307 4634 1323 4666 ι
1347 4614 1475 4669 Post
1521 4625 1748 4669 mortem
1791 4629 1964 4669 meam
2003 4613 2147 4670 Deus

528 4690 814 4762 .svisitabit
852 4718 969 4767 vos,
999 4711 1055 4757 et
1084 4702 1380 4757 ascendere
1431 4702 1597 4758 faciet
1636 4705 1702 4759 de
1749 4712 1890 4760 terra
1934 4704 2037 4758 ista
2077 4703 2144 4757 ad

569 4807 772 4853 terram
812 4811 973 4868 quam
1006 4794 1215 4866 juravit
1241 4794 1538 4860 Abraham,
1566 4795 1720 4853 Isaac
1756 4804 1811 4850 et
1845 4795 2013 4851 Jacob
2048 4810 2145 4865 pa-

568 4891 747 4947 tribus
773 4890 994 4945 nostris.
1034 4888 1279 4957 Cumque
1319 4888 1692 4955 ascenderitis,
1722 4898 1995 4959 asportate
2023 4903 2143 4944 ossa

570 4998 689 5014 ..νυνι
726 4984 1004 5016 uni-ianum
1048 4981 1115 5016 {In
1158 4980 1276 5016 Innn
1320 4979 1424 5018 icln
1464 4978 1595 5018 (non
1648 4979 1699 5020 l\
1745 5000 1763 5020 ι
1809 4983 1872 5020 ml
1920 4982 2150 5022 nutritam

2255 4534 2522 4590 venientia
2580 4539 2895 4604 reparanda:
2945 4537 3141 4593 salutis
3187 4540 3610 4603 medicamenta.
3642 4556 3821 4612 parans

2253 4628 2502 4697 superbis
2530 4626 2912 4694 humilitatem,
2937 4629 3135 4684 invidis
3158 4630 3508 4696 charitatem,
3539 4632 3821 4688 luxuriosis

2253 4719 2661 4784 continentiam,
2693 4719 2896 4790 gulosis
2922 4720 3336 4790 parcimoniatu,
3367 4721 3539 4793 lapsis
3560 4726 3817 4794 paenitea-

2255 4810 2406 4873 tiam,
2456 4818 2510 4865 et
2539 4811 2753 4866 caeteris
2801 4811 3102 4882 quibusque
3132 4811 3277 4867 vitiis
3306 4829 3546 4883 congrua
3600 4818 3817 4870 inedia-

2257 4908 2459 4967 menta,
2490 4916 2589 4972 per
2643 4917 2765 4972 qua:
2814 4912 3068 4972 peccator
3096 4903 3252 4974 quasi
3291 4903 3525 4973 quadam
3580 4904 3816 4975 baptismi

2255 4990 2667 5022 rnnnnnnnﬂnnn
2696 4991 2806 5022 “an
2832 4992 3214 5022 announ:l:nau-
3272 4992 3377 5022 αλιι

3423 5003 3478 5022 ..ι
3517 4994 3584 5022 Α..
3616 4996 3816 5022 -..Ικυτζρ
