4024 5370
261 250 393 307 1297

1374 253 1555 309 acra
1592 226 1848 310 svaoni
1880 253 2219 310 ATREBAT.

3359 245 3381 298 ι
3395 205 3499 298 ἐίοῇ

258 380 352 437 per
370 377 509 432 qum,
542 360 816 417 rcvelante
842 339 1148 434 Scriptura,
1175 353 1371 419 multos
1394 363 1461 418 de
1490 365 1694 419 tumulo
1736 365 1821 419 vi-
1850 372 1899 431 Α
1926 366 2368 429 commendaret,
2415 361 2660 434 praebens
2714 376 2812 432 per
2868 362 2974 416 hoc
3020 375 3214 431 magna
3256 336 3502 430 exempla

259 458 450 510 tiorum
479 460 532 511 et
556 463 727 509 morte
756 455 952 510 animae
977 454 1326 510 rcsuscitatos
1361 456 1731 525 cognovimus,
1760 456 1827 512 de

256 546 449 616 quibus
498 543 721 609 multos,
750 555 875 599 ante
902 545 1223 601 electionem
1254 546 1306 599 in
1336 544 1540 600 malitia
1581 561 1677 600 sua
1706 560 1827 615 per-

257 637 534 699 durantes,
588 649 684 703 per
729 636 1102 705 paenitentiam
1153 635 1395 705 resipisci
1434 637 1821 706 cognovimus;

255 726 512 796 plurimos
540 740 670 779 vero
714 734 834 793 post
884 724 1203 780 electionem
1249 725 1445 794 lapsos,
1497 724 1593 780 sed
1636 734 1824 795 postea

256 815 585 887 poenitentiae
611 816 848 869 remedio
875 816 927 869 in
949 816 1235 885 pristinam
1267 816 1497 885 gratiam
1532 815 1823 870 relocatos.

260 907 333 964 De
356 907 551 975 quibus
579 906 795 960 beatum
826 905 1047 960 Petrum
1077 905 1308 975 primum
1350 905 1404 959 in
1457 905 1691 961 medium
1745 904 1828 959 in-

258 996 619 1060 troducimus,
679 996 802 1065 qui,
860 997 988 1050 dum
1039 996 1354 1066 paenitendo
1408 994 1560 1050 fleret
1612 994 1829 1064 culpam

256 1088 696 1159 negationis,non
721 1086 893 1140 solum
917 1086 1151 1156 priorem
1180 1087 1410 1157 gratiam
1432 1086 1827 1155 reimpetravit,

255 1179 346 1230 sed
376 1177 521 1231 inter
544 1190 738 1229 omnes
767 1174 933 1229 totius
961 1174 1235 1236 Ecclesiae,
1262 1189 1384 1244 qua:
1424 1174 1478 1228 in
1510 1175 1672 1229 terris
1694 1182 1750 1227 et
1774 1174 1833 1229 in

255 1267 404 1322 caelis
431 1276 536 1332 est,
569 1268 856 1336 primatum
888 1266 1117 1335 accepit.
1156 1265 1297 1332 Quin
1330 1265 1502 1319 etiam.
1546 1265 1831 1335 prodigum

256 1360 443 1422 filium,
496 1375 526 1411 a
576 1357 750 1426 gratia
798 1365 1022 1425 paterna
1079 1356 1374 1424 privatum,
1427 1355 1480 1408 in
1539 1353 1831 1423 Evangelia

255 1448 561 1502 audivimus
590 1445 903 1515 paenitendo
946 1459 1053 1499 non
1095 1444 1268 1498 solum
1316 1444 1368 1497 in
1402 1443 1631 1513 gratiam
1662 1441 1838 1511 patris

255 1536 494 1601 redisse,
538 1536 634 1590 sed
674 1544 729 1588 et
774 1533 966 1589 stolam
1011 1533 1265 1604 primam,
1318 1546 1481 1600 quam
1535 1530 1832 1594 amiserat,

253 1630 545 1700 recepisse.
576 1628 811 1682 Primam
838 1641 958 1681 cum
981 1625 1159 1689 audis,
1182 1639 1288 1678 non
1312 1638 1507 1678 novam
1539 1622 1831 1693 intelligas,

1928 472 2070 511 vera:
2096 455 2425 527 poenitentia:
2452 463 2505 511 et
2544 454 2929 509 documentum
2975 452 3164 521 ingens
3210 464 3501 531 regenera-

1929 546 2110 608 tionis,
2133 555 2293 615 atque
2322 544 2550 613 insignia
2576 540 2820 613 quaedam
2847 549 2904 596 et
2931 548 3132 610 tropma
3177 539 3409 595 visibilis
3447 538 3505 594 iu

1927 652 1993 692 eo
2021 636 2430 692 resurrectionis
2469 635 2778 690 ostendens.
2830 633 3032 687 Verum
3078 630 3313 701 qualiter
3361 630 3503 686 idem

1926 724 2162 781 Joannes
2202 722 2478 794 apostolus
2521 722 2710 793 angelo
2749 721 3005 776 Ecclesia:
3052 719 3247 790 Ephesi
3279 719 3505 784 scribat,

1928 814 2377 869 animadvertite:
2416 832 2433 863 ι
2468 811 2757 877 Memento,
2790 810 2986 880 inquit,
3027 810 3169 864 mule
3213 807 3503 871 excideris,

1929 913 1985 958 et
2010 920 2109 975 age
2149 903 2541 973 paenitentiam,
2588 913 2643 957 et
2688 903 2861 971 prima
2887 916 3051 971 opera
3092 899 3210 966 fac;
3263 898 3505 968 alioquin

1929 997 2141 1049 veniant
2174 994 2291 1059 tibi,
2320 1003 2377 1049 et
2420 993 2647 1048 movebo
2680 993 3065 1049 candelabrum
3100 1000 3250 1046 tuum
3291 990 3357 1045 de
3387 989 3510 1044 loco

1929 1086 2046 1154 ejus
2071 1087 2253 1155 (Apor.
2304 1084 2388 1155 ιι).
2442 1102 2461 1136 ι
2492 1084 2684 1139 Exstat
2717 1099 2907 1148 unum,
2955 1081 3097 1153 quod
3127 1081 3193 1135 ad
3223 1092 3506 1136 commen-

1930 1177 2161 1231 dandam
2189 1176 2517 1246 prenitentia:
2548 1175 2651 1229 vim
2683 1173 2930 1238 sufﬁciat,
2961 1172 3291 1241 exemplum.
3338 1169 3511 1225 Sena-

1931 1268 2067 1323 toris
2095 1265 2373 1335 cujusdam
2401 1265 2563 1319 tiliam
2612 1264 2723 1319 Deo
2752 1272 3125 1319 consecratam
3160 1261 3243 1315 vir
3267 1260 3506 1331 quidam,

1932 1356 2384 1426 concupiscentia:
2429 1355 2586 1409 furiis
2629 1355 2883 1425 agitatus,
2915 1352 3187 1422 quondam
3231 1365 3297 1405 eo
3343 1364 3512 1419 usque

1933 1446 2203 1501 adamavit
2230 1453 2287 1499 ut
2316 1459 2411 1515 per
2445 1443 2715 1499 maleficos
2740 1442 3074 1497 immundum
3097 1440 3346 1511 spiritum
3380 1455 3502 1494 con-

1931 1539 2154 1594 soleret.
2169 1536 2266 1591 Cui
2288 1551 2410 1592 cum
2436 1535 2659 1605 spiritus
2688 1534 2951 1605 malignus
2978 1531 3228 1588 desiderii
3258 1530 3510 1586 effectum

1932 1631 2294 1700 promitteret,
2332 1629 2381 1684 si
2407 1628 2626 1684 Christo
2660 1627 3043 1683 abrenuntiare
3083 1624 3259 1688 vellet,
3288 1623 3375 1678 ille
3403 1637 3511 1677 non

251 1717 344 1772 sed
375 1717 682 1785 antiquam,
713 1715 838 1784 quia
876 1713 1079 1783 prioris
1109 1711 1433 1767 innocentiae
1472 1721 1697 1774 vestem,
1726 1725 1830 1780 qua

1939 1722 2108 1777 solum
2150 1722 2438 1791 acquievit,
2485 1735 2672 1774 verum
2729 1717 3216 1775 abrenuntiationis
3268 1716 3515 1771 chartam

250 1821 309 1861 se
336 1805 614 1876 peccando
639 1803 1056 1873 exspoliaverat,
1090 1801 1400 1871 ptenitendo
1422 1800 1720 1871 reparavit.

322 1896 572 1965 Denique
617 1894 711 1965 qui
761 1892 1062 1949 doctrinam
1112 1889 1462 1961 apostolicam
1519 1890 1829 1959 suscipitis,

248 1992 462 2054 oportet
491 1983 680 2039 audire
719 1972 952 2052 q'ualiter
998 1981 1197 2037 Paulus
1224 1979 1580 2036 fornicantem
1607 1979 1831 2035 fratrem

249 2074 457 2144 oeuupel
471 2074 549 2129 lat
572 2075 640 2128 ad
661 2075 1040 2144 paenitentiam
1060 2091 1079 2127 :
1096 2092 1113 2124 ι
1135 2071 1388 2135 Omnino,
1403 2071 1599 2141 inquit,
1616 2072 1836 2125 auditur

250 2166 394 2221 inter
432 2180 538 2221 vos
579 2164 893 2230 fornicatio,
943 2172 996 2217 et
1025 2164 1148 2217 talis
1200 2161 1490 2217 fornicatio
1533 2160 1711 2229 qualis
1734 2175 1835 2214 nec

250 2256 389 2310 inter
414 2264 638 2326 gentes,
669 2256 745 2308 ita
766 2265 827 2308 ut
854 2270 1077 2309 uxorem
1126 2253 1296 2322 patris
1322 2250 1447 2321 quis
1476 2251 1743 2305 habuerit.
1770 2249 1838 2303 Et

249 2362 345 2402 vos
382 2345 559 2402 inﬂati
588 2347 719 2401 estis
746 2356 803 2400 et
833 2362 937 2399 nou
987 2344 1159 2413 magis
1204 2342 1409 2399 luctum
1457 2341 1749 2405 habuistis,
1779 2351 1839 2394 ut

254 2438 480 2494 tollatur
506 2438 571 2493 de
611 2438 789 2493 medio
814 2446 1054 2493 vestrum
1093 2437 1187 2506 qui
1231 2435 1337 2490 hoc
1373 2449 1510 2505 opus
1549 2433 1697 2488 fecit.
1727 2433 1838 2502 Ego

257 2529 477 2601 quidem
506 2528 703 2584 absens
729 2543 981 2598 corpore,
1009 2542 1248 2597 praesens
1270 2534 1450 2581 autem
1475 2525 1692 2595 spiritu,
1725 2522 1838 2591 jam

252 2621 516 2693 iudicavi.
544 2631 603 2677 ut
646 2637 904 2691 praesens,
951 2636 1073 2676 eum
1124 2621 1218 2691 qui
1263 2620 1345 2675 sic
1364 2626 1621 2689 operatus
1647 2623 1751 2680 est,
1784 2616 1837 2669 in

254 2713 480 2770 nomine
504 2711 710 2767 Domini
736 2712 906 2766 nostri
922 2710 1053 2766 .lesu
1077 2710 1300 2773 Christi,
1329 2706 1670 2779 congregatis
1689 2704 1841 2760 vobis

254 2814 310 2859 et
339 2819 462 2859 meo
494 2805 687 2874 spiritu
707 2819 828 2860 cum
856 2804 1053 2858 virtute
1077 2801 1286 2857 Domini
1315 2800 1464 2864 Jesu,
1501 2799 1714 2853 tradere
1742 2797 1841 2851 hu-

248 2893 497 2961 jusmodi
541 2892 756 2948 Satanae
805 2893 857 2946 in
913 2893 1188 2948 interitum
1254 2890 1458 2953 carnis,
1505 2900 1565 2943 ut
1618 2887 1842 2958 spiritus

254 2985 443 3040 salvus
478 2984 551 3039 sit
579 2984 633 3037 in
658 2982 744 3037 die
769 2982 979 3037 Domini
1009 2984 1181 3037 nostri
1206 2981 1333 3037 Jesu
1388 2980 1588 3037 Christi
1629 2978 1682 3052 (Ι
1711 2977 1836 3033 Cor.

1934 1827 2095 1865 manu
2120 1810 2336 1882 propria
2369 1810 2623 1880 scriptam
2662 1809 2737 1863 illi
2769 1809 3027 1872 donavit;
3075 1808 3261 1875 sicque
3286 1820 3515 1876 sponsos

1935 1902 2013 1955 ris
2034 1901 2119 1955 sui
2156 1909 2273 1954 arte
2325 1900 2551 1965 virginis
2595 1898 2913 1968 amplexum
2948 1896 3197 1965 adeptus,
3238 1910 3344 1949 non
3396 1903 3516 1963 post

1936 1990 2104 2044 multo
2133 2004 2316 2043 amare
2338 1986 2568 2041 deflebat
2584 1986 2756 2056 stupri
2788 1984 3035 2039 mercede
3060 1991 3335 2037 auctorem
3359 1996 3515 2034 suum

1935 2097 2184 2153 negasse.
2216 2079 2458 2134 Tandem
2482 2076 2857 2133 beatoBasilio
2908 2074 3261 2146 Cappadociae
3282 2072 3515 2128 civitatis

1936 2173 2189 2241 episcopo
2221 2184 2435 2225 omnem
2468 2169 2544 2224 rei
2581 2168 2825 2224 ordinem
2858 2166 3158 2230 confessus,
3204 2164 3515 2233 in‘quodam

1937 2261 2179 2317 conclavi
2208 2275 2311 2330 per
2338 2267 2448 2316 tres
2483 2259 2599 2314 dies
2632 2259 2732 2314 sub
2772 2258 3104 2329 poenitentiae
3144 2254 3517 2311 satisfactione

1937 2351 2255 2414 recluditur,
2304 2349 2409 2405 ubi'
2441 2348 2749 2404 infestantis
2796 2348 3022 2419 spiritus
3061 2348 3313 2402 convicia
3351 2346 3517 2400 multa

1939 2442 2159 2511 patitur.
2191 2440 2262 2494 At
2287 2440 2371 2493 vir
2398 2440 2609 2503 beatus,
2632 2448 2927 2495 convocata
2973 2438 3033 2491 in
3067 2436 3354 2492 ecclesiam
3383 2436 3516 2491 cleri

1941 2547 2003 2585 ac
2049 2530 2224 2601 populi
2274 2530 2633 2594 multitudine,
2662 2546 2767 2586 non
2795 2529 3001 2585 destitit
3038 2544 3197 2583 orare
3245 2526 3310 2580 ad
3342 2528 3517 2582 Domi-

1940 2637 2092 2687 num,
2124 2624 2292 2677 donec
2304 2620 2634 2678 validissimo
2656 2621 2916 2676 orationis
2941 2620 3234 2676 certamine
3259 2618 3517 2689 scriptum

1942 2715 2010 2771 de
2035 2728 2195 2768 manu
2225 2713 2423 2767 diaboli
2454 2713 2705 2777 extorsit,
2733 2720 2788 2766 et
2831 2712 3044 2768 cunctis
3072 2711 3407 2766 intuentibus
3426 2709 3517 2765 de-

1944 2805 2163 2859 missam
2192 2820 2288 2874 per
2314 2818 2492 2858 aerem
2521 2805 2766 2856 chartam
2797 2803 3019 2873 recepit.

2013 2895 2169 2950 Absit
2218 2895 2382 2965 igitur
2425 2909 2453 2947 a
2502 2893 2739 2963 fidelium
2782 2892 3054 2949 mentibus
3095 2894 3236 2950 hanc
3285 2900 3519 2946 vestram

1944 2983 2336 3039 exsecrabilem
2374 2982 2564 3038 audire
2584 2981 2911 3049 doctrinam,
2950 2991 3011 3037 ut
3035 2982 3221 3053 lapsis,
3252 2989 3373 3053 post
3410 2979 3518 3036 ele-

255 3078 329 3141 v).
366 3094 385 3125 ι
422 3073 493 3128 Et
515 3072 671 3127 alibi:
719 3090 738 3123 ι
794 3072 983 3129 Timeo
1032 3088 1119 3138 ne,
1169 3088 1297 3129 cum
1329 3087 1547 3135 venero,
1592 3069 1837 3128 humiliet
1863 3059 1909 3123 C
1940 3073 2591 3143 ctionem,pmniteutiam
2613 3081 2952 3144 nequaquam
2973 3071 3237 3143 proficere
3261 3071 3517 3127 credant!

253 3176 341 3219 uae
373 3162 522 3216 Deus
562 3162 699 3230 apud
755 3177 884 3225 vos;
934 3171 990 3217 et
1032 3161 1242 3232 lugeam
1286 3160 1485 3216 multos
1526 3175 1594 3215 ex
1626 3160 1711 3215 his
1745 3160 1839 3229 qui

254 3263 381 3307 ante
405 3261 785 3322 peccaverunt,
808 3262 864 3307 et
886 3268 989 3308 non
1018 3262 1247 3324 egerunt
1276 3255 1648 3325 paenitentiam
1676 3268 1838 3324 super

257 3342 689 3408 immunditiam,
755 3354 806 3398 et
853 3345 1286 3408 fornicationem,
1353 3352 1410 3400 et
1450 3343 1837 3413 impudentiam

254 3448 419 3502 quam
450 3440 736 3503 gesserunt
764 3433 849 3502 (ll
874 3433 995 3488 Cor.
1029 3434 1149 3505 xu).
1194 3454 1212 3486 ι
1268 3433 1406 3501 Quid
1449 3434 1593 3487 enim
1623 3432 1840 3489 tradere

254 3523 539 3578 hominem
584 3523 796 3577 Satanae
840 3524 891 3577 in
937 3524 1216 3578 interitum
1264 3523 1466 3587 carnis,
1512 3531 1571 3577 ut
1619 3523 1842 3592 spiritus

252 3613 440 3669 salvus
472 3615 581 3675 fiat,
610 3613 754 3667 aliud
780 3622 887 3677 est,
917 3613 1020 3668 nisi
1045 3615 1185 3669 hunc
1211 3613 1353 3683 quod
1380 3629 1475 3682 per
1505 3612 1843 3668 incontinen-

255 3706 391 3759 tiam
442 3704 624 3758 caruis
671 3703 994 3771 deliquerat,
1064 3720 1161 3775 per
1212 3702 1614 3759 tribulationem
1663 3703 1844 3759 carnis

254 3792 583 3862 [uenitcndo
609 3792 836 3858 diluere,
869 3804 926 3847 nt
952 3793 1134 3848 carnis
1165 3793 1435 3849 titillantis
1458 3793 1701 3864 rubigine
1730 3809 1841 3865 pce-

254 3881 503 3941 nitentia:
549 3882 763 3937 camino
809 3893 1055 3950 excocta,
1107 3884 1330 3956 spiritus
1375 3885 1562 3954 purior
1612 3884 1666 3938 in
1701 3885 1843 3939 diem

251 3971 472 4028 Domini
506 3971 684 4027 salvus
716 3973 851 4027 fiat?
885 3973 1037 4029 Unde
1073 3976 1210 4044 ipse,
1239 3974 1583 4044 postmodum
1628 3974 1758 4029 dicit
1785 3988 1845 4030 se

256 4063 457 4118 timere
490 4078 558 4117 ne
588 4062 768 4132 lugeat
794 4063 861 4117 de
887 4077 1072 4118 eorum
1100 4064 1321 4119 interitu
1357 4065 1445 4134 qui
1478 4079 1582 4118 non
1619 4074 1845 4134 egerunt

251 4154 640 4226 pmuitentiam
691 4171 853 4226 super
893 4157 1289 4213 immunditiam
1334 4168 1391 4212 et
1427 4157 1841 4213 fornicationem
1883 4208 1887 4212 .

254 4260 438 4303 suam.

323 4334 574 4403 Denique
599 4335 652 4388 in
681 4335 1047 4391 ecclesiasﬁca
1095 4335 1331 4392 Historia
1376 4338 1661 4407 quemdam
1684 4338 1843 4407 juve-

1939 3181 2060 3220 cum
2089 3165 2207 3220 luce
2227 3164 2426 3220 clarius
2446 3172 2529 3219 est
2548 3172 2669 3234 post
2692 3173 2998 3235 perpetrata
3037 3162 3237 3219 scelera
3269 3161 3514 3216 homines

1938 3272 2037 3326 per
2066 3270 2187 3309 eam
2216 3255 2393 3311 redire
2418 3254 2485 3309 ad
2517 3256 2904 3310 innocentiam.
2930 3254 3101 3322 Quam
3126 3252 3343 3325 quidem
3382 3254 3519 3309 adeo

1939 3347 2234 3412 efficacem,
2265 3347 2398 3401 adeo
2434 3355 2708 3416 potentem
2750 3348 2817 3400 ad
2864 3345 3122 3401 abolenda
3171 3352 3392 3413 peccata
3428 3358 3519 3398 ex.

1939 3436 2077 3507 perti
2127 3452 2314 3492 sumus
2356 3445 2435 3501 ut,
2464 3436 2677 3492 etiamsi
2701 3437 2754 3490 in
2784 3436 2971 3491 ultimo
3010 3436 3135 3489 vita:
3165 3436 3356 3504 spiritu
3395 3436 3519 3505 quis

1941 3528 2299 3583 admissurum
2322 3528 2603 3597 pceuiteat,
2634 3537 2690 3581 et
2718 3526 2933 3598 publica
2961 3528 3345 3581 lamentatione
3366 3541 3516 3581 com-

1942 3618 2105 3673 missa
2147 3617 2464 3686 prodantur,
2524 3617 2755 3673 l'nrctum
2817 3626 2994 3671 tamen
3047 3624 3102 3672 et
3145 3632 3294 3686 spem
3349 3616 3521 3670 venia:

1941 3707 2194 3762 salutaris
2219 3723 2322 3762 non
2346 3708 2552 3777 perdat,
2583 3707 2708 3776 quia
2727 3706 3085 3778 pr0positum,
3110 3707 3253 3778 quod
3282 3705 3522 3761 decrevit

1942 3797 2153 3852 salvare
2182 3799 2321 3866 quod
2352 3797 2606 3866 perierat,
2639 3814 2743 3852 non
2765 3806 2941 3867 potest
2967 3797 3273 3862 immutari;
3299 3806 3354 3851 et
3403 3796 3522 3851 ideo

1942 3888 2069 3956 quia
2106 3888 2353 3941 voluntas
2391 3887 2509 3957 ejus
2565 3903 2669 3942 non
2726 3897 2988 3951 mutatur,
3047 3888 3259 3942 etiarnsi
3308 3896 3518 3957 tempus

1942 3980 2335 4035 emendationis
2360 3996 2468 4034 non
2508 3980 2842 4043 conceditur,
2885 3981 2929 4035 si
2983 3991 3161 4036 tamen
3188 3981 3243 4034 in
3293 3980 3520 4050 supplici

1944 4069 2285 4125 confessione
2338 4072 2446 4125 vita
2497 4071 2797 4136 exceditur,
2839 4071 2980 4126 fideli
3031 4070 3308 4141 proposito
3368 4071 3521 4125 venia

1944 4173 2050 4211 non
2079 4169 2305 4230 negatur
2333 4159 2402 4214 ab
2427 4160 2517 4215 illo
2546 4160 2636 4229 qui
2670 4176 2775 4215 non
2808 4161 2925 4214 vult
2943 4172 3171 4215 niorzem
3202 4161 3522 4230 peccatoris.

1944 4249 2037 4303 sed
2078 4258 2135 4303 ut
2160 4259 2512 4307 convertatur
2532 4267 2565 4305 a
2588 4252 2889 4320 perditione
2918 4252 3248 4321 preniteudo,
3273 4257 3327 4305 et
3348 4250 3523 4305 salva-

1946 4348 2033 4394 tus
2070 4341 2418 4397 miseratione
2468 4342 2676 4396 Domini
2722 4342 2890 4396 vivat.
2936 4341 3088 4409 Quod
3142 4350 3321 4395 autem
3364 4340 3524 4411 objici

253 4437 381 4479 nem
412 4423 561 4507 apud
584 4423 856 4491 Ephesum
895 4425 1199 4479 audivimus
1228 4442 1256 4478 a
1290 4425 1446 4480 beato
1473 4424 1680 4481 Joanne
1710 4441 1839 4495 apo-
1871 4412 1920 4474 Ι)
1947 4442 2158 4500 poterat
2188 4433 2255 4488 de
2304 4442 2529 4503 peccato
2578 4433 2644 4487 ad
2685 4441 2938 4497 mortem,
2990 4431 3074 4486 cui
3107 4430 3248 4485 nulla
3290 4440 3437 4500 patet
3457 4432 3525 4483 ad

252 4511 397 4567 stole
423 4512 479 4565 in
514 4514 844 4568 monasterio
889 4513 1156 4569 reclusum
1187 4530 1201 4577 ;
1232 4514 1345 4584 qui,
1366 4515 1648 4570 catholicis
1681 4516 1846 4569 disci-

251 4598 419 4671 plinis
469 4600 784 4667 instructus,
836 4612 889 4656 et
937 4602 1277 4670 baptismatis
1342 4604 1569 4673 gratiam
1596 4604 1843 4675 adeptus,

251 4701 380 4762 post
414 4692 561 4746 mula
595 4693 856 4763 religiosae
896 4694 1322 4748 conversationis
1345 4694 1613 4763 exempla,
1658 4696 1845 4750 diabo—

254 4786 376 4841 lica:
408 4787 686 4841 suasionis
708 4788 897 4856 Spiritu
923 4787 1159 4855 agitatus
1172 4789 1558 4844 monasterium
1585 4791 1842 4855 deSeruit,

252 4883 307 4929 et
336 4876 483 4929 inter
505 4876 682 4945 sylvas
706 4887 761 4930 et
791 4880 954 4930 lustra
985 4875 1221 4932 ferarum
1254 4876 1580 4941 homicidiis,
1612 4880 1768 4932 furtis
1788 4889 1843 4932 et

254 4966 569 5035 omnigenis
601 4966 817 5038 ﬂagitiis
844 4967 1166 5036 depravatus
1203 4976 1307 5023 est.
1348 4969 1517 5034 Quem
1560 4987 1681 5024 cum
1710 4986 1838 5038 apo.-

257 5053 433 5109 stolus
461 5056 777 5124 requisitum
832 5056 897 5110 ad
924 5055 1225 5114 Ecclesiam
1267 5067 1565 5123 revocaret,
1596 5071 1651 5116 et
1682 5061 1845 5119 miser

256 5144 346 5199 ille
367 5143 439 5198 ob
471 5147 888 5216 magnitudinem
935 5146 1223 5206 criminum
1273 5150 1477 5206 nullam
1527 5154 1843 5224 reparandae

1944 4524 2158 4578 veniam
2200 4524 2517 4588 consolatio,
2560 4524 2610 4578 id
2672 4523 2889 4593 quidem
2944 4536 3131 4577 eorum
3187 4529 3272 4577 est
3314 4521 3428 4591 qui,
3473 4522 3527 4575 in

1948 4613 2339 4684 desperationis
2364 4613 2571 4669 foveam
2604 4623 2944 4678 corruentes,
2976 4613 3111 4669 nihil
3150 4627 3393 4683 prorsus,
3418 4628 3527 4682 quo

1947 4703 2262 4765 indeeximi
2288 4704 2523 4769 valeant,
2549 4706 2651 4761 sibi
2675 4706 3036 4775 reliquerunt.

2127 4791 2233 4847 IX.
2265 4790 2419 4858 Quod
2443 4794 2739 4861 pmniteulia
2762 4803 2875 4861 post
2897 4802 3117 4847 mortem
3153 4790 3337 4859 prosit.

2022 4882 2239 4946 Verum,
2273 4897 2339 4936 ne
2361 4884 2481 4952 quis
2510 4885 2882 4953 paenitentiam
2916 4882 3048 4937 solis
3072 4879 3207 4933 vivis
3227 4885 3283 4932 et
3306 4893 3415 4934 nou
3443 4882 3539 4939 de-

1951 4971 2151 5028 functis
2182 4971 2443 5040 prolicere
2464 4975 2671 5034 credat,
2707 4967 2908 5024 multos
2934 4970 3028 5041 qui
3068 4983 3097 5021 a
3142 4965 3337 5021 szeenlo
3360 4976 3549 5030 trans.

1953 5063 2153 5125 ierant,
2205 5076 2424 5113 suorum
2448 5061 2647 5128 pietate
2672 5057 3023 5112 viventinma
3052 5054 3225 5125 poenis
3253 5054 3553 5129 relevatus,

1954 5152 2415 5221 Scripturagtcste,
2434 5152 2821 5221 comperimus,
2844 5147 2978 5203 dum
2990 5160 3091 5218 pro
3109 5142 3190 5196 eis
3217 5144 3558 5207 sacrificium
