4024 5370
551 282 688 338 1299

1463 285 1764 342 CERARDI
1804 285 2374 364 lCAMEBACENSIS
2414 287 2720 343 EPISCOl’l

3673 284 3812 342 i300

548 404 762 450 struere
819 389 1055 456 tentatis,
1105 409 1213 447 non
1265 409 1410 461 vere,
1445 405 1504 450 ut
1531 395 1798 460 asseritis,
1843 394 2119 466 Evangelii
2151 403 2196 459 Α
2226 396 2353 449 tima
2404 397 2758 466 praeiudicant
2806 395 3098 460 connubia,
3144 395 3189 450 si
3235 403 3412 451 tamen
3441 398 3626 450 sciunt
3663 402 3806 454 omni

548 486 822 540 auditores
847 485 1000 538 estis.
1025 483 1166 538 Nam
1197 486 1309 555 ipsa
1345 484 1554 540 Veritas
1611 487 1739 540 dicit
1787 488 1914 556 quia
1942 505 1952 538 :
2017 505 2034 536 ι
2065 486 2122 541 Si

547 577 671 648 quis
721 577 771 630 in
823 575 1081 646 Spiritum
1159 586 1402 630 sanctum
1465 577 1856 646 blasphemiam
1902 576 2125 643 dixerit,

546 686 723 740 neque
749 671 800 725 in
834 671 936 724 hoc
958 668 1156 726 sa:culo
1183 671 1491 725 remittetur
1530 671 1600 735 ei,
1626 685 1803 740 neque
1853 671 1908 724 in
1945 669 2126 724 futuro

545 760 764 833 (Matth.
797 761 918 833 xn).
963 780 982 814 ι
1033 760 1090 816 In
1140 776 1247 832 qua
1310 761 1602 825 sententia,
1653 760 1708 814 in
1761 759 1981 830 Dialogo
2029 774 2127 814 suo

543 853 737 909 beatus
768 851 846 906 ait
867 851 1185 920 Gregorius,
1210 850 1370 905 datur
1405 849 1628 919 intelligi
1654 851 1914 919 quasdam
1941 848 2130 920 culpas

543 943 600 998 in
626 944 728 999 hoc
758 940 975 1006 Steculo,
1016 941 1277 1011 quasdam
1333 956 1460 997 vero
1483 941 1539 996 in
1568 939 1749 995 futuro
1789 955 1946 1008 posse
1989 939 2130 994 rela-

543 1033 682 1087 xari.
710 1031 863 1100 Quod
891 1031 1035 1086 enim
1062 1031 1127 1086 de
1148 1046 1254 1086 uno
1278 1041 1522 1102 negatur,
1553 1029 2128 1100 consequensintelle-

544 1134 666 1179 ctus
695 1132 841 1193 patet
895 1122 1038 1192 quod
1068 1122 1132 1176 de
1171 1122 1491 1191 quibusdam
1519 1123 1874 1187 conceditur;
1907 1123 2002 1176 sed
2025 1122 2127 1177 hoc

544 1217 612 1271 de
641 1217 824 1286 parvis
849 1214 1196 1284 minimisque
1219 1214 1460 1284 peccatis
1504 1213 1831 1268 credendum
1863 1222 1964 1278 est,
1987 1212 2128 1267 sicut

543 1316 628 1364 est
653 1307 939 1362 continuus
964 1307 1172 1362 otiosus
1192 1319 1398 1370 sermo,
1430 1304 1817 1359 immoderatus
1851 1304 2014 1369 risus,
2041 1303 2127 1358 vel

540 1397 633 1455 ali.
677 1435 694 1453 .
737 1436 751 1452 .
791 1435 810 1452 .
851 1437 866 1452 .
898 1413 1044 1453 cura:
1092 1397 1396 1462 familiaris,
1448 1406 1502 1451 et
1529 1406 1750 1462 caetera,
1787 1395 1906 1452 sine
1927 1396 2124 1467 quibus

541 1490 652 1545 vita
683 1489 918 1544 humana
967 1504 1077 1544 non
1116 1489 1318 1558 agitur,
1372 1503 1493 1559 qua:
1537 1488 1703 1543 etiam
1733 1497 1854 1558 post
1891 1496 2124 1541 mortem

542 1588 796 1652 gravant,
825 1581 874 1637 si
897 1581 1076 1636 adhuc
1099 1580 1154 1635 in
1185 1580 1286 1635 hac
1315 1581 1427 1635 vita
1453 1580 1646 1650 positis
1670 1579 1892 1634 minime
1924 1577 2128 1632 fuerint

541 1673 756 1739 laxata;
791 1687 912 1744 qua:
929 1687 1030 1743 per
1077 1673 1255 1744 ignem
1301 1673 1672 1744 purgatorium
1719 1682 1841 1743 post
1893 1682 2122 1727 mortem

2227 496 2468 554 tempore
2501 487 2604 540 sibi
2653 488 2850 542 debere
2888 502 3008 542 esse
3056 484 3351 553 subiectam
3380 484 3621 555 coniugii
3665 487 3812 540 volu-

2223 587 2453 648 ptatem,
2481 585 2536 632 et
2561 577 2608 632 si
2640 578 2957 633 discernunt
2999 588 3148 634 certa
3176 578 3498 633 concubitus
3535 589 3808 647 tempora,

2226 669 2443 738 quando
2471 669 2799 734 coeundum,
2831 678 2885 726 et
2915 669 3129 740 quando
3156 669 3224 725 ab
3255 669 3517 725 uxoribus
3543 671 3622 724 sit
3653 671 3814 726 absti-

2228 756 2484 810 nendum.
2515 755 2630 812 Non
2661 759 2806 812 enim
2839 758 2968 813 talia
3015 759 3285 814 connubia
3315 759 3663 829 beneplacita
3687 771 3814 814 sunt

2227 845 2359 912 Deo,
2384 847 2583 916 quibus
2609 849 2856 905 homines
2887 852 2955 904 ad
2980 850 3248 906 luxuriam
3277 861 3333 907 et
3362 853 3611 919 delicias,
3641 853 3814 908 instar

2226 937 2583 1004 animalium,
2629 951 3022 1009 provocantur,
3067 942 3161 1012 qui
3210 943 3380 998 Deum
3421 959 3454 997 a
3483 958 3588 998 sua
3631 954 3815 998 mente

2225 1028 2546 1093 excludunt,
2580 1042 2634 1085 et
2679 1046 2790 1086 sua:
2836 1031 3045 1087 libidini
3095 1043 3318 1096 vacant.
3371 1035 3515 1090 sicut
3544 1049 3722 1104 equus
3761 1045 3814 1090 et

2227 1117 2426 1174 mulus.
2446 1120 2548 1187 Qui
2571 1131 2750 1176 antem
2776 1121 2849 1176 ita
2882 1124 3135 1195 coniugio
3157 1125 3350 1190 utitur,
3383 1133 3444 1178 ut
3465 1140 3591 1179 cum
3621 1125 3816 1180 timore

2227 1207 2323 1262 Dei
2350 1209 2402 1263 in
2452 1225 2693 1265 amorem
2747 1211 2980 1267 filiorum
3019 1214 3198 1283 potius
3236 1213 3504 1279 intendat,
3551 1230 3722 1284 quam
3759 1228 3816 1270 ut

2224 1307 2522 1377 petulantis
2568 1310 2751 1364 carnis
2796 1313 3161 1382 appetentiam
3203 1313 3438 1382 expleat,
3480 1314 3631 1369 hunc
3659 1313 3814 1384 culpa

2227 1396 2460 1467 coniugii
2485 1397 2552 1452 dc
2585 1408 2730 1453 sorte
2757 1397 2996 1454 fidelium
3031 1415 3136 1455 non
3169 1401 3427 1470 privabit.

2296 1488 2576 1543 Falluntur
2603 1491 2767 1561 igitur
2792 1491 2885 1562 qui
2917 1491 3234 1564 coniugatos
3256 1509 3286 1547 a
3311 1508 3478 1563 regno
3506 1493 3606 1548 Dei
3637 1502 3817 1549 exter

2225 1580 2514 1636 minandos
2544 1580 2854 1646 affirmant,
2902 1583 3204 1654 praesertim
3256 1600 3381 1640 cum
3429 1585 3483 1639 in
3519 1585 3817 1655 Evangelia

2226 1671 2533 1741 huiusmodi
2561 1674 2928 1730 testimonium
2958 1676 3280 1743 habeamus,
3300 1687 3356 1732 et
3380 1678 3684 1748 apostolica
3713 1687 3815 1732 tra-

541 1768 661 1838 ipse
690 1767 848 1837 paulo
872 1776 996 1838 post
1031 1767 1166 1822 dicit
1211 1767 1450 1838 purgari,
1479 1767 1524 1822 si
1549 1766 1602 1822 in
1633 1766 1735 1821 hac
1765 1766 1873 1821 vita
1922 1767 2130 1836 positus
2156 1755 2205 1816 Β
2233 1764 2366 1819 ditio
2400 1765 2558 1820 talem
2611 1766 2860 1821 humana:
2893 1770 3304 1825 consuetudinis
3348 1770 3519 1842 legem
3554 1771 3741 1826 multis
3765 1772 3818 1826 in

543 1859 651 1919 hoc
681 1859 838 1915 bonis
857 1859 1090 1924 actibus,
1123 1870 1179 1914 ut
1235 1860 1344 1915 illic
1377 1859 1640 1923 obtineat,
1661 1857 1856 1928 aliquis
1905 1872 2125 1928 prome—

544 1959 750 2005 rentur.
787 1949 938 2007 Unde
963 1949 1087 2021 jure
1128 1966 1158 2005 a
1187 1949 1391 2005 sanctis
1433 1949 1748 2004 doctoribus
1781 1948 2129 2019 purgatorius

541 2039 688 2113 ignis
742 2055 864 2096 esse
917 2039 1138 2104 dicitur,
1165 2040 1309 2110 quod
1365 2053 1464 2110 per
1507 2053 1629 2094 eum
1679 2046 1904 2108 peccata
1950 2036 2129 2106 aliqua

543 2141 871 2203 purgantur,
908 2140 1070 2202 prout
1093 2132 1358 2196 viventes,
1397 2141 1492 2187 aut
1513 2130 1890 2202 eleemosynis,
1920 2139 2015 2184 aut
2043 2143 2131 2183 sa-

547 2224 794 2288 crificiis,
826 2233 922 2280 aut
945 2233 1116 2289 certe,
1145 2223 1284 2280 sicut
1311 2233 1440 2280 ante
1475 2223 1732 2288 diximus,
1786 2221 1990 2276 vicaria
2016 2235 2130 2290 pa:-

550 2315 798 2371 nitentia:
824 2316 1092 2372 solutione
1118 2315 1367 2372 obtinere
1391 2323 1637 2386 possunt.
1672 2314 1825 2372 Unde
1853 2321 1907 2368 et
1930 2311 2131 2368 Paulus

551 2407 633 2462 ait
661 2407 829 2478 quia:
865 2425 884 2458 ‹
933 2405 1026 2462 Vir
1054 2406 1383 2464 fortissimus
1405 2407 1592 2472 Judas,
1639 2405 1926 2462 collatione
1964 2403 2129 2470 facta,

544 2499 1097 2572 misitJerosolymam
1112 2501 1393 2558 duodecim
1410 2500 1574 2556 millia
1589 2501 1876 2556 drachmas
1892 2497 2127 2570 argenti,

546 2591 743 2648 offerre
765 2607 861 2648 eas
878 2607 978 2662 pro
1004 2593 1245 2664 peccatis
1257 2603 1617 2657 mortuorum,
1637 2591 1783 2660 iuste
1807 2602 1861 2647 et
1883 2590 2133 2662 religiose

548 2670 885 2754 cogitans-de
928 2687 1354 2751 resurrectione;
1387 2686 1490 2742 nisi
1535 2685 1678 2740 enim
1725 2698 1822 2739 eos
1859 2683 1951 2753 qui
1993 2681 2133 2738 ceci-

551 2776 747 2832 derant
819 2785 1221 2833 resurrccturos
1279 2785 1550 2847 speraret,
1590 2774 1915 2846 superfluum
1988 2772 2134 2826 vide-

549 2882 706 2926 retur
721 2879 774 2925 et
797 2885 997 2925 vanum
1044 2885 1204 2927 orare
1256 2885 1356 2941 pro
1385 2870 1632 2924 mortuis.
1666 2888 1685 2920 ›
1719 2867 1926 2923 Deinde
1961 2865 2128 2920 dicit:

553 2979 576 3016 ‹
612 2961 811 3016 Sancta
840 2977 972 3031 ergo
990 2971 1047 3018 et
1075 2962 1310 3018 salubris
1335 2973 1420 3018 est
1443 2963 1700 3033 cogitatio
1723 2976 1823 3031 pro
1855 2959 2126 3016 defunctis

552 3066 804 3119 exorare,
844 3061 905 3108 ut
949 3068 982 3107 a
1037 3060 1264 3124 peccato
1308 3053 1588 3109 solvantur
1613 3051 1697 3122 (11
1731 3051 1908 3106 Much.
1935 3051 2054 3122 xu).
2103 3071 2124 3104 ι

625 3141 855 3197 Constat
875 3141 1062 3212 igitur,
1091 3151 1150 3196 ut
1186 3141 1443 3210 diximus,
1483 3141 1668 3195 talium
1699 3156 1923 3210 operum
1952 3141 2129 3210 pretio

551 3235 836 3291 defunctos
860 3250 1020 3305 posse
1049 3251 1078 3289 a
1109 3237 1349 3306 peccatis
1397 3235 1627 3300 absolvi,
1680 3236 1878 3305 alioqui
1929 3235 2130 3290 Paulus

549 3328 844 3398 apostolus,
870 3327 1024 3396 cujus
1057 3345 1154 3384 vos
1179 3329 1453 3385 auditores
1499 3344 1622 3384 esse
1654 3329 1980 3393 mcntimini,
2031 3343 2128 3384 ne~

547 3433 819 3490 quaquam
851 3419 1150 3475 audiendus
1179 3404 1342 3484 esset,
1385 3420 1476 3489 qui
1509 3419 1640 3475 dicit
1667 3419 1894 3490 lignum,
1923 3418 2128 3483 fenum,

548 3509 824 3582 stipulam,
880 3511 934 3565 id
970 3519 1072 3577 est,
1103 3520 1325 3582 peccata
1375 3512 1596 3566 minima
1647 3521 1810 3580 atque
1855 3511 2130 3566 levissima

549 3601 676 3672 igne
728 3601 1045 3672 purgatorio
1099 3601 1260 3657 facile
1295 3602 1570 3666 consumi;
1635 3599 2128 3671 quibus,nimirum

547 3706 654 3746 non
678 3692 1010 3762 purgatoria,
1037 3691 1131 3748 sed
1143 3700 1347 3748 aeterna
1369 3692 1630 3763 supplicia
1658 3689 2129 3754 inferrentur,nisi

554 3781 752 3836 talibus
771 3783 960 3838 hostiis
984 3784 1414 3853 promeruissent
1440 3784 1562 3854 igne
1581 3783 1896 3853 purgatorio
1911 3781 2127 3838 resolvi.

1083 3871 1150 3928 Χ.
1190 3873 1267 3928 De
1292 3875 1588 3931 connubiia.

621 3965 699 4019 De
720 3964 1006 4019 connubiis
1024 3979 1176 4030 vero,
1205 3980 1326 4035 qua:
1379 3980 1476 4021 vos
1505 3974 1698 4021 contra
1735 3965 2046 4037 evangelica
2075 3974 2131 4019 et

550 4055 847 4126 apostolica
873 4057 1089 4110 decreta
1131 4055 1393 4126 sacrilega
1438 4065 1621 4110 mente
1665 4056 2023 4111 abominanda
2044 4053 2132 4124 iu-

551 4149 767 4212 dicatis,
792 4148 1038 4203 dicentes
1079 4146 1396 4218 coniugales
1425 4149 1477 4202 in
1531 4157 1734 4204 sortem
1761 4147 1998 4202 fidelium
2033 4163 2128 4202 ne-

551 4256 822 4310 quaquam
867 4240 1288 4310 computandos,
1323 4239 1499 4310 multa
1563 4249 1875 4294 sanctorum
1903 4239 2128 4292 Patrum

551 4309 847 4382 occurrunt
872 4309 1114 4399 exempla
1194 4309 1409 4398 quaead
1458 4328 1793 4383 infidelitatis
1823 4327 1982 4396 huius
2013 4328 2129 4382 bla-

552 4417 854 4487 sphemiam
885 4417 1268 4473 confutandam
1307 4419 1440 4472 satis
1471 4417 1759 4472 sufficiant.
1813 4419 1888 4474 De
1932 4417 2130 4486 quibus

553 4522 654 4559 nos
685 4519 1038 4575 reSponsuros
1083 4508 1316 4576 quodam
1370 4508 1713 4562 discretionis
1763 4506 2128 4577 gubernaculo

554 4595 730 4652 nostri
757 4596 1024 4650 sermonis
1057 4598 1300 4652 carinam
1325 4599 1576 4667 subigere
1600 4610 1835 4669 Oportet,
1859 4616 1948 4665 ne,
1971 4601 2128 4671 quasi

553 4689 700 4743 inter
715 4686 849 4741 duos
861 4687 1110 4756 scopulos
1131 4687 1467 4757 naufragium
1497 4689 1860 4756 incurrentes,
1886 4693 2130 4747 occasio-

552 4801 680 4838 nem
709 4784 898 4838 demus
936 4783 990 4838 in
1017 4782 1364 4848 alterutrum,
1394 4785 1599 4839 scilicet
1641 4796 1734 4840 aut
1762 4802 1951 4843 omnes
1985 4787 2129 4842 indi-

555 4887 732 4931 scretc
768 4891 798 4930 a
829 4875 1097 4946 coniugiis
1131 4877 1475 4938 exterrendo,
1505 4886 1600 4931 aut
1621 4894 1812 4933 omnes
1837 4880 2131 4936 indiscrete

555 4967 621 5021 ad
654 4968 914 5022 connubia
943 4969 1357 5023 commonendo.
1388 4968 1559 5026 Porro
1601 4969 1743 5025 sicut
1784 4971 1927 5025 inter
1955 4988 2129 5026 sarcu-

553 5061 696 5116 lares
717 5070 773 5115 et
796 5061 1198 5116 ecclesiasticos
1231 5062 1375 5115 viros
1405 5064 1648 5130 qua-dam
1681 5063 1889 5116 ordinis
1922 5064 2129 5118 discre-

555 5153 631 5206 tio
651 5162 756 5215 est,
785 5152 855 5205 ita
879 5161 933 5206 et
960 5154 1300 5206 conversatio
1317 5168 1503 5206 eorum
1531 5153 1763 5221 quadam
1789 5153 2132 5208 discretionis

553 5249 766 5302 ratione
787 5249 1048 5302 servanda
1085 5255 1182 5300 est.
1223 5247 1353 5300 Nam
1397 5247 1482 5299 vir
1519 5245 1947 5309 ecclesiasticus,
1973 5254 2128 5314 post-

557 5351 720 5370 nnnln
753 5337 937 5370 νΔΙῖΛίη
974 5337 1152 5370 omnia“
1187 5337 1372 5370 ηιῖιῖιῖοι
1404 5339 1455 5370 ἶη
1495 5345 1693 5370 cnrlnl‘n
1739 5336 1950 5370 ΠοντιῘηῖ
1985 5351 2130 5370 nni“-

2229 1853 2364 1910 locis
2389 1855 2695 1910 confirmet.
2736 1857 2811 1912 De
2840 1874 2947 1926 qua
2995 1874 3054 1912 re
3081 1859 3183 1915 hoc
3227 1876 3396 1916 unum
3431 1877 3498 1917 ex
3529 1876 3628 1916 ore
3667 1861 3813 1917 Veri-

2231 1945 2358 2000 tatis
2385 1945 2752 2002 testimouium
2783 1949 3132 2016 proferimus.

2300 2036 2456 2101 Nam,
2482 2037 2768 2094 Phariszeis
2795 2040 3134 2096 tentantibus
3157 2041 3202 2097 si
3226 2028 3418 2097 lic’eret
3446 2041 3660 2097 homini
3683 2058 3814 2097 uxo-

2229 2145 2347 2186 rem
2390 2145 2546 2185 suam
2587 2130 2866 2187 dimittere
2910 2147 3237 2204 quacunque
3263 2149 3331 2190 ex
3371 2150 3567 2200 causa,
3600 2135 3694 2190 ille
3737 2151 3816 2190 re»

2231 2219 2504 2290 spondens
2528 2219 2607 2274 ait
2635 2237 2650 2273 :
2699 2237 2721 2272 ι
2757 2219 2874 2275 Non
2909 2221 3116 2294 legistis
3139 2223 3266 2293 quia
3289 2224 3383 2295 qui
3413 2223 3563 2288 fecit,
3598 2241 3813 2280 mascu-

2229 2309 2343 2364 lum
2368 2319 2422 2364 et
2451 2309 2708 2364 feminam
2733 2311 2802 2366 ab
2828 2311 2984 2368 initio
3004 2312 3268 2380 feciteos,
3303 2323 3360 2370 et
3386 2316 3555 2371 dixit:
3591 2316 3817 2386 Propter

2232 2405 2336 2461 hoc
2363 2405 2602 2460 dimittet
2629 2406 2793 2462 homo
2816 2416 3028 2476 patrem
3055 2417 3110 2463 et
3138 2418 3387 2471 matrem,
3423 2419 3481 2464 ct
3512 2409 3814 2464 adluerebit

2231 2498 2390 2553 uxori
2435 2513 2568 2562 sum,
2595 2505 2651 2552 et
2679 2507 2840 2553 erunt
2868 2499 2974 2554 duo
3005 2499 3060 2554 in
3105 2515 3271 2556 carne
3299 2516 3426 2556 una.
3475 2501 3664 2570 Itaque
3701 2501 3813 2570 iam

2233 2609 2341 2649 non
2369 2604 2496 2650 sunt
2543 2595 2671 2661 duo,
2703 2597 2798 2651 sed
2829 2611 2933 2651 una
2965 2612 3111 2652 caro.
3145 2598 3302 2665 Quod
3339 2613 3469 2670 ergo
3513 2599 3812 2654 Deus.con-

2229 2683 2427 2754 iunxit,
2461 2685 2622 2739 homo
2646 2699 2750 2740 non
2777 2696 2994 2756 separet
3023 2685 3239 2756 (Matth.
3272 2689 3410 2756 xix).
3455 2707 3474 2737 ι
3511 2687 3812 2758 Requiren-

2233 2775 2379 2831 tibus
2415 2786 2595 2832 autem
2626 2777 2763 2844 illis,
2809 2785 2870 2832 ut
2915 2778 3044 2847 quid
3094 2776 3306 2848 Moyses
3346 2780 3661 2833 mandasset
3692 2778 3811 2833 dari

2233 2865 2472 2922 libellum
2503 2867 2711 2936 repudii
2754 2876 2810 2923 et
2835 2867 3142 2934 dimittere,
3185 2868 3264 2923 ait
3306 2868 3455 2924 illis:
3493 2887 3512 2920 ι
3546 2867 3816 2935 Quoniam

2234 2959 2448 3031 Moyses
2477 2960 2546 3014 ad
2587 2959 2842 3014 duritiam
2869 2961 3048 3016 cordis
3070 2960 3238 3016 vestri
3269 2960 3522 3029 permisit
3546 2960 3707 3016 vobis
3733 2959 3810 3014 di-

2233 3049 2451 3104 mittere
2492 3063 2693 3106 uxores
2737 3059 2976 3116 vestras;
3019 3051 3086 3104 ab
3135 3050 3291 3106 initio
3336 3057 3518 3105 autem
3553 3065 3667 3106 non
3715 3048 3810 3104 fuit

2232 3143 2333 3198 sic.
2364 3143 2493 3197 Dico
2519 3152 2700 3197 autem
2750 3143 2902 3198 vobis
2939 3143 3064 3212 quia
3094 3143 3404 3213 quicunque
3427 3157 3676 3206 uxorem,
3708 3141 3810 3196 nisi

2231 3231 2301 3286 ob
2319 3229 2747 3296 fornicationem,
2767 3231 3050 3296 dimiserit,
3064 3241 3116 3287 et
3137 3231 3296 3285 aliam
3319 3232 3558 3296 duxerit,
3575 3231 3805 3284 moecha-

2232 3329 2324 3375 tur
2360 3319 2571 3391 (Ibid.).
2621 3340 2641 3374 ι
2695 3322 2890 3376 Petrus
2931 3331 3113 3376 autem
3166 3321 3220 3375 in
3273 3320 3515 3390 Epistola
3552 3335 3656 3374 sua
3696 3318 3805 3372 ait:

2237 3431 2257 3465 ι
2289 3413 2542 3467 Mulieres
2589 3413 2816 3469 subditm
2842 3414 2950 3469 sint
2981 3413 3114 3469 viris
3139 3414 3273 3481 suis,
3321 3423 3378 3468 ut
3424 3422 3480 3468 et
3508 3413 3556 3468 si
3583 3413 3678 3482 qui
3709 3427 3811 3469 non

2231 3502 2460 3557 credunt
2492 3503 2659 3557 verbo
2681 3544 2696 3568 ,
2741 3518 2834 3572 per
2870 3503 3155 3558 mulierum
3181 3503 3655 3558 conversationem
3699 3503 3811 3557 sine

2231 3591 2399 3646 verbo
2425 3590 2692 3646 lucriliant
2715 3591 2800 3662 (II
2832 3590 2972 3645 Petr.
3005 3593 3110 3660 nt).
3139 3611 3157 3642 ι
3179 3591 3432 3662 Etpaulo
3458 3602 3583 3660 post
3617 3609 3632 3645 :
3665 3609 3685 3642 r
3723 3589 3810 3644 Sic

2235 3682 2379 3736 enim
2451 3682 2739 3752 aliquando
2791 3691 2846 3736 et
2920 3693 3119 3736 sanctae
3170 3683 3470 3747 mulieres,
3529 3693 3811 3752 sperantes

2233 3773 2287 3827 in
2324 3772 2464 3837 Deo,
2511 3773 2778 3826 ornabant
2823 3789 2902 3837 se,
2941 3773 3196 3844 subiecta:
3221 3775 3453 3844 propriis
3482 3775 3638 3837 viris,
3679 3774 3816 3828 sicut

2237 3861 2373 3916 Sara
2419 3862 2705 3916 obediebat
2769 3863 3038 3925 Abrahaz,
3095 3864 3370 3919 dominum
3431 3878 3557 3918 eum
3617 3878 3817 3918 vocans

2234 3951 2446 4024 (lbid.).
2483 3973 2503 4005 ι
2540 3952 2607 4007 Et
2649 3954 2884 4008 iterum:
2921 3973 2939 4004 ε
2997 3954 3102 4008 Viri
3147 3954 3398 4008 similiter
3443 3954 3814 4008 cobabitantcs

2235 4045 2527 4099 secundum
2553 4045 2852 4108 scientiam,
2881 4045 3032 4114 quasi
3061 4045 3343 4099 infirmiori
3376 4043 3593 4098 vasculo
3627 4043 3813 4097 mulieo

2235 4133 2318 4189 bri
2346 4133 2720 4203 impertientes
2750 4135 3010 4189 honorem
3043 4133 3255 4204 (ηεαδ.
3294 4154 3313 4186 ι
3361 4133 3512 4189 Unde
3543 4144 3596 4187 et
3628 4133 3811 4187 beatus

2233 4224 2434 4280 Paulus
2455 4225 2521 4278 ad
2546 4223 2854 4278 Corinthios
2882 4225 2954 4278 ait
2986 4241 3002 4281 :
3051 4243 3070 4276 ι
3109 4225 3312 4278 Bellum
3337 4235 3418 4278 est
3450 4223 3658 4277 homini
3702 4238 3804 4276 non

2238 4324 2458 4389 tangere
2525 4317 2835 4381 mulierem;
2893 4326 3110 4386 propter
3169 4315 3582 4369 fornicationem
3635 4323 3808 4366 autem

2236 4411 2604 4481 unusquisque
2653 4424 2808 4464 suam
2859 4423 3081 4462 uxorem
3127 4408 3342 4471 habeat,
3375 4415 3430 4460 et
3476 4418 3811 4474 unaquazque

2235 4503 2414 4556 virum
2456 4517 2610 4556 suum
2645 4502 2859 4556 haheat.
2894 4500 3058 4555 Uxori
3109 4500 3193 4554 vir
3222 4499 3458 4553 debitum
3490 4498 3714 4560 reddat,
3744 4495 3809 4550 si-

2233 4594 2435 4648 militer
2480 4603 2534 4648 et
2575 4607 2712 4646 uxor
2749 4593 2864 4646 viro
2891 4592 2944 4659 (1
2968 4591 3090 4646 Cor.
3123 4591 3244 4662 vn).
3281 4611 3297 4642 ι
3346 4591 3410 4645 Ει
3442 4589 3605 4660 paulo
3649 4598 3805 4659 post:

2237 4703 2257 4736 ‹
2291 4684 2386 4738 llis
2409 4693 2587 4737 autem
2627 4683 2716 4751 qui
2746 4683 2794 4735 in
2822 4682 3164 4736 matrimonio
3183 4681 3349 4750 iuncti
3393 4690 3534 4742 sunt,
3561 4678 3805 4748 praecipio

2231 4793 2338 4832 non
2366 4791 2488 4846 ego,
2533 4778 2624 4829 sed
2663 4775 2955 4837 Dominus,
3008 4788 3228 4827 uxorem
3280 4788 3308 4826 a
3350 4772 3464 4824 viro
3492 4787 3599 4824 non
3640 4771 3806 4824 disce-

2234 4866 2390 4930 dere;
2447 4867 2588 4934 quod
2639 4866 2682 4918 si
2725 4863 3053 4925 discesserit,
3103 4876 3322 4915 manere
3363 4861 3668 4928 innuptam,
3717 4865 3801 4910 aut

2236 4959 2354 5013 viro
2395 4973 2492 5012 suo
2538 4956 2907 5020 reconciliari;
2942 4963 2996 5008 et
3038 4953 3121 5006 vir
3149 4968 3370 5006 uxorem
3401 4967 3507 5004 non
3551 4951 3798 5003 dimittat.

2239 5052 2295 5107 Si
2337 5051 2458 5119 quis
2508 5049 2674 5102 frater
2717 5063 2938 5102 uxorem
2988 5047 3182 5100 habeat
3231 5045 3541 5107 infidelem,
3596 5052 3650 5096 et
3700 5043 3802 5095 hare

2236 5144 2507 5200 consentit
2549 5143 2794 5196 habitare
2821 5157 2941 5195 cum
2989 5139 3097 5205 illo,
3141 5154 3248 5192 non
3279 5138 3514 5192 dimittat
3560 5135 3801 5196 illam;et

2238 5235 2282 5290 si
2312 5250 2431 5304 quae
2464 5234 2657 5286 mulier
2695 5231 2856 5286 habet
2877 5231 3049 5284 virum
3091 5229 3360 5283 infidelem
3384 5268 3400 5291 ,
3447 5235 3503 5280 et
3549 5223 3799 5279 consentit

2239 5326 2490 5370 habitam
2551 5339 2671 5370 cum
2737 5323 2840 5370 illa-
2894 5339 2996 5370 non
3038 5321 3274 5370 dimittat
3337 5320 3558 5370 virum:
3611 5315 3799 5368 sancti-
