  <div class='ocr_page' id='page_1' title='image "/cluster/home/n/w/nwhite01/storage/ocr_20150623/142/hvd.32044015471808/656.png"; bbox 0 0 4024 5370; ppageno 0'>
   <div class='ocr_carea' id='block_1_1' title="bbox 267 247 3562 353">
    <p class='ocr_par' dir='ltr' id='par_1_1' title="bbox 267 247 3562 353">
     <span class='ocr_line' id='line_1_1' title="bbox 267 247 3562 353; baseline -0.004 -1"><span class='ocrx_word' id='word_1_1' title='bbox 267 297 402 353; x_wconf 74' lang='lat' dir='ltr'><strong>tsot</strong></span> <span class='ocrx_word' id='word_1_2' title='bbox 1400 295 1584 351; x_wconf 76' lang='lat' dir='ltr'><strong>ACTA</strong></span> <span class='ocrx_word' id='word_1_3' title='bbox 1625 290 1881 350; x_wconf 79' lang='lat' dir='ltr'><strong>svtvont</strong></span> <span class='ocrx_word' id='word_1_4' title='bbox 1915 247 2277 349; x_wconf 55' lang='lat' dir='ltr'><strong>unus“.</strong></span> <span class='ocrx_word' id='word_1_5' title='bbox 2876 299 2892 314; x_wconf 83' lang='lat'><strong>-</strong></span> <span class='ocrx_word' id='word_1_6' title='bbox 3406 284 3562 339; x_wconf 60' lang='lat' dir='ltr'><strong>tace;-</strong></span> 
     </span>
    </p>
   </div>
   <div class='ocr_carea' id='block_1_2' title="bbox 243 382 3539 494">
    <p class='ocr_par' dir='ltr' id='par_1_2' title="bbox 243 382 3539 494">
     <span class='ocr_line' id='line_1_2' title="bbox 243 382 3539 494; baseline -0.005 -26"><span class='ocrx_word' id='word_1_7' title='bbox 243 416 506 494; x_wconf 30' lang='lat' dir='ltr'><strong>(stantem</strong></span> <span class='ocrx_word' id='word_1_8' title='bbox 545 382 950 474; x_wconf 52' lang='lat' dir='ltr'><strong>necessitate-ru,</strong></span> <span class='ocrx_word' id='word_1_9' title='bbox 979 414 1238 482; x_wconf 76' lang='lat' dir='ltr'><strong>quoniam</strong></span> <span class='ocrx_word' id='word_1_10' title='bbox 1279 408 1482 464; x_wconf 77' lang='lat' dir='ltr'><strong>bonum</strong></span> <span class='ocrx_word' id='word_1_11' title='bbox 1519 417 1604 466; x_wconf 89' lang='lat' dir='ltr'><strong>est</strong></span> <span class='ocrx_word' id='word_1_12' title='bbox 1647 408 1854 464; x_wconf 94' lang='lat' dir='ltr'><strong>homini</strong></span> <span class='ocrx_word' id='word_1_13' title='bbox 1883 413 1934 475; x_wconf 77' lang='grc' dir='ltr'><strong>Α</strong></span> <span class='ocrx_word' id='word_1_14' title='bbox 1962 424 2062 478; x_wconf 90' lang='lat' dir='ltr'><strong>pro</strong></span> <span class='ocrx_word' id='word_1_15' title='bbox 2095 407 2550 478; x_wconf 76' lang='lat' dir='ltr'><strong>periclitantibus,</strong></span> <span class='ocrx_word' id='word_1_16' title='bbox 2575 404 2835 475; x_wconf 77' lang='lat' dir='ltr'><strong>gemitum</strong></span> <span class='ocrx_word' id='word_1_17' title='bbox 2875 417 2985 494; x_wconf 6' lang='lat' dir='ltr'><strong>pro,</strong></span> <span class='ocrx_word' id='word_1_18' title='bbox 3001 400 3380 494; x_wconf 79' lang='lat' dir='ltr'><strong>pereuntibus,</strong></span> <span class='ocrx_word' id='word_1_19' title='bbox 3414 413 3539 454; x_wconf 88' lang='lat' dir='ltr'><strong>cum</strong></span> 
     </span>
    </p>
   </div>
   <div class='ocr_carea' id='block_1_3' title="bbox 267 492 3538 573">
    <p class='ocr_par' dir='ltr' id='par_1_3' title="bbox 267 492 3538 573">
     <span class='ocr_line' id='line_1_3' title="bbox 267 492 3538 573; baseline -0.003 -15"><span class='ocrx_word' id='word_1_20' title='bbox 267 503 350 558; x_wconf 83' lang='lat' dir='ltr'><strong>sic</strong></span> <span class='ocrx_word' id='word_1_21' title='bbox 380 517 520 556; x_wconf 89' lang='lat' dir='ltr'><strong>esse.</strong></span> <span class='ocrx_word' id='word_1_22' title='bbox 567 501 835 571; x_wconf 76' lang='lat' dir='ltr'><strong>Alligatus</strong></span> <span class='ocrx_word' id='word_1_23' title='bbox 859 517 919 556; x_wconf 90' lang='lat' dir='ltr'><strong>es</strong></span> <span class='ocrx_word' id='word_1_24' title='bbox 965 502 1161 556; x_wconf 87' lang='lat' dir='ltr'><strong>uxori?</strong></span> <span class='ocrx_word' id='word_1_25' title='bbox 1197 502 1302 557; x_wconf 89' lang='lat' dir='ltr'><strong>noli</strong></span> <span class='ocrx_word' id='word_1_26' title='bbox 1347 517 1594 573; x_wconf 59' lang='lat' dir='ltr'><strong>quaerere</strong></span> <span class='ocrx_word' id='word_1_27' title='bbox 1635 502 1860 558; x_wconf 84' lang='lat' dir='ltr'><strong>solutio-</strong></span> <span class='ocrx_word' id='word_1_28' title='bbox 1959 499 2214 553; x_wconf 83' lang='lat' dir='ltr'><strong>ﬂentibus</strong></span> <span class='ocrx_word' id='word_1_29' title='bbox 2263 498 2493 562; x_wconf 81' lang='lat' dir='ltr'><strong>flentes,</strong></span> <span class='ocrx_word' id='word_1_30' title='bbox 2570 510 2693 550; x_wconf 92' lang='lat' dir='ltr'><strong>cum</strong></span> <span class='ocrx_word' id='word_1_31' title='bbox 2751 492 3245 548; x_wconf 73' lang='lat' dir='ltr'><strong>scantlalizantiltus</strong></span> <span class='ocrx_word' id='word_1_32' title='bbox 3297 497 3538 544; x_wconf 76' lang='lat' dir='ltr'><strong>urentes.</strong></span> 
     </span>
    </p>
   </div>
   <div class='ocr_carea' id='block_1_4' title="bbox 270 580 3544 664">
    <p class='ocr_par' dir='ltr' id='par_1_4' title="bbox 270 580 3544 664">
     <span class='ocr_line' id='line_1_4' title="bbox 270 580 3544 664; baseline -0.005 -18"><span class='ocrx_word' id='word_1_33' title='bbox 270 606 426 656; x_wconf 87' lang='lat' dir='ltr'><strong>nem;</strong></span> <span class='ocrx_word' id='word_1_34' title='bbox 473 592 519 646; x_wconf 91' lang='lat' dir='ltr'><strong>si</strong></span> <span class='ocrx_word' id='word_1_35' title='bbox 571 601 752 647; x_wconf 88' lang='lat' dir='ltr'><strong>autem</strong></span> <span class='ocrx_word' id='word_1_36' title='bbox 808 592 1084 661; x_wconf 85' lang='lat' dir='ltr'><strong>acceperis</strong></span> <span class='ocrx_word' id='word_1_37' title='bbox 1133 607 1398 657; x_wconf 87' lang='lat' dir='ltr'><strong>uxorem,</strong></span> <span class='ocrx_word' id='word_1_38' title='bbox 1461 608 1568 649; x_wconf 90' lang='lat' dir='ltr'><strong>non</strong></span> <span class='ocrx_word' id='word_1_39' title='bbox 1615 593 1860 664; x_wconf 81' lang='lat' dir='ltr'><strong>peccasti</strong></span> <span class='ocrx_word' id='word_1_40' title='bbox 1960 589 2269 657; x_wconf 78' lang='lat' dir='ltr'><strong>Quinetiam</strong></span> <span class='ocrx_word' id='word_1_41' title='bbox 2300 591 2586 642; x_wconf 88' lang='lat' dir='ltr'><strong>adversum</strong></span> <span class='ocrx_word' id='word_1_42' title='bbox 2635 586 2882 640; x_wconf 64' lang='lat' dir='ltr'><strong>humanae</strong></span> <span class='ocrx_word' id='word_1_43' title='bbox 2923 581 3324 652; x_wconf 84' lang='lat' dir='ltr'><strong>spiritualisque</strong></span> <span class='ocrx_word' id='word_1_44' title='bbox 3355 580 3544 647; x_wconf 85' lang='lat' dir='ltr'><strong>nequi-</strong></span> 
     </span>
    </p>
   </div>
   <div class='ocr_carea' id='block_1_5' title="bbox 270 667 3547 754">
    <p class='ocr_par' dir='ltr' id='par_1_5' title="bbox 270 667 3547 754">
     <span class='ocr_line' id='line_1_5' title="bbox 270 667 3547 754; baseline -0.003 -22"><span class='ocrx_word' id='word_1_45' title='bbox 270 679 631 751; x_wconf 74' lang='grc' dir='ltr'><strong>(1(Συν.νιι).ι</strong></span> <span class='ocrx_word' id='word_1_46' title='bbox 655 679 858 736; x_wconf 81' lang='lat' dir='ltr'><strong>Scribit</strong></span> <span class='ocrx_word' id='word_1_47' title='bbox 880 690 1062 738; x_wconf 87' lang='lat' dir='ltr'><strong>autem</strong></span> <span class='ocrx_word' id='word_1_48' title='bbox 1092 683 1550 754; x_wconf 71' lang='lat' dir='ltr'><strong>adjEphesiosita:</strong></span> <span class='ocrx_word' id='word_1_49' title='bbox 1581 684 1864 740; x_wconf 68' lang='lat' dir='ltr'><strong>«Mulieres</strong></span> <span class='ocrx_word' id='word_1_50' title='bbox 1962 678 2286 750; x_wconf 56' lang='lat' dir='ltr'><strong>tiaediversa</strong></span> <span class='ocrx_word' id='word_1_51' title='bbox 2329 678 2627 732; x_wconf 87' lang='lat' dir='ltr'><strong>certamina</strong></span> <span class='ocrx_word' id='word_1_52' title='bbox 2660 687 2876 744; x_wconf 85' lang='lat' dir='ltr'><strong>semper</strong></span> <span class='ocrx_word' id='word_1_53' title='bbox 2919 673 2971 726; x_wconf 92' lang='lat' dir='ltr'><strong>in</strong></span> <span class='ocrx_word' id='word_1_54' title='bbox 3018 673 3098 726; x_wconf 90' lang='lat' dir='ltr'><strong>eis</strong></span> <span class='ocrx_word' id='word_1_55' title='bbox 3127 671 3348 726; x_wconf 85' lang='lat' dir='ltr'><strong>emicuit</strong></span> <span class='ocrx_word' id='word_1_56' title='bbox 3391 667 3547 723; x_wconf 73' lang='lat' dir='ltr'><strong>forti~</strong></span> 
     </span>
    </p>
   </div>
   <div class='ocr_carea' id='block_1_6' title="bbox 250 759 3545 849">
    <p class='ocr_par' dir='ltr' id='par_1_6' title="bbox 250 759 3545 849">
     <span class='ocr_line' id='line_1_6' title="bbox 250 759 3545 849; baseline -0.003 -26"><span class='ocrx_word' id='word_1_57' title='bbox 250 771 407 849; x_wconf 37' lang='lat' dir='ltr'><strong>&#39;viris</strong></span> <span class='ocrx_word' id='word_1_58' title='bbox 432 771 546 826; x_wconf 87' lang='lat' dir='ltr'><strong>suis</strong></span> <span class='ocrx_word' id='word_1_59' title='bbox 576 771 806 828; x_wconf 64' lang='lat' dir='ltr'><strong>subditae</strong></span> <span class='ocrx_word' id='word_1_60' title='bbox 851 772 1000 839; x_wconf 86' lang='lat' dir='ltr'><strong>sint,</strong></span> <span class='ocrx_word' id='word_1_61' title='bbox 1032 773 1176 829; x_wconf 84' lang='lat' dir='ltr'><strong>sicut</strong></span> <span class='ocrx_word' id='word_1_62' title='bbox 1204 774 1460 840; x_wconf 88' lang='lat' dir='ltr'><strong>Domino;</strong></span> <span class='ocrx_word' id='word_1_63' title='bbox 1488 776 1747 846; x_wconf 85' lang='lat' dir='ltr'><strong>quoniam</strong></span> <span class='ocrx_word' id='word_1_64' title='bbox 1778 775 1866 830; x_wconf 89' lang='lat' dir='ltr'><strong>vir</strong></span> <span class='ocrx_word' id='word_1_65' title='bbox 1962 771 2092 826; x_wconf 87' lang='lat' dir='ltr'><strong>tudo</strong></span> <span class='ocrx_word' id='word_1_66' title='bbox 2121 769 2418 835; x_wconf 80' lang='lat' dir='ltr'><strong>vincendi,</strong></span> <span class='ocrx_word' id='word_1_67' title='bbox 2467 766 2730 840; x_wconf 83' lang='lat' dir='ltr'><strong>patientia</strong></span> <span class='ocrx_word' id='word_1_68' title='bbox 2763 762 3138 833; x_wconf 85' lang='lat' dir='ltr'><strong>exspectandi,</strong></span> <span class='ocrx_word' id='word_1_69' title='bbox 3165 759 3545 830; x_wconf 72' lang='lat' dir='ltr'><strong>aequanimitas</strong></span> 
     </span>
    </p>
   </div>
   <div class='ocr_carea' id='block_1_7' title="bbox 273 850 3549 937">
    <p class='ocr_par' dir='ltr' id='par_1_7' title="bbox 273 850 3549 937">
     <span class='ocr_line' id='line_1_7' title="bbox 273 850 3549 937; baseline -0.003 -21"><span class='ocrx_word' id='word_1_70' title='bbox 273 871 438 931; x_wconf 86' lang='lat' dir='ltr'><strong>caput</strong></span> <span class='ocrx_word' id='word_1_71' title='bbox 472 871 558 917; x_wconf 90' lang='lat' dir='ltr'><strong>est</strong></span> <span class='ocrx_word' id='word_1_72' title='bbox 583 862 868 929; x_wconf 84' lang='lat' dir='ltr'><strong>mulieris,</strong></span> <span class='ocrx_word' id='word_1_73' title='bbox 895 863 1036 920; x_wconf 85' lang='lat' dir='ltr'><strong>sicut</strong></span> <span class='ocrx_word' id='word_1_74' title='bbox 1071 863 1321 922; x_wconf 86' lang='lat' dir='ltr'><strong>Christus</strong></span> <span class='ocrx_word' id='word_1_75' title='bbox 1363 877 1527 937; x_wconf 89' lang='lat' dir='ltr'><strong>caput</strong></span> <span class='ocrx_word' id='word_1_76' title='bbox 1567 876 1652 922; x_wconf 89' lang='lat' dir='ltr'><strong>est</strong></span> <span class='ocrx_word' id='word_1_77' title='bbox 1677 866 1865 922; x_wconf 83' lang='lat' dir='ltr'><strong>Eccle-</strong></span> <span class='ocrx_word' id='word_1_78' title='bbox 1964 862 2288 920; x_wconf 89' lang='lat' dir='ltr'><strong>sustinendi.</strong></span> <span class='ocrx_word' id='word_1_79' title='bbox 2325 861 2531 929; x_wconf 84' lang='lat' dir='ltr'><strong>Quibus</strong></span> <span class='ocrx_word' id='word_1_80' title='bbox 2557 861 2658 916; x_wconf 89' lang='lat' dir='ltr'><strong>etsi</strong></span> <span class='ocrx_word' id='word_1_81' title='bbox 2713 871 3006 930; x_wconf 87' lang='lat' dir='ltr'><strong>percussor</strong></span> <span class='ocrx_word' id='word_1_82' title='bbox 3039 855 3280 918; x_wconf 86' lang='lat' dir='ltr'><strong>deesset,</strong></span> <span class='ocrx_word' id='word_1_83' title='bbox 3312 852 3410 923; x_wconf 84' lang='lat' dir='ltr'><strong>ipsi</strong></span> <span class='ocrx_word' id='word_1_84' title='bbox 3445 850 3549 906; x_wconf 81' lang='lat' dir='ltr'><strong>sibi</strong></span> 
     </span>
    </p>
   </div>
   <div class='ocr_carea' id='block_1_8' title="bbox 273 945 3550 1030">
    <p class='ocr_par' dir='ltr' id='par_1_8' title="bbox 273 945 3550 1030">
     <span class='ocr_line' id='line_1_8' title="bbox 273 945 3550 1030; baseline -0.003 -22"><span class='ocrx_word' id='word_1_85' title='bbox 273 953 368 1009; x_wconf 78' lang='lat' dir='ltr'><strong>sia:</strong></span> <span class='ocrx_word' id='word_1_86' title='bbox 398 953 613 1023; x_wconf 78' lang='lat' dir='ltr'><strong>(Ep/tes.</strong></span> <span class='ocrx_word' id='word_1_87' title='bbox 641 953 718 1025; x_wconf 74' lang='grc' dir='ltr'><strong>ν).</strong></span> <span class='ocrx_word' id='word_1_88' title='bbox 752 973 770 1006; x_wconf 72' lang='grc' dir='ltr'><strong>ι</strong></span> <span class='ocrx_word' id='word_1_89' title='bbox 806 955 873 1010; x_wconf 84' lang='lat' dir='ltr'><strong>Et</strong></span> <span class='ocrx_word' id='word_1_90' title='bbox 918 955 1111 1012; x_wconf 81' lang='lat' dir='ltr'><strong>iterum</strong></span> <span class='ocrx_word' id='word_1_91' title='bbox 1145 975 1159 1010; x_wconf 90' lang='lat'><strong>:</strong></span> <span class='ocrx_word' id='word_1_92' title='bbox 1204 976 1222 1009; x_wconf 79' lang='grc' dir='ltr'><strong>ι</strong></span> <span class='ocrx_word' id='word_1_93' title='bbox 1263 957 1401 1023; x_wconf 85' lang='lat' dir='ltr'><strong>Viri,</strong></span> <span class='ocrx_word' id='word_1_94' title='bbox 1434 958 1639 1030; x_wconf 79' lang='lat' dir='ltr'><strong>diligite</strong></span> <span class='ocrx_word' id='word_1_95' title='bbox 1666 975 1866 1015; x_wconf 91' lang='lat' dir='ltr'><strong>uxores</strong></span> <span class='ocrx_word' id='word_1_96' title='bbox 1964 957 2307 1030; x_wconf 87' lang='lat' dir='ltr'><strong>percussoris</strong></span> <span class='ocrx_word' id='word_1_97' title='bbox 2335 955 2692 1011; x_wconf 88' lang='lat' dir='ltr'><strong>ministerium</strong></span> <span class='ocrx_word' id='word_1_98' title='bbox 2725 951 3128 1023; x_wconf 76' lang='lat' dir='ltr'><strong>suppleverunt.</strong></span> <span class='ocrx_word' id='word_1_99' title='bbox 3169 947 3300 1002; x_wconf 86' lang='lat' dir='ltr'><strong>Nam</strong></span> <span class='ocrx_word' id='word_1_100' title='bbox 3336 945 3464 1017; x_wconf 88' lang='lat' dir='ltr'><strong>quid</strong></span> <span class='ocrx_word' id='word_1_101' title='bbox 3493 945 3550 1001; x_wconf 90' lang='lat' dir='ltr'><strong>in</strong></span> 
     </span>
    </p>
   </div>
   <div class='ocr_carea' id='block_1_9' title="bbox 275 1040 3552 1120">
    <p class='ocr_par' dir='ltr' id='par_1_9' title="bbox 275 1040 3552 1120">
     <span class='ocr_line' id='line_1_9' title="bbox 275 1040 3552 1120; baseline -0.003 -20"><span class='ocrx_word' id='word_1_102' title='bbox 275 1054 504 1111; x_wconf 82' lang='lat' dir='ltr'><strong>vestras,</strong></span> <span class='ocrx_word' id='word_1_103' title='bbox 531 1047 672 1102; x_wconf 88' lang='lat' dir='ltr'><strong>sicut</strong></span> <span class='ocrx_word' id='word_1_104' title='bbox 695 1056 750 1102; x_wconf 87' lang='lat' dir='ltr'><strong>et</strong></span> <span class='ocrx_word' id='word_1_105' title='bbox 771 1046 1017 1103; x_wconf 86' lang='lat' dir='ltr'><strong>Christus</strong></span> <span class='ocrx_word' id='word_1_106' title='bbox 1044 1047 1235 1104; x_wconf 80' lang='lat' dir='ltr'><strong>dilexit</strong></span> <span class='ocrx_word' id='word_1_107' title='bbox 1269 1049 1564 1105; x_wconf 76' lang='lat' dir='ltr'><strong>Ecclesium</strong></span> <span class='ocrx_word' id='word_1_108' title='bbox 1593 1050 1802 1120; x_wconf 83' lang='lat' dir='ltr'><strong>(lbid.).</strong></span> <span class='ocrx_word' id='word_1_109' title='bbox 1842 1070 1860 1102; x_wconf 83' lang='grc' dir='ltr'><strong>ι</strong></span> <span class='ocrx_word' id='word_1_110' title='bbox 1966 1051 2047 1106; x_wconf 91' lang='lat' dir='ltr'><strong>eis</strong></span> <span class='ocrx_word' id='word_1_111' title='bbox 2095 1049 2338 1105; x_wconf 90' lang='lat' dir='ltr'><strong>carnifex</strong></span> <span class='ocrx_word' id='word_1_112' title='bbox 2385 1048 2532 1103; x_wconf 87' lang='lat' dir='ltr'><strong>aliud</strong></span> <span class='ocrx_word' id='word_1_113' title='bbox 2583 1049 2771 1102; x_wconf 90' lang='lat' dir='ltr'><strong>feriret</strong></span> <span class='ocrx_word' id='word_1_114' title='bbox 2819 1060 2981 1114; x_wconf 92' lang='lat' dir='ltr'><strong>quam</strong></span> <span class='ocrx_word' id='word_1_115' title='bbox 3030 1041 3264 1112; x_wconf 90' lang='lat' dir='ltr'><strong>corpus?</strong></span> <span class='ocrx_word' id='word_1_116' title='bbox 3305 1040 3371 1094; x_wconf 85' lang='lat' dir='ltr'><strong>Et</strong></span> <span class='ocrx_word' id='word_1_117' title='bbox 3403 1047 3552 1093; x_wconf 84' lang='lat' dir='ltr'><strong>certe</strong></span> 
     </span>
    </p>
   </div>
   <div class='ocr_carea' id='block_1_10' title="bbox 275 1130 3552 1211">
    <p class='ocr_par' dir='ltr' id='par_1_10' title="bbox 275 1130 3552 1211">
     <span class='ocr_line' id='line_1_10' title="bbox 275 1130 3552 1211; baseline -0.003 -19"><span class='ocrx_word' id='word_1_118' title='bbox 275 1135 345 1192; x_wconf 82' lang='lat' dir='ltr'><strong>Et</strong></span> <span class='ocrx_word' id='word_1_119' title='bbox 375 1135 573 1191; x_wconf 87' lang='lat' dir='ltr'><strong>iterum</strong></span> <span class='ocrx_word' id='word_1_120' title='bbox 604 1151 620 1188; x_wconf 90' lang='lat'><strong>:</strong></span> <span class='ocrx_word' id='word_1_121' title='bbox 657 1155 675 1188; x_wconf 79' lang='grc' dir='ltr'><strong>ι</strong></span> <span class='ocrx_word' id='word_1_122' title='bbox 706 1134 808 1203; x_wconf 86' lang='lat' dir='ltr'><strong>Qui</strong></span> <span class='ocrx_word' id='word_1_123' title='bbox 837 1151 992 1192; x_wconf 91' lang='lat' dir='ltr'><strong>suam</strong></span> <span class='ocrx_word' id='word_1_124' title='bbox 1018 1151 1244 1194; x_wconf 86' lang='lat' dir='ltr'><strong>uxorem</strong></span> <span class='ocrx_word' id='word_1_125' title='bbox 1295 1139 1493 1208; x_wconf 78' lang='lat' dir='ltr'><strong>diligit,</strong></span> <span class='ocrx_word' id='word_1_126' title='bbox 1525 1141 1760 1208; x_wconf 87' lang='lat' dir='ltr'><strong>seipsutn</strong></span> <span class='ocrx_word' id='word_1_127' title='bbox 1785 1139 1872 1193; x_wconf 89' lang='lat' dir='ltr'><strong>di-</strong></span> <span class='ocrx_word' id='word_1_128' title='bbox 1967 1139 2110 1211; x_wconf 88' lang='lat' dir='ltr'><strong>quod</strong></span> <span class='ocrx_word' id='word_1_129' title='bbox 2132 1137 2197 1191; x_wconf 86' lang='lat' dir='ltr'><strong>ad</strong></span> <span class='ocrx_word' id='word_1_130' title='bbox 2221 1146 2554 1192; x_wconf 86' lang='lat' dir='ltr'><strong>momentum</strong></span> <span class='ocrx_word' id='word_1_131' title='bbox 2574 1150 2867 1207; x_wconf 88' lang='lat' dir='ltr'><strong>percussor</strong></span> <span class='ocrx_word' id='word_1_132' title='bbox 2888 1134 3111 1198; x_wconf 90' lang='lat' dir='ltr'><strong>faceret,</strong></span> <span class='ocrx_word' id='word_1_133' title='bbox 3136 1133 3235 1204; x_wconf 89' lang='lat' dir='ltr'><strong>ipsi</strong></span> <span class='ocrx_word' id='word_1_134' title='bbox 3264 1131 3363 1186; x_wconf 89' lang='lat' dir='ltr'><strong>sibi</strong></span> <span class='ocrx_word' id='word_1_135' title='bbox 3392 1130 3552 1198; x_wconf 86' lang='lat' dir='ltr'><strong>longo</strong></span> 
     </span>
    </p>
   </div>
   <div class='ocr_carea' id='block_1_11' title="bbox 275 1219 3561 1296">
    <p class='ocr_par' dir='ltr' id='par_1_11' title="bbox 275 1219 3561 1296">
     <span class='ocr_line' id='line_1_11' title="bbox 275 1219 3561 1296; baseline -0.002 -18"><span class='ocrx_word' id='word_1_136' title='bbox 275 1223 394 1295; x_wconf 77' lang='lat' dir='ltr'><strong>ligit</strong></span> <span class='ocrx_word' id='word_1_137' title='bbox 421 1223 632 1296; x_wconf 83' lang='lat' dir='ltr'><strong>(Ibid.).</strong></span> <span class='ocrx_word' id='word_1_138' title='bbox 665 1243 685 1277; x_wconf 77' lang='grc' dir='ltr'><strong>ι</strong></span> <span class='ocrx_word' id='word_1_139' title='bbox 714 1224 918 1280; x_wconf 87' lang='lat' dir='ltr'><strong>Scribit</strong></span> <span class='ocrx_word' id='word_1_140' title='bbox 944 1235 1124 1282; x_wconf 89' lang='lat' dir='ltr'><strong>autem</strong></span> <span class='ocrx_word' id='word_1_141' title='bbox 1155 1237 1210 1282; x_wconf 89' lang='lat' dir='ltr'><strong>et</strong></span> <span class='ocrx_word' id='word_1_142' title='bbox 1237 1228 1302 1280; x_wconf 92' lang='lat' dir='ltr'><strong>ad</strong></span> <span class='ocrx_word' id='word_1_143' title='bbox 1334 1227 1514 1282; x_wconf 86' lang='lat' dir='ltr'><strong>Titum</strong></span> <span class='ocrx_word' id='word_1_144' title='bbox 1542 1229 1644 1284; x_wconf 89' lang='lat' dir='ltr'><strong>hoc</strong></span> <span class='ocrx_word' id='word_1_145' title='bbox 1676 1227 1864 1284; x_wconf 87' lang='lat' dir='ltr'><strong>modo:</strong></span> <span class='ocrx_word' id='word_1_146' title='bbox 1968 1230 2209 1285; x_wconf 90' lang='lat' dir='ltr'><strong>cruciatu</strong></span> <span class='ocrx_word' id='word_1_147' title='bbox 2235 1227 2556 1292; x_wconf 88' lang='lat' dir='ltr'><strong>intulerunt,</strong></span> <span class='ocrx_word' id='word_1_148' title='bbox 2594 1227 2720 1280; x_wconf 89' lang='lat' dir='ltr'><strong>dum</strong></span> <span class='ocrx_word' id='word_1_149' title='bbox 2773 1225 2953 1280; x_wconf 89' lang='lat' dir='ltr'><strong>carnis</strong></span> <span class='ocrx_word' id='word_1_150' title='bbox 3000 1222 3467 1291; x_wconf 86' lang='lat' dir='ltr'><strong>concupiscentias</strong></span> <span class='ocrx_word' id='word_1_151' title='bbox 3498 1219 3561 1272; x_wconf 80' lang='lat' dir='ltr'><strong>in-</strong></span> 
     </span>
    </p>
   </div>
   <div class='ocr_carea' id='block_1_12' title="bbox 283 1311 3555 1387">
    <p class='ocr_par' dir='ltr' id='par_1_12' title="bbox 283 1311 3555 1387">
     <span class='ocr_line' id='line_1_12' title="bbox 283 1311 3555 1387; baseline 0 -23"><span class='ocrx_word' id='word_1_152' title='bbox 283 1332 304 1364; x_wconf 73' lang='grc' dir='ltr'><strong>ι</strong></span> <span class='ocrx_word' id='word_1_153' title='bbox 325 1314 773 1371; x_wconf 81' lang='lat' dir='ltr'><strong>Adolescentulas</strong></span> <span class='ocrx_word' id='word_1_154' title='bbox 802 1316 937 1372; x_wconf 90' lang='lat' dir='ltr'><strong>doce</strong></span> <span class='ocrx_word' id='word_1_155' title='bbox 990 1325 1049 1370; x_wconf 94' lang='lat' dir='ltr'><strong>ut</strong></span> <span class='ocrx_word' id='word_1_156' title='bbox 1074 1318 1219 1372; x_wconf 89' lang='lat' dir='ltr'><strong>viros</strong></span> <span class='ocrx_word' id='word_1_157' title='bbox 1245 1333 1373 1372; x_wconf 87' lang='lat' dir='ltr'><strong>suos</strong></span> <span class='ocrx_word' id='word_1_158' title='bbox 1403 1329 1606 1382; x_wconf 86' lang='lat' dir='ltr'><strong>ament,</strong></span> <span class='ocrx_word' id='word_1_159' title='bbox 1634 1320 1770 1375; x_wconf 78' lang='lat' dir='ltr'><strong>filios</strong></span> <span class='ocrx_word' id='word_1_160' title='bbox 1783 1319 1868 1374; x_wconf 87' lang='lat' dir='ltr'><strong>di-</strong></span> <span class='ocrx_word' id='word_1_161' title='bbox 1971 1336 2030 1376; x_wconf 91' lang='lat' dir='ltr'><strong>se</strong></span> <span class='ocrx_word' id='word_1_162' title='bbox 2054 1319 2392 1383; x_wconf 91' lang='lat' dir='ltr'><strong>occiderunt,</strong></span> <span class='ocrx_word' id='word_1_163' title='bbox 2427 1326 2482 1373; x_wconf 89' lang='lat' dir='ltr'><strong>et</strong></span> <span class='ocrx_word' id='word_1_164' title='bbox 2516 1317 2660 1387; x_wconf 91' lang='lat' dir='ltr'><strong>quod</strong></span> <span class='ocrx_word' id='word_1_165' title='bbox 2692 1331 2877 1384; x_wconf 76' lang='lat' dir='ltr'><strong>suave,</strong></span> <span class='ocrx_word' id='word_1_166' title='bbox 2913 1315 3056 1385; x_wconf 91' lang='lat' dir='ltr'><strong>quod</strong></span> <span class='ocrx_word' id='word_1_167' title='bbox 3087 1315 3263 1377; x_wconf 87' lang='lat' dir='ltr'><strong>dulce,</strong></span> <span class='ocrx_word' id='word_1_168' title='bbox 3294 1311 3437 1382; x_wconf 82' lang='lat' dir='ltr'><strong>quod</strong></span> <span class='ocrx_word' id='word_1_169' title='bbox 3463 1324 3555 1364; x_wconf 88' lang='lat' dir='ltr'><strong>vo-</strong></span> 
     </span>
    </p>
   </div>
   <div class='ocr_carea' id='block_1_13' title="bbox 279 1405 2877 1483">
    <p class='ocr_par' dir='ltr' id='par_1_13' title="bbox 279 1405 2877 1483">
     <span class='ocr_line' id='line_1_13' title="bbox 279 1405 2877 1483; baseline -0 -21"><span class='ocrx_word' id='word_1_170' title='bbox 279 1405 472 1478; x_wconf 87' lang='lat' dir='ltr'><strong>ligant,</strong></span> <span class='ocrx_word' id='word_1_171' title='bbox 513 1407 828 1477; x_wconf 78' lang='lat' dir='ltr'><strong>prudentes,</strong></span> <span class='ocrx_word' id='word_1_172' title='bbox 873 1407 1100 1474; x_wconf 68' lang='lat' dir='ltr'><strong>sobriae,</strong></span> <span class='ocrx_word' id='word_1_173' title='bbox 1129 1409 1323 1463; x_wconf 91' lang='lat' dir='ltr'><strong>domus</strong></span> <span class='ocrx_word' id='word_1_174' title='bbox 1368 1411 1630 1464; x_wconf 80' lang='lat' dir='ltr'><strong>habentes</strong></span> <span class='ocrx_word' id='word_1_175' title='bbox 1657 1425 1874 1477; x_wconf 87' lang='lat' dir='ltr'><strong>curam,</strong></span> <span class='ocrx_word' id='word_1_176' title='bbox 1972 1413 2280 1483; x_wconf 90' lang='lat' dir='ltr'><strong>luptuosum</strong></span> <span class='ocrx_word' id='word_1_177' title='bbox 2311 1410 2507 1474; x_wconf 87' lang='lat' dir='ltr'><strong>fuerat,</strong></span> <span class='ocrx_word' id='word_1_178' title='bbox 2533 1411 2877 1463; x_wconf 90' lang='lat' dir='ltr'><strong>ademerunt.</strong></span> 
     </span>
    </p>
   </div>
   <div class='ocr_carea' id='block_1_14' title="bbox 284 1495 3560 1572">
    <p class='ocr_par' dir='ltr' id='par_1_14' title="bbox 284 1495 3560 1572">
     <span class='ocr_line' id='line_1_14' title="bbox 284 1495 3560 1572; baseline -0 -20"><span class='ocrx_word' id='word_1_179' title='bbox 284 1497 518 1552; x_wconf 68' lang='lat' dir='ltr'><strong>subditae</strong></span> <span class='ocrx_word' id='word_1_180' title='bbox 562 1496 680 1552; x_wconf 89' lang='lat' dir='ltr'><strong>suis</strong></span> <span class='ocrx_word' id='word_1_181' title='bbox 720 1496 856 1552; x_wconf 90' lang='lat' dir='ltr'><strong>viris</strong></span> <span class='ocrx_word' id='word_1_182' title='bbox 886 1495 1019 1568; x_wconf 86' lang='lat' dir='ltr'><strong>(Tit.</strong></span> <span class='ocrx_word' id='word_1_183' title='bbox 1067 1500 1152 1567; x_wconf 89' lang='grc' dir='ltr'>ιι).</span> <span class='ocrx_word' id='word_1_184' title='bbox 1189 1516 1208 1550; x_wconf 75' lang='grc' dir='ltr'><strong>ι</strong></span> <span class='ocrx_word' id='word_1_185' title='bbox 1257 1499 1325 1552; x_wconf 83' lang='lat' dir='ltr'><strong>Et</strong></span> <span class='ocrx_word' id='word_1_186' title='bbox 1369 1499 1438 1552; x_wconf 91' lang='lat' dir='ltr'><strong>ad</strong></span> <span class='ocrx_word' id='word_1_187' title='bbox 1480 1499 1825 1554; x_wconf 84' lang='lat' dir='ltr'><strong>Timotheum</strong></span> <span class='ocrx_word' id='word_1_188' title='bbox 1855 1517 1876 1552; x_wconf 67' lang='grc' dir='ltr'><strong>ι</strong></span> <span class='ocrx_word' id='word_1_189' title='bbox 2042 1503 2213 1558; x_wconf 87' lang='lat' dir='ltr'><strong>Porro</strong></span> <span class='ocrx_word' id='word_1_190' title='bbox 2237 1501 2468 1572; x_wconf 73' lang='lat' dir='ltr'><strong>ptenalis</strong></span> <span class='ocrx_word' id='word_1_191' title='bbox 2495 1515 2688 1556; x_wconf 91' lang='lat' dir='ltr'><strong>carcer</strong></span> <span class='ocrx_word' id='word_1_192' title='bbox 2715 1500 2795 1555; x_wconf 92' lang='lat' dir='ltr'><strong>eis</strong></span> <span class='ocrx_word' id='word_1_193' title='bbox 2825 1515 2930 1553; x_wconf 90' lang='lat' dir='ltr'><strong>non</strong></span> <span class='ocrx_word' id='word_1_194' title='bbox 2961 1498 3154 1563; x_wconf 91' lang='lat' dir='ltr'><strong>defuit,</strong></span> <span class='ocrx_word' id='word_1_195' title='bbox 3202 1498 3292 1568; x_wconf 92' lang='lat' dir='ltr'><strong>qui</strong></span> <span class='ocrx_word' id='word_1_196' title='bbox 3322 1513 3380 1552; x_wconf 91' lang='lat' dir='ltr'><strong>se</strong></span> <span class='ocrx_word' id='word_1_197' title='bbox 3415 1497 3560 1552; x_wconf 84' lang='lat' dir='ltr'><strong>inter</strong></span> 
     </span>
    </p>
   </div>
   <div class='ocr_carea' id='block_1_15' title="bbox 286 1587 3558 1664">
    <p class='ocr_par' dir='ltr' id='par_1_15' title="bbox 286 1587 3558 1664">
     <span class='ocr_line' id='line_1_15' title="bbox 286 1587 3558 1664; baseline 0.001 -24"><span class='ocrx_word' id='word_1_198' title='bbox 286 1607 307 1640; x_wconf 77' lang='grc' dir='ltr'><strong>ι</strong></span> <span class='ocrx_word' id='word_1_199' title='bbox 339 1588 810 1654; x_wconf 81' lang='lat' dir='ltr'><strong>Adolescentulas,</strong></span> <span class='ocrx_word' id='word_1_200' title='bbox 844 1589 1042 1659; x_wconf 84' lang='lat' dir='ltr'><strong>inquit,</strong></span> <span class='ocrx_word' id='word_1_201' title='bbox 1086 1590 1279 1646; x_wconf 89' lang='lat' dir='ltr'><strong>viduas</strong></span> <span class='ocrx_word' id='word_1_202' title='bbox 1307 1591 1516 1658; x_wconf 87' lang='lat' dir='ltr'><strong>devita;</strong></span> <span class='ocrx_word' id='word_1_203' title='bbox 1568 1606 1694 1646; x_wconf 90' lang='lat' dir='ltr'><strong>cum</strong></span> <span class='ocrx_word' id='word_1_204' title='bbox 1727 1591 1876 1646; x_wconf 84' lang='lat' dir='ltr'><strong>enim</strong></span> <span class='ocrx_word' id='word_1_205' title='bbox 1976 1601 2262 1664; x_wconf 79' lang='lat' dir='ltr'><strong>angustam</strong></span> <span class='ocrx_word' id='word_1_206' title='bbox 2292 1591 2548 1648; x_wconf 91' lang='lat' dir='ltr'><strong>aridioris</strong></span> <span class='ocrx_word' id='word_1_207' title='bbox 2576 1593 2704 1645; x_wconf 61' lang='lat' dir='ltr'><strong>vita:</strong></span> <span class='ocrx_word' id='word_1_208' title='bbox 2732 1589 3036 1645; x_wconf 87' lang='lat' dir='ltr'><strong>custodiam</strong></span> <span class='ocrx_word' id='word_1_209' title='bbox 3082 1605 3111 1643; x_wconf 92' lang='lat' dir='ltr'><strong>a</strong></span> <span class='ocrx_word' id='word_1_210' title='bbox 3157 1588 3341 1643; x_wconf 87' lang='lat' dir='ltr'><strong>tnuudi</strong></span> <span class='ocrx_word' id='word_1_211' title='bbox 3374 1587 3558 1642; x_wconf 84' lang='lat' dir='ltr'><strong>illece-</strong></span> 
     </span>
    </p>
   </div>
   <div class='ocr_carea' id='block_1_16' title="bbox 280 1678 3574 1752">
    <p class='ocr_par' dir='ltr' id='par_1_16' title="bbox 280 1678 3574 1752">
     <span class='ocr_line' id='line_1_16' title="bbox 280 1678 3574 1752; baseline -0.001 -18"><span class='ocrx_word' id='word_1_212' title='bbox 280 1679 578 1735; x_wconf 67' lang='lat' dir='ltr'><strong>luxuriataa</strong></span> <span class='ocrx_word' id='word_1_213' title='bbox 616 1678 821 1735; x_wconf 78' lang='lat' dir='ltr'><strong>fuerint</strong></span> <span class='ocrx_word' id='word_1_214' title='bbox 867 1679 922 1735; x_wconf 88' lang='lat' dir='ltr'><strong>in</strong></span> <span class='ocrx_word' id='word_1_215' title='bbox 970 1680 1227 1746; x_wconf 86' lang='lat' dir='ltr'><strong>Christo,</strong></span> <span class='ocrx_word' id='word_1_216' title='bbox 1278 1682 1482 1735; x_wconf 81' lang='lat' dir='ltr'><strong>nubere</strong></span> <span class='ocrx_word' id='word_1_217' title='bbox 1524 1681 1741 1746; x_wconf 89' lang='lat' dir='ltr'><strong>volunt;</strong></span> <span class='ocrx_word' id='word_1_218' title='bbox 1779 1679 1875 1735; x_wconf 89' lang='lat' dir='ltr'><strong>ha-</strong></span> <span class='ocrx_word' id='word_1_219' title='bbox 1975 1684 2090 1739; x_wconf 84' lang='lat' dir='ltr'><strong>bris</strong></span> <span class='ocrx_word' id='word_1_220' title='bbox 2112 1684 2518 1744; x_wconf 86' lang='lat' dir='ltr'><strong>concluserunt,</strong></span> <span class='ocrx_word' id='word_1_221' title='bbox 2543 1697 2774 1752; x_wconf 87' lang='lat' dir='ltr'><strong>quorum</strong></span> <span class='ocrx_word' id='word_1_222' title='bbox 2801 1695 2956 1736; x_wconf 88' lang='lat' dir='ltr'><strong>meus</strong></span> <span class='ocrx_word' id='word_1_223' title='bbox 2981 1679 3339 1741; x_wconf 83' lang='lat' dir='ltr'><strong>lucidissima,</strong></span> <span class='ocrx_word' id='word_1_224' title='bbox 3367 1693 3574 1733; x_wconf 72' lang='lat' dir='ltr'><strong>manus.</strong></span> 
     </span>
    </p>
   </div>
   <div class='ocr_carea' id='block_1_17' title="bbox 281 1765 3567 1845">
    <p class='ocr_par' dir='ltr' id='par_1_17' title="bbox 281 1765 3567 1845">
     <span class='ocr_line' id='line_1_17' title="bbox 281 1765 3567 1845; baseline -0.001 -21"><span class='ocrx_word' id='word_1_225' title='bbox 281 1769 478 1825; x_wconf 78' lang='lat' dir='ltr'><strong>bentes</strong></span> <span class='ocrx_word' id='word_1_226' title='bbox 520 1769 956 1835; x_wconf 84' lang='lat' dir='ltr'><strong>damnationem,</strong></span> <span class='ocrx_word' id='word_1_227' title='bbox 1007 1770 1133 1838; x_wconf 90' lang='lat' dir='ltr'><strong>quia</strong></span> <span class='ocrx_word' id='word_1_228' title='bbox 1179 1770 1413 1840; x_wconf 88' lang='lat' dir='ltr'><strong>primam</strong></span> <span class='ocrx_word' id='word_1_229' title='bbox 1455 1770 1616 1826; x_wconf 88' lang='lat' dir='ltr'><strong>fidem</strong></span> <span class='ocrx_word' id='word_1_230' title='bbox 1661 1771 1874 1826; x_wconf 90' lang='lat' dir='ltr'><strong>irritam</strong></span> <span class='ocrx_word' id='word_1_231' title='bbox 1908 1765 1950 1825; x_wconf 83' lang='grc' dir='ltr'><strong>Β</strong></span> <span class='ocrx_word' id='word_1_232' title='bbox 1978 1775 2150 1845; x_wconf 73' lang='lat' dir='ltr'><strong>plena:</strong></span> <span class='ocrx_word' id='word_1_233' title='bbox 2195 1774 2494 1838; x_wconf 70' lang='lat' dir='ltr'><strong>munditiae,</strong></span> <span class='ocrx_word' id='word_1_234' title='bbox 2532 1788 2598 1827; x_wconf 88' lang='lat' dir='ltr'><strong>eo</strong></span> <span class='ocrx_word' id='word_1_235' title='bbox 2641 1772 2786 1843; x_wconf 89' lang='lat' dir='ltr'><strong>quod</strong></span> <span class='ocrx_word' id='word_1_236' title='bbox 2829 1772 2882 1825; x_wconf 91' lang='lat' dir='ltr'><strong>in</strong></span> <span class='ocrx_word' id='word_1_237' title='bbox 2922 1785 3108 1825; x_wconf 90' lang='lat' dir='ltr'><strong>mensa</strong></span> <span class='ocrx_word' id='word_1_238' title='bbox 3162 1768 3352 1824; x_wconf 85' lang='lat' dir='ltr'><strong>altaris</strong></span> <span class='ocrx_word' id='word_1_239' title='bbox 3381 1782 3567 1822; x_wconf 83' lang='lat' dir='ltr'><strong>sacro-</strong></span> 
     </span>
    </p>
   </div>
   <div class='ocr_carea' id='block_1_18' title="bbox 283 1858 3562 1935">
    <p class='ocr_par' dir='ltr' id='par_1_18' title="bbox 283 1858 3562 1935">
     <span class='ocr_line' id='line_1_18' title="bbox 283 1858 3562 1935; baseline 0 -22"><span class='ocrx_word' id='word_1_240' title='bbox 283 1858 551 1914; x_wconf 85' lang='lat' dir='ltr'><strong>fecerunt.</strong></span> <span class='ocrx_word' id='word_1_241' title='bbox 576 1858 711 1915; x_wconf 81' lang='lat' dir='ltr'><strong>Volo</strong></span> <span class='ocrx_word' id='word_1_242' title='bbox 733 1858 1127 1930; x_wconf 87' lang='lat' dir='ltr'><strong>ergojuuiores</strong></span> <span class='ocrx_word' id='word_1_243' title='bbox 1149 1862 1378 1926; x_wconf 88' lang='lat' dir='ltr'><strong>nubere,</strong></span> <span class='ocrx_word' id='word_1_244' title='bbox 1403 1861 1540 1917; x_wconf 79' lang='lat' dir='ltr'><strong>filios</strong></span> <span class='ocrx_word' id='word_1_245' title='bbox 1562 1876 1874 1932; x_wconf 86' lang='lat' dir='ltr'><strong>procreare,</strong></span> <span class='ocrx_word' id='word_1_246' title='bbox 1979 1874 2166 1921; x_wconf 88' lang='lat' dir='ltr'><strong>sancta</strong></span> <span class='ocrx_word' id='word_1_247' title='bbox 2201 1866 2450 1934; x_wconf 88' lang='lat' dir='ltr'><strong>corporis</strong></span> <span class='ocrx_word' id='word_1_248' title='bbox 2484 1875 2538 1919; x_wconf 89' lang='lat' dir='ltr'><strong>et</strong></span> <span class='ocrx_word' id='word_1_249' title='bbox 2579 1863 2859 1935; x_wconf 80' lang='lat' dir='ltr'><strong>sanguinis</strong></span> <span class='ocrx_word' id='word_1_250' title='bbox 2903 1862 3161 1934; x_wconf 88' lang='lat' dir='ltr'><strong>mysteria</strong></span> <span class='ocrx_word' id='word_1_251' title='bbox 3191 1861 3562 1923; x_wconf 87' lang='lat' dir='ltr'><strong>celebrantes,</strong></span> 
     </span>
    </p>
   </div>
   <div class='ocr_carea' id='block_1_19' title="bbox 282 1949 3565 2031">
    <p class='ocr_par' dir='ltr' id='par_1_19' title="bbox 282 1949 3565 2031">
     <span class='ocr_line' id='line_1_19' title="bbox 282 1949 3565 2031; baseline -0.001 -26"><span class='ocrx_word' id='word_1_252' title='bbox 282 1949 729 2006; x_wconf 82' lang='lat' dir='ltr'><strong>matresfamilias</strong></span> <span class='ocrx_word' id='word_1_253' title='bbox 774 1965 922 2031; x_wconf 77' lang='lat' dir='ltr'><strong>esse,</strong></span> <span class='ocrx_word' id='word_1_254' title='bbox 948 1951 1146 2006; x_wconf 89' lang='lat' dir='ltr'><strong>nullam</strong></span> <span class='ocrx_word' id='word_1_255' title='bbox 1177 1953 1519 2008; x_wconf 86' lang='lat' dir='ltr'><strong>occasionem</strong></span> <span class='ocrx_word' id='word_1_256' title='bbox 1553 1955 1685 2009; x_wconf 87' lang='lat' dir='ltr'><strong>dare</strong></span> <span class='ocrx_word' id='word_1_257' title='bbox 1711 1953 1884 2008; x_wconf 83' lang='lat' dir='ltr'><strong>male-</strong></span> <span class='ocrx_word' id='word_1_258' title='bbox 1979 1964 2035 2011; x_wconf 92' lang='lat' dir='ltr'><strong>et</strong></span> <span class='ocrx_word' id='word_1_259' title='bbox 2061 1956 2113 2010; x_wconf 90' lang='lat' dir='ltr'><strong>in</strong></span> <span class='ocrx_word' id='word_1_260' title='bbox 2144 1957 2226 2010; x_wconf 93' lang='lat' dir='ltr'><strong>sui</strong></span> <span class='ocrx_word' id='word_1_261' title='bbox 2252 1955 2433 2010; x_wconf 87' lang='lat' dir='ltr'><strong>cordis</strong></span> <span class='ocrx_word' id='word_1_262' title='bbox 2464 1953 2832 2024; x_wconf 90' lang='lat' dir='ltr'><strong>penetralibus</strong></span> <span class='ocrx_word' id='word_1_263' title='bbox 2857 1951 3091 2006; x_wconf 88' lang='lat' dir='ltr'><strong>hostiam</strong></span> <span class='ocrx_word' id='word_1_264' title='bbox 3138 1951 3318 2004; x_wconf 86' lang='lat' dir='ltr'><strong>vivam</strong></span> <span class='ocrx_word' id='word_1_265' title='bbox 3348 1949 3565 2018; x_wconf 85' lang='lat' dir='ltr'><strong>Deoque</strong></span> 
     </span>
    </p>
   </div>
   <div class='ocr_carea' id='block_1_20' title="bbox 283 2039 3568 2115">
    <p class='ocr_par' dir='ltr' id='par_1_20' title="bbox 283 2039 3568 2115">
     <span class='ocr_line' id='line_1_20' title="bbox 283 2039 3568 2115; baseline -0.001 -21"><span class='ocrx_word' id='word_1_266' title='bbox 283 2040 418 2095; x_wconf 89' lang='lat' dir='ltr'><strong>dicti</strong></span> <span class='ocrx_word' id='word_1_267' title='bbox 448 2041 664 2112; x_wconf 82' lang='lat' dir='ltr'><strong>gratia;</strong></span> <span class='ocrx_word' id='word_1_268' title='bbox 688 2039 800 2108; x_wconf 82' lang='lat' dir='ltr'><strong>jam</strong></span> <span class='ocrx_word' id='word_1_269' title='bbox 832 2041 977 2095; x_wconf 88' lang='lat' dir='ltr'><strong>enim</strong></span> <span class='ocrx_word' id='word_1_270' title='bbox 1003 2041 1248 2110; x_wconf 74' lang='lat' dir='ltr'><strong>quazdam</strong></span> <span class='ocrx_word' id='word_1_271' title='bbox 1277 2057 1552 2098; x_wconf 72' lang='lat' dir='ltr'><strong>conversa:</strong></span> <span class='ocrx_word' id='word_1_272' title='bbox 1574 2053 1702 2099; x_wconf 88' lang='lat' dir='ltr'><strong>sunt</strong></span> <span class='ocrx_word' id='word_1_273' title='bbox 1727 2052 1876 2099; x_wconf 88' lang='lat' dir='ltr'><strong>retro</strong></span> <span class='ocrx_word' id='word_1_274' title='bbox 1979 2046 2315 2115; x_wconf 88' lang='lat' dir='ltr'><strong>placentem,</strong></span> <span class='ocrx_word' id='word_1_275' title='bbox 2363 2046 2414 2099; x_wconf 90' lang='lat' dir='ltr'><strong>id</strong></span> <span class='ocrx_word' id='word_1_276' title='bbox 2463 2054 2576 2109; x_wconf 86' lang='lat' dir='ltr'><strong>est,</strong></span> <span class='ocrx_word' id='word_1_277' title='bbox 2610 2042 2933 2112; x_wconf 89' lang='lat' dir='ltr'><strong>semetipsos</strong></span> <span class='ocrx_word' id='word_1_278' title='bbox 2982 2042 3102 2094; x_wconf 88' lang='lat' dir='ltr'><strong>sine</strong></span> <span class='ocrx_word' id='word_1_279' title='bbox 3148 2039 3356 2094; x_wconf 90' lang='lat' dir='ltr'><strong>macula</strong></span> <span class='ocrx_word' id='word_1_280' title='bbox 3403 2049 3568 2108; x_wconf 86' lang='lat' dir='ltr'><strong>atque</strong></span> 
     </span>
    </p>
   </div>
   <div class='ocr_carea' id='block_1_21' title="bbox 285 2130 3563 2204">
    <p class='ocr_par' dir='ltr' id='par_1_21' title="bbox 285 2130 3563 2204">
     <span class='ocr_line' id='line_1_21' title="bbox 285 2130 3563 2204; baseline -0.001 -19"><span class='ocrx_word' id='word_1_281' title='bbox 285 2130 546 2186; x_wconf 82' lang='lat' dir='ltr'><strong>Satanam</strong></span> <span class='ocrx_word' id='word_1_282' title='bbox 579 2130 632 2200; x_wconf 92' lang='grc'><strong>(1</strong></span> <span class='ocrx_word' id='word_1_283' title='bbox 667 2131 804 2186; x_wconf 85' lang='lat' dir='ltr'><strong>Tim.</strong></span> <span class='ocrx_word' id='word_1_284' title='bbox 843 2133 920 2202; x_wconf 84' lang='lat' dir='ltr'><strong>v).</strong></span> <span class='ocrx_word' id='word_1_285' title='bbox 963 2149 981 2184; x_wconf 77' lang='grc' dir='ltr'><strong>ι</strong></span> <span class='ocrx_word' id='word_1_286' title='bbox 1033 2133 1104 2188; x_wconf 85' lang='grc' dir='ltr'>Ει</span> <span class='ocrx_word' id='word_1_287' title='bbox 1142 2133 1208 2186; x_wconf 88' lang='lat' dir='ltr'><strong>ad</strong></span> <span class='ocrx_word' id='word_1_288' title='bbox 1244 2132 1638 2188; x_wconf 87' lang='lat' dir='ltr'><strong>Colossenses:</strong></span> <span class='ocrx_word' id='word_1_289' title='bbox 1688 2151 1707 2184; x_wconf 76' lang='grc' dir='ltr'><strong>ι</strong></span> <span class='ocrx_word' id='word_1_290' title='bbox 1739 2133 1875 2194; x_wconf 85' lang='lat' dir='ltr'><strong>Viri,</strong></span> <span class='ocrx_word' id='word_1_291' title='bbox 1982 2137 2308 2192; x_wconf 85' lang='lat' dir='ltr'><strong>admistione</strong></span> <span class='ocrx_word' id='word_1_292' title='bbox 2340 2136 2488 2204; x_wconf 88' lang='lat' dir='ltr'><strong>pravi</strong></span> <span class='ocrx_word' id='word_1_293' title='bbox 2511 2135 2693 2204; x_wconf 82' lang='lat' dir='ltr'><strong>cperis</strong></span> <span class='ocrx_word' id='word_1_294' title='bbox 2734 2131 2931 2187; x_wconf 88' lang='lat' dir='ltr'><strong>offerre</strong></span> <span class='ocrx_word' id='word_1_295' title='bbox 2978 2145 3085 2186; x_wconf 92' lang='lat' dir='ltr'><strong>non</strong></span> <span class='ocrx_word' id='word_1_296' title='bbox 3131 2130 3420 2186; x_wconf 86' lang='lat' dir='ltr'><strong>desistunt.</strong></span> <span class='ocrx_word' id='word_1_297' title='bbox 3471 2131 3563 2194; x_wconf 82' lang='lat' dir='ltr'><strong>Et,</strong></span> 
     </span>
    </p>
   </div>
   <div class='ocr_carea' id='block_1_22' title="bbox 286 2211 3568 2295">
    <p class='ocr_par' dir='ltr' id='par_1_22' title="bbox 286 2211 3568 2295">
     <span class='ocr_line' id='line_1_22' title="bbox 286 2211 3568 2295; baseline -0.005 -21"><span class='ocrx_word' id='word_1_298' title='bbox 286 2219 486 2289; x_wconf 86' lang='lat' dir='ltr'><strong>inquit,</strong></span> <span class='ocrx_word' id='word_1_299' title='bbox 524 2220 734 2292; x_wconf 79' lang='lat' dir='ltr'><strong>diligite</strong></span> <span class='ocrx_word' id='word_1_300' title='bbox 759 2237 960 2278; x_wconf 83' lang='lat' dir='ltr'><strong>uxores</strong></span> <span class='ocrx_word' id='word_1_301' title='bbox 991 2232 1220 2287; x_wconf 85' lang='lat' dir='ltr'><strong>vestras,</strong></span> <span class='ocrx_word' id='word_1_302' title='bbox 1251 2233 1302 2278; x_wconf 89' lang='lat' dir='ltr'><strong>et</strong></span> <span class='ocrx_word' id='word_1_303' title='bbox 1330 2222 1499 2278; x_wconf 67' lang='lat' dir='ltr'><strong>nolite</strong></span> <span class='ocrx_word' id='word_1_304' title='bbox 1531 2223 1704 2276; x_wconf 85' lang='lat' dir='ltr'><strong>amari</strong></span> <span class='ocrx_word' id='word_1_305' title='bbox 1758 2236 1878 2278; x_wconf 89' lang='lat' dir='ltr'><strong>esse</strong></span> <span class='ocrx_word' id='word_1_306' title='bbox 1982 2232 2125 2287; x_wconf 75' lang='lat' dir='ltr'><strong>sicut</strong></span> <span class='ocrx_word' id='word_1_307' title='bbox 2143 2228 2406 2292; x_wconf 86' lang='lat' dir='ltr'><strong>diximus,</strong></span> <span class='ocrx_word' id='word_1_308' title='bbox 2442 2225 2571 2280; x_wconf 90' lang='lat' dir='ltr'><strong>licet</strong></span> <span class='ocrx_word' id='word_1_309' title='bbox 2611 2223 2953 2295; x_wconf 84' lang='lat' dir='ltr'><strong>percussoris</strong></span> <span class='ocrx_word' id='word_1_310' title='bbox 2988 2236 3094 2275; x_wconf 91' lang='lat' dir='ltr'><strong>non</strong></span> <span class='ocrx_word' id='word_1_311' title='bbox 3122 2219 3425 2284; x_wconf 89' lang='lat' dir='ltr'><strong>sensissent</strong></span> <span class='ocrx_word' id='word_1_312' title='bbox 3453 2211 3568 2290; x_wconf 61' lang='lat' dir='ltr'><strong>gl}...</strong></span> 
     </span>
    </p>
   </div>
   <div class='ocr_carea' id='block_1_23' title="bbox 289 2309 966 2383">
    <p class='ocr_par' dir='ltr' id='par_1_23' title="bbox 289 2309 966 2383">
     <span class='ocr_line' id='line_1_23' title="bbox 289 2309 966 2383; baseline 0 -19"><span class='ocrx_word' id='word_1_313' title='bbox 289 2312 357 2364; x_wconf 78' lang='lat' dir='ltr'><strong>ad</strong></span> <span class='ocrx_word' id='word_1_314' title='bbox 387 2311 508 2368; x_wconf 85' lang='lat' dir='ltr'><strong>illas</strong></span> <span class='ocrx_word' id='word_1_315' title='bbox 539 2309 768 2383; x_wconf 69' lang='lat' dir='ltr'><strong>(Colon.</strong></span> <span class='ocrx_word' id='word_1_316' title='bbox 800 2313 908 2380; x_wconf 91' lang='grc' dir='ltr'>ιιι).</span> <span class='ocrx_word' id='word_1_317' title='bbox 945 2331 966 2364; x_wconf 77' lang='grc' dir='ltr'><strong>ι</strong></span> 
     </span>
    </p>
   </div>
   <div class='ocr_carea' id='block_1_24' title="bbox 359 2403 1882 2473">
    <p class='ocr_par' dir='ltr' id='par_1_24' title="bbox 359 2403 1882 2473">
     <span class='ocr_line' id='line_1_24' title="bbox 359 2403 1882 2473; baseline 0.005 -18"><span class='ocrx_word' id='word_1_318' title='bbox 359 2405 495 2457; x_wconf 72' lang='lat' dir='ltr'><strong>tium</strong></span> <span class='ocrx_word' id='word_1_319' title='bbox 525 2403 689 2473; x_wconf 78' lang='lat' dir='ltr'><strong>igitur</strong></span> <span class='ocrx_word' id='word_1_320' title='bbox 717 2405 831 2461; x_wconf 67' lang='lat' dir='ltr'><strong>haec</strong></span> <span class='ocrx_word' id='word_1_321' title='bbox 870 2406 1123 2460; x_wconf 68' lang='lat' dir='ltr'><strong>humanae</strong></span> <span class='ocrx_word' id='word_1_322' title='bbox 1154 2407 1562 2463; x_wconf 79' lang='lat' dir='ltr'><strong>consuetudinis</strong></span> <span class='ocrx_word' id='word_1_323' title='bbox 1597 2407 1682 2462; x_wconf 87' lang='lat' dir='ltr'><strong>lex</strong></span> <span class='ocrx_word' id='word_1_324' title='bbox 1712 2407 1882 2462; x_wconf 89' lang='lat' dir='ltr'><strong>tantis</strong></span> 
     </span>
    </p>
   </div>
   <div class='ocr_carea' id='block_1_25' title="bbox 288 2493 1883 2566">
    <p class='ocr_par' dir='ltr' id='par_1_25' title="bbox 288 2493 1883 2566">
     <span class='ocr_line' id='line_1_25' title="bbox 288 2493 1883 2566; baseline 0.003 -18"><span class='ocrx_word' id='word_1_325' title='bbox 288 2493 487 2551; x_wconf 70' lang='lat' dir='ltr'><strong>divina:</strong></span> <span class='ocrx_word' id='word_1_326' title='bbox 513 2497 863 2552; x_wconf 85' lang='lat' dir='ltr'><strong>auctoritatis</strong></span> <span class='ocrx_word' id='word_1_327' title='bbox 887 2496 1147 2552; x_wconf 89' lang='lat' dir='ltr'><strong>fulciatur</strong></span> <span class='ocrx_word' id='word_1_328' title='bbox 1173 2498 1468 2566; x_wconf 90' lang='lat' dir='ltr'><strong>institutis,</strong></span> <span class='ocrx_word' id='word_1_329' title='bbox 1506 2499 1760 2553; x_wconf 88' lang='lat' dir='ltr'><strong>nimirum</strong></span> <span class='ocrx_word' id='word_1_330' title='bbox 1783 2499 1883 2553; x_wconf 89' lang='lat' dir='ltr'><strong>ah-</strong></span> 
     </span>
    </p>
   </div>
   <div class='ocr_carea' id='block_1_26' title="bbox 289 2582 1884 2659">
    <p class='ocr_par' dir='ltr' id='par_1_26' title="bbox 289 2582 1884 2659">
     <span class='ocr_line' id='line_1_26' title="bbox 289 2582 1884 2659; baseline 0.003 -20"><span class='ocrx_word' id='word_1_331' title='bbox 289 2582 526 2656; x_wconf 70' lang='lat' dir='ltr'><strong>iicienda</strong></span> <span class='ocrx_word' id='word_1_332' title='bbox 551 2596 637 2644; x_wconf 86' lang='lat' dir='ltr'><strong>est</strong></span> <span class='ocrx_word' id='word_1_333' title='bbox 661 2599 859 2644; x_wconf 76' lang='lat' dir='ltr'><strong>vestrae</strong></span> <span class='ocrx_word' id='word_1_334' title='bbox 881 2588 1153 2644; x_wconf 66' lang='lat' dir='ltr'><strong>haereseos</strong></span> <span class='ocrx_word' id='word_1_335' title='bbox 1182 2605 1247 2644; x_wconf 91' lang='lat' dir='ltr'><strong>ac</strong></span> <span class='ocrx_word' id='word_1_336' title='bbox 1272 2589 1490 2659; x_wconf 90' lang='lat' dir='ltr'><strong>penitus</strong></span> <span class='ocrx_word' id='word_1_337' title='bbox 1511 2589 1884 2646; x_wconf 87' lang='lat' dir='ltr'><strong>conculcanda</strong></span> 
     </span>
    </p>
   </div>
   <div class='ocr_carea' id='block_1_27' title="bbox 299 2676 1885 2750">
    <p class='ocr_par' dir='ltr' id='par_1_27' title="bbox 299 2676 1885 2750">
     <span class='ocr_line' id='line_1_27' title="bbox 299 2676 1885 2750; baseline 0.004 -21"><span class='ocrx_word' id='word_1_338' title='bbox 299 2676 571 2732; x_wconf 87' lang='lat' dir='ltr'><strong>doctrina.</strong></span> <span class='ocrx_word' id='word_1_339' title='bbox 599 2676 738 2732; x_wconf 81' lang='lat' dir='ltr'><strong>Nam</strong></span> <span class='ocrx_word' id='word_1_340' title='bbox 787 2678 832 2734; x_wconf 91' lang='lat' dir='ltr'><strong>si</strong></span> <span class='ocrx_word' id='word_1_341' title='bbox 877 2694 960 2734; x_wconf 69' lang='lat' dir='ltr'><strong>co:</strong></span> <span class='ocrx_word' id='word_1_342' title='bbox 978 2679 1178 2750; x_wconf 86' lang='lat' dir='ltr'><strong>jugalis</strong></span> <span class='ocrx_word' id='word_1_343' title='bbox 1223 2682 1457 2738; x_wconf 85' lang='lat' dir='ltr'><strong>societas</strong></span> <span class='ocrx_word' id='word_1_344' title='bbox 1483 2680 1685 2736; x_wconf 91' lang='lat' dir='ltr'><strong>homini</strong></span> <span class='ocrx_word' id='word_1_345' title='bbox 1718 2695 1885 2736; x_wconf 87' lang='lat' dir='ltr'><strong>causa</strong></span> 
     </span>
    </p>
   </div>
   <div class='ocr_carea' id='block_1_28' title="bbox 290 2769 1886 2846">
    <p class='ocr_par' dir='ltr' id='par_1_28' title="bbox 290 2769 1886 2846">
     <span class='ocr_line' id='line_1_28' title="bbox 290 2769 1886 2846; baseline 0.005 -24"><span class='ocrx_word' id='word_1_346' title='bbox 290 2777 441 2823; x_wconf 70' lang='lat' dir='ltr'><strong>esset</strong></span> <span class='ocrx_word' id='word_1_347' title='bbox 459 2769 804 2839; x_wconf 79' lang='lat' dir='ltr'><strong>perditionis,</strong></span> <span class='ocrx_word' id='word_1_348' title='bbox 827 2771 920 2842; x_wconf 76' lang='lat' dir='ltr'><strong>(tui</strong></span> <span class='ocrx_word' id='word_1_349' title='bbox 953 2773 1100 2828; x_wconf 65' lang='lat' dir='ltr'><strong>venit</strong></span> <span class='ocrx_word' id='word_1_350' title='bbox 1127 2774 1368 2843; x_wconf 87' lang='lat' dir='ltr'><strong>perditos</strong></span> <span class='ocrx_word' id='word_1_351' title='bbox 1396 2789 1651 2846; x_wconf 89' lang='lat' dir='ltr'><strong>reparare</strong></span> <span class='ocrx_word' id='word_1_352' title='bbox 1679 2775 1886 2830; x_wconf 91' lang='lat' dir='ltr'><strong>nullum</strong></span> 
     </span>
    </p>
   </div>
   <div class='ocr_carea' id='block_1_29' title="bbox 295 2861 1888 2939">
    <p class='ocr_par' dir='ltr' id='par_1_29' title="bbox 295 2861 1888 2939">
     <span class='ocr_line' id='line_1_29' title="bbox 295 2861 1888 2939; baseline 0.007 -25"><span class='ocrx_word' id='word_1_353' title='bbox 295 2862 454 2915; x_wconf 76' lang='lat' dir='ltr'><strong>daret</strong></span> <span class='ocrx_word' id='word_1_354' title='bbox 503 2861 665 2932; x_wconf 84' lang='lat' dir='ltr'><strong>hujus</strong></span> <span class='ocrx_word' id='word_1_355' title='bbox 700 2862 918 2934; x_wconf 70' lang='lat' dir='ltr'><strong>copula:</strong></span> <span class='ocrx_word' id='word_1_356' title='bbox 965 2866 1352 2921; x_wconf 90' lang='lat' dir='ltr'><strong>documentum</strong></span> <span class='ocrx_word' id='word_1_357' title='bbox 1381 2907 1396 2931; x_wconf 93' lang='lat'><strong>,</strong></span> <span class='ocrx_word' id='word_1_358' title='bbox 1449 2866 1656 2923; x_wconf 91' lang='lat' dir='ltr'><strong>nullum</strong></span> <span class='ocrx_word' id='word_1_359' title='bbox 1683 2884 1888 2939; x_wconf 71' lang='lat' dir='ltr'><strong>praece-</strong></span> 
     </span>
    </p>
   </div>
   <div class='ocr_carea' id='block_1_30' title="bbox 296 2953 1890 3030">
    <p class='ocr_par' dir='ltr' id='par_1_30' title="bbox 296 2953 1890 3030">
     <span class='ocr_line' id='line_1_30' title="bbox 296 2953 1890 3030; baseline 0.007 -27"><span class='ocrx_word' id='word_1_360' title='bbox 296 2961 476 3022; x_wconf 86' lang='lat' dir='ltr'><strong>ptum.</strong></span> <span class='ocrx_word' id='word_1_361' title='bbox 511 2953 713 3009; x_wconf 86' lang='lat' dir='ltr'><strong>Paulus</strong></span> <span class='ocrx_word' id='word_1_362' title='bbox 735 2954 992 3025; x_wconf 84' lang='lat' dir='ltr'><strong>denique,</strong></span> <span class='ocrx_word' id='word_1_363' title='bbox 1020 2958 1111 3025; x_wconf 86' lang='lat' dir='ltr'><strong>qui</strong></span> <span class='ocrx_word' id='word_1_364' title='bbox 1147 2965 1298 3011; x_wconf 91' lang='lat' dir='ltr'><strong>tanto</strong></span> <span class='ocrx_word' id='word_1_365' title='bbox 1320 2957 1606 3013; x_wconf 88' lang='lat' dir='ltr'><strong>charitalis</strong></span> <span class='ocrx_word' id='word_1_366' title='bbox 1629 2957 1753 3030; x_wconf 88' lang='lat' dir='ltr'><strong>igne</strong></span> <span class='ocrx_word' id='word_1_367' title='bbox 1793 2958 1890 3014; x_wconf 83' lang='lat' dir='ltr'><strong>lla-</strong></span> 
     </span>
    </p>
   </div>
   <div class='ocr_carea' id='block_1_31' title="bbox 297 3042 1887 3116">
    <p class='ocr_par' dir='ltr' id='par_1_31' title="bbox 297 3042 1887 3116">
     <span class='ocr_line' id='line_1_31' title="bbox 297 3042 1887 3116; baseline 0.004 -23"><span class='ocrx_word' id='word_1_368' title='bbox 297 3042 490 3110; x_wconf 85' lang='lat' dir='ltr'><strong>grahat</strong></span> <span class='ocrx_word' id='word_1_369' title='bbox 517 3051 576 3096; x_wconf 92' lang='lat' dir='ltr'><strong>ut</strong></span> <span class='ocrx_word' id='word_1_370' title='bbox 595 3042 758 3098; x_wconf 88' lang='lat' dir='ltr'><strong>etiam</strong></span> <span class='ocrx_word' id='word_1_371' title='bbox 787 3058 888 3112; x_wconf 88' lang='lat' dir='ltr'><strong>pro</strong></span> <span class='ocrx_word' id='word_1_372' title='bbox 909 3042 1168 3101; x_wconf 85' lang='lat' dir='ltr'><strong>fratribus</strong></span> <span class='ocrx_word' id='word_1_373' title='bbox 1196 3047 1481 3100; x_wconf 85' lang='lat' dir='ltr'><strong>anathema</strong></span> <span class='ocrx_word' id='word_1_374' title='bbox 1515 3047 1628 3102; x_wconf 80' lang='lat' dir='ltr'><strong>lteri</strong></span> <span class='ocrx_word' id='word_1_375' title='bbox 1653 3055 1887 3116; x_wconf 87' lang='lat' dir='ltr'><strong>optaret,</strong></span> 
     </span>
    </p>
   </div>
   <div class='ocr_carea' id='block_1_32' title="bbox 1985 2312 3570 2389">
    <p class='ocr_par' dir='ltr' id='par_1_32' title="bbox 1985 2312 3570 2389">
     <span class='ocr_line' id='line_1_32' title="bbox 1985 2312 3570 2389; baseline -0.007 -11"><span class='ocrx_word' id='word_1_376' title='bbox 1985 2324 2156 2388; x_wconf 91' lang='lat' dir='ltr'><strong>dium,</strong></span> <span class='ocrx_word' id='word_1_377' title='bbox 2181 2329 2386 2386; x_wconf 88' lang='lat' dir='ltr'><strong>tamen,</strong></span> <span class='ocrx_word' id='word_1_378' title='bbox 2420 2335 2516 2389; x_wconf 92' lang='lat' dir='ltr'><strong>per</strong></span> <span class='ocrx_word' id='word_1_379' title='bbox 2539 2317 2665 2372; x_wconf 79' lang='lat' dir='ltr'><strong>vitae</strong></span> <span class='ocrx_word' id='word_1_380' title='bbox 2698 2315 2956 2372; x_wconf 88' lang='lat' dir='ltr'><strong>meritum</strong></span> <span class='ocrx_word' id='word_1_381' title='bbox 2981 2315 3094 2370; x_wconf 88' lang='lat' dir='ltr'><strong>Deo</strong></span> <span class='ocrx_word' id='word_1_382' title='bbox 3119 2313 3286 2382; x_wconf 81' lang='lat' dir='ltr'><strong>digni,</strong></span> <span class='ocrx_word' id='word_1_383' title='bbox 3313 2312 3570 2383; x_wconf 86' lang='lat' dir='ltr'><strong>martyrio</strong></span> 
     </span>
    </p>
   </div>
   <div class='ocr_carea' id='block_1_33' title="bbox 1987 2401 3572 2482">
    <p class='ocr_par' dir='ltr' id='par_1_33' title="bbox 1987 2401 3572 2482">
     <span class='ocr_line' id='line_1_33' title="bbox 1987 2401 3572 2482; baseline -0.008 -15"><span class='ocrx_word' id='word_1_384' title='bbox 1987 2427 2092 2467; x_wconf 93' lang='lat' dir='ltr'><strong>non</strong></span> <span class='ocrx_word' id='word_1_385' title='bbox 2119 2411 2429 2482; x_wconf 90' lang='lat' dir='ltr'><strong>privantur,</strong></span> <span class='ocrx_word' id='word_1_386' title='bbox 2457 2409 2584 2479; x_wconf 87' lang='lat' dir='ltr'><strong>quia</strong></span> <span class='ocrx_word' id='word_1_387' title='bbox 2617 2406 2938 2478; x_wconf 88' lang='lat' dir='ltr'><strong>martyrium</strong></span> <span class='ocrx_word' id='word_1_388' title='bbox 2972 2419 3080 2459; x_wconf 89' lang='lat' dir='ltr'><strong>non</strong></span> <span class='ocrx_word' id='word_1_389' title='bbox 3111 2403 3284 2457; x_wconf 89' lang='lat' dir='ltr'><strong>solum</strong></span> <span class='ocrx_word' id='word_1_390' title='bbox 3309 2401 3572 2463; x_wconf 76' lang='lat' dir='ltr'><strong>etfusioue</strong></span> 
     </span>
    </p>
   </div>
   <div class='ocr_carea' id='block_1_34' title="bbox 1987 2497 3568 2574">
    <p class='ocr_par' dir='ltr' id='par_1_34' title="bbox 1987 2497 3568 2574">
     <span class='ocr_line' id='line_1_34' title="bbox 1987 2497 3568 2574; baseline -0.006 -14"><span class='ocrx_word' id='word_1_391' title='bbox 1987 2503 2307 2574; x_wconf 86' lang='lat' dir='ltr'><strong>sanguinis,</strong></span> <span class='ocrx_word' id='word_1_392' title='bbox 2355 2503 2449 2558; x_wconf 90' lang='lat' dir='ltr'><strong>sed</strong></span> <span class='ocrx_word' id='word_1_393' title='bbox 2497 2501 2827 2557; x_wconf 88' lang='lat' dir='ltr'><strong>abstinentia</strong></span> <span class='ocrx_word' id='word_1_394' title='bbox 2861 2508 3212 2572; x_wconf 89' lang='lat' dir='ltr'><strong>peccatorum</strong></span> <span class='ocrx_word' id='word_1_395' title='bbox 3258 2497 3568 2566; x_wconf 70' lang='lat' dir='ltr'><strong>perficitur;</strong></span> 
     </span>
    </p>
   </div>
   <div class='ocr_carea' id='block_1_35' title="bbox 1988 2589 3574 2668">
    <p class='ocr_par' dir='ltr' id='par_1_35' title="bbox 1988 2589 3574 2668">
     <span class='ocr_line' id='line_1_35' title="bbox 1988 2589 3574 2668; baseline -0.006 -16"><span class='ocrx_word' id='word_1_396' title='bbox 1988 2597 2227 2668; x_wconf 88' lang='lat' dir='ltr'><strong>alioquin</strong></span> <span class='ocrx_word' id='word_1_397' title='bbox 2255 2595 2412 2667; x_wconf 88' lang='lat' dir='ltr'><strong>longe</strong></span> <span class='ocrx_word' id='word_1_398' title='bbox 2432 2609 2462 2649; x_wconf 87' lang='lat' dir='ltr'><strong>a</strong></span> <span class='ocrx_word' id='word_1_399' title='bbox 2499 2609 2626 2650; x_wconf 90' lang='lat' dir='ltr'><strong>vero</strong></span> <span class='ocrx_word' id='word_1_400' title='bbox 2654 2592 2872 2649; x_wconf 73' lang='lat' dir='ltr'><strong>differre</strong></span> <span class='ocrx_word' id='word_1_401' title='bbox 2899 2590 3170 2647; x_wconf 86' lang='lat' dir='ltr'><strong>videbitur</strong></span> <span class='ocrx_word' id='word_1_402' title='bbox 3221 2589 3452 2660; x_wconf 87' lang='lat' dir='ltr'><strong>quodex</strong></span> <span class='ocrx_word' id='word_1_403' title='bbox 3477 2603 3574 2644; x_wconf 85' lang='lat' dir='ltr'><strong>ore</strong></span> 
     </span>
    </p>
   </div>
   <div class='ocr_carea' id='block_1_36' title="bbox 1989 2682 3564 2748">
    <p class='ocr_par' dir='ltr' id='par_1_36' title="bbox 1989 2682 3564 2748">
     <span class='ocr_line' id='line_1_36' title="bbox 1989 2682 3564 2748; baseline -0.008 -1"><span class='ocrx_word' id='word_1_404' title='bbox 1989 2689 2250 2748; x_wconf 82' lang='lat' dir='ltr'><strong>Veritatis</strong></span> <span class='ocrx_word' id='word_1_405' title='bbox 2280 2691 2347 2744; x_wconf 91' lang='lat' dir='ltr'><strong>ad</strong></span> <span class='ocrx_word' id='word_1_406' title='bbox 2371 2690 2505 2744; x_wconf 80' lang='lat' dir='ltr'><strong>duos</strong></span> <span class='ocrx_word' id='word_1_407' title='bbox 2533 2687 2730 2743; x_wconf 87' lang='lat' dir='ltr'><strong>fratres</strong></span> <span class='ocrx_word' id='word_1_408' title='bbox 2756 2686 2896 2740; x_wconf 88' lang='lat' dir='ltr'><strong>lilios</strong></span> <span class='ocrx_word' id='word_1_409' title='bbox 2938 2682 3183 2740; x_wconf 73' lang='lat' dir='ltr'><strong>Zcbedtei</strong></span> <span class='ocrx_word' id='word_1_410' title='bbox 3215 2683 3415 2736; x_wconf 87' lang='lat' dir='ltr'><strong>dictum</strong></span> <span class='ocrx_word' id='word_1_411' title='bbox 3441 2690 3524 2735; x_wconf 92' lang='lat' dir='ltr'><strong>est</strong></span> <span class='ocrx_word' id='word_1_412' title='bbox 3550 2697 3564 2735; x_wconf 89' lang='lat'><strong>:</strong></span> 
     </span>
    </p>
   </div>
   <div class='ocr_carea' id='block_1_37' title="bbox 1996 2774 3573 2854">
    <p class='ocr_par' dir='ltr' id='par_1_37' title="bbox 1996 2774 3573 2854">
     <span class='ocr_line' id='line_1_37' title="bbox 1996 2774 3573 2854; baseline -0.008 -14"><span class='ocrx_word' id='word_1_413' title='bbox 1996 2805 2015 2840; x_wconf 80' lang='grc' dir='ltr'><strong>ι</strong></span> <span class='ocrx_word' id='word_1_414' title='bbox 2046 2785 2284 2842; x_wconf 88' lang='lat' dir='ltr'><strong>Calicem</strong></span> <span class='ocrx_word' id='word_1_415' title='bbox 2315 2784 2531 2854; x_wconf 90' lang='lat' dir='ltr'><strong>quidem</strong></span> <span class='ocrx_word' id='word_1_416' title='bbox 2559 2798 2735 2838; x_wconf 90' lang='lat' dir='ltr'><strong>meum</strong></span> <span class='ocrx_word' id='word_1_417' title='bbox 2764 2779 2958 2836; x_wconf 90' lang='lat' dir='ltr'><strong>hlbetis</strong></span> <span class='ocrx_word' id='word_1_418' title='bbox 2983 2777 3202 2849; x_wconf 75' lang='lat' dir='ltr'><strong>(Matth.</strong></span> <span class='ocrx_word' id='word_1_419' title='bbox 3231 2777 3342 2845; x_wconf 80' lang='lat' dir='ltr'><strong>xx).</strong></span> <span class='ocrx_word' id='word_1_420' title='bbox 3385 2795 3402 2826; x_wconf 80' lang='grc' dir='ltr'><strong>ι</strong></span> <span class='ocrx_word' id='word_1_421' title='bbox 3437 2774 3573 2829; x_wconf 81' lang='lat' dir='ltr'><strong>Cum</strong></span> 
     </span>
    </p>
   </div>
   <div class='ocr_carea' id='block_1_38' title="bbox 1991 2863 3588 2944">
    <p class='ocr_par' dir='ltr' id='par_1_38' title="bbox 1991 2863 3588 2944">
     <span class='ocr_line' id='line_1_38' title="bbox 1991 2863 3588 2944; baseline -0.009 -13"><span class='ocrx_word' id='word_1_422' title='bbox 1991 2891 2161 2931; x_wconf 89' lang='lat' dir='ltr'><strong>unum</strong></span> <span class='ocrx_word' id='word_1_423' title='bbox 2197 2875 2414 2944; x_wconf 89' lang='lat' dir='ltr'><strong>quidem</strong></span> <span class='ocrx_word' id='word_1_424' title='bbox 2460 2870 2640 2943; x_wconf 87' lang='lat' dir='ltr'><strong>gladio</strong></span> <span class='ocrx_word' id='word_1_425' title='bbox 2686 2867 3039 2934; x_wconf 83' lang='lat' dir='ltr'><strong>occubuisse,</strong></span> <span class='ocrx_word' id='word_1_426' title='bbox 3069 2865 3300 2920; x_wconf 81' lang='lat' dir='ltr'><strong>alterum</strong></span> <span class='ocrx_word' id='word_1_427' title='bbox 3348 2863 3400 2918; x_wconf 91' lang='lat' dir='ltr'><strong>in</strong></span> <span class='ocrx_word' id='word_1_428' title='bbox 3443 2877 3588 2934; x_wconf 8' lang='lat' dir='ltr'><strong>paces</strong></span> 
     </span>
    </p>
   </div>
   <div class='ocr_carea' id='block_1_39' title="bbox 1990 2963 2846 3036">
    <p class='ocr_par' dir='ltr' id='par_1_39' title="bbox 1990 2963 2846 3036">
     <span class='ocr_line' id='line_1_39' title="bbox 1990 2963 2846 3036; baseline -0.011 -12"><span class='ocrx_word' id='word_1_429' title='bbox 1990 2964 2249 3024; x_wconf 64' lang='lat' dir='ltr'><strong>Ecclesia:</strong></span> <span class='ocrx_word' id='word_1_430' title='bbox 2277 2965 2553 3036; x_wconf 83' lang='lat' dir='ltr'><strong>quievisse</strong></span> <span class='ocrx_word' id='word_1_431' title='bbox 2579 2963 2846 3033; x_wconf 85' lang='lat' dir='ltr'><strong>legamus.</strong></span> 
     </span>
    </p>
   </div>
   <div class='ocr_carea' id='block_1_40' title="bbox 2067 3046 3580 3128">
    <p class='ocr_par' dir='ltr' id='par_1_40' title="bbox 2067 3046 3580 3128">
     <span class='ocr_line' id='line_1_40' title="bbox 2067 3046 3580 3128; baseline -0.011 -14"><span class='ocrx_word' id='word_1_432' title='bbox 2067 3056 2176 3114; x_wconf 90' lang='lat' dir='ltr'><strong>Sed</strong></span> <span class='ocrx_word' id='word_1_433' title='bbox 2221 3072 2400 3128; x_wconf 88' lang='lat' dir='ltr'><strong>neque</strong></span> <span class='ocrx_word' id='word_1_434' title='bbox 2451 3055 2562 3111; x_wconf 92' lang='lat' dir='ltr'><strong>ullo</strong></span> <span class='ocrx_word' id='word_1_435' title='bbox 2612 3065 2896 3109; x_wconf 90' lang='lat' dir='ltr'><strong>auctorum</strong></span> <span class='ocrx_word' id='word_1_436' title='bbox 2936 3047 3234 3120; x_wconf 83' lang='lat' dir='ltr'><strong>exemplari</strong></span> <span class='ocrx_word' id='word_1_437' title='bbox 3281 3046 3580 3102; x_wconf 89' lang='lat' dir='ltr'><strong>ostendunt</strong></span> 
     </span>
    </p>
   </div>
   <div class='ocr_carea' id='block_1_41' title="bbox 297 3125 1895 3218">
    <p class='ocr_par' dir='ltr' id='par_1_41' title="bbox 297 3133 1886 3205">
     <span class='ocr_line' id='line_1_41' title="bbox 297 3133 1886 3205; baseline 0.006 -19"><span class='ocrx_word' id='word_1_438' title='bbox 297 3133 504 3186; x_wconf 79' lang='lat' dir='ltr'><strong>nullum</strong></span> <span class='ocrx_word' id='word_1_439' title='bbox 543 3148 708 3203; x_wconf 83' lang='lat' dir='ltr'><strong>super</strong></span> <span class='ocrx_word' id='word_1_440' title='bbox 741 3134 1049 3205; x_wconf 89' lang='lat' dir='ltr'><strong>hujusmodi</strong></span> <span class='ocrx_word' id='word_1_441' title='bbox 1076 3137 1231 3194; x_wconf 88' lang='lat' dir='ltr'><strong>daret</strong></span> <span class='ocrx_word' id='word_1_442' title='bbox 1254 3137 1594 3205; x_wconf 88' lang='lat' dir='ltr'><strong>consultum,</strong></span> <span class='ocrx_word' id='word_1_443' title='bbox 1623 3139 1666 3194; x_wconf 90' lang='lat' dir='ltr'><strong>si</strong></span> <span class='ocrx_word' id='word_1_444' title='bbox 1696 3141 1797 3196; x_wconf 91' lang='lat' dir='ltr'><strong>hoc</strong></span> <span class='ocrx_word' id='word_1_445' title='bbox 1819 3142 1886 3196; x_wconf 90' lang='lat' dir='ltr'><strong>ad</strong></span> 
     </span>
    </p>
   </div>
   <div class='ocr_carea' id='block_1_42' title="bbox 1999 3125 3582 3218">
    <p class='ocr_par' dir='ltr' id='par_1_42' title="bbox 1999 3125 3582 3218">
     <span class='ocr_line' id='line_1_42' title="bbox 1999 3125 3582 3218; baseline -0.011 -12"><span class='ocrx_word' id='word_1_446' title='bbox 1999 3150 2207 3206; x_wconf 86' lang='lat' dir='ltr'><strong>beatam</strong></span> <span class='ocrx_word' id='word_1_447' title='bbox 2229 3125 2327 3202; x_wconf 82' lang='lat' dir='ltr'><strong>Dei</strong></span> <span class='ocrx_word' id='word_1_448' title='bbox 2345 3146 2660 3218; x_wconf 84' lang='lat' dir='ltr'><strong>genitricem</strong></span> <span class='ocrx_word' id='word_1_449' title='bbox 2678 3143 2899 3197; x_wconf 75' lang='lat' dir='ltr'><strong>Mariam</strong></span> <span class='ocrx_word' id='word_1_450' title='bbox 2917 3141 3096 3214; x_wconf 86' lang='lat' dir='ltr'><strong>gladio</strong></span> <span class='ocrx_word' id='word_1_451' title='bbox 3116 3140 3286 3194; x_wconf 89' lang='lat' dir='ltr'><strong>vitam</strong></span> <span class='ocrx_word' id='word_1_452' title='bbox 3305 3136 3505 3198; x_wconf 82' lang='lat' dir='ltr'><strong>finisse,</strong></span> <span class='ocrx_word' id='word_1_453' title='bbox 3524 3144 3582 3188; x_wconf 88' lang='lat' dir='ltr'><strong>et</strong></span> 
     </span>
    </p>
   </div>
   <div class='ocr_carea' id='block_1_43' title="bbox 300 3221 1898 3296">
    <p class='ocr_par' dir='ltr' id='par_1_43' title="bbox 300 3221 1898 3296">
     <span class='ocr_line' id='line_1_43' title="bbox 300 3221 1898 3296; baseline 0.009 -24"><span class='ocrx_word' id='word_1_454' title='bbox 300 3221 688 3278; x_wconf 79' lang='lat' dir='ltr'><strong>detrimentum</strong></span> <span class='ocrx_word' id='word_1_455' title='bbox 730 3223 926 3279; x_wconf 82' lang='lat' dir='ltr'><strong>animae</strong></span> <span class='ocrx_word' id='word_1_456' title='bbox 966 3234 1216 3296; x_wconf 87' lang='lat' dir='ltr'><strong>spectare</strong></span> <span class='ocrx_word' id='word_1_457' title='bbox 1257 3226 1637 3284; x_wconf 86' lang='lat' dir='ltr'><strong>intellexisset.</strong></span> <span class='ocrx_word' id='word_1_458' title='bbox 1672 3229 1778 3285; x_wconf 91' lang='lat' dir='ltr'><strong>Sed</strong></span> <span class='ocrx_word' id='word_1_459' title='bbox 1821 3231 1898 3286; x_wconf 79' lang='lat' dir='ltr'><strong>de</strong></span> 
     </span>
    </p>
   </div>
   <div class='ocr_carea' id='block_1_44' title="bbox 301 3312 1171 3386">
    <p class='ocr_par' dir='ltr' id='par_1_44' title="bbox 301 3312 1171 3386">
     <span class='ocr_line' id='line_1_44' title="bbox 301 3312 1171 3386; baseline 0.007 -18"><span class='ocrx_word' id='word_1_460' title='bbox 301 3312 388 3368; x_wconf 80' lang='lat' dir='ltr'><strong>his</strong></span> <span class='ocrx_word' id='word_1_461' title='bbox 410 3314 545 3370; x_wconf 89' lang='lat' dir='ltr'><strong>satis</strong></span> <span class='ocrx_word' id='word_1_462' title='bbox 572 3315 640 3370; x_wconf 86' lang='lat' dir='ltr'><strong>ad</strong></span> <span class='ocrx_word' id='word_1_463' title='bbox 670 3331 910 3386; x_wconf 64' lang='lat' dir='ltr'><strong>praesens</strong></span> <span class='ocrx_word' id='word_1_464' title='bbox 941 3318 1171 3374; x_wconf 90' lang='lat' dir='ltr'><strong>dictum.</strong></span> 
     </span>
    </p>
   </div>
   <div class='ocr_carea' id='block_1_45' title="bbox 778 3407 1418 3479">
    <p class='ocr_par' dir='ltr' id='par_1_45' title="bbox 778 3407 1418 3479">
     <span class='ocr_line' id='line_1_45' title="bbox 778 3407 1418 3479; baseline 0.006 -17"><span class='ocrx_word' id='word_1_465' title='bbox 778 3407 868 3462; x_wconf 75' lang='lat' dir='ltr'><strong>XI.</strong></span> <span class='ocrx_word' id='word_1_466' title='bbox 908 3409 988 3464; x_wconf 86' lang='lat' dir='ltr'><strong>De</strong></span> <span class='ocrx_word' id='word_1_467' title='bbox 1013 3411 1418 3479; x_wconf 76' lang='lat' dir='ltr'><strong>confessoribus.</strong></span> 
     </span>
    </p>
   </div>
   <div class='ocr_carea' id='block_1_46' title="bbox 375 3492 1892 3575">
    <p class='ocr_par' dir='ltr' id='par_1_46' title="bbox 375 3492 1892 3575">
     <span class='ocr_line' id='line_1_46' title="bbox 375 3492 1892 3575; baseline 0.009 -28"><span class='ocrx_word' id='word_1_468' title='bbox 375 3492 496 3550; x_wconf 83' lang='lat' dir='ltr'><strong>Jam</strong></span> <span class='ocrx_word' id='word_1_469' title='bbox 519 3510 650 3552; x_wconf 88' lang='lat' dir='ltr'><strong>vero</strong></span> <span class='ocrx_word' id='word_1_470' title='bbox 681 3497 806 3568; x_wconf 89' lang='lat' dir='ltr'><strong>quis</strong></span> <span class='ocrx_word' id='word_1_471' title='bbox 834 3515 940 3552; x_wconf 90' lang='lat' dir='ltr'><strong>non</strong></span> <span class='ocrx_word' id='word_1_472' title='bbox 971 3499 1152 3554; x_wconf 87' lang='lat' dir='ltr'><strong>videat</strong></span> <span class='ocrx_word' id='word_1_473' title='bbox 1176 3516 1272 3555; x_wconf 92' lang='lat' dir='ltr'><strong>vos</strong></span> <span class='ocrx_word' id='word_1_474' title='bbox 1299 3502 1351 3555; x_wconf 91' lang='lat' dir='ltr'><strong>in</strong></span> <span class='ocrx_word' id='word_1_475' title='bbox 1384 3503 1485 3557; x_wconf 92' lang='lat' dir='ltr'><strong>hoc</strong></span> <span class='ocrx_word' id='word_1_476' title='bbox 1515 3503 1676 3557; x_wconf 86' lang='lat' dir='ltr'><strong>divini</strong></span> <span class='ocrx_word' id='word_1_477' title='bbox 1700 3505 1892 3575; x_wconf 90' lang='lat' dir='ltr'><strong>judieii</strong></span> 
     </span>
    </p>
   </div>
   <div class='ocr_carea' id='block_1_47' title="bbox 306 3588 1898 3665">
    <p class='ocr_par' dir='ltr' id='par_1_47' title="bbox 306 3588 1898 3665">
     <span class='ocr_line' id='line_1_47' title="bbox 306 3588 1898 3665; baseline 0.008 -23"><span class='ocrx_word' id='word_1_478' title='bbox 306 3597 363 3642; x_wconf 93' lang='lat' dir='ltr'><strong>et</strong></span> <span class='ocrx_word' id='word_1_479' title='bbox 407 3588 733 3644; x_wconf 71' lang='lat' dir='ltr'><strong>Christiana:</strong></span> <span class='ocrx_word' id='word_1_480' title='bbox 773 3593 1172 3647; x_wconf 84' lang='lat' dir='ltr'><strong>communionis</strong></span> <span class='ocrx_word' id='word_1_481' title='bbox 1206 3609 1326 3649; x_wconf 91' lang='lat' dir='ltr'><strong>reos</strong></span> <span class='ocrx_word' id='word_1_482' title='bbox 1354 3611 1494 3662; x_wconf 82' lang='lat' dir='ltr'><strong>esse,</strong></span> <span class='ocrx_word' id='word_1_483' title='bbox 1526 3599 1668 3665; x_wconf 85' lang='lat' dir='ltr'><strong>quod</strong></span> <span class='ocrx_word' id='word_1_484' title='bbox 1695 3600 1898 3654; x_wconf 61' lang='lat' dir='ltr'><strong>adver-o</strong></span> 
     </span>
    </p>
   </div>
   <div class='ocr_carea' id='block_1_48' title="bbox 306 3681 1896 3759">
    <p class='ocr_par' dir='ltr' id='par_1_48' title="bbox 306 3681 1896 3759">
     <span class='ocr_line' id='line_1_48' title="bbox 306 3681 1896 3759; baseline 0.008 -25"><span class='ocrx_word' id='word_1_485' title='bbox 306 3695 430 3735; x_wconf 88' lang='lat' dir='ltr'><strong>sum</strong></span> <span class='ocrx_word' id='word_1_486' title='bbox 461 3681 808 3736; x_wconf 84' lang='lat' dir='ltr'><strong>beatissimos</strong></span> <span class='ocrx_word' id='word_1_487' title='bbox 841 3681 1040 3738; x_wconf 88' lang='lat' dir='ltr'><strong>Christi</strong></span> <span class='ocrx_word' id='word_1_488' title='bbox 1071 3683 1412 3740; x_wconf 89' lang='lat' dir='ltr'><strong>confessores</strong></span> <span class='ocrx_word' id='word_1_489' title='bbox 1440 3689 1592 3756; x_wconf 86' lang='lat' dir='ltr'><strong>pravi</strong></span> <span class='ocrx_word' id='word_1_490' title='bbox 1626 3689 1896 3759; x_wconf 84' lang='lat' dir='ltr'><strong>dogmatis</strong></span> 
     </span>
    </p>
   </div>
   <div class='ocr_carea' id='block_1_49' title="bbox 307 3772 1898 3848">
    <p class='ocr_par' dir='ltr' id='par_1_49' title="bbox 307 3772 1898 3848">
     <span class='ocr_line' id='line_1_49' title="bbox 307 3772 1898 3848; baseline 0.005 -21"><span class='ocrx_word' id='word_1_491' title='bbox 307 3772 630 3828; x_wconf 88' lang='lat' dir='ltr'><strong>seditionem</strong></span> <span class='ocrx_word' id='word_1_492' title='bbox 655 3773 920 3844; x_wconf 85' lang='lat' dir='ltr'><strong>sacrilego</strong></span> <span class='ocrx_word' id='word_1_493' title='bbox 946 3789 1078 3830; x_wconf 90' lang='lat' dir='ltr'><strong>ausu</strong></span> <span class='ocrx_word' id='word_1_494' title='bbox 1107 3778 1360 3840; x_wconf 84' lang='lat' dir='ltr'><strong>movetis,</strong></span> <span class='ocrx_word' id='word_1_495' title='bbox 1392 3777 1655 3843; x_wconf 86' lang='lat' dir='ltr'><strong>dicentes,</strong></span> <span class='ocrx_word' id='word_1_496' title='bbox 1700 3790 1898 3848; x_wconf 66' lang='lat' dir='ltr'><strong>praeter</strong></span> 
     </span>
    </p>
   </div>
   <div class='ocr_carea' id='block_1_50' title="bbox 310 3865 1896 3940">
    <p class='ocr_par' dir='ltr' id='par_1_50' title="bbox 310 3865 1896 3940">
     <span class='ocr_line' id='line_1_50' title="bbox 310 3865 1896 3940; baseline 0.005 -22"><span class='ocrx_word' id='word_1_497' title='bbox 310 3865 588 3934; x_wconf 88' lang='lat' dir='ltr'><strong>apostolos</strong></span> <span class='ocrx_word' id='word_1_498' title='bbox 631 3875 688 3922; x_wconf 91' lang='lat' dir='ltr'><strong>et</strong></span> <span class='ocrx_word' id='word_1_499' title='bbox 723 3875 1014 3938; x_wconf 81' lang='lat' dir='ltr'><strong>martyres,</strong></span> <span class='ocrx_word' id='word_1_500' title='bbox 1042 3873 1311 3924; x_wconf 88' lang='lat' dir='ltr'><strong>neminem</strong></span> <span class='ocrx_word' id='word_1_501' title='bbox 1349 3870 1474 3940; x_wconf 86' lang='lat' dir='ltr'><strong>jure</strong></span> <span class='ocrx_word' id='word_1_502' title='bbox 1520 3873 1789 3936; x_wconf 86' lang='lat' dir='ltr'><strong>venerari,</strong></span> <span class='ocrx_word' id='word_1_503' title='bbox 1841 3872 1896 3926; x_wconf 94' lang='lat' dir='ltr'><strong>in</strong></span> 
     </span>
    </p>
   </div>
   <div class='ocr_carea' id='block_1_51' title="bbox 312 3957 1899 4029">
    <p class='ocr_par' dir='ltr' id='par_1_51' title="bbox 312 3957 1899 4029">
     <span class='ocr_line' id='line_1_51' title="bbox 312 3957 1899 4029; baseline 0.005 -18"><span class='ocrx_word' id='word_1_504' title='bbox 312 3957 718 4014; x_wconf 90' lang='lat' dir='ltr'><strong>confessoribus</strong></span> <span class='ocrx_word' id='word_1_505' title='bbox 755 3959 962 4015; x_wconf 91' lang='lat' dir='ltr'><strong>nullum</strong></span> <span class='ocrx_word' id='word_1_506' title='bbox 1010 3961 1210 4015; x_wconf 91' lang='lat' dir='ltr'><strong>donum</strong></span> <span class='ocrx_word' id='word_1_507' title='bbox 1242 3962 1460 4017; x_wconf 89' lang='lat' dir='ltr'><strong>virtutis</strong></span> <span class='ocrx_word' id='word_1_508' title='bbox 1495 3977 1649 4029; x_wconf 88' lang='lat' dir='ltr'><strong>esse,</strong></span> <span class='ocrx_word' id='word_1_509' title='bbox 1696 3979 1796 4019; x_wconf 88' lang='lat' dir='ltr'><strong>nec</strong></span> <span class='ocrx_word' id='word_1_510' title='bbox 1830 3964 1899 4019; x_wconf 85' lang='lat' dir='ltr'><strong>ab</strong></span> 
     </span>
    </p>
   </div>
   <div class='ocr_carea' id='block_1_52' title="bbox 312 4049 1898 4126">
    <p class='ocr_par' dir='ltr' id='par_1_52' title="bbox 312 4049 1898 4126">
     <span class='ocr_line' id='line_1_52' title="bbox 312 4049 1898 4126; baseline 0.004 -22"><span class='ocrx_word' id='word_1_511' title='bbox 312 4050 395 4105; x_wconf 80' lang='lat' dir='ltr'><strong>eis</strong></span> <span class='ocrx_word' id='word_1_512' title='bbox 423 4049 660 4120; x_wconf 90' lang='lat' dir='ltr'><strong>aliquam</strong></span> <span class='ocrx_word' id='word_1_513' title='bbox 691 4051 882 4107; x_wconf 89' lang='lat' dir='ltr'><strong>salutis</strong></span> <span class='ocrx_word' id='word_1_514' title='bbox 905 4054 1134 4123; x_wconf 82' lang='lat' dir='ltr'><strong>gratiam</strong></span> <span class='ocrx_word' id='word_1_515' title='bbox 1175 4068 1333 4123; x_wconf 88' lang='lat' dir='ltr'><strong>posse</strong></span> <span class='ocrx_word' id='word_1_516' title='bbox 1373 4057 1632 4124; x_wconf 89' lang='lat' dir='ltr'><strong>spectari,</strong></span> <span class='ocrx_word' id='word_1_517' title='bbox 1665 4071 1898 4126; x_wconf 85' lang='lat' dir='ltr'><strong>quorum</strong></span> 
     </span>
    </p>
   </div>
   <div class='ocr_carea' id='block_1_53' title="bbox 313 4143 1902 4211">
    <p class='ocr_par' dir='ltr' id='par_1_53' title="bbox 313 4143 1902 4211">
     <span class='ocr_line' id='line_1_53' title="bbox 313 4143 1902 4211; baseline 0.003 -15"><span class='ocrx_word' id='word_1_518' title='bbox 313 4157 567 4211; x_wconf 82' lang='lat' dir='ltr'><strong>corpora,</strong></span> <span class='ocrx_word' id='word_1_519' title='bbox 609 4143 663 4196; x_wconf 90' lang='lat' dir='ltr'><strong>in</strong></span> <span class='ocrx_word' id='word_1_520' title='bbox 703 4144 918 4198; x_wconf 86' lang='lat' dir='ltr'><strong>cineres</strong></span> <span class='ocrx_word' id='word_1_521' title='bbox 964 4145 1221 4209; x_wconf 81' lang='lat' dir='ltr'><strong>resoluta,</strong></span> <span class='ocrx_word' id='word_1_522' title='bbox 1265 4146 1399 4200; x_wconf 88' lang='lat' dir='ltr'><strong>nihil</strong></span> <span class='ocrx_word' id='word_1_523' title='bbox 1439 4161 1470 4200; x_wconf 91' lang='lat' dir='ltr'><strong>a</strong></span> <span class='ocrx_word' id='word_1_524' title='bbox 1511 4148 1740 4202; x_wconf 90' lang='lat' dir='ltr'><strong>mortuis</strong></span> <span class='ocrx_word' id='word_1_525' title='bbox 1784 4148 1902 4201; x_wconf 89' lang='lat' dir='ltr'><strong>ani-</strong></span> 
     </span>
    </p>
   </div>
   <div class='ocr_carea' id='block_1_54' title="bbox 316 4233 1900 4308">
    <p class='ocr_par' dir='ltr' id='par_1_54' title="bbox 316 4233 1900 4308">
     <span class='ocr_line' id='line_1_54' title="bbox 316 4233 1900 4308; baseline 0.004 -21"><span class='ocrx_word' id='word_1_526' title='bbox 316 4233 551 4288; x_wconf 88' lang='lat' dir='ltr'><strong>malibus</strong></span> <span class='ocrx_word' id='word_1_527' title='bbox 601 4233 819 4289; x_wconf 81' lang='lat' dir='ltr'><strong>diﬁ&#39;erre</strong></span> <span class='ocrx_word' id='word_1_528' title='bbox 865 4235 1137 4290; x_wconf 89' lang='lat' dir='ltr'><strong>videntur.</strong></span> <span class='ocrx_word' id='word_1_529' title='bbox 1187 4235 1383 4293; x_wconf 89' lang='lat' dir='ltr'><strong>Petrus</strong></span> <span class='ocrx_word' id='word_1_530' title='bbox 1431 4247 1582 4293; x_wconf 90' lang='lat' dir='ltr'><strong>certe</strong></span> <span class='ocrx_word' id='word_1_531' title='bbox 1624 4238 1900 4308; x_wconf 88' lang='lat' dir='ltr'><strong>apostolus</strong></span> 
     </span>
    </p>
   </div>
   <div class='ocr_carea' id='block_1_55' title="bbox 316 4323 1900 4398">
    <p class='ocr_par' dir='ltr' id='par_1_55' title="bbox 316 4323 1900 4398">
     <span class='ocr_line' id='line_1_55' title="bbox 316 4323 1900 4398; baseline 0.003 -20"><span class='ocrx_word' id='word_1_532' title='bbox 316 4324 498 4379; x_wconf 84' lang='lat' dir='ltr'><strong>datam</strong></span> <span class='ocrx_word' id='word_1_533' title='bbox 528 4323 630 4378; x_wconf 91' lang='lat' dir='ltr'><strong>sihi</strong></span> <span class='ocrx_word' id='word_1_534' title='bbox 658 4340 689 4378; x_wconf 90' lang='lat' dir='ltr'><strong>a</strong></span> <span class='ocrx_word' id='word_1_535' title='bbox 712 4324 942 4379; x_wconf 85' lang='lat' dir='ltr'><strong>Domino</strong></span> <span class='ocrx_word' id='word_1_536' title='bbox 974 4325 1173 4395; x_wconf 85' lang='lat' dir='ltr'><strong>ligandi</strong></span> <span class='ocrx_word' id='word_1_537' title='bbox 1199 4337 1362 4396; x_wconf 90' lang='lat' dir='ltr'><strong>atque</strong></span> <span class='ocrx_word' id='word_1_538' title='bbox 1390 4328 1632 4383; x_wconf 90' lang='lat' dir='ltr'><strong>solvendi</strong></span> <span class='ocrx_word' id='word_1_539' title='bbox 1661 4337 1900 4398; x_wconf 80' lang='lat' dir='ltr'><strong>potesta-</strong></span> 
     </span>
    </p>
   </div>
   <div class='ocr_carea' id='block_1_56' title="bbox 314 4413 1900 4483">
    <p class='ocr_par' dir='ltr' id='par_1_56' title="bbox 314 4413 1900 4483">
     <span class='ocr_line' id='line_1_56' title="bbox 314 4413 1900 4483; baseline 0.006 -18"><span class='ocrx_word' id='word_1_540' title='bbox 314 4421 457 4475; x_wconf 90' lang='lat' dir='ltr'><strong>tem;</strong></span> <span class='ocrx_word' id='word_1_541' title='bbox 502 4413 644 4467; x_wconf 87' lang='lat' dir='ltr'><strong>hanc</strong></span> <span class='ocrx_word' id='word_1_542' title='bbox 668 4428 886 4483; x_wconf 85' lang='lat' dir='ltr'><strong>quoque</strong></span> <span class='ocrx_word' id='word_1_543' title='bbox 933 4413 1414 4479; x_wconf 84' lang='lat' dir='ltr'><strong>beato&#39;Clementi,</strong></span> <span class='ocrx_word' id='word_1_544' title='bbox 1458 4416 1594 4473; x_wconf 90' lang='lat' dir='ltr'><strong>Lino</strong></span> <span class='ocrx_word' id='word_1_545' title='bbox 1635 4419 1798 4472; x_wconf 90' lang='lat' dir='ltr'><strong>etiam</strong></span> <span class='ocrx_word' id='word_1_546' title='bbox 1843 4427 1900 4474; x_wconf 86' lang='lat' dir='ltr'><strong>et</strong></span> 
     </span>
    </p>
   </div>
   <div class='ocr_carea' id='block_1_57' title="bbox 313 4502 1900 4579">
    <p class='ocr_par' dir='ltr' id='par_1_57' title="bbox 313 4502 1900 4579">
     <span class='ocr_line' id='line_1_57' title="bbox 313 4502 1900 4579; baseline 0.003 -22"><span class='ocrx_word' id='word_1_547' title='bbox 313 4502 581 4559; x_wconf 80' lang='lat' dir='ltr'><strong>Anacleto</strong></span> <span class='ocrx_word' id='word_1_548' title='bbox 611 4504 724 4573; x_wconf 88' lang='lat' dir='ltr'><strong>ipse</strong></span> <span class='ocrx_word' id='word_1_549' title='bbox 757 4505 1008 4572; x_wconf 85' lang='lat' dir='ltr'><strong>tradidit;</strong></span> <span class='ocrx_word' id='word_1_550' title='bbox 1040 4505 1222 4560; x_wconf 59' lang='lat' dir='ltr'><strong>caeteri</strong></span> <span class='ocrx_word' id='word_1_551' title='bbox 1245 4521 1461 4578; x_wconf 90' lang='lat' dir='ltr'><strong>quoque</strong></span> <span class='ocrx_word' id='word_1_552' title='bbox 1485 4509 1713 4579; x_wconf 88' lang='lat' dir='ltr'><strong>apostoli</strong></span> <span class='ocrx_word' id='word_1_553' title='bbox 1748 4525 1900 4564; x_wconf 87' lang='lat' dir='ltr'><strong>eam-</strong></span> 
     </span>
    </p>
   </div>
   <div class='ocr_carea' id='block_1_58' title="bbox 314 4595 1898 4666">
    <p class='ocr_par' dir='ltr' id='par_1_58' title="bbox 314 4595 1898 4666">
     <span class='ocr_line' id='line_1_58' title="bbox 314 4595 1898 4666; baseline 0.004 -17"><span class='ocrx_word' id='word_1_554' title='bbox 314 4595 439 4650; x_wconf 90' lang='lat' dir='ltr'><strong>dem</strong></span> <span class='ocrx_word' id='word_1_555' title='bbox 487 4595 717 4666; x_wconf 84' lang='lat' dir='ltr'><strong>gratiam</strong></span> <span class='ocrx_word' id='word_1_556' title='bbox 767 4595 1180 4652; x_wconf 89' lang='lat' dir='ltr'><strong>successoribus</strong></span> <span class='ocrx_word' id='word_1_557' title='bbox 1226 4599 1371 4665; x_wconf 90' lang='lat' dir='ltr'><strong>suis,</strong></span> <span class='ocrx_word' id='word_1_558' title='bbox 1429 4599 1481 4654; x_wconf 90' lang='lat' dir='ltr'><strong>id</strong></span> <span class='ocrx_word' id='word_1_559' title='bbox 1520 4611 1640 4665; x_wconf 90' lang='lat' dir='ltr'><strong>est,</strong></span> <span class='ocrx_word' id='word_1_560' title='bbox 1695 4600 1898 4656; x_wconf 90' lang='lat' dir='ltr'><strong>sanctis</strong></span> 
     </span>
    </p>
   </div>
   <div class='ocr_carea' id='block_1_59' title="bbox 315 4685 1900 4764">
    <p class='ocr_par' dir='ltr' id='par_1_59' title="bbox 315 4685 1900 4764">
     <span class='ocr_line' id='line_1_59' title="bbox 315 4685 1900 4764; baseline 0.007 -26"><span class='ocrx_word' id='word_1_561' title='bbox 315 4686 635 4742; x_wconf 88' lang='lat' dir='ltr'><strong>doctoribus</strong></span> <span class='ocrx_word' id='word_1_562' title='bbox 658 4695 820 4757; x_wconf 91' lang='lat' dir='ltr'><strong>atque</strong></span> <span class='ocrx_word' id='word_1_563' title='bbox 840 4685 1243 4745; x_wconf 90' lang='lat' dir='ltr'><strong>confessoribus</strong></span> <span class='ocrx_word' id='word_1_564' title='bbox 1274 4691 1638 4762; x_wconf 89' lang='lat' dir='ltr'><strong>reliquerunt;</strong></span> <span class='ocrx_word' id='word_1_565' title='bbox 1666 4710 1900 4764; x_wconf 83' lang='lat' dir='ltr'><strong>quorum</strong></span> 
     </span>
    </p>
   </div>
   <div class='ocr_carea' id='block_1_60' title="bbox 317 4780 1902 4856">
    <p class='ocr_par' dir='ltr' id='par_1_60' title="bbox 317 4780 1902 4856">
     <span class='ocr_line' id='line_1_60' title="bbox 317 4780 1902 4856; baseline 0.008 -25"><span class='ocrx_word' id='word_1_566' title='bbox 317 4780 540 4848; x_wconf 88' lang='lat' dir='ltr'><strong>quidam</strong></span> <span class='ocrx_word' id='word_1_567' title='bbox 585 4781 771 4852; x_wconf 86' lang='lat' dir='ltr'><strong>gladio</strong></span> <span class='ocrx_word' id='word_1_568' title='bbox 807 4783 1198 4850; x_wconf 86' lang='lat' dir='ltr'><strong>occubuerunt,</strong></span> <span class='ocrx_word' id='word_1_569' title='bbox 1247 4785 1337 4839; x_wconf 89' lang='lat' dir='ltr'><strong>alii</strong></span> <span class='ocrx_word' id='word_1_570' title='bbox 1384 4787 1437 4840; x_wconf 91' lang='lat' dir='ltr'><strong>in</strong></span> <span class='ocrx_word' id='word_1_571' title='bbox 1482 4801 1617 4856; x_wconf 83' lang='lat' dir='ltr'><strong>pace</strong></span> <span class='ocrx_word' id='word_1_572' title='bbox 1645 4789 1902 4844; x_wconf 73' lang='lat' dir='ltr'><strong>Ecclesia:</strong></span> 
     </span>
    </p>
   </div>
   <div class='ocr_carea' id='block_1_61' title="bbox 317 4871 664 4939">
    <p class='ocr_par' dir='ltr' id='par_1_61' title="bbox 317 4871 664 4939">
     <span class='ocr_line' id='line_1_61' title="bbox 317 4871 664 4939; baseline 0.017 -17"><span class='ocrx_word' id='word_1_573' title='bbox 317 4871 664 4939; x_wconf 84' lang='lat' dir='ltr'><strong>quieverunt.</strong></span> 
     </span>
    </p>
   </div>
   <div class='ocr_carea' id='block_1_62' title="bbox 391 4964 1902 5040">
    <p class='ocr_par' dir='ltr' id='par_1_62' title="bbox 391 4964 1902 5040">
     <span class='ocr_line' id='line_1_62' title="bbox 391 4964 1902 5040; baseline 0.004 -21"><span class='ocrx_word' id='word_1_574' title='bbox 391 4964 497 5020; x_wconf 86' lang='lat' dir='ltr'><strong>Sed</strong></span> <span class='ocrx_word' id='word_1_575' title='bbox 527 4981 632 5020; x_wconf 90' lang='lat' dir='ltr'><strong>non</strong></span> <span class='ocrx_word' id='word_1_576' title='bbox 661 4966 864 5021; x_wconf 83' lang='lat' dir='ltr'><strong>idcirco</strong></span> <span class='ocrx_word' id='word_1_577' title='bbox 891 4968 958 5020; x_wconf 87' lang='lat' dir='ltr'><strong>ah</strong></span> <span class='ocrx_word' id='word_1_578' title='bbox 988 4969 1296 5025; x_wconf 86' lang='lat' dir='ltr'><strong>hominibus</strong></span> <span class='ocrx_word' id='word_1_579' title='bbox 1325 4970 1521 5040; x_wconf 88' lang='lat' dir='ltr'><strong>injuste</strong></span> <span class='ocrx_word' id='word_1_580' title='bbox 1551 4979 1902 5037; x_wconf 82' lang='lat' dir='ltr'><strong>venerantur,</strong></span> 
     </span>
    </p>
   </div>
   <div class='ocr_carea' id='block_1_63' title="bbox 319 5056 1904 5127">
    <p class='ocr_par' dir='ltr' id='par_1_63' title="bbox 319 5056 1904 5127">
     <span class='ocr_line' id='line_1_63' title="bbox 319 5056 1904 5127; baseline 0.006 -19"><span class='ocrx_word' id='word_1_581' title='bbox 319 5057 447 5124; x_wconf 85' lang='lat' dir='ltr'><strong>quia</strong></span> <span class='ocrx_word' id='word_1_582' title='bbox 474 5058 816 5125; x_wconf 87' lang='lat' dir='ltr'><strong>percussoris</strong></span> <span class='ocrx_word' id='word_1_583' title='bbox 857 5056 1092 5127; x_wconf 85' lang='lat' dir='ltr'><strong>gladium</strong></span> <span class='ocrx_word' id='word_1_584' title='bbox 1136 5075 1242 5114; x_wconf 88' lang='lat' dir='ltr'><strong>non</strong></span> <span class='ocrx_word' id='word_1_585' title='bbox 1287 5068 1596 5116; x_wconf 88' lang='lat' dir='ltr'><strong>senserunt.</strong></span> <span class='ocrx_word' id='word_1_586' title='bbox 1631 5061 1829 5116; x_wconf 74' lang='lat' dir='ltr'><strong>Verum</strong></span> <span class='ocrx_word' id='word_1_587' title='bbox 1858 5063 1904 5117; x_wconf 90' lang='lat' dir='ltr'><strong>si</strong></span> 
     </span>
    </p>
   </div>
   <div class='ocr_carea' id='block_1_64' title="bbox 321 5149 1906 5225">
    <p class='ocr_par' dir='ltr' id='par_1_64' title="bbox 321 5149 1906 5225">
     <span class='ocr_line' id='line_1_64' title="bbox 321 5149 1906 5225; baseline 0.002 -23"><span class='ocrx_word' id='word_1_588' title='bbox 321 5149 464 5203; x_wconf 82' lang='lat' dir='ltr'><strong>ratio</strong></span> <span class='ocrx_word' id='word_1_589' title='bbox 514 5157 815 5218; x_wconf 87' lang='lat' dir='ltr'><strong>temporum</strong></span> <span class='ocrx_word' id='word_1_590' title='bbox 862 5162 967 5201; x_wconf 88' lang='lat' dir='ltr'><strong>non</strong></span> <span class='ocrx_word' id='word_1_591' title='bbox 1020 5152 1188 5220; x_wconf 92' lang='lat' dir='ltr'><strong>potuit</strong></span> <span class='ocrx_word' id='word_1_592' title='bbox 1248 5161 1513 5219; x_wconf 78' lang='lat' dir='ltr'><strong>praestare</strong></span> <span class='ocrx_word' id='word_1_593' title='bbox 1560 5153 1906 5225; x_wconf 80' lang='lat' dir='ltr'><strong>martyrium,</strong></span> 
     </span>
    </p>
   </div>
   <div class='ocr_carea' id='block_1_65' title="bbox 320 5243 1911 5317">
    <p class='ocr_par' dir='ltr' id='par_1_65' title="bbox 320 5243 1911 5317">
     <span class='ocr_line' id='line_1_65' title="bbox 320 5243 1911 5317; baseline 0.006 -20"><span class='ocrx_word' id='word_1_594' title='bbox 320 5243 497 5314; x_wconf 87' lang='lat' dir='ltr'><strong>gloria</strong></span> <span class='ocrx_word' id='word_1_595' title='bbox 538 5252 715 5300; x_wconf 89' lang='lat' dir='ltr'><strong>tamen</strong></span> <span class='ocrx_word' id='word_1_596' title='bbox 760 5252 1060 5312; x_wconf 87' lang='lat' dir='ltr'><strong>martyrum</strong></span> <span class='ocrx_word' id='word_1_597' title='bbox 1107 5261 1215 5303; x_wconf 90' lang='lat' dir='ltr'><strong>non</strong></span> <span class='ocrx_word' id='word_1_598' title='bbox 1266 5256 1479 5312; x_wconf 88' lang='lat' dir='ltr'><strong>carent,</strong></span> <span class='ocrx_word' id='word_1_599' title='bbox 1524 5250 1654 5317; x_wconf 87' lang='lat' dir='ltr'><strong>quia</strong></span> <span class='ocrx_word' id='word_1_600' title='bbox 1691 5259 1746 5306; x_wconf 90' lang='lat' dir='ltr'><strong>et</strong></span> <span class='ocrx_word' id='word_1_601' title='bbox 1785 5259 1911 5306; x_wconf 92' lang='lat' dir='ltr'><strong>voto</strong></span> 
     </span>
    </p>
   </div>
   <div class='ocr_carea' id='block_1_66' title="bbox 323 5338 1461 5364">
    <p class='ocr_par' dir='ltr' id='par_1_66' title="bbox 323 5338 1461 5364">
     <span class='ocr_line' id='line_1_66' title="bbox 323 5338 1461 5364; baseline 0 0"><span class='ocrx_word' id='word_1_602' title='bbox 323 5347 368 5364; x_wconf 75' lang='grc' dir='ltr'><strong>ΑΙ</strong></span> <span class='ocrx_word' id='word_1_603' title='bbox 403 5338 604 5364; x_wconf 66' lang='grc' dir='ltr'><strong>-.ξ-σοοιιι</strong></span> <span class='ocrx_word' id='word_1_604' title='bbox 643 5347 687 5364; x_wconf 66' lang='lat' dir='ltr'><strong>-I</strong></span> <span class='ocrx_word' id='word_1_605' title='bbox 713 5345 1002 5364; x_wconf 62' lang='grc' dir='ltr'>-Αιιιλαιιυιιο</span> <span class='ocrx_word' id='word_1_606' title='bbox 1040 5353 1152 5364; x_wconf 59' lang='grc' dir='ltr'>ιιι-αι</span> <span class='ocrx_word' id='word_1_607' title='bbox 1185 5344 1461 5364; x_wconf 61' lang='grc' dir='ltr'>ΜΛ-οισ-ιιιιις</span> 
     </span>
    </p>
   </div>
   <div class='ocr_carea' id='block_1_67' title="bbox 1736 5357 1856 5364">
    <p class='ocr_par' dir='ltr' id='par_1_67' title="bbox 1736 5357 1856 5364">
     <span class='ocr_line' id='line_1_67' title="bbox 1736 5357 1856 5364; baseline 0 0"><span class='ocrx_word' id='word_1_608' title='bbox 1736 5357 1754 5364; x_wconf 59' lang='grc' dir='ltr'><strong>Α</strong></span> <span class='ocrx_word' id='word_1_609' title='bbox 1765 5357 1856 5364; x_wconf 56' lang='grc' dir='ltr'><strong>..-οη</strong></span> 
     </span>
    </p>
   </div>
   <div class='ocr_carea' id='block_1_68' title="bbox 1991 3233 3585 3314">
    <p class='ocr_par' dir='ltr' id='par_1_68' title="bbox 1991 3233 3585 3314">
     <span class='ocr_line' id='line_1_68' title="bbox 1991 3233 3585 3314; baseline -0.014 -16"><span class='ocrx_word' id='word_1_610' title='bbox 1991 3243 2036 3298; x_wconf 85' lang='lat' dir='ltr'><strong>si</strong></span> <span class='ocrx_word' id='word_1_611' title='bbox 2069 3257 2165 3314; x_wconf 89' lang='lat' dir='ltr'><strong>per</strong></span> <span class='ocrx_word' id='word_1_612' title='bbox 2192 3241 2454 3312; x_wconf 89' lang='lat' dir='ltr'><strong>Spiritum</strong></span> <span class='ocrx_word' id='word_1_613' title='bbox 2485 3247 2731 3294; x_wconf 89' lang='lat' dir='ltr'><strong>sanctum</strong></span> <span class='ocrx_word' id='word_1_614' title='bbox 2757 3235 2976 3291; x_wconf 88' lang='lat' dir='ltr'><strong>Simcon</strong></span> <span class='ocrx_word' id='word_1_615' title='bbox 3005 3233 3267 3304; x_wconf 88' lang='lat' dir='ltr'><strong>propheta</strong></span> <span class='ocrx_word' id='word_1_616' title='bbox 3297 3241 3585 3298; x_wconf 74' lang='lat' dir='ltr'><strong>passuram,</strong></span> 
     </span>
    </p>
   </div>
   <div class='ocr_carea' id='block_1_69' title="bbox 1992 3322 3581 3403">
    <p class='ocr_par' dir='ltr' id='par_1_69' title="bbox 1992 3322 3581 3403">
     <span class='ocr_line' id='line_1_69' title="bbox 1992 3322 3581 3403; baseline -0.013 -14"><span class='ocrx_word' id='word_1_617' title='bbox 1992 3333 2421 3403; x_wconf 23' lang='lat' dir='ltr'><strong>illamidixerat:</strong></span> <span class='ocrx_word' id='word_1_618' title='bbox 2479 3348 2497 3382; x_wconf 73' lang='grc' dir='ltr'><strong>ι</strong></span> <span class='ocrx_word' id='word_1_619' title='bbox 2531 3329 2598 3383; x_wconf 86' lang='lat' dir='ltr'><strong>Et</strong></span> <span class='ocrx_word' id='word_1_620' title='bbox 2647 3337 2823 3392; x_wconf 90' lang='lat' dir='ltr'><strong>tuam,</strong></span> <span class='ocrx_word' id='word_1_621' title='bbox 2875 3325 3143 3396; x_wconf 89' lang='lat' dir='ltr'><strong>inquiens,</strong></span> <span class='ocrx_word' id='word_1_622' title='bbox 3178 3322 3414 3376; x_wconf 85' lang='lat' dir='ltr'><strong>animam</strong></span> <span class='ocrx_word' id='word_1_623' title='bbox 3455 3332 3581 3388; x_wconf 82' lang='lat' dir='ltr'><strong>per-</strong></span> 
     </span>
    </p>
   </div>
   <div class='ocr_carea' id='block_1_70' title="bbox 1996 3409 3580 3492">
    <p class='ocr_par' dir='ltr' id='par_1_70' title="bbox 1996 3409 3580 3492">
     <span class='ocr_line' id='line_1_70' title="bbox 1996 3409 3580 3492; baseline -0.015 -14"><span class='ocrx_word' id='word_1_624' title='bbox 1996 3422 2249 3478; x_wconf 85' lang='lat' dir='ltr'><strong>transibit</strong></span> <span class='ocrx_word' id='word_1_625' title='bbox 2274 3420 2488 3492; x_wconf 88' lang='lat' dir='ltr'><strong>gladius</strong></span> <span class='ocrx_word' id='word_1_626' title='bbox 2520 3417 2671 3489; x_wconf 85' lang='lat' dir='ltr'><strong>(Luc.</strong></span> <span class='ocrx_word' id='word_1_627' title='bbox 2702 3417 2785 3486; x_wconf 90' lang='grc' dir='ltr'>ιι).</span> <span class='ocrx_word' id='word_1_628' title='bbox 2824 3435 2842 3467; x_wconf 79' lang='grc' dir='ltr'><strong>ι</strong></span> <span class='ocrx_word' id='word_1_629' title='bbox 2895 3414 3049 3470; x_wconf 90' lang='lat' dir='ltr'><strong>Unde</strong></span> <span class='ocrx_word' id='word_1_630' title='bbox 3078 3416 3270 3467; x_wconf 89' lang='lat' dir='ltr'><strong>beatus</strong></span> <span class='ocrx_word' id='word_1_631' title='bbox 3317 3409 3580 3475; x_wconf 84' lang='lat' dir='ltr'><strong>Hierony-</strong></span> 
     </span>
    </p>
   </div>
   <div class='ocr_carea' id='block_1_71' title="bbox 1994 3496 3580 3577">
    <p class='ocr_par' dir='ltr' id='par_1_71' title="bbox 1994 3496 3580 3577">
     <span class='ocr_line' id='line_1_71' title="bbox 1994 3496 3580 3577; baseline -0.013 -8"><span class='ocrx_word' id='word_1_632' title='bbox 1994 3529 2114 3569; x_wconf 90' lang='lat' dir='ltr'><strong>mus</strong></span> <span class='ocrx_word' id='word_1_633' title='bbox 2139 3515 2191 3568; x_wconf 92' lang='lat' dir='ltr'><strong>in</strong></span> <span class='ocrx_word' id='word_1_634' title='bbox 2229 3513 2333 3567; x_wconf 92' lang='lat' dir='ltr'><strong>hoc</strong></span> <span class='ocrx_word' id='word_1_635' title='bbox 2363 3511 2600 3566; x_wconf 87' lang='lat' dir='ltr'><strong>animam</strong></span> <span class='ocrx_word' id='word_1_636' title='bbox 2633 3508 2749 3577; x_wconf 88' lang='lat' dir='ltr'><strong>ejus</strong></span> <span class='ocrx_word' id='word_1_637' title='bbox 2779 3506 3014 3577; x_wconf 86' lang='lat' dir='ltr'><strong>gladium</strong></span> <span class='ocrx_word' id='word_1_638' title='bbox 3043 3500 3407 3572; x_wconf 87' lang='lat' dir='ltr'><strong>pertransisse</strong></span> <span class='ocrx_word' id='word_1_639' title='bbox 3447 3496 3580 3551; x_wconf 86' lang='lat' dir='ltr'><strong>dicit</strong></span> 
     </span>
    </p>
   </div>
   <div class='ocr_carea' id='block_1_72' title="bbox 1994 3587 3586 3675">
    <p class='ocr_par' dir='ltr' id='par_1_72' title="bbox 1994 3587 3586 3675">
     <span class='ocr_line' id='line_1_72' title="bbox 1994 3587 3586 3675; baseline -0.011 -17"><span class='ocrx_word' id='word_1_640' title='bbox 1994 3605 2160 3675; x_wconf 90' lang='lat' dir='ltr'><strong>quod,</strong></span> <span class='ocrx_word' id='word_1_641' title='bbox 2199 3602 2253 3657; x_wconf 88' lang='lat' dir='ltr'><strong>in</strong></span> <span class='ocrx_word' id='word_1_642' title='bbox 2291 3615 2520 3657; x_wconf 88' lang='lat' dir='ltr'><strong>mortem</strong></span> <span class='ocrx_word' id='word_1_643' title='bbox 2551 3599 2773 3665; x_wconf 87' lang='lat' dir='ltr'><strong>Christi,</strong></span> <span class='ocrx_word' id='word_1_644' title='bbox 2804 3593 3197 3664; x_wconf 85' lang='lat' dir='ltr'><strong>compassionis</strong></span> <span class='ocrx_word' id='word_1_645' title='bbox 3219 3602 3380 3660; x_wconf 86' lang='lat' dir='ltr'><strong>atque</strong></span> <span class='ocrx_word' id='word_1_646' title='bbox 3425 3587 3586 3643; x_wconf 74' lang='lat' dir='ltr'><strong>dolo-1</strong></span> 
     </span>
    </p>
   </div>
   <div class='ocr_carea' id='block_1_73' title="bbox 1997 3679 3584 3765">
    <p class='ocr_par' dir='ltr' id='par_1_73' title="bbox 1997 3679 3584 3765">
     <span class='ocr_line' id='line_1_73' title="bbox 1997 3679 3584 3765; baseline -0.011 -15"><span class='ocrx_word' id='word_1_647' title='bbox 1997 3695 2093 3760; x_wconf 91' lang='lat' dir='ltr'><strong>ris,</strong></span> <span class='ocrx_word' id='word_1_648' title='bbox 2121 3693 2359 3765; x_wconf 89' lang='lat' dir='ltr'><strong>gladium</strong></span> <span class='ocrx_word' id='word_1_649' title='bbox 2388 3691 2578 3755; x_wconf 87' lang='lat' dir='ltr'><strong>sensit,</strong></span> <span class='ocrx_word' id='word_1_650' title='bbox 2610 3690 2737 3744; x_wconf 90' lang='lat' dir='ltr'><strong>dum</strong></span> <span class='ocrx_word' id='word_1_651' title='bbox 2775 3703 2871 3758; x_wconf 90' lang='lat' dir='ltr'><strong>per</strong></span> <span class='ocrx_word' id='word_1_652' title='bbox 2897 3685 3110 3740; x_wconf 68' lang='lat' dir='ltr'><strong>eximite</strong></span> <span class='ocrx_word' id='word_1_653' title='bbox 3135 3680 3440 3738; x_wconf 87' lang='lat' dir='ltr'><strong>dilectionis</strong></span> <span class='ocrx_word' id='word_1_654' title='bbox 3471 3679 3584 3733; x_wconf 83' lang='lat' dir='ltr'><strong>vim</strong></span> 
     </span>
    </p>
   </div>
   <div class='ocr_carea' id='block_1_74' title="bbox 1996 3773 3579 3845">
    <p class='ocr_par' dir='ltr' id='par_1_74' title="bbox 1996 3773 3579 3845">
     <span class='ocr_line' id='line_1_74' title="bbox 1996 3773 3579 3845; baseline -0.013 -3"><span class='ocrx_word' id='word_1_655' title='bbox 1996 3796 2226 3842; x_wconf 90' lang='lat' dir='ltr'><strong>mortem</strong></span> <span class='ocrx_word' id='word_1_656' title='bbox 2256 3781 2458 3840; x_wconf 80' lang='lat' dir='ltr'><strong>Christi</strong></span> <span class='ocrx_word' id='word_1_657' title='bbox 2499 3797 2649 3836; x_wconf 90' lang='lat' dir='ltr'><strong>suam</strong></span> <span class='ocrx_word' id='word_1_658' title='bbox 2696 3779 2844 3835; x_wconf 91' lang='lat' dir='ltr'><strong>fecit.</strong></span> <span class='ocrx_word' id='word_1_659' title='bbox 2885 3776 3191 3845; x_wconf 89' lang='lat' dir='ltr'><strong>Philippum</strong></span> <span class='ocrx_word' id='word_1_660' title='bbox 3241 3773 3401 3828; x_wconf 87' lang='lat' dir='ltr'><strong>etiam</strong></span> <span class='ocrx_word' id='word_1_661' title='bbox 3445 3784 3579 3840; x_wconf 89' lang='lat' dir='ltr'><strong>apo-</strong></span> 
     </span>
    </p>
   </div>
   <div class='ocr_carea' id='block_1_75' title="bbox 1998 3863 3584 3942">
    <p class='ocr_par' dir='ltr' id='par_1_75' title="bbox 1998 3863 3584 3942">
     <span class='ocr_line' id='line_1_75' title="bbox 1998 3863 3584 3942; baseline -0.013 -8"><span class='ocrx_word' id='word_1_662' title='bbox 1998 3878 2196 3934; x_wconf 89' lang='lat' dir='ltr'><strong>stolum</strong></span> <span class='ocrx_word' id='word_1_663' title='bbox 2249 3886 2302 3932; x_wconf 91' lang='lat' dir='ltr'><strong>et</strong></span> <span class='ocrx_word' id='word_1_664' title='bbox 2346 3875 2547 3929; x_wconf 88' lang='lat' dir='ltr'><strong>Lucam</strong></span> <span class='ocrx_word' id='word_1_665' title='bbox 2581 3871 2972 3942; x_wconf 67' lang='lat' dir='ltr'><strong>evangelistam</strong></span> <span class='ocrx_word' id='word_1_666' title='bbox 3019 3882 3126 3921; x_wconf 90' lang='lat' dir='ltr'><strong>non</strong></span> <span class='ocrx_word' id='word_1_667' title='bbox 3175 3880 3270 3935; x_wconf 90' lang='lat' dir='ltr'><strong>per</strong></span> <span class='ocrx_word' id='word_1_668' title='bbox 3311 3863 3584 3933; x_wconf 86' lang='lat' dir='ltr'><strong>passionis</strong></span> 
     </span>
    </p>
   </div>
   <div class='ocr_carea' id='block_1_76' title="bbox 1999 3953 3583 4034">
    <p class='ocr_par' dir='ltr' id='par_1_76' title="bbox 1999 3953 3583 4034">
     <span class='ocr_line' id='line_1_76' title="bbox 1999 3953 3583 4034; baseline -0.011 -11"><span class='ocrx_word' id='word_1_669' title='bbox 1999 3978 2294 4030; x_wconf 87' lang='lat' dir='ltr'><strong>certamen,</strong></span> <span class='ocrx_word' id='word_1_670' title='bbox 2318 3965 2409 4019; x_wconf 87' lang='lat' dir='ltr'><strong>sed</strong></span> <span class='ocrx_word' id='word_1_671' title='bbox 2434 3979 2529 4034; x_wconf 87' lang='lat' dir='ltr'><strong>per</strong></span> <span class='ocrx_word' id='word_1_672' title='bbox 2551 3977 2735 4032; x_wconf 89' lang='lat' dir='ltr'><strong>pacem</strong></span> <span class='ocrx_word' id='word_1_673' title='bbox 2764 3978 2791 4013; x_wconf 75' lang='grc' dir='ltr'><strong>ιι</strong></span> <span class='ocrx_word' id='word_1_674' title='bbox 2821 3957 3018 4014; x_wconf 73' lang='grc' dir='ltr'>εωειιιο</span> <span class='ocrx_word' id='word_1_675' title='bbox 3046 3957 3308 4026; x_wconf 84' lang='lat' dir='ltr'><strong>migrasse</strong></span> <span class='ocrx_word' id='word_1_676' title='bbox 3333 3953 3583 4022; x_wconf 85' lang='lat' dir='ltr'><strong>legimus.</strong></span> 
     </span>
    </p>
   </div>
   <div class='ocr_carea' id='block_1_77' title="bbox 1998 4043 3586 4125">
    <p class='ocr_par' dir='ltr' id='par_1_77' title="bbox 1998 4043 3586 4125">
     <span class='ocr_line' id='line_1_77' title="bbox 1998 4043 3586 4125; baseline -0.011 -11"><span class='ocrx_word' id='word_1_677' title='bbox 1998 4059 2340 4114; x_wconf 86' lang='lat' dir='ltr'><strong>Postremum</strong></span> <span class='ocrx_word' id='word_1_678' title='bbox 2374 4071 2502 4111; x_wconf 70' lang='lat' dir='ltr'><strong>vero</strong></span> <span class='ocrx_word' id='word_1_679' title='bbox 2523 4056 2644 4125; x_wconf 89' lang='lat' dir='ltr'><strong>quis</strong></span> <span class='ocrx_word' id='word_1_680' title='bbox 2676 4062 2783 4108; x_wconf 88' lang='lat' dir='ltr'><strong>tam</strong></span> <span class='ocrx_word' id='word_1_681' title='bbox 2819 4051 3013 4120; x_wconf 83' lang='lat' dir='ltr'><strong>lapidei</strong></span> <span class='ocrx_word' id='word_1_682' title='bbox 3050 4049 3229 4103; x_wconf 79' lang='lat' dir='ltr'><strong>cordis</strong></span> <span class='ocrx_word' id='word_1_683' title='bbox 3271 4054 3356 4101; x_wconf 89' lang='lat' dir='ltr'><strong>est</strong></span> <span class='ocrx_word' id='word_1_684' title='bbox 3389 4054 3466 4108; x_wconf 89' lang='lat' dir='ltr'><strong>ut,</strong></span> <span class='ocrx_word' id='word_1_685' title='bbox 3518 4043 3586 4097; x_wconf 85' lang='lat' dir='ltr'><strong>ad</strong></span> 
     </span>
    </p>
   </div>
   <div class='ocr_carea' id='block_1_78' title="bbox 2003 4136 3587 4220">
    <p class='ocr_par' dir='ltr' id='par_1_78' title="bbox 2003 4136 3587 4220">
     <span class='ocr_line' id='line_1_78' title="bbox 2003 4136 3587 4220; baseline -0.009 -18"><span class='ocrx_word' id='word_1_686' title='bbox 2003 4166 2232 4220; x_wconf 86' lang='lat' dir='ltr'><strong>quorum</strong></span> <span class='ocrx_word' id='word_1_687' title='bbox 2275 4146 2540 4202; x_wconf 89' lang='lat' dir='ltr'><strong>tumulum</strong></span> <span class='ocrx_word' id='word_1_688' title='bbox 2585 4160 2758 4215; x_wconf 59' lang='lat' dir='ltr'><strong>aegros</strong></span> <span class='ocrx_word' id='word_1_689' title='bbox 2789 4144 3071 4197; x_wconf 86' lang='lat' dir='ltr'><strong>venientes</strong></span> <span class='ocrx_word' id='word_1_690' title='bbox 3100 4141 3320 4195; x_wconf 90' lang='lat' dir='ltr'><strong>citatam</strong></span> <span class='ocrx_word' id='word_1_691' title='bbox 3353 4136 3587 4190; x_wconf 90' lang='lat' dir='ltr'><strong>salutem</strong></span> 
     </span>
    </p>
   </div>
   <div class='ocr_carea' id='block_1_79' title="bbox 1998 4225 3590 4309">
    <p class='ocr_par' dir='ltr' id='par_1_79' title="bbox 1998 4225 3590 4309">
     <span class='ocr_line' id='line_1_79' title="bbox 1998 4225 3590 4309; baseline -0.01 -14"><span class='ocrx_word' id='word_1_692' title='bbox 1998 4243 2185 4295; x_wconf 86' lang='lat' dir='ltr'><strong>vident</strong></span> <span class='ocrx_word' id='word_1_693' title='bbox 2221 4249 2521 4309; x_wconf 87' lang='lat' dir='ltr'><strong>reportare,</strong></span> <span class='ocrx_word' id='word_1_694' title='bbox 2548 4251 2736 4291; x_wconf 87' lang='lat' dir='ltr'><strong>eorum</strong></span> <span class='ocrx_word' id='word_1_695' title='bbox 2767 4233 2957 4288; x_wconf 87' lang='lat' dir='ltr'><strong>merita</strong></span> <span class='ocrx_word' id='word_1_696' title='bbox 2990 4231 3130 4300; x_wconf 88' lang='lat' dir='ltr'><strong>apud</strong></span> <span class='ocrx_word' id='word_1_697' title='bbox 3158 4237 3418 4284; x_wconf 73' lang='lat' dir='ltr'><strong>mternum</strong></span> <span class='ocrx_word' id='word_1_698' title='bbox 3442 4225 3590 4296; x_wconf 85' lang='lat' dir='ltr'><strong>judi-</strong></span> 
     </span>
    </p>
   </div>
   <div class='ocr_carea' id='block_1_80' title="bbox 2001 4316 3590 4394">
    <p class='ocr_par' dir='ltr' id='par_1_80' title="bbox 2001 4316 3590 4394">
     <span class='ocr_line' id='line_1_80' title="bbox 2001 4316 3590 4394; baseline -0.009 -8"><span class='ocrx_word' id='word_1_699' title='bbox 2001 4347 2118 4386; x_wconf 89' lang='lat' dir='ltr'><strong>cem</strong></span> <span class='ocrx_word' id='word_1_700' title='bbox 2143 4331 2326 4385; x_wconf 81' lang='lat' dir='ltr'><strong>vivere</strong></span> <span class='ocrx_word' id='word_1_701' title='bbox 2350 4344 2458 4383; x_wconf 92' lang='lat' dir='ltr'><strong>non</strong></span> <span class='ocrx_word' id='word_1_702' title='bbox 2482 4325 2706 4382; x_wconf 86' lang='lat' dir='ltr'><strong>credat?</strong></span> <span class='ocrx_word' id='word_1_703' title='bbox 2732 4326 2823 4379; x_wconf 90' lang='lat' dir='ltr'><strong>sed</strong></span> <span class='ocrx_word' id='word_1_704' title='bbox 2849 4322 2970 4394; x_wconf 89' lang='lat' dir='ltr'><strong>quis</strong></span> <span class='ocrx_word' id='word_1_705' title='bbox 2995 4331 3117 4392; x_wconf 82' lang='lat' dir='ltr'><strong>post</strong></span> <span class='ocrx_word' id='word_1_706' title='bbox 3146 4318 3422 4390; x_wconf 84' lang='lat' dir='ltr'><strong>apostolos</strong></span> <span class='ocrx_word' id='word_1_707' title='bbox 3451 4316 3590 4371; x_wconf 81' lang='lat' dir='ltr'><strong>Mar-</strong></span> 
     </span>
    </p>
   </div>
   <div class='ocr_carea' id='block_1_81' title="bbox 2004 4410 3345 4490">
    <p class='ocr_par' dir='ltr' id='par_1_81' title="bbox 2004 4410 3345 4490">
     <span class='ocr_line' id='line_1_81' title="bbox 2004 4410 3345 4490; baseline -0.01 -14"><span class='ocrx_word' id='word_1_708' title='bbox 2004 4423 2140 4487; x_wconf 88' lang='lat' dir='ltr'><strong>tino,</strong></span> <span class='ocrx_word' id='word_1_709' title='bbox 2174 4421 2296 4490; x_wconf 91' lang='lat' dir='ltr'><strong>quis</strong></span> <span class='ocrx_word' id='word_1_710' title='bbox 2320 4418 2617 4474; x_wconf 85' lang='lat' dir='ltr'><strong>Benedicto</strong></span> <span class='ocrx_word' id='word_1_711' title='bbox 2652 4417 2704 4470; x_wconf 91' lang='lat' dir='ltr'><strong>in</strong></span> <span class='ocrx_word' id='word_1_712' title='bbox 2739 4413 3014 4470; x_wconf 82' lang='lat' dir='ltr'><strong>miraculis</strong></span> <span class='ocrx_word' id='word_1_713' title='bbox 3041 4410 3345 4483; x_wconf 82' lang='lat' dir='ltr'><strong>potentior?</strong></span> 
     </span>
    </p>
   </div>
   <div class='ocr_carea' id='block_1_82' title="bbox 1930 4471 3591 4578">
    <p class='ocr_par' dir='ltr' id='par_1_82' title="bbox 1930 4471 3591 4578">
     <span class='ocr_line' id='line_1_82' title="bbox 1930 4471 3591 4578; baseline -0.008 -10"><span class='ocrx_word' id='word_1_714' title='bbox 1930 4471 1977 4531; x_wconf 68' lang='grc' dir='ltr'>υ</span> <span class='ocrx_word' id='word_1_715' title='bbox 2075 4471 2439 4567; x_wconf 52' lang='grc' dir='ltr'><strong>ὃέύῚΐοιιαςεθ</strong></span> <span class='ocrx_word' id='word_1_716' title='bbox 2465 4507 2698 4578; x_wconf 88' lang='lat' dir='ltr'><strong>objicitis</strong></span> <span class='ocrx_word' id='word_1_717' title='bbox 2727 4508 2850 4575; x_wconf 90' lang='lat' dir='ltr'><strong>quia</strong></span> <span class='ocrx_word' id='word_1_718' title='bbox 2881 4471 3107 4558; x_wconf 47' lang='lat' dir='ltr'><strong>multi-in</strong></span> <span class='ocrx_word' id='word_1_719' title='bbox 3135 4501 3352 4556; x_wconf 86' lang='lat' dir='ltr'><strong>nomine</strong></span> <span class='ocrx_word' id='word_1_720' title='bbox 3389 4499 3591 4556; x_wconf 81' lang='lat' dir='ltr'><strong>Christi</strong></span> 
     </span>
    </p>
   </div>
   <div class='ocr_carea' id='block_1_83' title="bbox 2007 4592 3596 4672">
    <p class='ocr_par' dir='ltr' id='par_1_83' title="bbox 2007 4592 3596 4672">
     <span class='ocr_line' id='line_1_83' title="bbox 2007 4592 3596 4672; baseline -0.011 -12"><span class='ocrx_word' id='word_1_721' title='bbox 2007 4605 2143 4660; x_wconf 89' lang='lat' dir='ltr'><strong>mira</strong></span> <span class='ocrx_word' id='word_1_722' title='bbox 2175 4602 2383 4672; x_wconf 88' lang='lat' dir='ltr'><strong>operati</strong></span> <span class='ocrx_word' id='word_1_723' title='bbox 2421 4611 2577 4662; x_wconf 90' lang='lat' dir='ltr'><strong>sunt,</strong></span> <span class='ocrx_word' id='word_1_724' title='bbox 2607 4609 2663 4654; x_wconf 89' lang='lat' dir='ltr'><strong>et</strong></span> <span class='ocrx_word' id='word_1_725' title='bbox 2705 4607 2884 4653; x_wconf 85' lang='lat' dir='ltr'><strong>tamen</strong></span> <span class='ocrx_word' id='word_1_726' title='bbox 2913 4605 3039 4664; x_wconf 60' lang='lat' dir='ltr'><strong>Lpust</strong></span> <span class='ocrx_word' id='word_1_727' title='bbox 3071 4611 3098 4648; x_wconf 87' lang='lat' dir='ltr'><strong>a</strong></span> <span class='ocrx_word' id='word_1_728' title='bbox 3131 4592 3359 4647; x_wconf 89' lang='lat' dir='ltr'><strong>Domino</strong></span> <span class='ocrx_word' id='word_1_729' title='bbox 3407 4606 3596 4660; x_wconf 49' lang='lat' dir='ltr'><strong>repro.</strong></span> 
     </span>
    </p>
   </div>
   <div class='ocr_carea' id='block_1_84' title="bbox 2009 4681 3592 4760">
    <p class='ocr_par' dir='ltr' id='par_1_84' title="bbox 2009 4681 3592 4760">
     <span class='ocr_line' id='line_1_84' title="bbox 2009 4681 3592 4760; baseline -0.011 -11"><span class='ocrx_word' id='word_1_730' title='bbox 2009 4695 2119 4749; x_wconf 87' lang='lat' dir='ltr'><strong>bati</strong></span> <span class='ocrx_word' id='word_1_731' title='bbox 2183 4702 2331 4748; x_wconf 90' lang='lat' dir='ltr'><strong>sunt.</strong></span> <span class='ocrx_word' id='word_1_732' title='bbox 2395 4693 2470 4746; x_wconf 91' lang='lat' dir='ltr'><strong>De</strong></span> <span class='ocrx_word' id='word_1_733' title='bbox 2529 4691 2727 4760; x_wconf 87' lang='lat' dir='ltr'><strong>quibus</strong></span> <span class='ocrx_word' id='word_1_734' title='bbox 2791 4689 2842 4741; x_wconf 85' lang='lat' dir='ltr'><strong>in</strong></span> <span class='ocrx_word' id='word_1_735' title='bbox 2913 4684 3204 4754; x_wconf 72' lang='lat' dir='ltr'><strong>Evangelio</strong></span> <span class='ocrx_word' id='word_1_736' title='bbox 3276 4681 3592 4734; x_wconf 77' lang='lat' dir='ltr'><strong>Dominus:</strong></span> 
     </span>
    </p>
   </div>
   <div class='ocr_carea' id='block_1_85' title="bbox 2015 4770 3597 4853">
    <p class='ocr_par' dir='ltr' id='par_1_85' title="bbox 2015 4770 3597 4853">
     <span class='ocr_line' id='line_1_85' title="bbox 2015 4770 3597 4853; baseline -0.011 -15"><span class='ocrx_word' id='word_1_737' title='bbox 2015 4806 2036 4838; x_wconf 71' lang='grc' dir='ltr'><strong>ε</strong></span> <span class='ocrx_word' id='word_1_738' title='bbox 2070 4784 2243 4850; x_wconf 76' lang='lat' dir='ltr'><strong>Multi,</strong></span> <span class='ocrx_word' id='word_1_739' title='bbox 2269 4783 2466 4853; x_wconf 88' lang='lat' dir='ltr'><strong>inquit,</strong></span> <span class='ocrx_word' id='word_1_740' title='bbox 2495 4781 2714 4836; x_wconf 86' lang='lat' dir='ltr'><strong>venient</strong></span> <span class='ocrx_word' id='word_1_741' title='bbox 2743 4778 2986 4833; x_wconf 83' lang='lat' dir='ltr'><strong>dicentes</strong></span> <span class='ocrx_word' id='word_1_742' title='bbox 3016 4794 3029 4829; x_wconf 92' lang='lat'><strong>:</strong></span> <span class='ocrx_word' id='word_1_743' title='bbox 3056 4772 3304 4833; x_wconf 89' lang='lat' dir='ltr'><strong>Domine,</strong></span> <span class='ocrx_word' id='word_1_744' title='bbox 3339 4785 3519 4824; x_wconf 90' lang='lat' dir='ltr'><strong>nonne</strong></span> <span class='ocrx_word' id='word_1_745' title='bbox 3543 4770 3597 4822; x_wconf 87' lang='lat' dir='ltr'><strong>in</strong></span> 
     </span>
    </p>
   </div>
   <div class='ocr_carea' id='block_1_86' title="bbox 2012 4860 3604 4944">
    <p class='ocr_par' dir='ltr' id='par_1_86' title="bbox 2012 4860 3604 4944">
     <span class='ocr_line' id='line_1_86' title="bbox 2012 4860 3604 4944; baseline -0.013 -10"><span class='ocrx_word' id='word_1_746' title='bbox 2012 4879 2233 4934; x_wconf 88' lang='lat' dir='ltr'><strong>nomine</strong></span> <span class='ocrx_word' id='word_1_747' title='bbox 2250 4889 2339 4931; x_wconf 92' lang='lat' dir='ltr'><strong>tuo</strong></span> <span class='ocrx_word' id='word_1_748' title='bbox 2358 4871 2816 4944; x_wconf 81' lang='lat' dir='ltr'><strong>prephetavimus,</strong></span> <span class='ocrx_word' id='word_1_749' title='bbox 2843 4877 2898 4921; x_wconf 91' lang='lat' dir='ltr'><strong>et</strong></span> <span class='ocrx_word' id='word_1_750' title='bbox 2920 4868 2972 4919; x_wconf 89' lang='lat' dir='ltr'><strong>in</strong></span> <span class='ocrx_word' id='word_1_751' title='bbox 2992 4864 3210 4920; x_wconf 88' lang='lat' dir='ltr'><strong>nomine</strong></span> <span class='ocrx_word' id='word_1_752' title='bbox 3223 4869 3313 4914; x_wconf 91' lang='lat' dir='ltr'><strong>tuo</strong></span> <span class='ocrx_word' id='word_1_753' title='bbox 3334 4860 3604 4915; x_wconf 79' lang='lat' dir='ltr'><strong>daemonia</strong></span> 
     </span>
    </p>
   </div>
   <div class='ocr_carea' id='block_1_87' title="bbox 2011 4949 3608 5041">
    <p class='ocr_par' dir='ltr' id='par_1_87' title="bbox 2011 4949 3608 5041">
     <span class='ocr_line' id='line_1_87' title="bbox 2011 4949 3608 5041; baseline -0.016 -15"><span class='ocrx_word' id='word_1_754' title='bbox 2011 4968 2314 5041; x_wconf 81' lang='lat' dir='ltr'><strong>cjccimus?</strong></span> <span class='ocrx_word' id='word_1_755' title='bbox 2339 4963 2555 5035; x_wconf 80' lang='lat' dir='ltr'><strong>(Matth.</strong></span> <span class='ocrx_word' id='word_1_756' title='bbox 2584 4959 2704 5028; x_wconf 85' lang='lat' dir='ltr'><strong>vn.)</strong></span> <span class='ocrx_word' id='word_1_757' title='bbox 2736 4977 2754 5008; x_wconf 86' lang='grc'><strong>›</strong></span> <span class='ocrx_word' id='word_1_758' title='bbox 2787 4955 2998 5022; x_wconf 88' lang='lat' dir='ltr'><strong>Quibus</strong></span> <span class='ocrx_word' id='word_1_759' title='bbox 3029 4953 3271 5008; x_wconf 83' lang='lat' dir='ltr'><strong>dicturus</strong></span> <span class='ocrx_word' id='word_1_760' title='bbox 3304 4957 3391 5041; x_wconf 67' lang='lat' dir='ltr'><strong>est</strong></span> <span class='ocrx_word' id='word_1_761' title='bbox 3421 4949 3608 5005; x_wconf 88' lang='lat' dir='ltr'><strong>Domi-</strong></span> 
     </span>
    </p>
   </div>
   <div class='ocr_carea' id='block_1_88' title="bbox 2015 5037 3614 5119">
    <p class='ocr_par' dir='ltr' id='par_1_88' title="bbox 2015 5037 3614 5119">
     <span class='ocr_line' id='line_1_88' title="bbox 2015 5037 3614 5119; baseline -0.015 -7"><span class='ocrx_word' id='word_1_762' title='bbox 2015 5037 2120 5119; x_wconf 36' lang='lat' dir='ltr'><strong>n&#39;us</strong></span> <span class='ocrx_word' id='word_1_763' title='bbox 2154 5075 2170 5110; x_wconf 88' lang='lat'><strong>:</strong></span> <span class='ocrx_word' id='word_1_764' title='bbox 2222 5073 2240 5105; x_wconf 79' lang='grc' dir='ltr'><strong>ι</strong></span> <span class='ocrx_word' id='word_1_765' title='bbox 2277 5055 2448 5108; x_wconf 78' lang='lat' dir='ltr'><strong>Amen</strong></span> <span class='ocrx_word' id='word_1_766' title='bbox 2495 5052 2618 5104; x_wconf 88' lang='lat' dir='ltr'><strong>dico</strong></span> <span class='ocrx_word' id='word_1_767' title='bbox 2659 5046 2848 5099; x_wconf 83' lang='lat' dir='ltr'><strong>vobis:</strong></span> <span class='ocrx_word' id='word_1_768' title='bbox 2889 5041 3089 5097; x_wconf 79' lang='lat' dir='ltr'><strong>Nescio</strong></span> <span class='ocrx_word' id='word_1_769' title='bbox 3127 5051 3253 5100; x_wconf 72' lang='lat' dir='ltr'><strong>vos;</strong></span> <span class='ocrx_word' id='word_1_770' title='bbox 3286 5037 3550 5095; x_wconf 86' lang='lat' dir='ltr'><strong>discedite</strong></span> <span class='ocrx_word' id='word_1_771' title='bbox 3583 5049 3614 5088; x_wconf 72' lang='grc' dir='ltr'>τι</span> 
     </span>
    </p>
   </div>
   <div class='ocr_carea' id='block_1_89' title="bbox 2014 5127 3617 5211">
    <p class='ocr_par' dir='ltr' id='par_1_89' title="bbox 2014 5127 3617 5211">
     <span class='ocr_line' id='line_1_89' title="bbox 2014 5127 3617 5211; baseline -0.013 -12"><span class='ocrx_word' id='word_1_772' title='bbox 2014 5169 2102 5211; x_wconf 78' lang='lat' dir='ltr'><strong>me</strong></span> <span class='ocrx_word' id='word_1_773' title='bbox 2171 5159 2378 5208; x_wconf 87' lang='lat' dir='ltr'><strong>omnes,</strong></span> <span class='ocrx_word' id='word_1_774' title='bbox 2425 5139 2659 5209; x_wconf 87' lang='lat' dir='ltr'><strong>operarii</strong></span> <span class='ocrx_word' id='word_1_775' title='bbox 2707 5133 3018 5203; x_wconf 84' lang='lat' dir='ltr'><strong>iniquitatis</strong></span> <span class='ocrx_word' id='word_1_776' title='bbox 3064 5127 3276 5202; x_wconf 58' lang='lat' dir='ltr'><strong>(Ibid).</strong></span> <span class='ocrx_word' id='word_1_777' title='bbox 3312 5147 3331 5179; x_wconf 72' lang='grc' dir='ltr'><strong>ι</strong></span> <span class='ocrx_word' id='word_1_778' title='bbox 3370 5130 3617 5196; x_wconf 85' lang='lat' dir='ltr'><strong>Quorum</strong></span> 
     </span>
    </p>
   </div>
   <div class='ocr_carea' id='block_1_90' title="bbox 2015 5218 3624 5307">
    <p class='ocr_par' dir='ltr' id='par_1_90' title="bbox 2015 5218 3624 5307">
     <span class='ocr_line' id='line_1_90' title="bbox 2015 5218 3624 5307; baseline -0.03 -4"><span class='ocrx_word' id='word_1_779' title='bbox 2015 5248 2135 5303; x_wconf 85' lang='lat' dir='ltr'><strong>vita</strong></span> <span class='ocrx_word' id='word_1_780' title='bbox 2168 5235 2407 5307; x_wconf 87' lang='lat' dir='ltr'><strong>quidem,</strong></span> <span class='ocrx_word' id='word_1_781' title='bbox 2434 5231 2562 5301; x_wconf 88' lang='lat' dir='ltr'><strong>quia</strong></span> <span class='ocrx_word' id='word_1_782' title='bbox 2586 5244 2690 5283; x_wconf 86' lang='lat' dir='ltr'><strong>non</strong></span> <span class='ocrx_word' id='word_1_783' title='bbox 2716 5224 3098 5281; x_wconf 87' lang='lat' dir='ltr'><strong>concordabat</strong></span> <span class='ocrx_word' id='word_1_784' title='bbox 3123 5218 3328 5282; x_wconf 84' lang='lat' dir='ltr'><strong>verbis,</strong></span> <span class='ocrx_word' id='word_1_785' title='bbox 3356 5219 3564 5277; x_wconf 65' lang='lat' dir='ltr'><strong>idcirco</strong></span> <span class='ocrx_word' id='word_1_786' title='bbox 3592 5231 3624 5270; x_wconf 61' lang='grc' dir='ltr'>ει</span> 
     </span>
    </p>
   </div>
   <div class='ocr_carea' id='block_1_91' title="bbox 2019 5309 3626 5364">
    <p class='ocr_par' dir='ltr' id='par_1_91' title="bbox 2019 5309 3626 5364">
     <span class='ocr_line' id='line_1_91' title="bbox 2019 5309 3626 5364; baseline 0 0"><span class='ocrx_word' id='word_1_787' title='bbox 2019 5331 2263 5364; x_wconf 50' lang='lat' dir='ltr'><strong>annum</strong></span> <span class='ocrx_word' id='word_1_788' title='bbox 2291 5324 2626 5364; x_wconf 70' lang='lat' dir='ltr'><strong>rnnrnhahlr.</strong></span> <span class='ocrx_word' id='word_1_789' title='bbox 2679 5317 2831 5364; x_wconf 78' lang='lat' dir='ltr'><strong>nnml</strong></span> <span class='ocrx_word' id='word_1_790' title='bbox 2861 5324 3052 5364; x_wconf 79' lang='lat' dir='ltr'><strong>autem</strong></span> <span class='ocrx_word' id='word_1_791' title='bbox 3094 5313 3350 5364; x_wconf 85' lang='lat' dir='ltr'><strong>videntur</strong></span> <span class='ocrx_word' id='word_1_792' title='bbox 3382 5309 3626 5364; x_wconf 72' lang='lat' dir='ltr'><strong>Onerari.</strong></span> 
     </span>
    </p>
   </div>
  </div>
