4024 5370
484 237 623 294 1505

1405 239 1712 299 GERARDI
1751 240 1770 297 l
1808 232 2335 295 CAMERACENSIS
2375 234 2681 291 EPISCOPI

3614 225 3749 280 i504

479 349 707 407 eismum
732 348 1004 406 daemones
1024 363 1077 404 ιη
1100 350 1316 406 nomine
1338 351 1485 417 Jesu,
1511 368 1671 423 quem
1698 348 1895 405 Paulus
1921 364 2057 419 prae-
2087 363 2131 418 Α
2165 362 2475 415 personare.
2545 348 2696 403 Unde
2747 345 3025 415 psalmista
3086 352 3241 415 sape
3294 357 3395 398 nos
3456 350 3745 405 aomonet,

480 435 716 501 dicabat,
759 435 826 489 ab
854 436 1094 492 obsessis
1121 438 1442 508 corporibus
1489 440 1772 495 tentabant
1813 435 2011 503 ejicere
2037 474 2053 501 ,

456 523 598 613 (qui,
625 524 842 579 concito
871 523 1199 595 indignantis
1226 525 1451 595 spiritus
1481 525 1666 581 furore
1713 525 1888 581 vexati
1907 565 1923 590 ,
1953 539 2054 577 au-

477 613 633 669 diunt
658 632 671 668 :
703 632 722 664 r
751 614 936 671 .lesum
966 616 1111 680 novi,
1138 627 1190 671 et
1215 617 1439 672 Paulum
1468 618 1611 683 scio;
1638 631 1735 672 vos
1759 625 1939 671 autem
1961 615 2052 684 qui

474 702 642 758 estis?
664 702 732 759 Et
759 704 1025 777 continuo.
1051 704 1255 759 insiluit
1287 706 1339 760 in
1369 721 1463 762 eos
1485 706 1709 776 spiritus
1746 705 2056 759 immundus

475 793 617 863 (Act.
651 793 787 865 xix).
824 813 844 848 ι
876 794 1083 863 Quibus
1108 795 1198 850 illa
1224 796 1306 854 sui
1337 809 1494 865 poena
1521 795 1721 850 furoris
1748 809 1882 851 sane
1907 794 2055 849 dedit

471 883 737 941 indicium
787 886 912 957 quia
935 902 1045 942 non
1072 897 1229 943 erant
1255 903 1320 945 ex
1351 903 1540 944 eorum
1570 903 1794 943 numero
1822 902 2053 958 quorum

472 977 589 1032 vita
646 979 955 1035 sanctitatis
997 980 1363 1037 concordabat
1411 990 1615 1037 sancta:
1658 979 2046 1050 praedicationi.

472 1065 679 1124 Eorum
706 1084 836 1125 vero
864 1085 1091 1142 corpora
1115 1081 1273 1127 terra:
1293 1073 1546 1128 mandata
1568 1072 1849 1129 declarant
1868 1071 2054 1141 qualia;

471 1159 691 1229 utrique
716 1160 772 1217 in
816 1161 928 1217 vita
958 1162 1312 1227 exstiterant,
1359 1178 1482 1218 cum
1513 1162 1590 1218 illi
1620 1161 1862 1233 quotidie
1889 1162 2053 1215 mira-

473 1249 613 1305 culis
639 1250 848 1318 vivere,
889 1252 980 1310 isti
1009 1252 1155 1309 nulla
1200 1253 1423 1309 virtutis
1459 1252 1661 1311 indicia
1691 1267 1761 1307 ex
1804 1266 1865 1308 se
1893 1266 2053 1322 posse

472 1340 605 1396 dare
631 1339 935 1398 videantur.

543 1430 684 1487 Nam
708 1432 760 1487 in
789 1441 978 1489 sancta
995 1433 1238 1497 Ecclesia
1262 1433 1419 1504 plena
1447 1435 1751 1491 redundant
1776 1433 2051 1490 miraculis

469 1522 774 1592 volumina,
808 1540 930 1596 qua:
955 1526 1023 1581 ad
1055 1535 1366 1584 sanctorum
1410 1526 1783 1584 confessorum
1810 1526 2049 1582 tumbam

471 1614 592 1669 ﬁeri
627 1617 1053 1687 conspiciuntur,
1085 1632 1207 1673 cum
1243 1618 1457 1689 reprobi
1491 1627 1611 1689 post
1640 1618 1853 1677 clausas
1878 1618 1933 1673 in
1965 1616 2049 1671 in-

2157 436 2375 492 dicens:
2416 456 2434 488 ι
2467 437 2696 493 Caritate
2727 435 2951 490 Domino
2966 434 3236 488 canticum
3263 436 3486 494 novum,
3506 439 3588 493 et,
3612 429 3751 485 bene

2155 528 2368 597 psallite
2393 530 2443 585 ei
2468 531 2522 584 in
2553 529 2940 585 vociferatione
2968 525 3141 596 (Paul.
3172 526 3402 595 δεινὴ.»
3429 526 3496 580 Et
3515 527 3748 580 iterum:
3810 530 3815 534 ‘

2161 638 2179 670 ι
2229 619 2504 675 Psalmum
2539 621 2702 676 dicite
2730 620 2935 676 nomini
2986 619 3120 688 ejus,
3147 619 3272 674 date
3319 618 3553 689 gloriam
3600 616 3749 673 laudi

2154 708 2275 779 ejus
2314 708 2500 782 (Psal.
2550 712 2708 779 va).
2739 730 2758 762 ι
2799 712 2866 766 Et
2890 711 2944 765 in
2973 711 3265 783 Evangelia
3292 710 3569 764 Matthaai:
3626 727 3648 760 ι
3682 708 3751 765 Et

2155 797 2357 870 hymno
2382 800 2526 856 dicto
2562 801 2823 855 exierunt
2850 801 2903 855 in
2937 809 3177 856 montem
3204 799 3485 856 Olivarum
3527 798 3743 870 (Matth.

2155 895 2325 961 xxvi).
2362 910 2380 941 ι
2435 891 2562 946 Tale
2609 907 2840 962 namque
2889 892 3217 947 sacriﬁcium
3259 906 3424 961 super
3462 900 3748 945 taurorum

2152 979 2534 1050 pinguedinem
2581 991 2675 1036 aut
2705 983 2981 1037 hircorum
3010 982 3328 1052 sanguinem
3377 980 3493 1036 Deo
3525 979 3749 1051 placere

2154 1085 2252 1141 per
2283 1071 2545 1143 Spiritum
2575 1082 2823 1127 sanctum
2849 1072 3137 1127 Psalmista
3163 1071 3394 1135 viderat,
3425 1087 3554 1126 cum
3580 1071 3744 1124 dixit:

2158 1180 2176 1212 ‹
2216 1161 2467 1232 Nunquid
2515 1161 2854 1217 manducabo
2895 1176 3086 1216 carnes
3124 1170 3437 1224 taurorum,
3484 1171 3582 1214 aut
3627 1175 3749 1215 san-

2151 1252 2368 1321 guinem
2422 1253 2702 1308 hircorum
2734 1251 2967 1321 potabo?
3005 1250 3225 1305 immola
3272 1250 3385 1306 Deo
3417 1250 3749 1304 sacrificium

2151 1341 2326 1397 laudis
2377 1338 2551 1414 (Pacl.
2608 1343 2778 1413 χιιι).
2818 1360 2837 1393 ι
2911 1341 2979 1395 Et
3042 1341 3271 1397 iterum:
3325 1358 3347 1392 ι
3406 1338 3750 1396 Sacriﬁcium

2151 1433 2327 1489 laudis
2354 1432 2736 1490 honorificabit
2761 1448 2849 1489 me
2875 1432 3090 1504 (Ibid.).
3121 1451 3140 1485 ι

2223 1525 2463 1596 Denique
2525 1539 2632 1580 non
2687 1524 2862 1580 solum
2908 1523 3335 1581 irrationabilem
3408 1534 3747 1585 creaturam,

2152 1616 2247 1671 sed
2305 1626 2498 1672 cuncta
2554 1631 2676 1686 quae
2719 1623 2849 1673 sunt
2887 1616 3140 1681 condita,
3189 1631 3345 1671 suum
3401 1616 3746 1672 Conditorem

474 1704 632 1760 ferno
660 1707 868 1765 animas
908 1715 962 1763 et
988 1708 1253 1778 sepulcris
1290 1710 1570 1766 recondita
1605 1725 1857 1781 corpora,
1903 1708 2050 1764 nulla
2082 1706 2127 1767 Β
2154 1709 2413 1763 continuo
2452 1708 2715 1779 psallendi
2745 1717 2935 1763 tenore
2961 1707 3184 1763 laudare
3217 1706 3395 1777 jubet,
3426 1723 3555 1764 cum
3579 1707 3745 1763 dicit:

475 1794 649 1850 sancti
700 1797 879 1855 meriti
911 1796 1224 1868 relinquunt
1248 1798 1467 1865 indicia,
1510 1788 1733 1869 propter
1778 1798 1922 1869 quod
1952 1797 2051 1852 ali-

475 1887 692 1952 quando
727 1886 974 1943 diabolus
1020 1888 1090 1946 ad
1134 1888 1482 1958 decipiendos
1525 1890 1773 1947 homines
1820 1889 2050 1961 phanta-

475 1976 627 2032 stica:
654 1976 791 2034 lueis
829 1978 981 2048 signa
1013 1979 1081 2035 ad
1110 1996 1298 2036 eorum
1327 1996 1451 2037 ossa
1494 1983 1853 2048 demonstrat,
1901 1992 1961 2037 ut
1981 1998 2049 2037 ex

472 2066 580 2121 hoc
604 2068 672 2123 ad
701 2084 857 2125 usum
885 2072 1253 2128 venerationis
1289 2072 1542 2142 deceptas
1576 2083 1786 2128 mentes
1827 2072 2047 2138 invitet,

471 2158 617 2213 sicut
646 2166 890 2232 tempore
930 2158 1079 2219 beati
1122 2159 1339 2216 Martini
1376 2161 1605 2233 legimus
1651 2161 2045 2232 approbatum;

473 2250 566 2319 qui
603 2248 742 2319 vulgi
767 2265 955 2308 errore
976 2252 1215 2309 dicatum
1246 2254 1656 2320 monasterium,
1692 2264 1949 2325 tanquam
1994 2255 2049 2309 in

471 2341 684 2400 honore
709 2346 998 2418 martyris,
1043 2361 1206 2417 super
1234 2346 1497 2403 latronem
1541 2347 1852 2412 inveniens,
1897 2347 2050 2405 verbi

469 2433 557 2491 sui
582 2435 811 2507 imperio
831 2436 996 2508 jussit
1018 2437 1288 2509 sepultum
1316 2438 1562 2496 conﬁteri
1600 2438 1727 2509 quia
1774 2436 1911 2493 nihil
1945 2437 2050 2494 sibi

470 2538 597 2582 cum
626 2525 831 2584 sanctis
858 2525 1038 2587 fuerat
1063 2542 1372 2596 commune,
1410 2530 1504 2584 sed
1539 2543 1757 2585 suorum
1783 2526 2049 2584 scelerum

469 2617 648 2687 culpis
669 2634 794 2675 cum
820 2619 1049 2677 diabolis
1078 2637 1138 2678 se
1169 2622 1224 2678 in
1253 2622 1466 2679 inferno
1486 2624 1745 2694 torqueri.
1763 2623 1819 2678 ln
1857 2624 2050 2681 talibus

470 2708 637 2777 igitur
660 2708 795 2769 locis
823 2711 868 2766 si
899 2712 1028 2782 quid
1052 2712 1181 2770 huic
1208 2714 1384 2770 simile
1411 2716 1673 2781 evenerit,
1704 2716 1771 2770 de
1791 2730 1899 2785 quo
1933 2730 2052 2769 ma-

468 2794 645 2864 jorum
675 2800 940 2859 memoria
968 2801 1104 2857 nihil
1127 2812 1335 2859 certum
1362 2804 1534 2870 ferat,
1567 2805 1898 2861 interdicunt
1924 2819 2050 2860 san-

381 2918 391 2925 ι
472 2889 834 2947 ctiiicationes
878 2908 948 2949 ne
977 2892 1084 2948 ritu
1130 2895 1411 2965 gentilium
1439 2895 1566 2953 fana
1606 2896 1870 2953 idolorum
1907 2895 2048 2954 auti-

475 2980 661 3050 quitus
697 2991 1007 3042 constructa
1049 3001 1149 3058 pro
1194 2989 1370 3044 sacris
1399 2998 1743 3055 venerentur,
1789 3003 1926 3044 neve
1963 3002 2049 3043 se.

2160 1817 2179 1848 ε
2212 1799 2453 1855 Laudate
2500 1799 2787 1854 Dominum
2816 1799 2883 1854 de
2929 1797 3085 1853 ctelis
3120 1795 3291 1869 (Paul.
3341 1798 3598 1868 οιινιιι),
3630 1815 3651 1847 ι
3694 1803 3749 1851 et

2153 1899 2380 1955 caetera,
2419 1903 2587 1959 usque
2621 1890 2675 1944 in
2706 1888 2869 1944 linem
2912 1888 3107 1959 psalmi
3132 1902 3291 1958 quem
3334 1888 3410 1943 ita
3436 1886 3747 1945 concludit:-

2157 1997 2177 2031 ι
2213 1979 2404 2036 Omnis
2446 1980 2671 2050 spiritus
2705 1979 2886 2035 laudet
2928 1980 3214 2035 Dominum
3245 1976 3423 2048 (Paul.
3452 1980 3574 2049 ce).
3608 1999 3629 2032 ι
3675 1978 3748 2035 Ne

2151 2086 2284 2142 ergo
2360 2070 2651 2126 Psalmista
2727 2068 3155 2125 irrationabilem
3223 2079 3319 2125 aut
3392 2070 3745 2124 inanimatam

2150 2169 2456 2217 creaturam
2496 2162 2696 2217 frustm
2737 2162 2793 2217 in
2834 2160 3047 2216 laudem
3083 2160 3357 2217 Creatoris
3404 2175 3748 2218 commonere

2150 2252 2386 2317 dicatur,
2412 2261 2541 2308 tunc
2564 2266 2711 2319 vere,
2733 2252 2877 2322 quod
2899 2266 2993 2307 ore
3015 2268 3121 2307 non
3141 2260 3341 2322 potest,
3365 2267 3427 2308 se
3454 2253 3511 2307 in
3532 2252 3743 2308 laudem

2150 2340 2247 2398 Dei
2275 2341 2488 2397 videtur
2515 2342 2745 2412 erigere,
2772 2357 2895 2397 cum
2920 2356 3033 2397 suae
3067 2349 3277 2398 naturae
3323 2343 3564 2398 motibus
3592 2358 3653 2397 se
3675 2343 3741 2397 ad

2147 2432 2480 2491 voluntatem
2534 2442 2587 2490 et
2635 2434 2921 2505 imperium
2972 2434 3223 2491 Creantis
3270 2434 3620 2503 conformat,
3663 2436 3749 2490 vel

2147 2526 2328 2594 potius
2358 2525 2649 2581 rationales
2670 2526 2883 2581 animos
2908 2525 2961 2579 in
2990 2527 3094 2582 hoc
3118 2540 3468 2583 commonere
3512 2525 3746 2591 videtur,

2149 2624 2210 2670 ut
2236 2615 2302 2670 de
2327 2616 2609 2672 beneliciis
2629 2615 2829 2672 divinis
2851 2615 3063 2672 laudem
3093 2614 3371 2673 Conditori
3400 2619 3535 2674 dare
3561 2619 3747 2673 memi-

2148 2690 2354 2773 nerint,
2379 2706 2534 2777 cujus
2564 2721 2789 2762 munere
2810 2707 2924 2777 ipsa
2956 2705 3147 2763 usibus
3189 2707 3469 2764 hominum
3500 2707 3746 2763 famulari

2148 2795 2384 2852 videtur.
2409 2795 2516 2853 Sed
2537 2805 2595 2854 et
2606 2796 2832 2863 Paulus,
2854 2796 3009 2867 cujus
3036 2811 3136 2853 vos
3153 2797 3457 2855 imitatores
3471 2813 3597 2855 esse
3616 2800 3747 2856 diei-

2150 2889 2302 2957 tis,in
2317 2899 2640 2948 concentum
2656 2890 2970 2960 psalmodite
2981 2903 3082 2947 nos
3094 2891 3345 2948 hortatur
3358 2893 3546 2950 dicens
3562 2913 3577 2949 :
3600 2913 3622 2947 ι
3643 2895 3746 2950 Ιλοο

2150 2988 2380 3052 quentes
2449 2981 2849 3054 vobismetipsis
2897 2983 2954 3037 in
3029 2982 3253 3053 psalmis
3314 2992 3373 3039 et
3424 2985 3645 3056 hymnis
3695 2998 3747 3042 et

466 3068 639 3138 pultis
668 3078 873 3129 temere
892 3074 1073 3131 divina
1095 3074 1393 3144 solvantur,
1418 3077 1519 3133 nisi
1545 3092 1644 3147 per
1666 3077 2050 3148 provincialem
2077 3066 2124 3128 C
2154 3072 2384 3128 canticis
2432 3071 2835 3143 spiritualibus,
2880 3081 3166 3129 cantantes
3205 3081 3262 3130 et
3294 3073 3590 3144 psallentes
3640 3076 3746 3132 Deo

473 3158 793 3229 episcopum
838 3163 952 3223 vita
996 3165 1190 3237 sepulti
1239 3169 1610 3234 examinetur,
1665 3169 1712 3224 si
1752 3170 2050 3226 secundum

472 3251 827 3327 Evangelium
859 3256 1060 3314 Christi
1088 3257 1206 3313 fuit.

912 3345 1024 3406 ΧΠ.
1057 3347 1136 3403 De
1156 3348 1416 3420 psallendi
1450 3352 1635 3423 oﬂicio.

545 3436 682 3504 Quis
716 3446 896 3495 autem
924 3439 1133 3497 dubitet
1162 3456 1260 3498 vos
1288 3441 1568 3499 immundo
1615 3437 1807 3514 spiritu
1834 3444 2050 3516 agitari,

470 3524 601 3581 dum
656 3527 759 3583 hoc
800 3528 944 3598 quod
1001 3542 1101 3603 per
1148 3527 1412 3600 Spiritum
1473 3541 1720 3589 sanctum
1783 3534 2052 3604 prolatum

471 3630 636 3690 atque
702 3620 1009 3678 institutum
1060 3631 1184 3690 est,
1233 3622 1288 3681 id
1333 3633 1417 3680 est
1478 3640 1634 3680 usum
1685 3625 1944 3695 psallendi
1997 3627 2052 3685 in

471 3720 659 3766 sancta
715 3710 965 3778 ecclesia,
998 3711 1254 3782 abjicitis,
1304 3722 1360 3770 et
1412 3715 1567 3784 quasi
1621 3716 2053 3786 superstitiosum

471 3802 648 3858 errori
686 3802 890 3861 cultum
938 3804 1236 3877 imputatis.
1286 3804 1526 3878 Sumpsit
1578 3798 1729 3879 ergo'
1760 3809 1901 3865 hanc
1936 3823 2051 3863 mo-

475 3895 701 3952 dulandi
726 3896 958 3953 formam
984 3897 1120 3953 ordo
1142 3897 1566 3965 ecclesiasticus,
1592 3913 1701 3954 non
1734 3914 1799 3953 ex
1834 3899 2056 3955 ludicris

474 3993 570 4041 aut
587 3982 923 4054 iocularibus
982 3987 1450 4056 insectationibus,
1501 3988 1596 4046 sed
1641 4005 1710 4045 ex
1762 3989 1983 4049 Veteris
2001 4000 2058 4046 et

476 4076 615 4134 Novi
640 4077 976 4135 Testamenti
1006 4078 1273 4150 patribus,
1321 4080 1463 4136 sicut
1505 4081 1572 4137 de
1606 4082 1774 4139 David
1822 4083 1875 4136 in
1919 4082 2056 4139 libro

473 4170 685 4243 Regum
722 4171 952 4245 legimus
1007 4173 1155 4243 quia,
1185 4188 1308 4229 cum
1346 4188 1529 4230 arcam
1562 4173 1777 4230 Domini
1813 4175 1879 4230 de
1910 4185 2054 4231 terra

473 4260 883 4319 Philistinorum
932 4264 1237 4331 reduceret,
1287 4265 1423 4334 ipse,
1479 4263 1738 4333 depositis
1789 4264 2060 4337 regalibus

474 4351 724 4422 iusigniis
748 4361 805 4409 et
825 4363 1038 4424 sumpta
1065 4354 1506 4422 cithara..eoram
1529 4369 1591 4410 ea
1618 4353 1851 4425 psallere
1873 4356 2056 4426 (repit,

2152 3160 2391 3234 (Epltes.
2441 3164 2537 3232 v).
2569 3182 2589 3216 ι
2633 3163 2702 3218 Ει
2740 3164 2857 3233 ipse
2904 3164 3033 3221 alibi
3081 3165 3245 3221 dicit:
3300 3183 3319 3217 ι
3350 3166 3586 3222 Psallam
3631 3184 3742 3233 ore,

2150 3253 2376 3323 psallam
2411 3255 2604 3326 spiritu
2636 3263 2693 3310 et
2713 3262 2892 3311 tuente
2936 3256 2955 3325 (
2981 3254 3010 3308 1
3034 3253 3157 3310 Cor.
3190 3271 3283 3311 xlv
3303 3256 3344 3327 ).
3377 3276 3396 3309 ι
3424 3257 3567 3325 Quin
3588 3259 3744 3313 etiam

2151 3348 2210 3403 in
2265 3344 2494 3401 transitu
2541 3353 2854 3400 sanctorum
2901 3345 3139 3400 virorum
3170 3345 3484 3417 psalmodia:
3530 3358 3746 3404 cantum

2152 3437 2417 3492 cecinisse
2469 3437 2688 3508 angelos
2751 3438 2920 3493 multa
2965 3438 3163 3497 divinae
3214 3437 3514 3510 Scriptum
3569 3452 3746 3495 exem-

2151 3526 2329 3596 plaria
2363 3528 2579 3584 docent.

2226 3618 2380 3674 Unde
2448 3630 2662 3677 constat
2725 3637 2819 3677 eos
2869 3621 2937 3677 de
2987 3623 3194 3692 gremio
3239 3632 3442 3681 sancta:
3491 3603 3745 3681 Ecclesia

2152 3710 2626 3775 cxterminandos,
2659 3714 2749 3781 qui
2789 3713 2892 3769 hoc
2919 3715 3182 3786 psallendi
3228 3714 3463 3772 oﬂlcium
3502 3718 3749 3787 judicaut

2152 3812 2490 3870 nequaquam
2541 3802 2606 3857 ad
2659 3802 2864 3858 cultum
2934 3803 3176 3859 divinum
3237 3807 3531 3875 pertinere.
3596 3806 3747 3875 Quod

2153 3898 2331 3944 autem
2360 3892 2712 3959 arbitrantur,
2744 3894 2904 3950 nobis
2947 3895 3391 3965 ipsispsalleudo
3419 3896 3593 3951 multa
3641 3896 3740 3950 ad-

2153 3996 2312 4035 versa
2369 3983 2693 4054 imprecari,
2747 3986 2838 4042 ubi
2899 3986 3149 4043 videlicet
3204 3986 3497 4043 Psalmista
3550 3988 3746 4043 mentis

2154 4071 2369 4127 oculum
2414 4073 2468 4128 in
2520 4075 2796 4131 maleficos
2825 4075 3072 4141 intorsit,
3107 4086 3167 4131 ut
3212 4087 3297 4132 est
3342 4075 3507 4131 illud:
3558 4095 3578 4128 ε
3608 4075 3744 4143 Quid

2155 4161 2404 4233 gloriaris
2429 4163 2483 4219 in
2522 4165 2765 4220 malitia?
2795 4164 2983 4238 (Psal.
3012 4167 3115 4239 Ll,)
3147 4176 3169 4220 ς
3201 4177 3287 4223 et:
3318 4186 3338 4218 ι
3366 4166 3744 4222 Obscurentur

2156 4254 2298 4311 oculi
2342 4271 2623 4313 eorumne
2651 4257 2869 4314 videant
2923 4255 3096 4331 (Paul.
3126 4259 3345 4330 uvm),
3391 4278 3411 4311 ι
3447 4268 3506 4312 et
3546 4267 3742 4315 caetera

2158 4346 2320 4414 talia;
2348 4346 2605 4407 falluntur
2630 4349 2930 4405 nescientes
2958 4364 3081 4404 eum
3102 4350 3420 4421 prophetico
3437 4351 3635 4422 spiritu
3666 4350 3747 4404 in-

476 4416 622 4511 «ιιιοᾶ
644 4441 735 4497 ille
762 4416 965 4501 nullum
990 4460 1237 4516 superna:
1257 4416 1445 4517 gratia:
1476 4416 1828 4517 tunc-aptius
1878 4416 2053 4504 sae-ri;

2163 4437 2299 4492 tueri
2352 4451 2418 4493 ea
2463 4451 2582 4507 qua
2630 4449 3021 4507 superventura
3075 4416 3288 4494 fuerant
3334 4440 3421 4495 his
3467 4416 3636 4510 quos,
3689 4438 3740 4494 in

474 4532 659 4590 licium
684 4532 1048 4592 intellexerat.
1071 4535 1171 4605 Qui
1222 4538 1385 4597 etiam
1433 4553 1531 4608 per
1560 4538 1699 4594 hanc
1744 4538 2055 4595 modulandi
2088 4568 2093 4569 ί

477 4623 815 4682 dulcedinem
850 4623 1066 4682 Saulem
1118 4641 1298 4698 regem
1347 4643 1379 4683 a
1427 4628 1667 4685 daemone
1703 4628 2051 4697 liberaverat,

474 4728 637 4784 quem
686 4713 1017 4775 medicorum
1044 4730 1136 4771 ars
1182 4716 1326 4773 victa
1387 4718 1783 4788 desperaverat.
1814 4718 1975 4775 Certe
1999 4728 2056 4775 et

474 4806 619 4874 apud
648 4818 909 4877 supernos
931 4804 1078 4865 cives
1098 4804 1327 4876 legimus
1346 4805 1504 4876 hujus
1523 4808 1906 4865 modulationis
1928 4809 2058 4864 insi-

476 4897 602 4968 gnia
645 4897 935 4965 celebrari,
980 4908 1043 4956 ut
1074 4899 1128 4955 in
1170 4899 1491 4973 Apocalypsi
1531 4901 1758 4958 Joannis
1793 4902 2052 4972 apostoli:

484 5007 504 5039 ι
531 4987 805 5046 Habentes
835 4989 1034 5062 singuli
1067 4990 1306 5047 citharas
1326 5031 1343 5059 ,
1382 5002 1439 5049 et
1461 4994 1753 5049 cantabant
1782 4993 2058 5048 canticum

1498 5084 1615 5122 ,πί

477 5095 676 5122 ntnmm
725 5081 898 5122 (Anno
946 5081 1016 5122 v\
1065 5100 1085 5122 ι
1117 5083 1205 5122 ΠΙ.
1230 5084 1452 5122 itas-tam-
1498 5103 1519 5122 ι
1555 5084 1615 5122 Rt
1669 5098 1852 5122 vmm
1894 5098 2056 5122 ntanm

2159 4535 2387 4580 mortem
2434 4525 2636 4585 Christi
2670 4537 2727 4582 et
2750 4539 3061 4586 sanctorum
3108 4538 3407 4601 martyrum
3454 4536 3739 4591 tumentes,

2160 4614 2378 4688 gloriari
2422 4618 2750 4687 inspexerat,
2777 4620 2977 4689 quique
3005 4637 3035 4674 a
3082 4620 3302 4675 malitiae
3330 4635 3445 4676 suae
3481 4621 3741 4690 pravitate

2158 4704 2499 4776 nequaquam
2529 4707 2862 4763 declinantes
2885 4709 3158 4764 exsultant
3185 4709 3239 4763 in
3282 4709 3441 4764 rebus
3463 4709 3734 4778 pessimis,

2159 4806 2215 4853 et
2242 4798 2494 4855 laetantur
2521 4816 2645 4856 cum
2689 4801 2832 4855 male
2877 4800 3123 4856 fecerint.
3173 4802 3325 4856 Patet
3351 4802 3521 4872 igitur
3549 4801 3683 4855 tales
3707 4814 3736 4852 a

2160 4891 2338 4961 capite
2363 4907 2491 4957 suo,
2540 4892 2592 4947 id
2621 4902 2726 4958 est,
2758 4893 2990 4959 diabolo,
3036 4911 3141 4949 non
3185 4895 3506 4960 dissentire,
3538 4895 3629 4964 qui
3659 4904 3735 4948 est

2159 4990 2322 5051 caput
2362 4983 2602 5047 omnium
2657 4984 2994 5054 iniquorum,
3046 4987 3140 5055 qui
3191 4986 3353 5041 etiam
3400 4985 3734 5056 Scripturam

2159 5079 2404 5122 sanctam
2452 5072 2797 5122 intelligens-
2855 5074 3072 5122 sinistra
3120 5090 3240 5122 eam
3294 5075 3738 5122 inLemmtatione
