4024 5370
273 332 408 388 1505

1472 349 1653 403 ACTA
1694 347 1943 404 SYNODI
1982 346 2327 401 ATREBAT.

3395 340 3417 394 1
3429 337 3530 394 306

267 450 572 517 contineat,
640 466 804 522 quam
853 464 1046 512 castera
1105 457 1250 531 ligna
1301 461 1591 529 silvarum,
1657 469 1925 533 praeterA
2023 463 2397 519 Gloriﬁcantes
2426 462 2586 533 igitur
2609 476 2825 516 crucem
2851 457 3525 525 Dominicam,Christum.

266 542 410 610 quod
461 557 624 612 opere
654 561 907 601 manuum
941 549 1218 606 hominum
1265 564 1349 608 est
1391 553 1703 616 cll‘ormata,
1751 570 1851 622 pro

265 645 376 699 quo
423 631 565 687 nulla
614 636 960 693 veneratione
997 639 1158 708 digna
1199 651 1312 696 est:
1369 658 1539 710 pauca
1569 659 1600 698 e
1634 645 1848 711 multis,

265 737 388 791 qua:
420 725 488 778 ad
525 725 666 780 hanc
697 741 914 783 causam
946 731 1095 785 utilia
1136 734 1418 800 videntur,
1445 737 1728 793 edicimus.

338 811 554 868 Scimus
582 829 813 886 namque
845 819 971 887 quia
995 822 1174 875 omnis
1201 824 1502 878 substantia
1520 868 1534 890 ,
1566 843 1686 896 qum
1707 828 1851 883 Deus

267 917 374 956 non
402 913 506 971 est,
533 909 778 961 creatura
803 919 908 974 est,
945 920 1001 966 et
1019 927 1138 981 qua:
1159 925 1403 968 creatura
1438 925 1542 979 est,
1576 917 1716 972 Deus
1743 934 1850 974 non

265 1001 368 1048 est.
408 993 578 1064 Ligno
609 997 775 1069 igitur
812 1002 944 1056 nihil
976 1003 1216 1059 divinum
1247 1007 1437 1062 damus
1492 1016 1553 1062 ut
1599 1007 1728 1063 illud
1757 1009 1854 1065 ad-

264 1087 531 1142 orandum
561 1088 884 1159 iudicemus,
934 1096 1058 1165 quia
1105 1097 1246 1153 inter
1279 1106 1506 1154 czeteras
1546 1109 1848 1167 creaturas,

263 1190 384 1244 quae
413 1176 551 1234 Deus
572 1194 677 1235 non
704 1191 851 1248 sunt,
883 1197 1217 1240 suaenaturae
1245 1189 1603 1244 substantiam
1653 1191 1847 1246 sumit:

265 1266 358 1320 sed
385 1266 428 1322 si
485 1270 747 1326 rationem
819 1276 1063 1344 mysterii
1135 1277 1424 1348 diligenter
1479 1281 1849 1352 investigetis,

265 1372 371 1411 non
395 1357 569 1414 solum
592 1361 661 1414 ab
679 1363 988 1421 hominibus
1003 1407 1018 1432 ,
1047 1368 1138 1421 sed
1159 1369 1324 1423 etiam
1351 1370 1420 1424 ab
1443 1371 1649 1441 angelis
1670 1372 1854 1427 Domi-

265 1448 401 1503 nica:
447 1453 632 1508 cruxis
676 1454 929 1510 vexillum
979 1456 1354 1514 honorandum
1403 1461 1691 1527 videbitis,
1731 1477 1852 1532 quae

265 1541 487 1609 quidem
526 1544 739 1612 aperuit
765 1557 1166 1602 sacramentum
1197 1551 1341 1619 quod
1373 1551 1707 1607 nesciebant.
1732 1551 1853 1606 Pri-

264 1647 388 1686 mus
416 1647 648 1703 namque
670 1634 841 1690 Adam
859 1638 1143 1694 inobedien
1153 1639 1238 1694 tiae
1255 1655 1514 1696 mucrone
1532 1642 1854 1698 interfectus

264 1733 349 1778 est
376 1740 406 1778 a
430 1724 574 1796 ligno
602 1727 843 1783 scientia:
870 1729 999 1785 boni
1024 1739 1080 1786 et
1097 1731 1250 1805 mali,
1275 1742 1332 1786 et
1353 1748 1452 1787 nos
1473 1748 1657 1788 secum
1687 1734 1854 1788 traxit

265 1813 321 1868 in
357 1824 612 1883 nortem;
650 1818 918 1874 secundus
943 1820 1114 1874 Adam
1145 1835 1243 1890 per
1266 1822 1503 1891 palmam
1532 1823 1852 1880 obedientiaa
1880 1819 1928 1879 B

266 1920 297 1959 a
337 1921 500 1960 cruce
524 1907 774 1962 transivit
801 1911 856 1963 in
882 1909 1047 1964 vitam
1073 1918 1368 1979 aeternam,
1413 1922 1470 1968 et
1516 1928 1616 1969 nos
1666 1929 1852 1969 secum

266 1994 436 2048 duxit.
465 1995 849 2054 Verumtamen
873 1999 1079 2070 lignum
1105 2003 1346 2059 scientiae
1371 2004 1497 2059 boni
1525 2013 1577 2059 et
1601 2005 1726 2059 mali
1745 2021 1854 2061 non

266 2083 500 2139 dicimus
555 2088 850 2144 secundum
897 2105 1048 2146 suam
1093 2101 1345 2147 naturam
1396 2095 1449 2148 in
1511 2110 1570 2150 se
1622 2105 1852 2150 mortem

265 2173 542 2238 habuisse,
571 2179 664 2232 sed
695 2178 796 2233 fuit
834 2180 887 2234 in
918 2197 1078 2238 causa
1120 2193 1179 2238 ut
1200 2184 1253 2238 in
1278 2198 1344 2240 eo
1366 2185 1687 2254 probaretur
1721 2188 1852 2242 obe-

267 2263 468 2318 dientia
515 2268 755 2336 parentis
809 2273 1012 2337 nostri,
1063 2273 1177 2328 sive
1239 2275 1610 2330 vindicaretur
1667 2276 1854 2332 inobe—

266 2353 502 2410 dientia:
543 2373 650 2427 quo
689 2369 899 2428 contra,
941 2362 1140 2433 lignum
1187 2365 1313 2420 vita:
1345 2365 1398 2419 in
1438 2380 1603 2422 causa
1648 2367 1852 2438 sempi-

269 2455 437 2501 terna:
474 2447 598 2501 vita:
642 2459 744 2505 est.
803 2450 915 2507 Hoc
945 2453 1148 2524 lignum
1184 2455 1368 2510 attulit
1393 2456 1547 2511 vobis
1595 2456 1854 2513 Dominus

267 2544 453 2592 noster
479 2537 636 2594 Jesus
657 2538 925 2608 Christus,
956 2558 1050 2612 per
1082 2545 1283 2614 lignum
1319 2547 1496 2602 crucis
1535 2548 1589 2602 in
1613 2548 1852 2604 Ecclesia

267 2635 474 2692 nostra,
505 2638 588 2694 ut,
634 2630 727 2698 qui
753 2632 913 2686 morti
960 2633 1233 2690 debitores
1275 2650 1490 2691 eramus
1528 2653 1623 2708 per
1648 2638 1853 2708 lignum

268 2719 509 2774 scientia:
532 2721 656 2776 boni
696 2723 897 2778 etmali
918 2764 933 2788 ,
983 2723 1187 2780 faceret
1221 2741 1321 2781 nos
1348 2727 1473 2781 vitae
1499 2743 1728 2797 capaces
1759 2743 1855 2798 per

268 2807 474 2880 lignum
513 2819 716 2866 sancta:
760 2815 958 2869 crucis.
984 2815 1051 2869 Et
1077 2816 1216 2870 sicut
1237 2816 1366 2871 illud
1410 2832 1478 2872 ex
1524 2833 1621 2873 sua
1661 2827 1854 2872 natura

269 2915 374 2953 non
431 2901 618 2956 habuit
644 2912 903 2970 mortem,
955 2906 1028 2960 ita
1074 2906 1298 2976 lignum,
1332 2909 1476 2963 unde
1527 2910 1685 2964 nobis
1741 2911 1852 2965 vita

268 2992 589 3046 conceditur
608 3032 624 3058 ,
660 3009 765 3048 non
795 2995 850 3049 in
880 3011 937 3050 se
969 2997 1155 3051 habuit
1183 2997 1327 3053 hanc
1354 2999 1637 3066 virtutem,
1673 3001 1766 3056 sed
1789 3018 1855 3057 ex

269 3083 417 3140 illius
443 3085 662 3150 virtute,
693 3086 783 3154 qui
815 3086 1062 3142 inﬁrmus
1089 3087 1188 3142 fuit
1226 3102 1292 3142 ex
1318 3090 1494 3154 nobis,
1520 3091 1655 3145 vivit
1675 3101 1853 3148 autem

269 3191 338 3232 ex
371 3175 569 3229 virtute
619 3175 730 3230 Dei.
775 3176 1038 3247 Regnavit
1067 3179 1230 3232 etiam
1261 3194 1408 3234 mors
1436 3189 1491 3234 et
1521 3181 1765 3236 diabolus
1789 3181 1856 3236 ab
1883 3156 1928 3218 Ο

272 3267 639 3322 inobedientia
687 3268 816 3339 ligni
869 3270 1111 3324 scientiae
1136 3271 1263 3326 boni
1301 3279 1357 3326 et
1397 3272 1561 3339 mali,
1605 3282 1856 3343 superata

271 3365 354 3411 est
404 3357 592 3412 eadem
639 3373 785 3413 mors
813 3368 868 3414 et
914 3359 1159 3414 diabolus
1205 3374 1302 3430 per
1331 3361 1696 3416 obedientiam
1723 3361 1857 3433 ligni

273 3456 478 3502 sancta:
499 3450 696 3504 crucis.
720 3449 852 3517 Quis
866 3466 998 3520 ergo
1018 3467 1218 3523 negare
1239 3456 1433 3508 audeat
1449 3454 1574 3522 jure
1594 3456 1662 3511 ab
1688 3456 1861 3510 homi-

275 3538 434 3593 nibus
458 3541 725 3604 venerari,
747 3557 845 3610 per
867 3557 1028 3612 quam
1058 3544 1302 3598 diabolus
1332 3546 1524 3611 victus,
1541 3556 1595 3602 et
1628 3548 1860 3603 mundus

273 3629 386 3685 Deo
401 3643 659 3701 operante
674 3633 910 3689 salvatus
924 3637 1032 3690 est?
1048 3638 1181 3702 Quis
1195 3646 1398 3705 autem,
1425 3639 1527 3694 nisi
1543 3641 1861 3695 insaniaein-

273 3724 372 3778 riis
394 3725 830 3800 agitatus,°neget
849 3729 1100 3784 vexillum
1115 3742 1277 3800 atque
1290 3733 1542 3786 virtutem
1569 3734 1860 3790 Dominicze

274 3818 585 3874 crucisesse
597 3819 898 3888 colendam,
917 3823 1007 3892 qui
1024 3817 1238 3877 beatum
1259 3825 1553 3893 Andream,
1576 3841 1738 3896 quem
1764 3842 1860 3884 vos

275 3907 476 3964 imitari
511 3910 652 3967 inter
692 3921 920 3968 caateros
963 3915 1235 3984 apostolos
1284 3917 1609 3972 mentientes
1655 3918 1857 3984 dicitis,

276 4009 429 4055 tanto
467 4017 588 4056 eam
615 4004 887 4073 passionis
934 4021 1118 4062 amore
1169 4017 1452 4076 expetere,
1479 4017 1643 4078 atque
1673 4009 1857 4065 sedula

274 4094 625 4150 veneratione
674 4097 862 4152 audiat
911 4099 1233 4168 praedicare.
1287 4099 1422 4155 Cum
1474 4117 1625 4169 vero,
1686 4104 1860 4173 inquit

275 4183 578 4256 Scriptura,
606 4189 946 4257 pervenisset
1000 4190 1068 4244 ad
1117 4191 1295 4246 locum
1352 4191 1442 4246 ubi
1491 4207 1626 4247 crux
1669 4202 1859 4262 parata

271 4284 409 4340 erat,
446 4279 633 4334 videns
661 4294 780 4334 eam
814 4295 845 4335 a
875 4280 1055 4352 longe,
1109 4282 1440 4338 exclamavit
1484 4298 1614 4339 voce
1665 4299 1857 4353 magna

273 4371 494 4427 dicens:
532 4391 551 4422 ι
573 4371 756 4440 Salve,
781 4389 935 4438 crux,
982 4389 1104 4444 quae
1131 4375 1183 4428 in
1209 4389 1438 4444 corpore
1464 4375 1664 4431 Christi
1707 4375 1862 4432 dedi-

271 4470 392 4516 cata
443 4477 523 4530 es,
577 4473 633 4517 et
679 4477 744 4518 ex
789 4464 1048 4520 membris
1094 4464 1212 4533 ejus
1262 4474 1517 4534 tanquam
1551 4467 1858 4537 margaritis

271 4560 486 4608 ornata.
519 4553 823 4624 Antequam
870 4563 922 4610 te
971 4557 1288 4612 ascenderet
1337 4558 1597 4614 Dominus
1649 4570 1854 4625 noster,

274 4645 522 4700 timorem
545 4653 819 4701 terrenum
845 4647 1106 4712 habuisti;
1139 4649 1298 4702 modo
1323 4663 1453 4704 vero
1478 4663 1714 4704 amorem
1747 4665 1858 4706 cce-

271 4736 464 4793 lestem
508 4737 759 4793 obtinens
799 4753 899 4808 pro
952 4747 1080 4794 voto
1124 4739 1434 4806 susciperis.
1487 4739 1682 4794 Sciens.
1712 4741 1856 4794 enim

271 4837 474 4896 quanta
504 4828 647 4882 intra
677 4838 729 4882 te
755 4827 948 4898 gaudia
980 4829 1201 4893 habeas,
1251 4843 1477 4883 securus
1523 4841 1576 4883 et
1617 4831 1857 4900 gaudens

274 4918 434 4972 venia
461 4917 526 4972 ad
555 4926 627 4984 te,
657 4917 732 4973 ita
764 4926 902 4973 utet
932 4928 985 4973 tu
1016 4920 1261 4976 exaltans
1287 4919 1554 4988 suscipias
1581 4935 1668 4976 me
1694 4921 1859 4976 disci-

273 5006 456 5076 pulum
495 5006 612 5076 ejus
655 5009 748 5077 qui
793 5009 1048 5078 pependit
1094 5010 1150 5064 in
1188 5017 1262 5071 te,
1302 5010 1428 5079 quia
1474 5021 1684 5067 amator
1733 5021 1856 5069 tuus

275 5111 488 5168 semper
513 5097 609 5163 fui,
636 5107 694 5152 et
720 5098 1021 5161 desideravi
1067 5110 1117 5155 te
1146 5099 1420 5170 amplecti.
1469 5101 1514 5158 0
1535 5104 1674 5159 bona
1699 5118 1855 5172 crux,

278 5204 394 5216 unum
425 5189 665 5216 glans—AM
703 5199 749 5216 Α.
779 5189 1066 5216 καιΙΑΙι-ζιι.-

1089 5193 1229 5216 ἔκλυες
1268 5191 1331 5216 ..Α
1361 5194 1614 5216 σιδΛια-Ι...ξ-
1648 5195 1826 5216 ἢ---γξκ

1883 4505 1936 4565 D

1955 556 2109 622 quasi
2159 554 2480 622 pendentem
2529 553 2582 605 in
2632 567 2714 614 ea,
2775 560 2955 604 mente
2993 551 3325 604 im'ocmnus.
3358 547 3529 614 Quem

1953 660 2083 699 vero
2135 644 2476 704 invocamus,
2532 643 2703 710 ipsum
2765 641 3075 694 adoramus.
3128 638 3530 691 Prosternimur

1955 749 2182 804 corpore
2215 743 2342 788 ante
2372 747 2610 795 crucem,
2655 741 2832 785 mente
2861 729 3031 802 [ante]
3067 731 3260 791 Deum;
3300 741 3528 781 venera-

1954 841 2076 880 mur
2104 840 2321 880 crucem
2357 839 2454 894 per
2483 839 2644 892 quam
2683 823 2945 892 redempti
2974 836 3180 884 smnus,
3235 820 3330 873 sed
3380 818 3530 873 illum

1953 916 2307 987 deprecamur
2333 915 2421 984 qui
2457 929 2554 970 nos
2583 915 2827 969 redemit.
2973 913 2978 920 ’

2184 1009 2322 1064 XIV.
2359 1008 2438 1061 De
2464 1008 2686 1076 imagine
2725 1006 3010 1061 Saluatoris
3040 1006 3093 1058 in
3120 1019 3291 1058 cruce.

2025 1104 2100 1158 De
2121 1102 2443 1172 imaginibus
2472 1114 2685 1170 quoque
2707 1115 2826 1170 qum
2853 1101 2904 1152 in
2928 1097 3171 1151 ccclesiis
3195 1096 3347 1158 ﬁunt,
3395 1095 3532 1148 ratio

1953 1196 2114 1251 citius
2148 1192 2516 1263 perpenditur,
2573 1191 2617 1244 si
2662 1205 2727 1245 ex
2777 1188 2956 1244 Veteri
2980 1189 3326 1242 Testamento
3355 1185 3533 1254 aliqua

1953 1286 2247 1344 similitudo
2274 1286 2540 1340 trahatur.
2567 1283 2834 1339 Gradiens
2865 1297 3096 1351 namque
3123 1279 3350 1351 pepulus
3371 1277 3533 1332 Israel

1953 1396 2051 1450 per
2076 1381 2346 1435 desertum
2375 1377 2664 1447 aliquando
2699 1376 2986 1447 ignitorum
3019 1373 3350 1444 serpentium
3393 1384 3536 1424 mor-

1953 1468 2103 1524 sibus
2135 1467 2201 1524 ad
2244 1476 2471 1520 mortem
2517 1464 2958 1527 vulnerabantur,
3010 1478 3173 1532 super
3217 1461 3358 1530 quod
3399 1474 3528 1513 con-

1955 1560 2126 1616 sultus
2148 1559 2408 1614 Dominus
2433 1556 2595 1625 jussit
2630 1555 2744 1610 ﬁeri
2776 1564 3078 1624 serpentem
3110 1567 3316 1608 aeneum
3347 1559 3401 1604 et
3428 1548 3536 1602 alto

1954 1652 2139 1722 stipite
2163 1649 2348 1715 levari,
2382 1663 2542 1718 quem
2570 1645 2811 1716 percussi
2863 1644 3213 1713 respicientes
3240 1640 3350 1696 cito
3379 1653 3539 1694 sana-

1953 1742 2183 1810 bantur.
2207 1741 2274 1796 Et
2297 1755 2415 1806 nos,
2461 1740 2527 1794 de
2574 1736 2810 1807 Egypto
2851 1735 3082 1791 carnalis
3111 1729 3538 1788 conversationis

1954 1849 2052 1904 per
2105 1835 2380 1888 desertum
2405 1829 2664 1885 mundani
2696 1827 2874 1884 exsilii
2915 1828 2982 1882 ad
3035 1837 3234 1882 terram
3291 1837 3540 1894 superna:

1954 1925 2330 1998 promissionis
2361 1921 2665 1987 tendentes,
2689 1936 2787 1990 per
2816 1924 3122 1990 respectum
3145 1915 3456 1972 Mediatoris
3484 1914 3537 1968 in

1955 2033 2116 2073 cruce
2139 2016 2445 2087 pendentis,
2492 2013 2700 2084 antiqui
2729 2013 2903 2067 hostis
2932 2023 3198 2064 venenum
3228 2021 3258 2060 a
3285 2006 3540 2062 cordibus

1955 2109 2157 2164 nostris
2176 2119 2519 2163 evacuamus.
2545 2104 2649 2171 Qui
2668 2102 2812 2158 enim
2839 2099 3112 2156 Christum
3134 2113 3230 2167 per
3249 2095 3537 2164 imaginem

1955 2201 2051 2255 ﬁlii
2076 2201 2168 2255 Dei
2196 2215 2258 2254 ac
2289 2197 2596 2268 passionem
2632 2193 2996 2264 conspexerit,
3031 2191 3144 2259 ipse
3169 2187 3373 2255 antiqui
3406 2187 3538 2240 hos--

1956 2291 2025 2344 tis
2053 2303 2260 2344 venena
2288 2285 2518 2342 evadere
2547 2284 2764 2354 poterit.
2796 2283 2910 2337 Hoc
2937 2290 3082 2335 certe
3117 2277 3354 2332 indicant
3378 2275 3540 2328 verba

1953 2379 2126 2448 ipsius
2179 2377 2392 2434 Domini
2445 2375 2708 2431 dicentis:
2756 2392 2774 2425 ι
2819 2372 2972 2428 Sicut
3022 2368 3279 2424 exaltavit
3333 2365 3540 2435 Moyses

1955 2476 2260 2538 serpentem
2292 2467 2344 2520 in
2368 2466 2602 2529 deserto,
2640 2465 2714 2519 ita
2749 2462 2977 2518 exaltari
3005 2467 3219 2530 oportet
3249 2457 3414 2510 lilium
3445 2457 3540 2510 ho-

1955 2559 2116 2614 minis
2164 2557 2383 2630 (Joann.
2440 2556 2546 2626 ιιι).
2604 2574 2624 2607 ι
2677 2554 2815 2624 Apte
2862 2561 3043 2607 autem
3091 2565 3272 2605 aeneus
3320 2560 3540 2616 serpens

1954 2652 2100 2721 ligno
2150 2666 2445 2722 suspensus
2502 2658 2604 2714 est,
2661 2657 2720 2702 ut
2771 2647 3056 2710 Dominus,
3102 2651 3159 2698 et
3200 2642 3254 2697 in
3290 2650 3542 2708 serpente

1956 2752 2222 2806 mortuus,
2256 2751 2310 2796 et
2339 2742 2391 2795 in
2422 2756 2530 2795 tere
2566 2739 2966 2810 signiﬁcaretur
3006 2745 3259 2797 mternus,
3293 2740 3540 2785 mortuus

1955 2831 2207 2886 videlicet
2235 2845 2330 2900 per
2358 2830 2715 2885 humilitatem
2743 2845 2757 2892 ;
2786 2836 3030 2882 aeternus
3053 2839 3148 2894 per
3179 2821 3537 2876 divinitatem.

1955 2921 2054 2976 Est
2085 2935 2214 2974 vero
2257 2920 2361 2973 alia
2409 2919 2566 2987 hujus
2617 2918 2794 2972 ratio:
2854 2915 3212 2984 simpliciores
3261 2911 3456 2981 quippe
3488 2911 3540 2964 in

1957 3009 2186 3066 ecclesia
2211 3019 2266 3063 et
2287 3008 2548 3073 illiterati,
2572 3007 2712 3077 quod
2734 3022 2833 3076 per
2855 3004 3167 3074 Scripturas
3199 3017 3302 3056 non
3319 3009 3544 3070 possunt

1959 3102 2178 3167 intueri,
2235 3101 2336 3155 hoc
2387 3115 2480 3168 per
2509 3099 2754 3168 quaedam
2798 3097 3023 3167 pictura:
3055 3095 3366 3148 liniamenta
3415 3106 3542 3146 con-

1965 3193 2311 3264 templantur,
2359 3191 2412 3246 id
2456 3199 2557 3256 est,
2588 3189 2864 3246 Christum
2895 3188 2948 3241 in
2976 3201 3038 3240 ea
3067 3183 3389 3248 humilitate,
3435 3197 3540 3252 qua

1961 3301 2060 3355 pro
2109 3285 2264 3340 nobis
2292 3283 2401 3354 pati
2445 3291 2501 3336 et
2547 3282 2685 3336 mori
2725 3279 2914 3334 voluit.
2953 3277 3088 3331 Dum
3139 3276 3279 3331 hanc
3307 3273 3542 3345 speciem

1961 3384 2307 3440 venerantur,
2335 3373 2610 3429 Christum
2643 3371 2694 3425 in
2725 3384 2888 3426 cruce
2914 3368 3324 3430 ascendentem,
3349 3363 3539 3417 Chris-

1961 3474 2074 3518 tum
2100 3465 2151 3518 in
2176 3480 2334 3520 cruce
2369 3477 2605 3532 passum,
2632 3460 2686 3514 in
2712 3473 2873 3514 cruce
2901 3457 3242 3519 morientem,
3266 3453 3540 3508 Christum

1961 3554 2155 3618 solum,
2204 3569 2309 3607 non
2351 3568 2488 3622 opus
2537 3565 2794 3604 manuum
2843 3547 3120 3602 hominum
3149 3546 3393 3599 adorant.
3423 3541 3540 3594 Non

1961 3645 2107 3699 enim
2136 3653 2357 3698 truncus
2387 3643 2598 3714 ligneus
2629 3642 2906 3704 adorator,
2962 3638 3054 3693 sed
3087 3651 3181 3705 per
3229 3635 3372 3689 illam
3411 3634 3543 3686 visi-

1961 3734 2125 3788 bilem
2172 3735 2459 3802 imaginem
2515 3745 2670 3804 mens
2717 3728 2944 3783 interior
2977 3726 3210 3781 hominis
3250 3723 3542 3787 excitatur,

1962 3822 2018 3876 in
2063 3837 2167 3892 qua
2211 3821 2410 3875 Christi
2441 3819 2624 3890 passio
2663 3828 2718 3872 et
2760 3832 2907 3872 mors
2950 3831 3050 3887 pro
3101 3814 3255 3868 nobis
3291 3820 3542 3880 suscepta

1963 3923 2222 3982 tanquam
2266 3911 2320 3964 in
2364 3910 2674 3964 membrana
2705 3909 2886 3964 cordis
2924 3907 3260 3970 inscribitur,
3308 3913 3367 3958 ut
3401 3904 3453 3956 in
3485 3918 3544 3957 se

1963 4004 2334 4073 unusquisque
2399 4010 2754 4072 recognoscat
2799 4010 3001 4069 quanta
3049 4014 3148 4053 suo
3197 3996 3542 4064 Redemptori

1963 4097 2194 4159 debeat;
2221 4095 2348 4150 dum
2383 4095 2635 4149 videlicet
2671 4092 2828 4161 juxta
2853 4093 3152 4147 Salvatoris
3195 4087 3542 4152 sententiam,

1962 4202 2082 4258 quae
2123 4187 2359 4256 postulat
2404 4187 2582 4257 imago
2625 4183 2879 4251 Caesaris,
2911 4185 3209 4240 reddantur
3231 4181 3454 4246 Cmsari,
3489 4191 3546 4235 et

1961 4295 2080 4349 quae
2111 4280 2227 4344 Dei,
2258 4280 2388 4334 Deo.

2033 4372 2297 4428 Similiter
2344 4373 2411 4426 de
2459 4371 2784 4440 imaginibus
2848 4376 3164 4423 sanctorum
3228 4364 3543 4422 ratiocinari

1959 4463 2108 4529 licet,
2138 4479 2258 4533 quae
2295 4462 2415 4518 ideo
2445 4463 2498 4516 in
2541 4471 2731 4517 sancta
2773 4459 3002 4515 ecclesia
3049 4460 3204 4525 ﬁunt,
3241 4473 3348 4513 non
3379 4465 3438 4511 ut
3477 4458 3546 4511 ab

1961 4553 2271 4609 hominibus
2306 4553 2519 4608 adorari
2551 4552 2800 4617 debeant,
2848 4551 2943 4606 sed
2976 4557 3036 4605 ut
3081 4565 3180 4618 per
3203 4563 3295 4604 eas
3322 4547 3545 4602 interius

1963 4644 2264 4698 excitemur
2290 4643 2357 4697 ad
2382 4641 2850 4712 contemplandam
2895 4642 3083 4711 gratiae
3121 4639 3314 4693 divina:
3349 4653 3543 4707 opera-

1964 4738 2188 4806 tionem,
2243 4747 2405 4808 atque
2451 4753 2520 4792 ex
2565 4751 2755 4791 eorum
2803 4734 3014 4788 actibus
3061 4731 3258 4801 aliquid
3308 4730 3360 4783 in
3389 4745 3544 4782 usum

1962 4839 2164 4888 nostra:
2199 4828 2624 4886 conversationis
2652 4828 2950 4882 trabamus.
2994 4822 3154 4880 Verbi
3184 4820 3376 4890 gratia,
3425 4835 3546 4874 cum

1965 4922 2258 4992 imaginem
2307 4921 2477 4975 beata:
2526 4919 2622 4972 Dei
2680 4917 2962 4986 genitricis
3020 4912 3204 4968 Mariae
3251 4911 3546 4974 intuemur,

1959 5013 2208 5085 profecto
2235 5011 2432 5066 divinae
2466 5007 2792 5087 dignationis
2824 5021 2923 5073 per
2951 5017 3070 5060 eam
3100 5000 3360 5054 beneﬁcia
3402 5017 3554 5055 recc.

1961 5106 2146 5164 limus,
2197 5101 2288 5171 qui
2317 5101 2385 5156 de
2425 5113 2603 5155 massa
2648 5093 2976 5164 perditionis
3009 5089 3276 5146 recreavit
3319 5105 3556 5146 massam

2003 5192 2423 5216 ---μιῑιεηιειιηεη
2480 5188 2609 5216 num
2658 5182 2918 5216 ηἶπηῖιιηηι
2949 5179 3125 5216 suntin
3152 5175 3474 5216 nhndinnl'un
3507 5192 3560 5216 of
