4044 5290
572 248 707 303 1507

1522 255 1826 311 GERARDI
1863 258 1882 313 Ι
1920 257 2461 320 CAMERACENSIS‘
2486 264 2795 324 EPISCOPI

3687 274 3833 331 1308

570 360 796 414 sationis
846 360 1152 418 incitamur.
1192 363 1571 435 Apostolorum
1614 378 1777 437 atque
1825 381 2138 425 sanctorum
2166 375 2212 435 Α
2240 381 2296 428 et
2324 375 2512 431 beatus
2532 377 2827 449 Gregorius
2843 379 2977 436 dixit
3002 380 3126 452 quia
3148 380 3213 437 ad
3245 383 3348 440 hoc
3370 381 3570 440 divinae
3585 381 3833 455 disposi-

568 462 868 520 martyrum
913 452 1230 524 imaginatus
1257 455 1461 524 elligies
1504 458 1794 523 intuentes,
1840 459 1969 529 quid
1998 460 2143 515 aliud

564 557 773 612 pereas
793 541 1066 613 jubemur,
1099 547 1199 602 nisi
1229 556 1287 602 ut
1323 548 1540 603 calcatis
1564 550 1712 604 curis
1742 552 1947 617 saeculi,
1986 567 2141 622 spre-

566 634 741 704 tisque
760 638 1100 705 corporibus,
1122 654 1308 694 eorum
1326 639 1588 695 doctrinis
1604 641 1819 708 imbuti,
1840 642 2142 714 etglorioso

563 725 862 780 certamine
883 728 1074 782 robora
1084 729 1142 794 ti,
1166 729 1307 785 inter
1329 729 1515 787 mundi
1539 731 1962 802 triumphatores
1985 748 2141 788 coro-

560 816 678 869 nari
725 819 1059 873 mereamur?
1096 818 1270 875 Simili
1302 822 1463 877 modo
1483 823 1855 880 conlessorum
1879 841 1947 882 ac
1971 824 2138 897 virgi-

558 921 687 960 num
747 908 1007 979 imagines
1064 912 1440 980 speculantes,
1500 929 1787 970 monemur
1837 932 1905 971 ex
1948 931 2135 971 eorum

558 996 860 1052 imitatione
911 1000 1095 1054 mundi
1142 1002 1613 1073 concupiscentias
1646 1004 1936 1065 declinare.
1988 1004 2137 1060 leno-

556 1086 698 1141 cinia
726 1090 907 1143 carnis
933 1091 1164 1158 calcare,
1197 1094 1601 1153 immaculatam
1626 1098 1853 1151 hostiam
1880 1099 1989 1152 Deo
2013 1114 2136 1155 nos-

554 1178 812 1249 metipsos
832 1179 1044 1237 otl‘erre.
1065 1183 1158 1239 Sic
1174 1185 1337 1254 igitur
1352 1186 1578 1241 aliorum
1593 1198 1901 1243 sanctorum
1916 1190 2134 1247 ordines

554 1266 804 1337 inspecti,
837 1271 903 1324 ad
946 1273 1340 1329 aemulationem
1382 1278 1637 1332 virtutum
1685 1294 1784 1332 nos
1836 1280 2129 1347 instruunt,

552 1356 692 1410 sicut
713 1360 982 1427 quondam
1025 1361 1185 1417 fortia
1220 1364 1364 1419 facta
1397 1367 1633 1422 virorum
1664 1368 1791 1438 ipsis
1816 1371 1927 1426 suis
1953 1369 2129 1427 laudi-

550 1448 652 1505 bus
683 1451 748 1505 ad
772 1466 998 1522 quaeque
1024 1454 1327 1511 audendum
1352 1457 1487 1513 alios
1509 1459 1829 1519 accendunt.
2020 1514 2036 1530 λ
2056 1502 2126 1532 ,ω-

726 1542 843 1599 Χν.
885 1544 964 1600 De
985 1547 1255 1602 ordinibus
1290 1550 1625 1605 ecclesiastici
1649 1552 1953 1622 fregimim's.

621 1631 729 1688 Sed
780 1648 955 1706 neque
1005 1637 1313 1693 rebellionis
1340 1650 1531 1695 vestrae
1573 1630 1847 1698 tumorem.
1890 1644 2127 1716 grassari

2245 464 2404 520 tionis
2438 468 2674 535 provisio
2701 470 2901 537 gradus
2935 480 2991 545 et
3021 473 3264 529 diversos
3294 475 3579 530 constituit
3605 477 3830 533 ordines

2239 571 2360 615 esse
2386 560 2688 628 distinctos,
2717 571 2795 629 ut,
2821 564 2946 619 dum
2992 568 3348 622 reverentiam
3370 569 3616 625 minores
3650 571 3832 639 potio-

2237 648 2388 704 ribus
2413 650 2751 717 exhiberent,
2778 663 2832 709 et
2858 656 3094 724 potiores
3135 658 3434 715 minoribus
3474 660 3829 718 dilectionem

2236 737 2626 810 impenderent,
2654 734 2760 799 una
2786 749 3090 803 concordiae
3108 750 3262 805 lieret
3276 762 3331 805 et
3351 752 3669 809 diversitate
3692 769 3800 809 con

2238 829 2425 895 textio,
2460 839 2517 887 et
2556 842 2703 889 recte
2749 835 3049 891 oﬂieiorum
3094 848 3373 909 gereretur
3420 842 3826 898 administratio

2232 918 2591 993 singulorum,
2628 939 2803 995 neque
2835 927 2978 981 enim
3008 929 3331 986 universitas
3352 931 3706 1003 aliapoterat
3735 947 3825 988 η’

2233 1010 2381 1067 tione
2412 1012 2726 1080 subsistere,
2759 1016 2861 1078 nisi
2893 1018 3196 1088 hujusmodi
3230 1037 3458 1092 magnus
3498 1037 3627 1077 eam
3667 1022 3827 1085 din‘e.

2234 1103 2420 1158 reutiac
2467 1104 2601 1160 ordo
2652 1118 2911 1163 servaret.
2961 1109 3096 1176 Quia
3136 1125 3266 1166 vero
3309 1123 3559 1167 creatura
3607 1111 3665 1166 in
3711 1128 3823 1168 una

2231 1192 2529 1263 eademque
2557 1195 2863 1263 :equalitate
2889 1199 3180 1266 gubernari
3247 1201 3333 1254 vel
3362 1203 3542 1256 vivere
3573 1217 3680 1256 non
3718 1218 3820 1272 po.

2233 1291 2357 1346 test,
2402 1284 2705 1340 cmlestium
2751 1288 3065 1346 militiarum
3111 1292 3389 1359 exemplar
3446 1310 3553 1349 nos
3600 1295 3824 1348 instruit

2230 1372 2382 1441 quia,
2428 1373 2558 1428 dum
2606 1376 2783 1447 angeli
2814 1378 2944 1444 sint,
2987 1382 3295 1451 archangeli
3329 1384 3460 1449 sint,
3492 1383 3660 1452 liquet
3693 1385 3825 1450 quia

2230 1478 2338 1519 non
2367 1458 2603 1535 aequales
2639 1475 2789 1533 sunt,
2826 1469 2921 1542 sed
2965 1471 3017 1524 in
3046 1480 3315 1541 potestate
3338 1482 3392 1529 et
3417 1473 3613 1529 ordine
3633 1473 3819 1527 (ἥσθη

2229 1555 2369 1611 alter
2400 1556 2470 1613 ab
2496 1556 2688 1616 altero.
2733 1558 2887 1626 Quod
2916 1576 3014 1631 per
3047 1562 3150 1619 hoc
3174 1564 3335 1620 datur
3367 1574 3558 1636 aperte
3591 1560 3816 1635 intelligi

2229 1646 2381 1717 quia,
2416 1647 2483 1702 ad
2515 1649 2837 1720 explendum
2883 1652 2950 1708 de
2994 1656 3243 1724 supernis
3290 1656 3677 1722 ministerium,
3724 1655 3815 1711 alii

548 1723 833 1778 adversum
870 1726 1107 1782 divinam
1134 1729 1526 1785 ordinationem
1559 1732 1762 1788 diutius
1789 1736 1987 1803 patior,
2019 1754 2125 1807 qua
2153 1718 2201 1778 Β
2230 1736 2453 1805 spiritus
2506 1718 2642 1792 alios
2686 1738 2925 1805 mittunt,
2978 1718 3244 1798 Zacharia
3293 1745 3502 1801 scilicet
3550 1718 3818 1815 propheta

548 1814 931 1873 ecclesiasticae
973 1821 1455 1879 administrationis
1498 1825 1744 1881 ordinem
1790 1828 1844 1882 in
1900 1831 2126 1887 nihilum

546 1907 794 1976 redigere
841 1908 1119 1964 laboratis.
1167 1911 1366 1968 Sancta
1393 1916 1593 1986 quippe
1646 1918 1912 1986 Ecclesia,
1963 1938 2125 1994 quam

543 1995 738 2050 beatus
784 1996 983 2054 Paulus
1028 2002 1304 2071 apostolus
1347 2019 1638 2075 supernam
1685 2009 2005 2077 Jerusalem,
2062 2031 2128 2071 ac

543 2093 773 2141 matrem
824 2096 1089 2158 nostram,
1138 2101 1195 2147 et
1247 2106 1554 2152 manentem
1602 2099 1913 2169 civitatem,
1956 2113 2013 2160 et
2057 2088 2126 2161 ad

543 2179 957 2241 aediﬁcationem
990 2199 1059 2240 ex
1100 2185 1212 2241 Deo
1245 2187 1465 2265 domum
1494 2206 1601 2246 non
1632 2194 1996 2252 manufactam
2031 2212 2129 2268 ap—

542 2271 727 2339 pellat,
755 2287 824 2330 ex
845 2276 1050 2346 angelis
1077 2287 1129 2333 et
1159 2279 1470 2338 hominibus
1488 2295 1724 2342 constat.
1755 2288 1904 2356 Quae,
1927 2291 2125 2360 partim

542 2377 611 2418 ex
640 2364 949 2422 hominibus
992 2371 1253 2426 societate
1304 2375 1547 2442 angelica
1582 2379 1647 2433 'in
1688 2382 1971 2438 ordinibus
2016 2383 2127 2440 dis-

543 2454 726 2509 tinctis
771 2456 1074 2525 perfruens,
1120 2460 1235 2528 jam
1282 2478 1404 2518 cum
1453 2465 1565 2521 Deo
1609 2480 1799 2540 regnat
1840 2471 1895 2526 in
1932 2472 2120 2540 caelo;

540 2545 740 2611 partim
765 2560 894 2600 vero
941 2547 994 2601 in
1043 2549 1324 2607 ordinibus
1373 2553 1642 2611 distinctis
1680 2560 1858 2616 adhuc
1887 2564 2125 2635 peregri-

540 2642 702 2690 natur
727 2636 778 2690 in
803 2646 972 2703 terra,
1014 2649 1067 2695 et
1094 2642 1160 2696 ad
1186 2659 1476 2713 supernam
1518 2649 1832 2706 societatem
1862 2655 2118 2725 suspirat,

538 2724 651 2789 ubi,
702 2730 999 2783 secundum
1044 2732 1381 2800 Apostolum,
1426 2740 1831 2797 tabernaculum
1874 2724 1969 2800 est
2011 2762 2119 2802 non

538 2816 932 2886 manufactum,
957 2836 1133 2891 neque
1154 2823 1316 2894 hujus
1339 2828 1650 2895 creationis,
1677 2832 1742 2886 ad
1772 2833 1928 2901 cujus
1949 2836 2121 2893 instar

535 2925 633 2980 per
674 2911 895 2983 Moysen
943 2914 1145 2971 factum
1175 2927 1260 2972 est
1286 2921 1715 2990 tabernaculum,
1748 2925 1815 2983 de
1847 2944 1954 2998 quo
1984 2931 2122 2986 dixit

2233 1835 2485 1893 testante,
2522 1828 2614 1898 qui
2643 1828 2717 1883 ait
2748 1846 2763 1883 :
2798 1849 2817 1881 ι
2852 1830 2990 1886 Ecce
3017 1832 3240 1904 angelus
3292 1835 3385 1905 qui
3413 1836 3738 1906 loquebatur
3759 1838 3817 1893 in

2228 1932 2337 1983 me,
2376 1919 2746 1989 gradiebatur,
2785 1930 2842 1976 et
2876 1922 3013 1980 alius
3057 1924 3278 1995 angelus
3324 1927 3713 1996 egrediebatur
3756 1928 3813 1982 in

2227 2024 2511 2067 occursum
2541 2009 2674 2079 ejus,
2703 2021 2758 2066 et
2783 2013 2917 2069 dixit
2943 2015 3012 2069 ad
3037 2030 3163 2070 eum
3188 2035 3202 2071 :
3234 2016 3404 2073 Curre
3424 2026 3481 2072 et
3502 2017 3729 2088 loquere
3748 2019 3814 2074 ad

2228 2113 2454 2169 puerum
2478 2099 2662 2163 istum,
2690 2101 2912 2159 dicens:
2940 2104 3157 2175 Absque
3179 2120 3335 2161 muro
3362 2107 3702 2163 habitabitur
3719 2107 3812 2164 Je-

2226 2190 2464 2247 rusalem
2495 2190 2682 2262 (Zacli.
2707 2193 2788 2262 ιι).
2824 2213 2844 2247 ι
2890 2196 3025 2251 Dum
3048 2198 3193 2252 enim
3219 2198 3441 2270 angelus
3468 2200 3537 2254 ad
3562 2200 3812 2273 angelum

2227 2282 2359 2339 dicit
2384 2300 2403 2339 :
2437 2302 2456 2336 ι
2486 2283 2659 2340 Curre
2700 2295 2757 2340 et
2797 2286 3035 2357 loquere,
3068 2307 3088 2341 ι
3136 2290 3358 2345 dubium
3405 2306 3515 2347 non
3563 2304 3649 2349 est
3686 2296 3811 2364 quia

2225 2372 2364 2427 alius
2395 2373 2557 2429 alium
2592 2373 2777 2431 mittit.
2814 2376 3017 2432 Minora
3042 2394 3173 2435 vero
3200 2390 3325 2436 sunt
3352 2396 3473 2451 qua
3497 2384 3812 2449 mittuntur,

2225 2472 2282 2520 et
2308 2464 2512 2535 majora
2535 2480 2656 2535 quae
2693 2466 2932 2522 mittunt.
2983 2467 3118 2525 Huic
3164 2481 3351 2527 autem
3387 2473 3569 2528 sensui
3598 2483 3655 2528 et
3680 2475 3809 2530 illud

2222 2553 2467 2610 creditur
2490 2570 2597 2611 non
2623 2557 3064 2616 inconvenienter
3082 2562 3356 2632 Opitulari,
3384 2565 3527 2634 quod
3564 2581 3665 2636 per
3705 2565 3809 2622 Da-

2216 2644 2418 2701 nielem
2447 2645 2647 2702 dicitur
2674 2665 2690 2703 :
2726 2667 2745 2701 ι
2770 2648 2935 2704 Millia
2966 2650 3191 2707 millium
3218 2653 3600 2709 ministrabant
3634 2655 3707 2720 ei,
3752 2665 3811 2712 et

2222 2734 2403 2790 decies
2422 2735 2616 2792 millies
2635 2745 2861 2792 centena
2884 2737 3050 2795 millia
3062 2740 3444 2798 assistebantei
3458 2742 3623 2815 (Dan.
3640 2743 3757 2815 vn).
3780 2764 3807 2798 ι

2210 2826 2381 2885 .Aliud
2408 2845 2641 2901 namque
2666 2840 2748 2887 est
2775 2831 3103 2899 ministrare,
3135 2833 3277 2889 aliud
3306 2834 3583 2892 assistere.

2292 2917 2349 2975 Si
2385 2935 2518 2990 ergo
2551 2922 2695 2976 inter
2728 2922 2826 2977 hos
2851 2922 2945 2992 qui
2997 2923 3114 2980 sine
3142 2934 3365 2995 peccato
3399 2935 3528 2982 sunt
3588 2928 3691 2983 ista
3723 2941 3807 2985 est

535 3002 604 3056 ad
632 3017 772 3065 eum
814 3003 1110 3060 Dominus:
1154 3024 1174 3058 ι
1220 3006 1412 3064 Omnia
1456 3009 1541 3066 sic
1560 3012 1716 3082 juxta
1749 3016 1893 3085 quod
1933 3019 2030 3073 tibi
2061 3018 2114 3073 in
2145 3067 2187 3085 η
2217 3008 2510 3071 distinctio.
2543 3018 2746 3078 quanto
2768 3010 2940 3082 musis
2966 3011 3109 3067 inter
3133 3027 3231 3069 eos
3263 3029 3401 3084 quos
3433 3025 3653 3072 consul
3693 3034 3805 3073 non

535 3102 721 3149 monte
742 3103 1018 3150 ostensum
1041 3106 1126 3152 est
1151 3096 1349 3171 (Exod.
1375 3103 1527 3173 xxv).
1575 3124 1595 3158 ι
1638 3105 1697 3161 ln
1728 3121 1835 3176 quo
1880 3122 2117 3179 superno
2141 3096 2188 3130 υ
2218 3112 2377 3168 Ροεεθ
2414 3113 2536 3155 855°
2589 3099 2708 3155 δίηθ
2750 3109 2971 3169 Ρθοεδῑο
3040 3102 3156 3157 hinc
3196 3104 3417 3174 εωθιιάί
3472 3106 3805 3178 "ludimus

531 3196 588 3241 et
604 3201 730 3243 vero
753 3187 1120 3254 tabernaculo,
1148 3192 1288 3261 quod
1312 3193 1468 3250 ﬁnxit
1487 3196 1646 3262 Deus,
1672 3207 1727 3253 et
1747 3215 1852 3255 non
1866 3201 2043 3265 homo,
2061 3203 2116 3258 in
2218 3189 2356 3246 ηιίο
2374 3198 2461 3245 εει
2479 3189 2786 3245 servanda?
2836 3190 3048 3260 Ῑιίίιυθῑν
3074 3192 3248 3263 inqu"
3275 3194 3468 3251 beatus
3486 3194 3801 3268 (ἶτθεοτίυει

532 3275 795 3332 interiora
822 3276 1125 3345 velaminis,
1162 3279 1215 3334 id
1237 3290 1338 3344 est,
1375 3284 1429 3338 in
1456 3284 1629 3355 ipsum
1657 3287 1872 3352 uelum,
1904 3291 2117 3347 confes-

530 3367 701 3422 sionis
722 3376 920 3424 nostra:
943 3385 1186 3426 summus
1196 3370 1443 3430 Pontifex
1475 3379 1893 3448 «sempiternum
1909 3385 2116 3441 habens

528 3459 912 3529 sacerdotium,
937 3476 1033 3530 per
1052 3463 1327 3532 proprium
1348 3470 1666 3538 sanguinem
1688 3471 1929 3529 introivit
1948 3475 2117 3531 semel

527 3550 583 3604 in
614 3560 826 3617 sancta,
880 3561 1084 3609 interna
1109 3555 1479 3627 redemptione
1519 3560 1735 3616 inventa
1774 3560 1963 3633 (Hebr.
2014 3581 2112 3633 vn,

528 3645 626 3712 ix).
674 3662 695 3697 ι
739 3641 1052 3715 Sedensque
1070 3647 1136 3702 ad
1157 3648 1438 3705 dexteram
1467 3653 1662 3722 Patris,
1706 3656 1760 3711 id
1780 3666 1886 3723 est,
1915 3659 1969 3713 in
1994 3660 2111 3731 glo-

527 3734 609 3788 ria
652 3741 895 3803 paternae
940 3737 1262 3807 majestatis,
1314 3740 1644 3813 interpellat,
1692 3763 1798 3803 non
1823 3762 1976 3817 voce,
2016 3751 2114 3810 sed

524 3824 876 3882 miseratione
885 3840 984 3896 pro
998 3828 1170 3884 nobis.
1188 3831 1428 3901 Denique
1455 3852 1474 3884 ι
1503 3833 1616 3890 Rex
1638 3852 1822 3908 regum
1851 3851 1909 3896 et
1933 3843 2118 3898 Domi-’

524 3932 627 3971 nus
639 3916 1032 3979 dominantium
1050 3918 1100 3989 (1
1118 3919 1251 3975 Tim.
1267 3924 1365 3992 vr),
1378 3943 1397 3977 ι
1413 3940 1678 3995 perquem
1691 3945 1844 4000 reges
1859 3942 2109 4003 regnant,

522 4017 581 4062 et
596 4007 908 4064 conditores
924 4009 1102 4078 legum
1112 4008 1257 4079 justa
1273 4012 1592 4080 decernunt,
1622 4018 1895 4076 cmlestem
1919 4038 1984 4079 ac
2003 4034 2106 4078 ter-

523 4114 711 4153 renum
741 4099 1124 4169 principatum,
1155 4111 1402 4158 cunctam
1432 4104 1681 4173 videlicet
1720 4113 2104 4182 rempublicam

522 4202 735 4258 regens,
758 4190 1137 4245 etuniversam
1167 4193 1435 4259 militiam,
1468 4204 1577 4251 tam
1602 4199 1875 4257 caelestem
1908 4213 1963 4259 et
1995 4207 2107 4275 spi-

522 4279 770 4336 ritualem
807 4296 970 4351 quam
1001 4290 1275 4338 terrenam
1321 4293 1375 4339 et
1420 4290 1790 4357 temporalem,
1835 4294 2106 4353 distinctis

516 4371 799 4425 ordinibus
819 4372 1111 4440 disponens
1146 4388 1211 4428 ac
1256 4377 1562 4443 moderans,
1595 4390 1651 4435 et
1674 4397 1920 4452 supernae
1940 4396 2102 4456 atque

519 4458 805 4513 mundana:
829 4461 991 4516 curiae
1015 4463 1331 4531 praesidens,
1374 4468 1510 4522 miro
1554 4471 1743 4528 ordine
1786 4476 2101 4546 angelorum

520 4550 905 4622 hominumque
941 4554 1238 4611 ministeria
1271 4573 1370 4627 pro
1408 4568 1706 4630 temporum
1752 4567 2013 4625 varietate
2050 4581 2105 4627 et

516 4641 921 4709 Opportunitatc
945 4640 1248 4711 dispensat;
1283 4654 1337 4699 et
1377 4662 1497 4715 quae
1532 4650 1757 4721 singulis
1797 4658 2102 4728 quibusque

520 4731 872 4800 temporibus,
902 4733 983 4787 vel
1009 4735 1257 4802 personis
1285 4749 1611 4807 congruunt,
1645 4757 1741 4798 sua
1773 4748 1980 4802 occulta
2019 4751 2095 4804 in-

518 4822 830 4889 spiratione,
874 4823 959 4878 vel
998 4825 1231 4881 evidenti
1274 4826 1647 4897 illustratione,
1699 4834 1783 4890 vel
1828 4838 2097 4906 patefacta

514 4913 873 4980 praeceptione
904 4914 1165 4969 decernit.

585 5001 769 5070 itaque
798 5002 1022 5073 legimus
1048 5019 1232 5073 sacros
1259 5007 1475 5063 ordines
1504 5008 1556 5063 iri
1587 5011 1724 5067 cmlo
1751 5023 1807 5069 et
1834 5016 1886 5070 in
1927 5026 2096 5083 terra,

512 5101 569 5145 et
598 5092 650 5144 in
675 5091 1020 5150 Testamento
1058 5094 1233 5167 \[eteri
1256 5108 1311 5153 et
1338 5101 1389 5153 in
1421 5100 1570 5156 Novo
1596 5104 1885 5172 dispositos
1906 5122 1938 5161 a
1965 5108 2098 5174 Deo,

514 5196 583 5235 ex
610 5197 738 5250 quo,
763 5183 919 5252 juxta
942 5183 1279 5257 Apostolum,
1301 5191 1480 5246 omnis
1498 5254 1499 5257 η
1517 5194 1818 5261 paternitas
1864 5197 1935 5255 in.
1959 5198 2099 5254 caelo

2217 3281 2363 3352 quod
2405 3296 2596 3337 omnes
2644 3283 2893 3338 homines
2933 3293 3123 3338 natura
3168 3286 3403 3355 mquales
3447 3288 3666 3359 genuit;
3708 3292 3797 3345 sed

2214 3375 2459 3430 variante
2480 3374 2796 3430 meritorum
2821 3374 3014 3431 ordine
3031 3375 3167 3432 alios
3190 3376 3310 3433 aliis
3329 3377 3484 3447 culpa
3508 3379 3794 3449 postponit.

2210 3464 2331 3534 lpsa
2358 3474 2538 3520 autem
2574 3465 2859 3522 diversitas
2884 3481 3005 3538 qua:
3030 3469 3260 3524 accessit
3301 3483 3369 3524 ex
3418 3470 3575 3536 vitio,
3617 3473 3801 3527 divino

2208 3556 2413 3627 judicio
2438 3556 2801 3627 dispensatur,
2818 3565 2896 3620 ut,
2927 3557 3051 3626 quia
3081 3559 3259 3614 omnis
3288 3559 3449 3614 homo
3472 3574 3627 3631 teque
3653 3569 3799 3617 stare

2211 3663 2321 3703 non
2357 3648 2516 3711 valet,
2556 3646 2695 3702 alter
2714 3656 2935 3719 regatur
2959 3647 3029 3702 ab
3049 3647 3240 3704 altero.
3280 3649 3435 3706 Unde
3452 3652 3647 3707 beatus
3663 3652 3794 3706 Pan-

2207 3741 2297 3797 lus
2340 3758 2355 3795 :
2399 3758 2419 3792 ι
2447 3739 2655 3805 Omnis,
2711 3740 2907 3811 inquit,
2965 3741 3144 3796 anima
3186 3742 3491 3800 sublimiori
3545 3746 3792 3814 potestati

2210 3831 2427 3886 subdita
2452 3830 2553 3896 sit;
2588 3844 2693 3885 non
2722 3839 2808 3885 est
2836 3830 2982 3887 enim
3009 3837 3251 3900 potestas
3295 3832 3401 3889 nisi
3449 3849 3481 3888 a
3529 3832 3665 3901 Deo,
3709 3836 3791 3890 cui

2210 3918 2303 3988 qui
2347 3919 2571 3987 resistit,
2612 3918 2704 3987 Dei
2751 3919 3080 3975 ordinationi
3126 3920 3330 3977 resistit
3371 3920 3556 3993 (Rau.
3597 3926 3736 3993 xui).
3766 3942 3790 3975 ι

2207 4007 2338 4062 Item
2374 4007 2648 4076 apostolus
2672 4008 2903 4064 Petrus:
2942 4026 2962 4061 ι
2997 4008 3240 4079 Subjecti
3279 4020 3456 4068 estote
3501 4015 3651 4069 omni
3698 4016 3790 4069 hu.

2208 4115 2383 4154 mana:
2419 4110 2687 4155 creaturae
2716 4110 2936 4171 propter
2961 4101 3153 4167 Deum,
3188 4102 3304 4158 sive
3335 4105 3445 4176 regi
3472 4106 3628 4173 quasi
3657 4121 3787 4175 pra:-

2207 4192 2457 4259 cellenti,‘
2471 4192 2585 4246 sive
2612 4190 2847 4246 ducibus
2868 4200 3121 4263 tanquam
3154 4194 3225 4250 ab
3252 4208 3319 4249 eo
3357 4195 3540 4250 missis
3559 4194 3614 4266 (l
3648 4193 3784 4252 Petr.

2204 4286 2290 4358 ιι).
2326 4305 2344 4338 ι
2400 4284 2571 4353 Igitur
2604 4284 2825 4341 ordines
2855 4287 2907 4341 in
2937 4286 3174 4343 Ecclesia
3211 4288 3412 4344 veteris
3443 4288 3649 4359 populi,
3675 4306 3786 4360 qum

2205 4377 2405 4432 usitato
2429 4377 2646 4431 nomine
2672 4376 2955 4449 Synagnga
2979 4387 3224 4444 vocatur,
3249 4379 3417 4434 fuisse
3444 4380 3675 4450 legimus
3696 4396 3785 4452 per

2206 4468 2425 4539 Moysen
2451 4483 2480 4521 a
2506 4468 2616 4523 Deo
2646 4468 2954 4536 dispositos,
2981 4468 3073 4540 qui
3098 4479 3154 4525 et
3174 4469 3361 4539 quales
3385 4479 3440 4524 et
3462 4471 3698 4541 qualiter
3724 4487 3783 4527 ac

2203 4561 2420 4631 quando
2448 4559 2702 4615 ordinare
2744 4567 2969 4614 caeteros
2996 4559 3083 4616 vel
3116 4560 3359 4619 ordinari
3384 4576 3415 4615 a
3440 4561 3678 4626 caeteris,
3703 4563 3781 4616 vel

2203 4668 2391 4722 regere
2415 4665 2662 4720 caeteros,
2693 4654 2774 4709 vel
2803 4657 2912 4724 regi
2938 4670 2967 4708 a
2989 4657 3199 4710 caeteris
3220 4654 3503 4721 deberent,
3529 4665 3585 4712 et
3612 4671 3778 4726 quan-

2203 4751 2317 4803 tum
2348 4744 2398 4797 in
2428 4744 2655 4815 singulis
2681 4743 2871 4800 olliciis
2909 4745 3217 4801 ministrare
3250 4745 3528 4803 deberent.
3590 4746 3696 4803 Sed
3730 4755 3780 4801 et

2204 4850 2347 4890 nunc
2376 4835 2428 4888 in
2464 4834 2724 4901 Ecclesia,
2759 4851 2879 4904 qua:
2909 4850 3128 4906 regnum
3173 4836 3430 4892 caelorum
3463 4837 3779 4908 appellatur,

2204 4927 2270 4981 atl
2299 4927 2472 4980 instar
2504 4926 2804 4981 caelestium
2838 4927 3110 4989 ordinum,
3144 4928 3420 4983 ministros
3448 4929 3669 4984 Domini
3701 4931 3779 4984 in-

2203 5018 2484 5074 Stitutione
2516 5029 2570 5072 et
2597 5019 2892 5087 apostolica
2929 5019 3220 5075 traditione
3247 5020 3473 5091 legimus
3500 5032 3557 5076 et
3584 5037 3777 5093 cugnoo

2202 5107 2403 5163 scimus
2438 5108 2690 5163 distincte
2721 5123 2844 5164 esse
2878 5109 3224 5178 compositos,
3255 5111 3453 5182 quibus
3491 5112 3638 5167 inter
3673 5129 3774 5168 ca:-

2203 5206 2346 5254 teros
2385 5200 2630 5265 quaedam
2675 5201 2905 5271 dignitas
2948 5200 3138 5269 major,
3184 5211 3240 5258 et
3275 5204 3328 5258 in
3367 5204 3775 5261 similitudinem
