4024 5370
307 323 446 380 1509

1478 328 1662 384 ACTA
1701 327 1950 386 SYNODI
1987 327 2331 384 ATREBAT.

3421 325 3562 382 1510

300 435 454 491 ribus
501 448 684 507 regu.a
740 448 826 490 est
899 449 1073 506 usque
1120 434 1177 491 in
1216 435 1540 493 hodiernum
1588 440 1750 505 diem,
1789 454 1887 509 per
1910 441 1962 502 Α
1989 438 2082 493 sed
2107 438 2271 493 etiam
2298 445 2535 503 revocet,
2564 436 2847 494 desideriis
2875 433 3106 491 terrenis
3129 433 3388 506 expulsis,
3420 437 3563 492 desi-

296 524 579 595 episcopos
607 531 771 594 atque
802 524 1232 593 archidiaconos,
1264 525 1497 583 decanos
1524 530 1689 583 etiam
1720 537 1884 598 atque

294 616 614 686 praepositos
644 617 805 672 totius
844 616 1199 675 ecclesiastici
1234 619 1510 691 regiminis
1546 635 1767 677 causam
1801 620 1886 676 di-

293 707 561 777 spensari.
616 707 768 777 Quod
790 724 913 766 cum
936 708 1010 764 ita
1034 709 1133 789 sit,
1164 709 1300 767 nihil
1329 720 1414 769 est
1438 710 1581 784 quod
1610 710 1734 783 jure
1753 726 1882 769 con-

294 805 377 851 tra
405 800 521 854 haec
547 813 845 870 repugnare
865 800 1123 857 debeatis.

634 888 774 943 XVI.
813 888 891 945 De
924 907 1105 946 eorum
1138 890 1279 962 falsa
1306 891 1540 964 justitia.

361 975 585 1046 Verum,
610 980 865 1051 quoniam
891 980 1041 1038 falsae
1055 979 1281 1051 iustitia:
1301 984 1601 1041 doctrinam
1633 985 1881 1043 introdu-

287 1082 414 1125 cere
448 1069 688 1135 tentatis,
732 1085 895 1140 quam
927 1071 1122 1127 divinae
1162 1072 1354 1144 gratiae
1394 1075 1530 1130 adeo
1566 1076 1880 1146 praeponitis

288 1168 349 1214 ut
387 1161 565 1214 omnia
593 1161 829 1230 propriis
859 1164 1069 1219 meritis
1110 1164 1413 1231 ascribatis,
1470 1166 1613 1222 inme
1657 1168 1878 1225 nefaria:

224 1232 269 1268 "
286 1250 724 1320 przesumptionis
761 1266 1004 1309 errorem
1049 1253 1245 1311 divinae
1289 1257 1632 1315 auctoritatis
1680 1259 1877 1316 ictibus

285 1338 707 1409 labefactamus;
739 1358 866 1397 nam
896 1343 1041 1399 nulla
1066 1344 1297 1416 justitia,
1333 1346 1539 1403 nullum
1576 1348 1702 1404 boni
1740 1363 1876 1404 eon-

285 1436 396 1483 stat
424 1429 701 1497 meritum,
726 1430 871 1502 quod
913 1447 1021 1487 non
1051 1434 1119 1489 de
1140 1432 1292 1491 fonte
1317 1450 1568 1506 supernae
1594 1436 1783 1507 gratiae
1820 1437 1875 1493 id

284 1523 428 1591 quod
454 1531 539 1578 est
583 1524 870 1596 acceperit.
914 1524 1068 1581 Unde
1098 1526 1233 1596 ipse,
1264 1542 1389 1597 quo,
1424 1529 1743 1598 perhibente
1771 1529 1879 1585 Do-

281 1615 455 1681 mino,
488 1631 647 1674 nemo
684 1618 829 1674 inter
856 1629 1013 1676 natos
1039 1619 1325 1675 mulierum
1355 1620 1529 1691 major
1569 1628 1677 1689 est,
1717 1621 1785 1676 de
1813 1635 1873 1677 se

282 1702 518 1762 Joannes
561 1708 731 1763 dicit:
767 1726 786 1759 ι
816 1707 933 1764 Non
982 1716 1161 1779 potest
1215 1709 1380 1766 homo
1418 1711 1669 1781 accipere
1707 1711 1868 1782 quid-

1987 528 2193 583 derium
2254 529 2405 600 regni
2460 528 2699 584 caelestis
2756 527 3013 597 inspiret,
3073 526 3277 581 inserta
3322 526 3561 583 bonitate

1984 620 2246 675 malitiam
2274 621 2557 692 exstirpet,
2587 619 2937 691 benignitatis
2982 619 3125 674 dono
3165 618 3423 672 invidiam
3460 634 3559 675 ex-

1983 711 2168 781 pellat,
2202 711 2493 769 odibilibus
2522 727 2737 781 quoque
2765 722 2820 766 et
2843 710 3149 765 odientibus
3189 708 3417 763 invicem
3459 711 3558 765 do-

1983 823 2111 863 num
2160 806 2466 863 dilectionis
2507 806 2777 862 infundat.
2827 805 2897 861 Ut
2939 819 3070 875 ergo
3110 819 3176 859 ex
3230 803 3390 858 malis
3432 804 3558 859 boni

1981 899 2174 963 simus,
2219 907 2278 953 ut
2308 907 2512 955 sanctae
2555 898 2845 954 charitatis
2876 897 3000 969 igne
3033 896 3338 967 ﬁagremus,
3372 896 3559 966 gratiae

1980 990 2244 1060 spiritalis
2270 1004 2435 1061 opere
2464 989 2517 1044 in
2549 989 2706 1045 nobis
2731 989 3039 1053 inchoatur,
3068 985 3291 1058 ejusque
3316 987 3370 1043 in
3401 989 3558 1045 nobis

1979 1079 2295 1150 operatione
2321 1080 2618 1149 perﬁcitur.

2046 1170 2285 1226 Proinde
2331 1186 2492 1227 nosse
2543 1170 2703 1227 debet
2763 1169 3133 1241 unusquisque
3176 1168 3554 1239 Christianus,

1977 1279 2154 1334 neque
2189 1264 2241 1318 in
2275 1264 2485 1319 viribus
2521 1271 2755 1327 naturae,
2801 1278 2974 1332 neque
3018 1263 3069 1316 in
3115 1255 3377 1333 legalibus
3415 1279 3556 1334 pra:-

1977 1355 2182 1426 ceptis,
2230 1354 2325 1409 sed
2377 1355 2430 1409 in
2481 1353 2878 1410 illuminatione
2922 1354 3101 1408 cordis
3147 1364 3204 1409 et
3248 1354 3553 1411 voluntario

1976 1445 2173 1500 divina:
2200 1446 2495 1501 voluntatis
2535 1461 2761 1501 munere
2789 1456 3041 1501 constare
3069 1432 3256 1517 gratiae
3297 1446 3553 1503 salutaris

1975 1536 2282 1601 exordium,
2307 1552 2412 1606 qua
2438 1536 2497 1591 ﬁt
2525 1546 2585 1590 ut
2631 1537 2774 1606 quod
2800 1536 3057 1591 divinitus
3083 1537 3413 1607 praecipitur.
3443 1552 3551 1592 non

1975 1629 2149 1683 solum
2196 1643 2228 1683 a
2274 1627 2431 1683 nobis
2462 1628 2705 1698 agnosci,
2748 1628 2841 1682 sed
2886 1626 3051 1681 etiam
3098 1625 3244 1698 diligi
3278 1628 3451 1696 possit
3485 1642 3553 1683 ac

1976 1716 2114 1771 ﬁeri.
2147 1713 2275 1770 Jure
2302 1715 2465 1786 igitur
2513 1714 2750 1787 gratuito
2778 1714 3044 1770 beneﬁcio
3072 1710 3276 1769 divina:
3295 1715 3552 1772 bonitatis

280 1813 467 1868 quam,
491 1798 594 1854 nisi
622 1799 672 1854 ei
694 1798 858 1856 fuerit
892 1799 1073 1855 datum
1102 1800 1168 1857 de
1200 1801 1344 1858 ctelo
1377 1800 1559 1871 (lacn.
1591 1802 1702 1873 ιιι).
1730 1822 1751 1855 ι
1802 1801 1871 1857 Et
1901 1787 1945 1848 Β
1971 1805 2282 1871 ascribitnr,
2330 1807 2420 1877 qui
2454 1821 2556 1861 nos
2604 1805 2727 1861 ideo
2770 1806 2838 1860 ad
2881 1805 3022 1861 bona
3048 1819 3214 1874 opera
3242 1807 3552 1863 misericor-

279 1890 555 1961 apostolus
590 1890 722 1947 dicit
753 1908 768 1944 :
805 1908 825 1943 ι
852 1891 1026 1947 Omne
1067 1892 1250 1948 datum
1294 1891 1577 1964 optimum,
1610 1900 1666 1949 et
1708 1906 1870 1948 omne
1968 1895 2112 1951 diter
2141 1896 2368 1964 excitat,
2395 1905 2456 1952 ut
2485 1895 2686 1952 habeat
2725 1897 2869 1966 quod
2900 1895 2954 1950 in
2988 1911 3087 1951 nos
3107 1894 3256 1964 juste
3287 1912 3552 1954 coronare

278 1980 478 2035 donum
505 1978 805 2052 perfectum
829 1980 1114 2037 desursum
1144 1990 1229 2037 est
1253 1981 1585 2038 descendens
1628 1995 1661 2036 a
1704 1980 1870 2038 Patre
1966 1986 2180 2042 debeat.
2213 1985 2421 2054 Quibus
2442 1988 2593 2043 sicut
2628 2001 2728 2058 per
2775 1986 3199 2041 misericordiam
3226 1990 3551 2057 praeparavit

275 2071 538 2129 luminum
576 2072 722 2144 (Jac.
772 2071 836 2145 ι).
864 2092 884 2126 ι
928 2075 993 2129 Et
1026 2073 1223 2130 Paulus
1256 2075 1371 2130 ait:
1406 2092 1426 2126 ι
1451 2072 1639 2129 Infelix
1680 2073 1863 2141 homo,
1964 2075 3005 2146 gratuitumjustiﬁcationisdonmn,ita
3017 2091 3116 2146 per
3128 2074 3397 2145 justitiam
3414 2092 3550 2146 pra:-

273 2167 398 2237 quis
428 2182 514 2222 me
545 2166 797 2223 liberabit
834 2167 902 2222 de
943 2182 1171 2237 corpore
1192 2168 1403 2245 'mortis
1436 2165 1640 2234 hujus?
1675 2165 1863 2229 Gratia

272 2256 365 2313 Dei
397 2273 495 2329 per
520 2257 704 2314 Jesum
736 2256 1013 2313 Christum
1058 2257 1344 2312 Dominum
1391 2266 1637 2314 nostrum
1678 2255 1858 2327 (Rom.

272 2346 390 2415 vn).
422 2366 440 2397 ι
484 2346 551 2401 Ει
580 2347 778 2402 iterum
805 2364 819 2401 :
849 2367 868 2399 ‹
903 2346 1089 2403 Gratia
1120 2347 1215 2402 Dei
1246 2363 1366 2404 sum
1403 2347 1455 2402 id
1483 2347 1627 2418 quod
1657 2363 1798 2402 sum.
1832 2365 1854 2399 ι

270 2433 340 2491 Et
370 2436 564 2490 iterum
601 2453 615 2490 :
653 2457 671 2488 ι
701 2436 806 2492 Sed
847 2435 967 2508 plus
1009 2435 1114 2491 illis
1154 2436 1405 2491 omnibus
1443 2434 1706 2501 laboravi,
1748 2451 1857 2492 non

267 2543 369 2600 ego
395 2535 595 2594 autem,
623 2528 717 2584 sed
740 2528 915 2599 gratia
961 2525 1055 2583 Dei
1099 2542 1309 2581 mecum
1336 2525 1387 2597 (I
1419 2524 1543 2582 Cor.
1572 2524 1685 2592 xv).
1716 2545 1734 2578 ι
1772 2525 1856 2581 Ad

267 2618 411 2676 hanc
450 2632 550 2677 nos
590 2616 981 2689 professionem
1024 2617 1136 2687 ipse
1166 2616 1419 2682 instituit,
1442 2631 1566 2671 cum
1594 2607 1672 2670 ait
1726 2616 1854 2686 quia

265 2710 473 2765 nullum
518 2714 729 2782 tempus
780 2712 1070 2766 intcnvenit
1137 2725 1246 2780 quo
1287 2710 1403 2780 ejus
1451 2725 1559 2764 non
1597 2724 1854 2780 egeamus

263 2799 484 2856 auxilio.
535 2800 593 2855 lu
636 2801 1079 2872 praevaricatione
1131 2815 1362 2870 namque
1404 2798 1563 2870 primi
1614 2798 1851 2855 hominis

262 2890 568 2945 naturalem
587 2888 996 2961 possibilitatem
1016 2898 1071 2943 et
1092 2889 1456 2944 innocentiam
1473 2890 1775 2954 amisimus,
1795 2899 1851 2945 et

260 2990 422 3034 nemo
454 2978 520 3034 de
542 2978 808 3049 profundo
832 2977 970 3033 illius
999 2978 1165 3033 ruina:
1193 2993 1290 3048 per
1316 2977 1540 3032 liberum
1565 2978 1847 3034 arbitrium

260 3078 438 3143 potest
465 3085 815 3142 consurgere,
833 3070 932 3126 nisi
948 3085 1068 3127 eum
1087 3070 1255 3140 gratia
1270 3069 1574 3125 miserantis
1588 3070 1846 3125 erexerit.

1961 2167 2175 2234 paravit
2198 2178 2415 2221 mterna:
2435 2164 2842 2237 justiﬁcationis
2866 2168 3168 2236 praemium.
3192 2165 3339 2237 Opus
3368 2168 3549 2237 itaque

1961 2258 2152 2329 gratia:
2168 2259 2221 2312 in
2238 2258 2490 2314 onmibus
2508 2257 2905 2328 praedestinatis
2919 2258 3149 2330 gratuita
3177 2258 3546 2314 misericordia

1960 2348 2274 2414 inchoatur,
2299 2358 2355 2403 et.
2372 2347 2517 2417 justa
2540 2348 2894 2404 retributione
2917 2347 3214 2418 perﬁcitur.
3239 2348 3391 2415 Quod
3420 2364 3546 2405 vero

1957 2450 2179 2495 econtra
2194 2440 2260 2495 de
2281 2439 2494 2511 injustis
2516 2454 2803 2496 occurrere
2822 2448 3049 2510 poterat,
3069 2438 3172 2513 illis
3194 2440 3411 2509 quidem
3436 2456 3545 2495 non

1955 2528 2157 2599 injuste
2180 2531 2386 2601 judicio
2411 2530 2587 2603 ignem
2611 2540 2869 2587 aeternum
2888 2540 3175 2601 praeparat,
3199 2547 3334 2602 quos
3360 2532 3544 2600 μνωγὶ-

1953 2616 2108 2673 derat
2129 2619 2319 2690 dignos
2341 2620 2410 2674 ad
2430 2620 2624 2675 luenda
2648 2620 2932 2691 supplicia,
2952 2634 3049 2674 nec
3069 2630 3245 2676 tamen
3267 2620 3544 2690 praedesti-

1952 2714 2103 2769 navit
2138 2714 2204 2769 ad
2235 2713 2480 2770 facienda
2510 2725 2758 2785 peccata.
2790 2713 3201 2771 Prtedestinavit
3226 2713 3368 2769 Deus
3397 2714 3542 2784 quod

1950 2805 2134 2860 divina
2161 2806 2388 2875 aequitas
2414 2806 2690 2872 redderet,
2714 2822 2819 2861 non
2850 2805 2996 2876 quod
3023 2806 3256 2860 humana
3280 2805 3539 2874 iniquitas

1949 2895 2252 2963 amisisset;
2285 2896 2613 2968 prmparavit
2639 2896 2804 2965 igitur
2837 2895 3038 2950 homini
3069 2910 3162 2951 reo
3191 2910 3296 2950 non
3329 2894 3538 2966 culpam

1948 3000 2109 3056 quam
2133 2986 2267 3051 odit,
2297 2985 2391 3042 sed
2427 2984 2685 3056 judicium
2728 2987 2871 3056 quod
2909 2985 3120 3057 diligit;
3159 2985 3418 3055 scriptum
3455 2996 3539 3042 est

1958 3077 2134 3132 enim:
2172 3096 2192 3128 ι
2216 3078 2352 3145 Quia
2374 3076 2802 3133 misericordiam
2831 3084 2886 3129 et
2905 3074 3167 3147 judicium
3195 3074 3368 3146 diligit
3396 3070 3537 3132 Deus

329 3157 674 3237 Qumcunque
709 3158 874 3229 igitur
911 3159 963 3215 in
1004 3161 1256 3215 cordibus
1290 3160 1489 3217 nostris
1546 3168 1640 3215 aut
1666 3161 1719 3215 in
1749 3175 1844 3215 no-
1871 3144 1916 3208 Ο
1949 3144 2417 3239 (Psal.t.xxxnt).n
2440 3165 2671 3222 Proinde
2688 3166 2829 3220 bona
2848 3144 3010 3235 opera
3025 3144 3535 3234 quaeDe'us—miseri-

259 3256 373 3303 stre
396 3249 622 3305 arbitrio
643 3259 829 3305 sancta
853 3251 1106 3320 cogitatio
1122 3260 1223 3318 est,
1245 3261 1338 3306 aut
1362 3251 1507 3321 pium
1537 3251 1843 3317 consilium,

260 3351 354 3395 aut
377 3340 605 3411 quilibet
639 3353 813 3398 motus
840 3344 993 3398 bona:
1023 3343 1334 3407 voluntatis,
1386 3358 1453 3398 ex
1500 3358 1612 3398 sua:
1658 3342 1847 3413 gratia:

258 3433 400 3486 dona
429 3432 727 3496 descendit,
759 3433 883 3502 quia
917 3436 1013 3501 p’er
1044 3434 1189 3486 illum
1236 3433 1440 3503 aliquid
1486 3433 1610 3487 boni
1658 3447 1848 3502 possu-

257 3536 398 3585 mus,
422 3521 540 3577 sine
552 3537 660 3593 quo
681 3522 813 3577 nihil
829 3538 1133 3592 possumus,
1164 3526 1302 3579 sicut
1324 3525 1437 3594 ipse
1450 3523 1724 3593 discipulis
1746 3522 1841 3575 ait:

262 3628 282 3659 ε
314 3609 443 3665 Sine
464 3602 696 3667 menihil
722 3612 946 3682 potestis
971 3612 1147 3669 faccre
1174 3613 1357 3683 (Joan.
1385 3616 1493 3683 xv).
1525 3631 1543 3663 ι
1576 3611 1709 3666 Nam
1724 3627 1846 3666 om-

254 3700 343 3758 nia
361 3702 636 3758 hominum
653 3705 843 3759 merita
860 3702 926 3759 ab
941 3704 1287 3776 ipsiusgratia
1304 3705 1726 3775 prmveninntur,
1748 3718 1847 3773 per

254 3803 413 3858 quem
438 3792 498 3846 ﬁt
519 3801 579 3849 ut
600 3792 804 3864 aliquid
824 3795 949 3850 boni
974 3804 1029 3851 et
1055 3796 1188 3850 velle
1212 3796 1534 3867 incipiamus
1553 3806 1609 3852 et
1642 3797 1840 3851 facere.

254 3881 500 3954 Denique
520 3886 716 3955 quibus
737 3887 961 3957 justitiae
984 3887 1239 3957 operibus
1258 3887 1427 3942 Maria
1450 3889 1723 3959 peccatrix
1749 3929 1764 3954 ,
1809 3904 1841 3943 a

251 3974 492 4047 peccatis
514 3975 759 4043 dimissa,
784 3979 1042 4034 Zachazns
1057 3979 1406 4050 justiﬁcatus,
1439 3979 1576 4034 latro
1595 3981 1660 4034 ad
1685 3995 1841 4051 para—

250 4065 352 4121 disi
367 4066 562 4140 gaudia
588 4077 835 4140 receptus
844 4080 947 4136 est,
962 4071 1065 4124 nisi
1080 4070 1192 4125 sola
1204 4069 1400 4126 divinae
1411 4071 1622 4141 pietatis
1633 4068 1841 4141 gratia?

249 4154 319 4212 de
357 4170 464 4227 qua
498 4155 787 4242 Apostolus
832 4159 900 4214 ad
946 4158 1248 4216 Romanos:
1305 4180 1324 4213 ‹
1371 4157 1472 4215 Ubi
1520 4161 1835 4226 abundavit,

247 4245 444 4316 inquit,
458 4248 737 4314 delictum,
764 4251 1217 4321 superabundavit
1238 4252 1410 4322 gratia
1440 4249 1706 4322 (Rom.v).
1733 4272 1751 4302 ι
1770 4252 1838 4305 Et

246 4338 404 4395 alibi:
434 4338 676 4398 «Omnes
728 4342 872 4397 enim
915 4352 1305 4413 peccaverunt,
1346 4352 1402 4399 et
1453 4352 1611 4413 egent
1665 4343 1833 4414 gloria

246 4426 365 4494 Dei,
381 4429 661 4501 justiﬁeati
688 4432 857 4505 gratis
878 4448 975 4502 per
996 4434 1226 4503 gratiam
1260 4433 1429 4503 ipsius
1452 4433 1630 4504 (Rom.
1664 4434 1767 4501 ιιι).
1805 4453 1825 4486 ι

242 4516 312 4575 Ει
342 4520 574 4578 iterum:
633 4541 651 4574 ι
674 4523 1114 4593 Fuimus,inquit,
1139 4533 1189 4578 et
1212 4541 1311 4579 nos
1334 4534 1527 4579 natura
1572 4525 1663 4579 lilii
1706 4524 1828 4592 irae,

244 4609 452 4667 sicutet
470 4613 649 4669 caeteri
688 4614 902 4685 (Epltes.
937 4614 1023 4681 ll).
1053 4631 1074 4666 ι

312 4703 630 4762 Certissime
674 4707 857 4776 itaque
907 4713 1150 4761 tenemus
1195 4722 1386 4763 omnes
1437 4706 1684 4761 homines
1731 4722 1830 4775 per

244 4795 560 4863 semetipsos
598 4810 702 4850 non
730 4796 901 4850 solum
929 4795 1336 4866 perfectionem,
1364 4798 1455 4852 sed
1489 4814 1587 4853 nec
1613 4798 1824 4852 initium

235 4884 460 4955 justitia:
506 4902 665 4958 posse
704 4887 1039 4960 contingere,
1081 4889 1174 4944 sed
1222 4889 1503 4945 universos
1549 4892 1640 4961 qui
1689 4890 1827 4946 ﬁunt

238 4978 387 5044 boni,
433 4980 613 5035 divina
657 4983 835 5053 gratia
879 4983 1186 5051 prmvcniri.
1233 4982 1437 5038 Bonam
1486 5000 1721 5056 namque
1767 4985 1820 5041 in

238 5072 547 5129 hominibus
579 5075 908 5130 voluntatem
947 5076 1057 5145 ipse
1104 5076 1276 5146 gratis
1319 5089 1609 5149 praeparat,
1654 5082 1822 5149 gratis

238 5162 397 5188 λιι-ιη.
452 5164 562 5188 ἔκηΑι
596 5164 810 5188 ΑΑΙΞ.--.ΑΩ
867 5163 899 5188 2.

1946 3255 2184 3310 eorditer
2212 3255 2402 3321 donat,
2428 3253 2579 3325 juste
2609 3261 2857 3320 coronat,
2890 3267 3055 3322 opera
3084 3264 3217 3306 vero
3261 3267 3382 3321 qua:
3426 3266 3534 3306 non

1944 3343 2060 3413 ipse
2090 3343 2299 3406 tribuit,
2321 3344 2468 3415 juste
2494 3342 2668 3412 punit.
2698 3340 2754 3396 In
2797 3340 2920 3396 istis
2951 3354 3083 3411 ergo
3112 3348 3407 3394 coronatur
3452 3339 3535 3394 di-

1943 3436 2068 3489 vina
2103 3435 2338 3506 largitio,
2369 3436 2423 3489 in
2450 3434 2554 3488 illis
2578 3433 2936 3504 transgressio
2960 3433 3192 3486 humana
3216 3431 3529 3485 damnatur.

1944 3523 2085 3579 Nihil
2117 3525 2283 3596 igitur
2311 3524 2416 3579 iste
2444 3523 2626 3584 habet,
2672 3522 2817 3591 quod
2854 3521 3087 3590 preprtis
3126 3521 3332 3575 meritis
3362 3519 3531 3575 ascri-

1942 3603 2096 3682 bere,
2126 3632 2226 3671 nec
2254 3615 2363 3681 ille,
2405 3616 2547 3684 quod
2579 3614 2761 3668 divino
2780 3612 2985 3683 judicio
3008 3612 3132 3680 jure
3161 3614 3331 3682 possit
3372 3613 3530 3667 dero-

1942 3724 2093 3780 gare.
2134 3707 2303 3777 Igitur
2340 3707 2497 3778 juxta
2544 3706 2885 3775 Apostolum,
2930 3720 3034 3759 non
3080 3714 3162 3758 cst
3200 3705 3343 3773 quod
3383 3705 3529 3759 dicat

1947 3820 1965 3852 ι
1998 3802 2309 3872 figmentum
2347 3800 2397 3856 ei
2440 3798 2533 3869 qui
2580 3813 2639 3853 se
2671 3781 2863 3852 ﬁnxit:
2888 3796 3026 3864 Quid
3070 3812 3156 3852 me
3199 3795 3375 3852 fecisti
3413 3796 3528 3852 sic?

1941 3892 2080 3962 Quia
2117 3892 2278 3947 habet
2311 3899 2634 3961 potestatem
2674 3889 2869 3960 ﬁgulus
2898 3888 2995 3944 luti
3025 3903 3093 3945 ex
3123 3888 3312 3945 eadem
3345 3898 3525 3946 massa

1939 3986 2123 4042 facere
2150 3987 2295 4043 aliud
2324 3986 2541 4056 quidem
2572 4001 2668 4040 vas
2695 3985 2746 4039 in
2776 3985 3056 4047 honorem,
3104 3982 3248 4037 aliud
3294 3996 3425 4038 vero
3468 3981 3525 4037 in

1900 4061 2320 4132 'contumeliam
2371 4074 2546 4147 (Rom.
2600 4086 2700 4144 Ix).
2731 4093 2751 4125 ι
2804 4072 3053 4129 Ostendit
3099 4072 3262 4143 igitur
3307 4071 3525 4128 divitias

1936 4166 2321 4222 bonitatissuaa
2354 4166 2407 4219 in
2437 4164 2583 4220 vasis
2603 4162 3019 4228 misericordire;
3059 4160 3351 4232 potentiam
3393 4176 3525 4217 vero

1936 4269 2098 4329 atque
2135 4258 2401 4329 judicium
2441 4256 2494 4311 in
2537 4258 2681 4311 vasis
2725 4256 2842 4319 ine,
2870 4252 2999 4308 dum
3026 4253 3122 4308 hos
3152 4260 3423 4323 praeparat
3451 4252 3521 4308 ad

1936 4352 2191 4425 gloriam,
2225 4352 2343 4406 illos
2373 4349 2605 4406 sustinet
2635 4349 2714 4403 ire
2744 4347 2796 4403 in
2831 4346 3127 4402 interitum.

2006 4442 2264 4509 Quaenam
2291 4440 2453 4510 igitur
2480 4448 2563 4493 est
2589 4437 2691 4491 ista
2720 4447 2898 4491 vestra
2924 4434 3156 4507 jnstitia,
3181 4449 3299 4504 quae
3321 4442 3519 4490 cuncta

1933 4531 2063 4586 solis
2092 4529 2320 4595 meritis,
2354 4529 2493 4583 nihil
2526 4539 2705 4582 tamen
2737 4526 2924 4596 gratia:
2959 4524 3152 4579 debet?
3180 4521 3352 4580 Porro
3375 4518 3519 4589 Pau—g

1930 4624 2015 4678 lus
2054 4622 2166 4693 jam
2209 4622 2579 4677 testimonium
2626 4617 2777 4672 vobis
2818 4616 3065 4686 perhibet
3107 4618 3250 4686 quod
3290 4616 3513 4672 tumula-

1931 4712 2128 4767 tionem
2160 4710 2250 4783 Dei
2290 4709 2524 4775 habetis,
2573 4709 2666 4763 sed
2710 4723 2816 4763 non
2859 4707 3156 4761 secundum
3186 4705 3510 4760 scientiam:

1933 4821 1950 4855 ι
1978 4802 2293 4875 Ignorantes
2331 4802 2478 4855 enim
2522 4799 2614 4855 Dei
2651 4799 2946 4869 justitiam,
2987 4804 3041 4851 et
3081 4796 3317 4849 vestram
3362 4812 3512 4865 qum-

1927 4906 2109 4949 rentes
2152 4903 2428 4957 statuere,
2485 4890 2714 4960 justitiu:
2769 4889 2861 4943 Dei
2920 4902 3026 4942 non
3083 4885 3213 4938 estis
3256 4878 3509 4953 subjecti.

1923 4980 2135 5055 Moyses
2164 4999 2294 5036 vero
2328 4981 2543 5052 scripsit
2580 4979 2835 5049 quoniam
2863 4976 3132 5047 justitiam
3162 4989 3281 5043 qua:
3304 4989 3371 5029 ex
3399 4975 3515 5048 lege

1922 5092 2027 5145 est,
2051 5080 2141 5148 qui
2167 5079 2357 5134 fecerit
2388 5081 2571 5144 homo,
2600 5078 2743 5131 vivet
2771 5075 2826 5128 in
2849 5090 2915 5130 ea
2941 5074 3113 5147 (Rom.
3139 5073 3220 5141 x).
3244 5091 3262 5126 ι
3300 5071 3516 5139 Quanto

2622 5179 2735 5188 ι-.-Αι
2784 5177 2847 5188 Α..
2884 5160 3179 5188 n-.-nnn.:n
3215 5162 3418 5188 "I.-:-O!
3473 5175 3517 5188 Α.
