4024 5370
496 84 629 141 1511

1462 81 1767 138 GERARDI
1801 81 1819 136 1
1857 79 2384 137 CAMERACENSIS
2424 77 2723 136 EPISCOPI

3620 72 3767 128 £512

497 196 668 250 ditum
698 207 803 259 εει,
847 206 911 247 ac
950 206 1091 247 nunc
1133 205 1303 261 usque
1342 194 1648 247 custoditur
1697 193 1763 248 ab
1794 193 2067 256 omnibus,
2102 197 2145 253 Α
2175 193 2471 246 secundum
2526 192 2684 245 ﬁdem
2726 188 3092 260 evangelicam
3140 196 3195 244 et
3239 187 3588 246 traditionem
3628 202 3765 258 apo-

497 286 696 343 debere
732 282 960 349 servari,
988 298 1085 336 nec
1113 282 1397 351 snperduci
1440 291 1529 337 aut
1560 282 1825 337 introduci
1872 280 2073 351 aliquid

496 376 639 446 quod
669 382 765 428 aut
793 373 1173 429 auctoritatem
1218 388 1323 427 non
1362 374 1589 439 habeat,
1619 384 1711 428 aut
1736 373 1953 428 aliunde
1984 388 2076 427 ac-

496 468 677 536 cipere
706 466 957 521 videatur
981 466 1320 534 exemplum?
1359 465 1664 520 Prmsertim
1698 482 1819 520 cum
1854 466 1923 519 sit
1958 480 2073 519 ma-

497 558 754 614 nifestum
802 558 859 613 in
903 572 1120 613 onmem
1168 557 1395 623 italiam,
1448 556 1682 624 Gallias,
1734 559 2074 627 Hispaniam,

497 649 740 705 Africam
794 656 958 720 atque
1003 647 1280 714 Siciliam,
1339 649 1649 719 insulasque
1695 648 2078 716 interiacentes

498 739 704 795 nullum
739 739 1039 795 instituisse
1068 739 1360 804 Ecclesias,
1406 741 1507 794 nisi
1550 755 1643 795 eos
1685 754 1819 810 quos
1848 755 2075 794 venera-

495 830 623 885 bilis
672 832 863 884 Petrus
937 837 1031 882 aut
1082 828 1200 897 ejus
1278 844 1625 884 successores
1673 830 2077 885 constituerunt

500 922 832 976 sacerdotes.
850 920 956 975 Aut
982 919 1163 990 legant
1187 921 1229 974 si
1267 922 1316 975 in
1348 921 1432 976 his
1451 922 1746 991 provinciis
1775 922 1912 976 alius
1942 936 2074 991 apo—

497 1011 761 1066 stolorum
792 1010 1065 1065 invenitur
1100 1018 1192 1063 aut
1222 1010 1421 1080 legitur
1457 1010 1737 1077 docuisse;
1773 1012 1863 1082 qui
1895 1012 1937 1067 si
1967 1027 2076 1067 non

497 1098 700 1169 legunt,
749 1100 875 1168 quia
925 1114 1188 1169 nusquam
1235 1099 1539 1164 inveniunt,
1589 1109 1801 1170 oportet
1842 1115 1937 1155 eos
1975 1101 2078 1154 hoc

395 1182 405 1193 ’
497 1188 651 1256 sequi
702 1189 842 1258 quod
889 1187 1129 1243 Ecclesia
1165 1187 1410 1243 Romana
1470 1190 1726 1253 custodit,
1775 1205 1803 1243 a
1840 1203 1945 1260 qua
1984 1203 2079 1244 eos

497 1279 825 1350 principium
855 1278 1131 1349 accepisse
1164 1294 1267 1333 non
1298 1279 1520 1333 dubium
1549 1290 1655 1342 est,
1684 1295 1750 1334 ne
1776 1279 1900 1334 dum
1925 1292 2079 1347 pere-

498 1371 668 1439 grinis
718 1371 1110 1427 assertionibus
1158 1372 1411 1439 student,
1469 1383 1633 1444 caput
1678 1373 2077 1428 institutionem

497 1463 783 1520 videantur
810 1464 1080 1519 amittere.
1516 1499 1523 1504 ς

1033 1556 1194 1612 XVII.
1248 1558 1547 1631 Conclusio.

573 1647 686 1702 Iam
730 1646 844 1702 dies
874 1648 940 1703 ad
984 1664 1236 1727 occasum
1269 1650 1527 1704 declivior
1572 1658 1711 1714 erat,
1750 1660 1805 1704 et
1847 1649 2079 1706 domnus

498 1739 785 1808 episcopus
813 1737 900 1793 his
930 1738 1022 1808 qui
1059 1738 1315 1793 audiendi
1343 1742 1514 1806 gratia
1546 1747 1936 1806 convenerant,
1975 1738 2081 1795 cir-

497 1828 897 1885 cumstantibus
944 1828 1057 1883 ait:
1088 1826 1324 1883 Fuerant
1369 1829 1533 1893 satis,
1585 1828 1813 1895 fratres,
1855 1843 1976 1898 qua:
2013 1828 2080 1884 de

497 1921 584 1977 his
611 1937 708 1977 nos
736 1928 1052 1992 oportuerat
1080 1920 1148 1974 ad
1176 1919 1603 1975 conﬁrmandam
1651 1918 1811 1974 ﬁdem
1843 1926 2079 1974 vestram

498 2012 808 2079 enuntiare,
856 2013 952 2068 sed
981 2026 1050 2066 ne
1080 2027 1176 2067 vos
1202 2011 1325 2082 plus
1368 2024 1535 2065 onere
1564 2010 1855 2066 verborum
1884 2025 2079 2080 grave-

499 2101 642 2168 mus,
676 2101 946 2157 sufﬁciant
969 2101 1095 2157 ista.
1122 2100 1235 2157 lloc
1261 2110 1469 2156 tantum
1495 2107 1708 2156 servate
1738 2100 1861 2155 ﬁdei
1890 2109 2083 2155 vestrte

500 2194 878 2248 intemeratum
904 2193 1268 2263 signaculum,
1314 2192 1613 2247 recolentes
1639 2194 1742 2248 hoc
1771 2193 1913 2264 quod
1944 2191 2086 2247 Pau-

498 2282 586 2338 lus
612 2282 888 2354 apostolus
909 2283 1254 2353 praedixerat,
1278 2284 1404 2353 quia
1437 2302 1456 2336 ‹
1479 2284 1535 2338 in
1560 2283 1872 2339 novissimis
1895 2282 2085 2337 diebus

500 2373 778 2430 discedent
808 2374 1027 2445 quidam
1066 2389 1096 2428 a
1134 2373 1273 2440 ﬁde,
1308 2376 1648 2431 attendentes
1689 2373 1971 2445 spiritibus
2000 2387 2086 2427 er-

500 2464 642 2519 roris
670 2474 727 2518 et
752 2465 1016 2519 doctrinis
1044 2464 1435 2520 dmmoniorum
1467 2464 1520 2519 in
1548 2465 1823 2537 hypocrisi
1863 2463 2088 2531 loquen-

501 2557 654 2613 tium.
677 2563 732 2610 et
752 2556 1107 2611 cauteriataut
1137 2555 1450 2610 habentium
1475 2552 1869 2612 conscientiam
1898 2569 2081 2619 suam;

500 2645 902 2716 prohibentium
933 2646 1156 2710 nubere,
1206 2646 1483 2703 abstinere
1525 2662 1555 2700 a
1585 2646 1744 2710 cibis,
1777 2661 1912 2716 quos
1945 2646 2087 2701 Deus

501 2740 706 2794 creavit
756 2739 823 2793 ad
872 2738 1274 2810 percipiendum
1331 2753 1455 2794 cum
1513 2739 1814 2809 gratiarum
1871 2737 2086 2792 actione

503 2827 754 2882 ﬁdelibus
781 2827 831 2899 (Ι
866 2826 1000 2881 Tim.
1033 2826 1131 2899 1v).
1158 2846 1178 2878 ι

2176 284 2445 347 stolicam,
2475 282 2676 337 nullum
2711 297 2868 352 posse
2908 280 3129 346 salvari,
3171 281 3277 335 nisi
3317 296 3413 351 per
3444 295 3647 349 aquam
3682 294 3766 335 reo

2175 373 2563 446 generationis,
2618 381 2675 428 ut
2713 373 2826 443 ipse
2865 372 3124 427 Dominus
3162 372 3276 426 ait:
3317 391 3334 424 ι
3364 371 3476 426 Nisi
3509 372 3633 441 quis
3678 386 3766 427 re-

2176 475 2332 520 natus
2364 465 2611 519 l'ueritex
2645 479 2783 532 aqua
2824 470 2879 517 et
2927 463 3146 532 spiritu,
3173 478 3277 516 non
3318 470 3499 532 potest
3533 463 3766 517 introire

2177 554 2229 607 iu
2265 569 2485 623 regnum
2519 554 2610 609 Dei
2642 553 2826 621 (Joan.
2857 553 2959 621 ιιι).
2993 573 3012 604 ι
3048 551 3275 608 Peccata
3302 567 3434 607 vero
3475 568 3601 622 quae
3640 555 3767 621 pose

2176 643 2526 712 baptismum,
2563 643 2828 698 suadente
2869 640 3085 696 diabolo
3115 651 3169 695 et
3195 641 3416 711 propria
3450 640 3759 703 voluntate,

2178 732 2508 787 contrahunt
2544 730 2814 795 homines,
2856 728 3179 784 conﬁtemur
3229 743 3327 798 per
3381 728 3766 799 paenitentiam

2179 834 2287 874 non
2315 822 2487 875 solum
2521 820 2774 886 relaxari,
2809 835 2997 874 verum
3028 820 3198 889 ipsam
3244 819 3481 874 divinam
3527 819 3764 889 gratiam

2177 926 2338 980 posse
2378 913 2701 981 promereri,
2732 926 2855 964 cum
2900 925 2995 981 per
3022 925 3141 964 eam
3180 910 3464 964 videamus
3489 911 3765 979 peccatrir

2179 1016 2295 1056 cem
2347 1002 2569 1056 Mariam
2628 1003 2976 1064 mandatam,
3025 1000 3315 1055 Zachmum
3372 998 3768 1070 jnstiﬁcatum,

2179 1088 2396 1144 Petrum
2432 1100 2553 1160 post
2583 1091 2792 1161 lapsum
2825 1089 3148 1156 relevatum,
3174 1088 3440 1145 latronem
3476 1089 3623 1144 intra
3670 1105 3769 1160 pa-

2179 1180 2420 1234 radisum
2449 1190 2745 1248 receptum.

2249 1267 2535 1324 Credimus
2584 1277 2762 1324 autem
2797 1275 3038 1322 sanctam
3069 1267 3367 1323 Beclesiam
3419 1283 3773 1325 communem

2180 1360 2427 1436 omnium
2466 1360 2705 1415 ﬁdelium
2739 1369 2991 1426 matrem,
3025 1358 3339 1428 nullumque
3372 1360 3442 1414 ad
3475 1375 3601 1413 eam
3648 1376 3769 1429 qua:

2182 1456 2238 1511 in
2271 1455 2427 1512 ctelis
2458 1463 2564 1523 est,
2595 1470 2756 1527 posse
2786 1444 3092 1526 pervenire,
3118 1453 3225 1509 nisi
3254 1470 3351 1525 per
3387 1456 3532 1511 hanc
3564 1471 3685 1525 qua:
3714 1455 3766 1509 in

2105 1552 2153 1613 B
2184 1550 2344 1605 terris
2386 1557 2491 1614 est,
2542 1547 2838 1619 acquisitus
2880 1545 3063 1601 fuerit.
3117 1545 3535 1602 Sacramentum
3584 1554 3767 1600 autem

2181 1642 2445 1696 Doniuici
2477 1640 2720 1711 corporis
2743 1648 2800 1694 et
2825 1638 3104 1711 sanguinis
3127 1639 3229 1694 hoc
3253 1654 3283 1691 a
3312 1638 3424 1692 Deo
3442 1637 3770 1692 conﬁtemur

2180 1749 2302 1788 esse
2340 1733 2535 1803 pignus
2563 1740 2765 1787 nostrae
2810 1729 3198 1800 redemptionis
3225 1738 3281 1785 et
3316 1728 3539 1794 salutis,
3566 1729 3636 1783 de
3664 1743 3770 1798 quo

2179 1824 2441 1879 Dominus
2466 1822 2579 1877 ait:
2616 1842 2634 1875 ‹
2664 1821 2778 1877 Nisi
2821 1821 3279 1877 manducaveritis
3313 1836 3535 1876 carnem
3568 1836 3765 1885 meam,

2180 1927 2236 1970 et
2277 1915 2524 1970 biberitis
2567 1929 2749 1969 meum
2780 1914 3127 1983 sanguinem,
3164 1927 3270 1969 non
3303 1911 3573 1967 habebitis
3602 1911 3767 1965 vitam

2181 2009 2235 2062 in
2257 2007 2409 2062 vobis
2434 2007 2620 2077 (Joan.
2652 2006 2781 2076 VI)J
2809 2006 2875 2060 Et
2901 2006 3097 2060 iterum
3126 2024 3138 2059 :
3173 2025 3191 2058 ι
3211 2005 3351 2081 Caro
3376 2020 3496 2059 mea
3525 2020 3654 2059 vere
3677 2013 3761 2059 est

2183 2098 2355 2163 cibus,
2370 2104 2426 2152 et
2453 2096 2673 2167 sanguis
2700 2112 2851 2151 meus
2880 2111 3006 2151 vere
3027 2105 3110 2151 est
3140 2106 3299 2167 potus
3322 2093 3534 2168 (Ibid.).
3558 2114 3576 2145 ι
3613 2094 3769 2161 Quod

2184 2203 2381 2258 corpus
2426 2196 2481 2243 et
2527 2188 2874 2258 sanguinem,
2919 2187 3214 2242 secundum
3269 2186 3411 2257 quod
3465 2188 3582 2256 ipse
3628 2186 3705 2238 ait
3748 2201 3763 2237 :

2193 2300 2211 2332 ι
2249 2280 2494 2350 Accipite
2527 2289 2583 2336 et
2628 2279 2949 2335 manducate
3007 2294 3075 2335 ex
3122 2280 3226 2335 hoc
3276 2295 3489 2342 omnes,
3545 2279 3648 2334 hoc
3692 2287 3771 2333 est

2185 2374 2330 2428 enim
2378 2388 2577 2444 corpus
2620 2389 2800 2429 meum
2829 2372 3045 2443 (Matth.
3077 2372 3263 2446 xxvr);
3300 2391 3318 2423 ι
3351 2381 3406 2427 et
3441 2391 3459 2423 ι
3502 2372 3677 2427 Bibite
3706 2387 3774 2429 ex

2186 2466 2288 2522 hoc
2301 2482 2514 2533 omnes,
2540 2467 2628 2522 hic
2653 2475 2737 2521 est
2760 2466 2905 2522 enim
2935 2466 3073 2523 calix
3100 2465 3380 2537 sanguinis
3398 2466 3505 2523 mei
3522 2464 3765 2536 (Ibid.).r

2187 2555 2563 2612 lndubitanter
2593 2556 2912 2626 proﬁtemur
2965 2557 3212 2615 eamdem
3235 2572 3355 2615 esse
3383 2572 3609 2613 carnem
3636 2573 3770 2628 quia,

2189 2665 2251 2705 ex
2288 2649 2506 2720 Virgine
2537 2658 2683 2715 nata,
2714 2649 2769 2705 in
2798 2664 2957 2706 cruce
2986 2666 3164 2721 passa,
3197 2651 3264 2705 de
3287 2650 3539 2720 sepulcro
3569 2651 3771 2713 levata,

2191 2758 2353 2813 super
2381 2743 2549 2800 caelos
2588 2745 2850 2811 exaltala,
2882 2745 3035 2800 sedet
3084 2746 3136 2799 in
3188 2753 3426 2815 paterna:
3476 2745 3775 2813 maiestatis

2191 2833 2384 2903 gloria.
2428 2833 2540 2889 Hoc
2568 2835 2657 2905 qni
2693 2835 2845 2890 audit
2874 2835 3210 2901 incredulus,
3246 2837 3373 2891 huic
3400 2851 3503 2891 nec
3532 2837 3776 2894 Christus

574 2918 774 2997 Verum
805 2919 1002 2974 talibus
1031 2918 1192 2975 dictis
1216 2919 1398 2974 domui
1430 2919 1688 2989 episcopi,
1723 2919 1779 2974 hi
1803 2919 1895 2990 qui
1922 2918 2085 2989 paulo
2112 2910 2159 2972 C
2193 2936 2375 2991 natus,
2403 2942 2500 2982 nec
2527 2942 2741 2997 passus,
2771 2942 2872 2982 nec
2908 2928 3152 2996 sepultus
3177 2936 3279 2989 est,
3324 2942 3426 2982 nec
3464 2943 3591 2983 cum
3625 2927 3777 2983 Chri-

506 3016 633 3064 ante
676 2994 780 3064 sibi
824 3008 1149 3064 videbantur
1195 3009 1590 3078 insuperabilcs
1623 3011 1809 3076 verbo,
1857 3025 1958 3066 nec
1983 3010 2092 3067 ullo

510 3097 659 3152 verbi
688 3112 887 3167 genere
929 3113 1091 3167 posse
1138 3108 1458 3169 constringi,
1510 3099 1797 3154 verborum
1831 3100 2095 3171 gravitate

508 3200 565 3247 et
595 3189 879 3245 manifesta
911 3189 1007 3245 Dei
1050 3190 1254 3246 virtute
1301 3191 1374 3245 ita
1418 3191 1776 3262 obstupefacti
1805 3200 2093 3259 steterunt,

509 3295 576 3336 ac
603 3280 648 3336 si
679 3295 956 3362 nunquam
989 3279 1156 3335 ullum
1186 3296 1498 3337 sermonem
1536 3282 1853 3338 didicissent
1881 3291 2096 3336 contra-

511 3374 728 3431 dicendi
767 3389 783 3429 :
816 3375 1058 3445 mutique
1097 3375 1165 3430 ad
1210 3375 1390 3429 omnia
1441 3375 1548 3430 hoc
1586 3375 1760 3430 solum
1804 3382 2099 3445 potuerunt

509 3464 837 3536 respondere
876 3465 952 3520 ita
978 3465 1082 3521 sibi
1123 3467 1315 3532 videri,
1358 3482 1459 3523 nec
1502 3467 1606 3522 alio
1649 3466 1973 3523 Christianae
2014 3481 2099 3521 sa-

511 3556 641 3612 latis
674 3571 883 3612 summa
929 3572 1089 3626 posse
1120 3558 1422 3614 consistere
1460 3574 1624 3629 quam
1663 3559 1717 3613 in
1759 3560 1845 3614 his
1885 3574 2003 3629 quae
2044 3557 2098 3611 in

511 3646 799 3721 praesentia
829 3647 1114 3716 episcopus
1144 3656 1477 3704 enarrasset.
1501 3648 1584 3703 Ad
1615 3663 1751 3719 quos
1775 3648 2097 3719 episeOpus:

513 3735 570 3790 Si
600 3736 736 3802 haec,
764 3736 963 3809 inquit,
1008 3738 1080 3792 ita
1125 3753 1245 3794 esse
1274 3739 1522 3805 creditis,
1564 3739 1894 3809 deponentes
1939 3746 2102 3793 tantze

510 3827 794 3900 perﬁdiam
845 3828 1275 3894 incredulitatis,
1329 3830 1609 3886 nobiscum
1658 3831 1802 3885 hanc
1849 3830 2099 3886 haeresim

513 3933 636 3972 cum
683 3919 797 3974 suis
832 3920 1170 3987 auctoribus,
1218 3920 1322 3976 nisi
1375 3922 1732 3992 resipuerint,
1781 3922 2104 3979 damnantes

512 4013 1002 4071 excommunicate.
1034 4014 1188 4069 Tunc
1230 4014 1516 4085 episcopus
1543 4023 1600 4071 et
1629 4029 1819 4070 omnes
1859 4015 1951 4084 qui
2000 4014 2090 4068 ad-

512 4111 670 4158 erant
715 4104 938 4159 abbates
970 4112 1134 4176 atque
1162 4105 1554 4171 archidiaconi,
1602 4104 1891 4176 clerusque
1925 4103 2103 4160 omnis

517 4192 702 4258 simul,
734 4192 950 4248 favente
977 4193 1192 4263 populo,
1227 4194 1302 4248 ita
1335 4194 1638 4264 incipiunt:

2198 3026 2282 3070 sto
2311 3026 2518 3087 partem
2544 3018 2713 3072 beatae
2734 3018 3148 3074 resurrectionis
3171 3018 3456 3074 obtinebit.
3481 3017 3639 3086 Quod
3663 3035 3777 3089 my»

2196 3108 2417 3161 stet-ium
2450 3122 2554 3162 non
2579 3108 2714 3162 alias
2742 3117 2921 3178 potest
2954 3108 3307 3171 sanctilicari,
3344 3108 3451 3162 nisi
3482 3124 3654 3180 super
3693 3125 3773 3164 sa-

2195 3206 2542 3251 cro-sanctum
2572 3196 2770 3263 altare,
2794 3198 2937 3266 quod
2968 3197 3032 3253 de
3065 3207 3211 3252 terra
3255 3196 3360 3252 sibi
3401 3195 3668 3254 Dominus
3687 3214 3774 3271 per

2198 3287 2414 3358 Moysen
2442 3287 2679 3343 instituit
2712 3287 2853 3344 ﬁeri.

2271 3376 2553 3432 Connuhia
2577 3385 2758 3433 autem
2807 3378 3006 3447 quibus
3034 3393 3293 3435 concessa
3338 3385 3487 3447 sunt,
3526 3379 3776 3436 Dominus

2198 3477 2254 3523 et
2293 3467 2541 3539 discipuli
2596 3470 2735 3540 ejus,
2784 3471 3085 3541 doctorque
3134 3471 3374 3542 gentium
3406 3479 3464 3526 et
3512 3470 3777 3529 licentiam

2209 3556 2381 3623 dedit,
2413 3568 2467 3612 et
2495 3558 2729 3629 legitima
2758 3574 2978 3615 servare
3012 3559 3449 3627 instituit,,etc...

2273 3647 2328 3704 Si
2358 3648 2481 3719 quis
2511 3658 2691 3703 autem
2719 3658 2909 3706 contra
2938 3651 3079 3708 hanc
3121 3651 3443 3706 catholicam
3480 3650 3773 3707 institutio-

2201 3755 2328 3795 nem
2362 3742 2616 3807 senserit,
2647 3750 2848 3799 sortem
2875 3743 3016 3798 inter
3042 3740 3235 3799 ﬁdeles
3262 3743 3462 3798 habere
3490 3757 3599 3798 non
3636 3751 3777 3813 pote-

2202 3829 2292 3885 rit.
2325 3830 2524 3886 Verum
2556 3831 2683 3902 quia
2724 3831 2797 3886 illi
2839 3833 2931 3902 qui
2973 3833 3133 3907 paulo
3172 3831 3344 3906 [ante]
3373 3833 3631 3891 haeretica
3658 3833 3773 3887 inli-

2203 3920 2426 3975 delitate
2460 3924 2802 3987 tenebantur,
2831 3922 2947 3977 haec
2971 3936 3091 3992 qua:
3116 3921 3308 3977 Latina
3346 3921 3600 3978 oratione
3638 3922 3775 3977 dice-

2203 4010 2427 4078 bantur,
2479 4027 2584 4068 non
2631 4013 2764 4068 satis
2801 4012 3101 4084 intelligere
3139 4020 3415 4084 poterant,
3462 4012 3647 4067 audita
3691 4028 3778 4082 p't

2205 4100 2554 4172 interpretem
2595 4100 2874 4173 vulgarem
2921 4102 3501 4157 excommunicationis
3542 4101 3776 4173 [senten-

2206 4189 2328 4263 tia],
2355 4204 2704 4263 exposuaqne
2752 4206 2922 4248 sacrae
2965 4190 3087 4247 ﬁdei
3119 4190 3481 4261 professione,
3506 4191 3626 4261 pari
3661 4199 3775 4245 voto

592 4282 738 4337 Hanc
761 4282 1037 4350 haeresim,
1066 4300 1187 4354 qua:
1215 4284 1377 4341 hodie
1407 4263 1598 4340 contra
1626 4298 1812 4340 veram
1835 4292 1890 4339 et
1911 4285 2099 4340 catho—
2123 4263 2177 4324 Ῑ)
2206 4295 2288 4346 se,
2319 4290 2376 4336 et
2405 4282 2546 4352 quod
2580 4283 2893 4338 damnatum
2925 4280 3103 4337 fuerat
3143 4265 3440 4355 [abiurare]
3459 4322 3476 4349 ,
3507 4289 3566 4336 et
3589 4281 3726 4350 quod
3745 4296 3770 4332 a

516 4377 675 4431 licam
702 4376 996 4433 Ecclesiam
1027 4380 1369 4450 conspirasse
1398 4379 1616 4435 inventa
1651 4386 1755 4445 est,
1802 4394 1923 4449 quae
1950 4378 2101 4433 vide-

517 4466 644 4523 licet
694 4465 1023 4537 baptismum
1073 4468 1142 4521 ad
1210 4468 1529 4524 abluendam
1589 4468 1869 4539 originalis
1919 4466 2093 4536 culpa:

518 4557 783 4613 maculam
823 4567 878 4612 et
898 4556 1127 4612 actualia
1159 4557 1375 4626 delicta,
1406 4558 1540 4614 nihil
1583 4558 1923 4629 profuturum
1970 4574 2102 4614 con-

520 4645 741 4713 tendit,
782 4654 838 4700 et
882 4661 979 4717 per
1041 4645 1413 4717 paenitentiam
1480 4655 1705 4716 peccata
1759 4662 2098 4717 nequaquam

517 4748 678 4804 posse
725 4734 957 4790 relaxari
1007 4734 1314 4805 proﬁtetur,
1347 4744 1404 4790 et
1434 4750 1554 4806 quae
1585 4744 1828 4790 sanctam
1873 4735 1969 4792 Dei
2010 4752 2098 4791 ee-

519 4826 776 4893 clesiam,
821 4837 876 4883 et
931 4837 1336 4884 sacrosanctum
1388 4828 1556 4883 altare
1615 4837 1777 4897 atque
1832 4827 2099 4883 Dominici

519 4922 763 4990 corporis
796 4929 851 4976 et
879 4921 1157 4990 sanguinis
1196 4931 1594 4977 sacramentum
1627 4921 1761 4977 nihil
1790 4938 1910 4978 esse
1955 4922 2101 4976 aliud

521 5010 627 5064 nisi
663 5011 806 5079 quod
858 5011 1134 5081 corporeis
1179 5013 1350 5067 oculis
1402 5013 1660 5078 intuetur,
1720 5019 1774 5066 et
1825 5012 1930 5066 hoc
1983 5020 2102 5065 tan-

522 5115 684 5168 quam
716 5101 819 5156 vile
870 5103 1141 5173 negotium
1184 5104 1426 5174 respicit,
1477 5113 1531 5158 et
1553 5119 1673 5173 quae
1707 5102 1944 5174 legitima
1976 5116 2105 5156 con-

527 5190 688 5243 nubia
718 5190 958 5256 devitat,
1000 5193 1141 5247 hanc
1189 5201 1245 5247 et
1281 5209 1469 5249 omnes
1511 5196 1601 5263 qui
1638 5209 1758 5249 eam
1805 5192 2104 5252 affirmant.

484 5280 499 5363 λ
525 5294 849 5348 damnamus
898 5294 953 5340 et
1003 5288 1546 5342 anathematizamus.
1584 5286 1909 5341 Proﬁtemur
1936 5286 2102 5349 enim,

2213 4373 2461 4430 ﬁdelibus
2502 4374 2766 4430 creditum
2810 4374 2985 4429 fuerat
3022 4373 3246 4429 credere
3279 4387 3339 4429 se
3373 4364 3601 4445 professi
3641 4383 3770 4428 sunt.

2215 4466 2322 4524 Sed
2351 4471 2419 4523 ad
2450 4468 2877 4524 conﬁrmandum
2901 4483 3012 4524 suae
3035 4466 3157 4523 ﬁdei
3188 4476 3600 4534 testamentum,
3626 4482 3773 4520 unus-

2204 4559 2432 4629 quisque
2495 4574 2680 4613 eorum
2731 4559 2784 4613 in
2848 4558 3064 4615 modum
3136 4559 3316 4614 crucis
3378 4558 3682 4629 hujusmodi
3739 4556 3773 4624 δε

2206 4653 2493 4722 quemdam
2525 4652 2893 4709 characterem
2941 4651 3286 4721 conscripsit,
3315 4658 3374 4704 ut
3419 4651 3523 4706 hoc
3564 4649 3671 4704 illis
3711 4648 3773 4701 si-

2207 4761 2371 4815 gnum
2398 4745 2451 4799 in
2478 4754 2723 4800 extremo
2742 4744 2966 4816 judicio,
3016 4744 3060 4802 si
3113 4745 3269 4800 ﬁdem
3301 4744 3444 4802 hanc
3485 4750 3775 4806 servarent,

2211 4845 2693 4908 repraesentaretur
2746 4836 2811 4891 ad
2850 4835 3111 4898 salutem;
3164 4836 3208 4890 si
3243 4844 3422 4889 autem
3467 4834 3773 4905 praevarica-

2208 4937 2396 4984 rentur
2433 4943 2572 4991 eam,
2628 4927 2784 4982 ﬁeret
2827 4927 2908 4982 eis
2950 4927 3005 4981 in
3033 4926 3427 4993 confusionem.
3472 4926 3564 4980 Sic
3610 4925 3770 4993 itaque

2209 5034 2420 5082 omnes,
2472 5019 2582 5074 Deo
2633 5019 2840 5089 gratias
2884 5021 2935 5072 in
2980 5033 3268 5074 commune
3308 5016 3619 5079 reddentes,
3663 5026 3713 5071 et
3744 5030 3773 5067 ι

2215 5091 2425 5166 domno
2452 5109 2704 5179 episcopo
2732 5108 3123 5164 benedictionis
3150 5122 3376 5165 munere
3401 5105 3587 5162 donati
3616 5104 3771 5160 redie-

2215 5210 2345 5253 runt
2374 5199 2603 5255 feliciter
2637 5200 2687 5252 in
2712 5213 2808 5253 sua
2840 5198 2936 5269 (4),

3692 5361 3718 5370 Α
