4024 5370
219 297 353 357 lim

1636 303 1805 359 EPIS'

1908 303 2021 357 AZ.
3344 300 3477 361 «δυ

920 878 1689 961 CAMERACENSIS
1753 878 2262 959 ECCLESIIE
2319 880 2788 962 EPISCOPI

1455 1050 2239 1190 EPISTOL/E.

920 1298 1091 1370 (Artes
1132 1298 1196 1353 de
1222 1297 1275 1351 la
1302 1296 1543 1367 province
1569 1292 1959 1365 ecclésiastique
1978 1293 2043 1347 de
2068 1292 2266 1357 Reims.
2292 1303 2422 1351 tom.
2458 1296 2522 1363 ll,
2550 1312 2674 1369 pag.
2700 1300 2815 1372 49.)

704 1578 1033 1636 EPISTOLA
1075 1579 1309 1637 PRIMA.

566 1686 635 1727 AD
673 1687 1089 1728 ARCBIDIACONOS
1127 1685 1448 1726 LEODIENSES

813 1765 993 1831 (Anno
1028 1762 1210 1833 £030.)

417 1853 497 1909 De
525 1856 713 1926 agendi
741 1857 942 1908 ratione
962 1872 1083 1923 erga
1105 1853 1600 1909 cxcommunicatos.

283 1946 599 2012 Genaunos,
624 1948 799 2018 gratia
831 1946 947 2011 Dei,
980 1946 1105 2001 licet
1139 1946 1463 2005 immeritus,
1494 1946 1799 2014 episc0pos,

217 2052 413 2096 sancta:
480 2040 796 2095 Leodiensis
874 2039 1130 2093 Ecclesia:
1201 2035 1620 2101 archidiaconis,
1669 2034 1799 2090 illud

215 2126 730 2207 supplere'moribns
768 2133 1063 2200 inoll‘ensis,
1089 2133 1231 2203 quod
1256 2132 1423 2188 exivit
1445 2131 1801 2203 praerogativa

215 2225 470 2281 nominis.

282 2316 550 2386 Quoniam
603 2316 819 2386 quidem
881 2330 1099 2384 semper
1157 2313 1224 2367 de
1272 2313 1559 2368 cbaritatis
1610 2322 1801 2367 vestra:

216 2407 425 2463 actibus
455 2406 695 2461 fraterna
728 2405 1014 2460 affectione
1041 2404 1324 2468 sollicitor,
1347 2402 1496 2458 salvo
1516 2402 1802 2457 cbaritatis

214 2498 489 2568 proposito
514 2511 610 2553 vos
640 2512 863 2553 monere
900 2497 1080 2567 cupio,
1113 2511 1182 2549 ne
1224 2495 1459 2564 aliquam
1511 2493 1796 2546 irrationa-

213 2588 376 2644 bilem
428 2588 726 2644 novitatem
789 2603 1053 2656 usurpare
1107 2586 1306 2651 velitis,
1377 2600 1473 2653 per
1521 2600 1680 2653 quam
1734 2585 1801 2639 ab

214 2681 598 2737 ecclesiastica:
622 2689 675 2735 et
695 2681 1007 2751 apostolicae
1036 2678 1392 2734 institutionis
1414 2675 1802 2732 consuetudine

215 2771 529 2842 discrepare
582 2770 895 2834 videamini,
945 2770 996 2824 iu
1044 2786 1109 2824 eo
1153 2769 1466 2839 specialiter
1508 2767 1651 2838 quod
1677 2782 1805 2837 pro.

216 2865 431 2934 phetica
456 2876 511 2921 et
540 2866 850 2936 evangeliea
882 2865 1225 2930 auctoritate,
1266 2878 1474 2920 necnon
1504 2860 1799 2933 apostolica

217 2965 270 3012 et
293 2966 606 3012 sanctorum
639 2966 850 3027 patrum
892 2956 1184 3010 traditione
1226 2955 1458 3027 ﬁrmiter
1500 2963 1555 3008 et
1583 2953 1802 3007 irrel‘ra.

216 3049 469 3119 gabiliter
498 3047 876 3103 conﬁrmatum
907 3056 1029 3111 est;
1061 3046 1317 3101 videlicet
1371 3059 1438 3098 ne
1469 3060 1562 3099 eos
1596 3044 1709 3113 qui,
1735 3043 1803 3097 ab

216 3140 344 3210 ipsis
374 3139 659 3195 cunabulis
689 3147 859 3193 totum
907 3138 1033 3193 vitae
1061 3153 1173 3193 sua:
1223 3135 1458 3207 spatium
1517 3137 1571 3191 in
1622 3134 1806 3204 pravis

216 3233 427 3289 actibus
477 3239 938 3298 consummantes,
986 3240 1041 3287 et
1080 3233 1367 3286 adversum
1409 3238 1653 3298 sanctam
1707 3227 1804 3283 Dei

217 3324 512 3381 Ecclesium
536 3340 734 3380 vesano
762 3324 947 3381 furore
978 3325 1425 3390 intumescentes,
1459 3338 1802 3394 nequaquam

217 3430 247 3470 a
283 3430 397 3471 suae
425 3414 643 3470 malitiae
664 3415 941 3485 proposito
966 3429 1346 3470 mansuescere
1370 3422 1684 3484 potuerunt,
1713 3411 1805 3467 sed

216 3522 317 3562 nec
349 3508 454 3562 ulla
496 3523 677 3563 rerum
703 3509 1077 3573 conversione,
1119 3509 1281 3564 etiam
1331 3509 1383 3561 in
1406 3508 1521 3576 ipso
1552 3522 1662 3560 sure
1685 3507 1808 3560 vita:

218 3599 388 3662 exitu,
413 3598 577 3653 ullam
622 3600 975 3669 pamitudinis
1011 3599 1406 3654 correctionem
1464 3597 1807 3665 pra:temlen-

219 3697 323 3754 tes,
377 3691 614 3745 indurati
660 3702 709 3745 et
764 3689 1241 3753 excommunicati,
1291 3705 1415 3746 cum
1474 3690 1587 3759 ipsa
1628 3703 1808 3758 prava:

218 3777 512 3835 voluntatis
538 3781 838 3836 intentione
864 3781 1023 3836 ﬁnem
1054 3781 1178 3835 vitm
1208 3790 1552 3851 acceperunt,
1588 3789 1641 3833 ct
1659 3778 1808 3847 justo

214 3868 422 3939 judicio
446 3888 476 3927 a
504 3879 708 3928 sanctte
754 3873 946 3927 matris
966 3872 1172 3944 gremio
1196 3870 1425 3936 exclusi,
1483 3879 1538 3924 et
1564 3869 1808 3925 ﬁdelibus

220 3959 401 4017 debito
429 3963 623 4034 privati
655 3970 781 4018 sunt
819 3962 1087 4032 sepulcro,
1120 3977 1235 4026 eos,
1296 3962 1537 4032 inquam,
1575 3959 1794 4016 absolu-

222 4052 387 4110 tionis
438 4056 611 4127 gratia
666 4056 966 4119 donandos,
1035 4065 1091 4110 et
1146 4055 1288 4109 inter
1347 4052 1530 4109 ﬁdeles
1574 4052 1807 4108 indivisa

220 4150 608 4203 communitate
629 4149 968 4217 sepeliendos
990 4148 1266 4218 judicetis.
1288 4145 1443 4214 Quod
1459 4144 1675 4216 quidem
1698 4158 1804 4198 non

1831 1579 1879 1640 Α
1906 1576 2005 1642 vit,
2032 1577 2082 1632 in
2125 1578 2255 1647 ipsis
2282 1579 2562 1635 morietur.
2606 1600 2625 1634 ι
2663 1582 2724 1636 Et
2755 1583 2925 1654 paulo
2946 1593 3063 1655 post
3091 1602 3103 1638 :
3140 1604 3157 1636 ι
3192 1586 3245 1640 In
3279 1587 3485 1659 injusti-

1908 1668 1979 1720 tia
2008 1684 2128 1734 sua,
2148 1670 2343 1738 inquit,
2372 1686 2536 1740 quam
2563 1683 2820 1742 operatus
2849 1683 2950 1741 est,
2973 1677 3235 1731 morietur
3264 1676 3482 1749 (Each.

1904 1759 2082 1831 xvut).
2122 1780 2141 1811 ι
2195 1760 2347 1817 Unde
2395 1762 2545 1818 vobis
2587 1766 2960 1821 aestimandum
3007 1783 3269 1838 propono,
3315 1770 3358 1823 si
3409 1768 3487 1826 illi

1905 1852 2198 1920 praeteritae
2216 1850 2467 1919 justitirc,
2484 1868 2605 1923 qua:
2623 1854 2849 1912 fortasse
2878 1856 3071 1927 aliquae
3097 1857 3329 1922 fuerant,
3358 1859 3489 1915 nihil

1904 1944 2195 2013 proﬁciunt
2249 1944 2316 1997 ad
2373 1948 2741 2000 cvacuandam
2803 1947 3142 2017 sequentium
3223 1948 3487 2003 malorum

1906 2035 2196 2097 maculam,
2232 2049 2436 2105 quanto
2478 2037 2682 2104 minus,
2731 2039 2838 2092 imo
2878 2039 3031 2101 nihil,
3063 2039 3186 2095 huic
3215 2040 3337 2106 illae,
3368 2056 3490 2110 qum

1903 2125 2063 2179 nullm
2086 2125 2303 2195 quidem
2329 2124 2544 2179 fuerant
2568 2126 2619 2179 in
2653 2128 2798 2179 mnni
2832 2127 2963 2190 vita,
2992 2128 3078 2181 cui
3105 2138 3253 2182 certe
3281 2129 3489 2185 nullum

1906 2223 2116 2285 tempus
2137 2216 2395 2284 prmteriit
2420 2231 2449 2269 a
2483 2216 2703 2270 malitia:
2731 2217 2924 2271 studiis
2946 2218 3208 2273 alienum!
3243 2216 3349 2273 Sed
3375 2220 3492 2289 ipse

1904 2305 2164 2360 Dominus
2192 2307 2603 2375 prophetarum,
2625 2318 2676 2362 et
2707 2308 2962 2365 Mediator
2988 2310 3078 2364 Dei
3105 2321 3162 2365 et
3188 2311 3488 2377 hominum,

1903 2412 1933 2450 a
1956 2397 2118 2452 beato
2138 2395 2301 2453 Petro
2315 2398 2679 2469 interrogatus
2699 2400 2765 2454 de
2778 2411 3033 2468 peccante
3060 2400 3242 2463 fratre,
3270 2402 3488 2457 modum

1904 2488 2262 2544 correctionis
2292 2490 2391 2546 sub
2425 2491 2527 2547 hoc
2556 2492 2661 2546 line
2694 2492 2966 2547 conclusit
3010 2503 3087 2558 ut,
3115 2493 3160 2549 si
3194 2509 3291 2564 per
3318 2510 3378 2551 se
3407 2510 3491 2550 so.

1905 2581 2013 2637 lum
2051 2584 2257 2639 moneri
2285 2599 2387 2637 non
2429 2595 2629 2654 posset,
2661 2602 2826 2639 unum
2853 2595 2944 2642 aut
2987 2587 3124 2644 duos
3154 2588 3491 2647 adhibendos

1904 2680 2141 2743 putaret,
2210 2676 2408 2743 quibus
2463 2675 2683 2732 minime
2753 2679 3178 2746 proﬁcientibus,
3234 2680 3492 2737 continuo

1905 2764 2160 2820 Ecclesiae
2189 2768 2643 2823 commonendum
2673 2770 2993 2838 depttlaret;
3026 2785 3190 2840 quam
3230 2772 3274 2828 si
3311 2772 3492 2826 minus

1906 2857 2139 2922 audiret,
2173 2856 2283 2912 l‘ore
2311 2859 2451 2913 sicut
2479 2860 2749 2915 etbnicum
2778 2870 2829 2915 et
2851 2862 3216 2932 publicanum.
3245 2864 3343 2921 Cui
3365 2881 3491 2919 sen-

1909 2947 2090 3002 tentia:
2143 2949 2401 3003 continuo
2450 2950 2729 3018 subjunxit
2778 2970 2791 3006 :
2850 2972 2867 3005 ι
2942 2955 3110 3010 Amen
3152 2956 3274 3012 dico
3313 2958 3489 3025 vobis,

1905 3053 2238 3108 quzecunque
2285 3038 2638 3112 alligaveritis
2686 3058 2850 3111 super
2873 3054 3092 3110 terram,
3135 3055 3298 3101 erunt
3323 3048 3488 3117 ligata

1904 3138 1957 3182 et
1990 3129 2040 3181 in
2065 3130 2238 3192 caelo;
2270 3149 2290 3182 ι
2325 3129 2390 3183 Et
2419 3131 2644 3185 iterum:
2692 3150 2711 3183 ι
2749 3132 2879 3187 Dim
2925 3135 3078 3190 vobis
3128 3137 3280 3206 quia,
3306 3136 3351 3191 si
3381 3137 3490 3192 duo

1905 3234 1973 3274 ex
2021 3222 2172 3276 vobis
2225 3224 2598 3278 consenserint
2650 3238 2814 3292 super
2859 3233 3082 3293 terram,
3140 3226 3208 3283 de
3260 3226 3407 3282 omni
3432 3244 3491 3283 re

1905 3326 2285 3381 quamcunque
2356 3313 2645 3382 petierint,
2704 3316 2795 3370 liet
2860 3315 2965 3372 illis
3037 3333 3067 3370 a
3132 3317 3293 3374 Patre
3370 3333 3492 3373 meo

1908 3400 2041 3472 (Mat
2068 3403 2121 3455 It.
2156 3401 2331 3472 xviii).
2372 3422 2390 3455 ο

1978 3491 2131 3557 Quod
2169 3492 2335 3561 igitur
2380 3508 2447 3548 ex
2496 3495 2763 3550 sententia
2797 3496 3054 3552 Veritatis
3101 3498 3153 3553 in
3185 3498 3323 3554 coelo
3355 3498 3490 3570 liga-

1908 3589 2019 3634 tum
2045 3594 2128 3635 est
2153 3598 2251 3652 per
2299 3597 2392 3637 eos
2422 3583 2536 3653 qui,
2585 3595 2810 3644 auctore
2840 3585 2967 3650 Deo,
3015 3587 3372 3657 principatum
3403 3604 3495 3642 su-

1908 3671 2598 3739 peruijndiciisortiuntur,
2627 3682 2681 3727 ut
2714 3675 2830 3728 vice
2862 3675 2953 3730 Dei
2976 3676 3174 3745 ligandi
3199 3678 3496 3732 auctorita-

1910 3772 2016 3815 tem
2053 3763 2353 3833 accipiant;
2397 3763 2520 3834 quis
2565 3774 2672 3818 tam
2708 3767 3057 3835 pnecipitatm
3086 3768 3282 3823 mentis
3332 3777 3495 3839 atque

1909 3852 2228 3906 exorbitant:
2243 3852 2609 3923 intelligentim
2622 3864 2725 3919 est,
2743 3866 2800 3908 ut
2818 3855 3086 3924 ligationis
3122 3857 3279 3927 hujus
3300 3873 3498 3915 censu—

1910 3958 2025 3997 ram
2042 3943 2268 4007 irritam,
2289 3960 2393 3998 non
2410 3944 2583 3999 dicam
2604 3942 2798 4009 facere,
2815 3946 2908 4000 sed
2924 3946 3169 4001 conﬁteri
3182 3960 3495 4017 prtesumat.

1911 4034 2132 4100 Verum,
2159 4035 2284 4104 quia
2322 4050 2465 4104 smpc
2494 4036 2739 4091 accidere
2779 4037 2915 4093 solet
2954 4046 3012 4092 ut
3036 4052 3164 4110 erga
3203 4041 3497 4110 quemlibet

1909 4128 2216 4194 proximum
2243 4126 2368 4182 odio
2390 4129 2663 4197 autgratia
2690 4139 2971 4183 moveatur
2985 4139 3188 4198 pastor,
3212 4131 3334 4186 inde
3350 4147 3498 4188 reete

222 4243 428 4323 temere
455 4255 486 4295 a
510 4240 662 4295 vobis
694 4240 809 4294 ﬁeri
839 4240 1070 4306 conﬁdo,
1096 4239 1142 4295 si
1168 4239 1311 4294 unde
1333 4238 1802 4294 consecrationem
1834 4265 1881 4330 ο
1912 4231 2005 4287 De"
2029 4219 2349 4330 Ρνορξξξεῑίιιη
3135 4224 3344 4280 animas
3378 4242 3498 4328 mite

223 4326 445 4387 honoris
471 4330 744 4402 accipitis,
797 4332 920 4386 inde
975 4332 1146 4401 legem
1209 4333 1371 4386 totius
1402 4340 1596 4387 vestrae
1616 4330 1807 4386 obser-

221 4423 417 4478 vantia:
456 4440 672 4479 sumere
699 4425 901 4489 velitis,
933 4433 984 4479 et
1016 4424 1156 4478 beati
1196 4422 1341 4478 Petri
1375 4422 1602 4492 apostoli
1628 4422 1804 4487 sedes,

223 4523 341 4578 quae
370 4515 524 4571 vobis
551 4515 902 4571 sacerdotalis
948 4523 1122 4571 mater
1170 4523 1254 4569 est
1298 4514 1597 4585 dignitatis,
1631 4513 1804 4570 eccle-

223 4602 453 4661 siastica:
503 4607 659 4663 vobis
690 4607 760 4662 sit
812 4608 1068 4677 magistra
1117 4606 1365 4660 rationis.
1409 4605 1491 4659 Ad
1522 4620 1683 4676 quam
1714 4620 1810 4659 vos

224 4707 540 4761 promovere
560 4715 660 4769 pro
686 4699 996 4770 exiguitatis
1019 4712 1151 4754 mete
1165 4696 1544 4763 sollicitudine,
1574 4712 1808 4767 praasen-

230 4782 297 4839 tis
341 4790 629 4845 occasione
667 4790 949 4859 temporis,
993 4788 1039 4844 si
1096 4787 1315 4857 quidem
1358 4787 1658 4849 sustinetis.
1688 4803 1807 4841 mo-

229 4888 379 4943 neor,
424 4880 719 4949 praemissis
766 4882 951 4952 paucis
1002 4880 1244 4953 quidem,
1293 4878 1388 4934 sed
1436 4895 1544 4933 non
1576 4878 1812 4933 vitandis

230 4971 531 5038 sententiis,
558 4986 623 5026 ex
651 4970 981 5041 propheticis
1027 4968 1357 5040 evangelieis
1394 4970 1643 5024 decretis.
1676 4968 1811 5024 Nam

231 5053 356 5120 quid
384 5059 621 5128 apertius
649 5068 837 5116 contra
876 5059 1188 5129 huiusmodi
1243 5067 1339 5112 aut
1383 5059 1511 5127 quid
1542 5059 1815 5115 ellicacius

231 5158 512 5207 occurrere
540 5153 755 5224 poterit,
783 5165 939 5221 quam
990 5153 1124 5211 illud
1174 5150 1317 5220 quod
1348 5166 1447 5222 per
1471 5150 1812 5209 Ezechielem

234 5238 546 5305 prophetam
598 5241 849 5299 Dominus
902 5239 1253 5314 increpando
1301 5241 1625 5300 denuntiat:
1681 5259 1698 5294 ι
1754 5242 1818 5300 Si

1915 4326 2018 4363 non
2047 4310 2373 4373 moriuntur,
2403 4318 2458 4363 et
2499 4309 2845 4365 viviﬁcabant
2874 4312 3084 4368 animas
3119 4330 3240 4384 qua:
3269 4331 3372 4369 non
3414 4318 3493 4370 vi-

1913 4408 2046 4451 vunt
2079 4398 2297 4462 (Ezecli.
2336 4400 2476 4469 xm).
2509 4418 2528 4449 ι
2567 4397 2718 4454 Unde
2757 4400 2951 4456 beatus
2979 4402 3273 4475 Gregorius
3306 4404 3357 4458 in
3402 4406 3498 4460 Ιιρ-

1914 4487 2076 4544 miliis
2121 4489 2235 4544 suis
2289 4487 2454 4560 (liam.
2508 4488 2598 4553 26,
2659 4489 2711 4544 in
2739 4489 3010 4564 Evang.):
3057 4512 3075 4545 ι
3103 4492 3222 4550 Non
3259 4496 3499 4554 morieno

1917 4584 2044 4642 tem,
2076 4579 2268 4647 inquit,
2312 4579 2625 4645 mortilicat,
2657 4580 2747 4650 qui
2781 4580 2987 4649 justum
3026 4584 3267 4654 damnat,
3303 4599 3357 4641 et
3390 4604 3498 4644 non

1914 4670 2184 4724 victurum
2221 4671 2497 4727 viviﬁcare
2543 4671 2755 4738 nititur,
2800 4675 2889 4744 qui
2934 4692 3084 4731 reum
3116 4678 3377 4749 supplicio
3406 4681 3497 4734 ab-

1914 4763 2125 4817 solvere
2145 4774 2390 4818 conatur.
2419 4784 2436 4815 ι
2464 4762 2654 4821 Causae
2676 4782 2804 4837 ergo
2824 4769 3114 4836 pensanda;
3133 4779 3277 4835 sunt,
3299 4780 3351 4824 et
3377 4782 3502 4828 tunc

1915 4856 2117 4930 ligandi
2151 4867 2312 4927 atque
2361 4857 2605 4913 solvendi
2653 4868 2894 4928 potestas
2936 4862 3267 4916 exercenda.
3312 4860 3541 4917 Viden»

1916 4950 2043 5005 dum
2076 4949 2255 5018 itaque
2281 4964 2403 5018 qua:
2432 4949 2609 5018 culpa,
2641 4960 2736 5003 aut
2763 4964 2883 5016 qua:
2920 4953 2989 5007 sit
3033 4950 3349 5019 paenitentia
3384 4955 3509 5009 sub-

1918 5051 2110 5098 secuta
2152 5052 2274 5109 post
2312 5041 2548 5109 culpam,
2580 5049 2638 5095 ut
2675 5054 2814 5111 quos
2850 5042 3200 5109 omnipotens
3240 5040 3383 5098 Deus
3417 5060 3513 5115 per

1920 5136 2358 5208 (ompunclionis
2386 5135 2617 5206 gratiam
2644 5135 2857 5202 visitat,
2890 5138 3013 5194 illos
3038 5133 3277 5202 pastoris
3304 5145 3520 5193 senten-

1922 5235 1996 5289 tia
2046 5227 2310 5284 absolvat.
2356 5226 2510 5282 Tunc
2538 5227 2683 5282 enim
2717 5241 2846 5280 vera
2889 5238 2976 5286 est
3021 5219 3296 5284 absolutio
3334 5229 3523 5295 prmi-

2532 5316 2605 5336 -..Α
2630 5314 2807 5336 2-..2..~.-
2854 5331 2863 5333 μ
2988 5309 3321 5334 0.--..2.-.12-2-
3375 5314 3416 5332 Λ
3510 5315 3524 5330 ι

2209 5331 2274 5338 --δα
2302 5326 2496 5338 ζ-αΙο-ηοξ
