4024 5370
540 297 676 356 Ui‘i

1501 295 1808 352 CERAltDl
1848 296 1865 349 l
1905 289 2437 351 CAMERACENSIS
2478 291 2786 349 EPISCOI‘I

3683 290 3815 348 1316

534 411 682 483 pulis
711 417 796 467 est
823 410 1047 465 solutus.
1078 406 1226 464 Illum
1250 422 1411 480 porro
1439 410 1687 483 discipuli
1721 409 1992 464 viventem
2020 406 2128 463 sol-
2156 417 2203 472 Α
2235 424 2510 479 nunquam
2538 410 2704 464 etiam
2732 423 2922 463 manus
2943 422 2979 461 a
3002 405 3204 478 rapinis
3228 405 3526 472 continuit;
3559 406 3697 477 quin
3726 421 3815 477 po-

536 509 691 567 Vunt,
735 514 895 570 quem
950 500 1213 569 magister
1256 500 1679 555 resuscitaverat
1719 509 2013 555 mortuum.
2063 497 2123 554 Si

535 590 681 644 enim
713 589 961 660 discipuli
996 590 1263 644 Lazarum
1296 599 1571 646 mortuum
1602 590 1899 656 solverent,
1930 589 2124 645 Facto-

536 693 651 733 rem
682 678 856 750 magis
881 679 1233 736 ostenderent
1259 694 1421 749 quam
1441 681 1721 735 virtutem.
1750 679 1830 734 Ex
1858 692 1967 749 qua
1995 692 2126 735 con-

536 771 864 826 sideratione
906 771 1225 826 intuendum
1260 781 1349 840 est
1381 772 1524 841 quod
1563 770 1682 826 illos
1727 786 1826 825 nos
1865 770 2125 825 debemus

536 879 634 934 per
654 864 976 934 pastoralem
1003 867 1383 921 auctoritatem
1416 866 1646 932 solvere,
1673 881 1809 935 quos
1833 866 2125 923 Auctorem

536 969 781 1014 nostrum
809 959 1184 1030 cognoscimus
1215 973 1310 1029 per
1337 959 1753 1014 resuscitautem
1785 960 2015 1031 gratiam
2045 960 2128 1014 vi-

533 1050 775 1105 vificare.
803 1049 920 1118 Quo
960 1061 1149 1107 contra
1186 1050 1639 1107 considerandum
1668 1058 1754 1105 est
1793 1058 1980 1106 nostro
2016 1067 2125 1106 non

534 1157 695 1212 posse
725 1142 954 1197 arbitrio
978 1142 1137 1205 solvi,
1166 1157 1304 1211 quos
1329 1141 1577 1197 internus
1607 1140 1812 1196 arbiter
1845 1142 1991 1196 nullo
2017 1142 2129 1212 spi-

535 1231 645 1284 ritu
681 1228 1070 1286 satisfactionis
1107 1231 1388 1286 animavit.
1433 1230 1576 1299 Quid
1619 1238 1798 1285 autem
1840 1230 1956 1301 ipse
1994 1229 2165 1287 dile-’

534 1329 656 1376 ctus
683 1321 894 1377 Domini
925 1320 1161 1378 Joannes
1183 1324 1248 1377 de
1274 1322 1474 1379 talibus
1499 1322 1645 1378 dicat
1667 1322 1982 1389 audiamus,
2014 1323 2128 1394 ipse
2155 1317 2165 1327 ’

536 1412 781 1483 inquam,
828 1411 921 1483 qui
968 1413 1084 1467 ait:
1137 1432 1155 1465 ι
1190 1412 1380 1470 Omnis
1419 1413 1510 1483 qui
1543 1413 1658 1468 odit
1701 1412 1925 1469 fratrem
1969 1428 2126 1468 suum

534 1503 809 1560 homicida
836 1513 926 1577 est
955 1504 1010 1576 (Ι
1030 1503 1193 1559 Joan.
1225 1503 1331 1575 ιιι).
1378 1503 1505 1559 Haec
1531 1513 1639 1569 est,
1671 1503 1868 1573 inquit,
1923 1502 2127 1559 fiducia

534 1612 697 1670 quam
725 1596 986 1653 habemus
1014 1596 1082 1652 ad
1114 1598 1301 1661 Deum,
1341 1595 1487 1666 quia,
1515 1596 1873 1665 quodcunque
1902 1594 2127 1665 petieri-

534 1704 657 1746 mus
685 1690 982 1746 secundum
1029 1689 1364 1745 voluntatem
1397 1687 1536 1759 ejus,
1569 1687 1720 1743 audit
1760 1700 1881 1743 nos.
1913 1686 2128 1743 Scimus

2228 498 2335 553 tius
2366 498 2417 554 in
2450 500 2569 569 ipso
2597 500 2723 556 vitae
2749 495 3012 560 extremo.
3046 498 3203 569 pleno
3219 490 3409 552 ventre
3436 497 3672 567 rapinis,
3705 498 3814 567 spi-

2225 591 2393 646 ritum
2434 605 2666 647 vacuum
2702 589 2930 660 justitia:
2964 588 3238 644 alimentis
3265 587 3469 652 emisit,
3509 587 3605 657 qui
3641 588 3816 641 maui-

2225 680 2364 739 festo
2392 682 2487 738 Dei
2513 680 2721 753 judicio
2754 696 3071 752 percussus,
3100 695 3203 736 nec
3233 677 3599 735 confessionis
3636 679 3820 732 venia-

2227 772 2331 827 lem
2370 775 2597 845 gratiam
2624 774 2843 839 meruit,
2882 789 2985 829 nec
3017 772 3275 827 viaticum
3312 770 3505 827 salutis
3540 771 3815 840 percepit;

2225 879 2387 934 quem
2414 880 2512 922 nos
2536 865 2778 935 quidem,
2813 863 2985 935 culpis
3010 860 3373 934 exigentibus,
3399 860 3678 930 frequenti
3707 875 3822 914 mo-

2226 956 2434 1011 nitione
2472 956 2539 1009 ad
2582 956 3007 1011 satisfactionem
3046 965 3322 1019 vocatum,
3363 953 3459 1007 sed
3488 950 3821 1006 obstinatius

2226 1057 2641 1119 repugnantem,
2679 1048 2990 1118 apostolica:
3024 1046 3367 1103 auctoritatis
3399 1044 3555 1113 virga
3597 1057 3822 1115 percus-

2225 1153 2503 1206 seramus;
2532 1138 2674 1194 unde
2702 1153 2804 1193 nec
2828 1137 2883 1192 in
2907 1146 3154 1193 extremo
3176 1135 3367 1192 mortis
3388 1133 3623 1204 positus,
3651 1132 3823 1186 venia:

2227 1229 2560 1287 mentionem
2598 1238 2692 1284 aut
2724 1230 2941 1301 signum
2990 1226 3260 1283 ostendit?
3286 1224 3461 1292 Unde,
3501 1238 3572 1278 ne
3616 1222 3825 1279 diutius

2226 1335 2325 1376 vos
2350 1334 2650 1386 moremur,
2679 1318 3079 1374 animadvertat
3116 1316 3357 1372 eharitas
3379 1322 3563 1369 vestra
3590 1311 3726 1382 quid
3758 1312 3827 1365 de

2227 1411 2418 1467 iisdem
2453 1410 2940 1466 excommunicatis
3011 1418 3066 1464 ct
3104 1408 3180 1463 ita
3219 1405 3489 1463 defunctis
3527 1403 3644 1459 Leo
3682 1416 3825 1473 papa

2227 1500 2284 1557 in
2339 1500 2700 1558 decretalibus
2768 1500 2883 1556 suis
2945 1498 3093 1555 dicat
3152 1498 3337 1570 (epist.
3372 1496 3474 1561 92,
3539 1510 3593 1550 c.
3650 1495 3716 1558 6,
3755 1491 3826 1544 ad

2230 1591 2506 1665 Rustic.):
2549 1611 2569 1644 ι
2602 1591 2834 1658 Horum,
2867 1592 3059 1661 inquit,
3086 1589 3295 1660 judicio
3329 1589 3423 1643 Dei
3451 1601 3619 1644 causa
3650 1599 3825 1639 reser-

2229 1684 2408 1740 vanda
2428 1691 2535 1750 est,
2568 1684 2624 1739 in
2646 1684 2804 1755 cujus
2828 1698 2990 1738 manu
3012 1682 3113 1736 fuit
3143 1690 3203 1736 ut
3230 1680 3419 1735 talium
3438 1678 3627 1734 obitus
3653 1689 3826 1745 usque

530 1783 698 1839 etiam
725 1783 850 1854 quia
892 1782 1181 1853 petitiones
1218 1781 1482 1837 habemus
1522 1796 1659 1853 quas
1688 1780 2023 1851 postulamus
2058 1780 2127 1835 ab
2156 1760 2203 1822 Β
2230 1776 2298 1831 ad
2335 1774 2734 1832 communionis
2773 1774 3076 1829 remedium
3114 1770 3445 1826 differretur.
3481 1768 3596 1824 Nos
3640 1774 3823 1822 autem

534 1891 621 1932 eo.
649 1875 751 1942 Qui
786 1876 892 1932 scit
914 1889 1140 1947 peccare
1168 1874 1393 1929 fratrem
1426 1888 1579 1928 suum
1608 1882 1886 1943 peccatum
1914 1887 2022 1927 non
2054 1871 2123 1927 ad

535 1976 795 2034 mortem,
836 1968 993 2038 petit,
1034 1976 1091 2022 et
1130 1967 1279 2022 dabit
1315 1965 1363 2021 ei
1407 1963 1868 2035 vitamvpeccanti
1910 1978 2014 2019 non
2056 1963 2124 2017 ad

533 2066 789 2117 mortem.
819 2076 839 2110 ι
869 2056 1209 2113 Eteontinuo
1225 2055 1537 2126 subjungit:
1573 2074 1591 2108 ‹
1625 2055 1722 2111 Est
1745 2063 2026 2126 peccatum
2057 2052 2127 2109 ad

534 2156 790 2213 mortem,
815 2163 922 2204 non
948 2163 1048 2218 pro
1072 2146 1161 2202 illo
1183 2147 1307 2201 dico
1327 2155 1386 2200 ut
1414 2154 1568 2218 roget
1593 2146 1716 2217 quis
1741 2144 1790 2217 (l
1812 2145 1972 2199 Joan.
2002 2141 2078 2201 vl.
2099 2162 2119 2196 ι

534 2238 614 2293 Ac
653 2238 698 2294 si
726 2246 915 2310 aperte
942 2237 1125 2293 dicat:
1160 2238 1286 2307 quia
1320 2251 1481 2292 orare
1516 2236 1733 2307 quidem
1776 2250 1875 2305 pro
1901 2241 2126 2304 peccato

535 2343 643 2384 non
689 2329 757 2384 ad
798 2337 1065 2393 mortem,
1104 2328 1400 2384 voluntatis
1443 2326 1561 2398 ejus
1601 2334 1687 2383 est
1728 2326 1819 2398 qui
1866 2342 1971 2382 non
2013 2325 2128 2381 vult

450 2452 463 2469 ρ
535 2431 766 2476 mortem
806 2421 1134 2492 peccatoris.
1175 2421 1243 2476 Et
1279 2421 1383 2476 hoc
1411 2429 1809 2491 consequenter
1838 2419 2124 2490 approbat,

533 2526 658 2567 cum
699 2511 864 2567 dicit:
905 2531 925 2565 ‹
955 2513 1081 2583 quia
1127 2512 1278 2567 audit
1315 2528 1433 2567 nos.
1466 2531 1485 2565 ι
1524 2511 1679 2579 Quod
1724 2520 1903 2566 autem
1936 2519 2125 2565 contra

538 2602 722 2658 intulit
746 2621 759 2657 :
791 2621 810 2655 ι
839 2604 938 2659 Est
962 2611 1242 2674 peccatum
1267 2602 1333 2657 ad
1363 2610 1612 2666 mortem,
1642 2616 1746 2657 non
1769 2616 1869 2670 pro
1895 2599 1985 2656 illo
2003 2599 2127 2655 dico

536 2703 597 2747 ut
632 2701 786 2764 roget
819 2694 961 2765 quis,
994 2714 1013 2746 ι
1053 2692 1296 2764 profecto
1334 2692 1449 2747 vult
1487 2690 1712 2763 intelligi
1741 2690 1865 2762 quia
1895 2705 1994 2762 pro
2020 2689 2127 2744 ltu-

537 2781 770 2852 iusmodi
811 2798 990 2851 orare,
1021 2783 1202 2839 divino
1237 2792 1321 2839 est
1357 2782 1535 2854 potius
1570 2781 1776 2852 judicio
1804 2793 2126 2852 repugnare,

534 2876 678 2931 sicut
698 2876 976 2932 aitbeatus
998 2876 1363 2947 Augustinus:
1388 2894 1406 2927 ‹
1422 2874 1529 2931 Pro
1552 2871 1929 2944 apertcimpiis
1949 2885 2125 2936 orare,

538 2967 667 3039 quid
689 2968 833 3024 aliud
854 2977 937 3023 est
957 2983 1118 3037 quam
1137 2968 1301 3021 Deum
1326 2967 1390 3021 ad
1414 2965 1750 3021 iracundiam
1772 2962 2124 3034 provocare?»

541 3059 676 3113 Nam
705 3068 759 3114 et
783 3060 897 3129 ipse
921 3075 1019 3130 per
1040 3060 1360 3130 prophetam
1390 3058 1651 3113 Dominus
1676 3056 1837 3112 dicit:
1878 3072 1896 3107 ι
1925 3053 2133 3110 Unum-

539 3119 820 3224 quemque
842 3151 897 3206 in
921 3119 1058 3205 ’νῆε-
1083 3119 1195 3205 suis
1222 3150 1477 3217 Judicabo
1504 3147 1722 3217 (Exerit.
1755 3147 1972 3215 xxxnt).
2006 3164 2026 3198 ι
2062 3144 2131 3200 Et
2156 3119 2202 3184 (ἶ

542 3240 667 3295 alibi
693 3258 707 3293 :
740 3259 758 3292 ι
787 3240 1013 3307 Qualem
1043 3248 1096 3294 te
1127 3240 1410 3305 invenero,
1441 3238 1602 3293 talem
1637 3246 1688 3292 te
1709 3236 1984 3305 judicabo.
2014 3254 2033 3288 ι
2067 3233 2135 3289 Et

542 3333 733 3389 beatus
756 3332 1052 3404 Gregorius
1074 3334 1129 3387 in
1156 3331 1375 3404 Dialogo
1423 3345 1521 3387 suo
1565 3330 1695 3386 dicit
1722 3329 1838 3399 (lib.
1868 3345 1942 3393 tv,
1963 3344 2014 3384 c.
2038 3325 2131 3397 59)

543 3422 666 3494 quia
716 3422 893 3493 qualis
917 3424 1045 3479 hinc
1077 3423 1308 3494 quisque
1339 3422 1634 3493 egreditur,
1695 3420 1818 3475 talis
1846 3421 1899 3477 in
1926 3418 2134 3489 judicio

542 3524 944 3585 praesentatur:
988 3514 1137 3581 licet,
1166 3514 1326 3586 paulo
1373 3523 1513 3584 post,
1571 3510 1834 3583 quasdam
1901 3511 2133 3567 leviores

543 3621 658 3677 pas,
696 3613 755 3659 ut
783 3613 867 3661 est
894 3605 1102 3660 otiosus
1131 3619 1311 3661 sermo
1347 3601 1739 3659 immoderatus
1783 3601 1943 3666 risus,
1977 3614 2136 3671 posse

544 3693 778 3750 relaxari
820 3696 984 3751 dicat.
1024 3695 1091 3750 Et
1111 3694 1393 3767 Scriptura
1423 3693 1587 3749 dicit:
1612 3693 1883 3764 «Lignum
1921 3691 1969 3747 si
1994 3690 2138 3747 ceci-

541 3786 686 3842 derit
714 3788 781 3844 ad
819 3798 1089 3853 austrum,
1122 3798 1218 3843 aut
1256 3788 1324 3842 ad
1354 3785 1681 3857 aquilonem,
1725 3785 1780 3840 in
1813 3796 2137 3856 quocunque

545 3884 663 3934 loco
691 3878 974 3944 ceciderit,
1006 3879 1079 3935 ibi
1108 3878 1214 3935 erit
1240 3875 1441 3948 (Eccle.
1470 3876 1572 3948 xl).
1603 3896 1621 3929 ι
1652 3874 1824 3943 Quale
1876 3875 2042 3946 igitur
2066 3876 2138 3931 sit

545 3984 645 4039 pro
675 3970 979 4041 hujusmodi
1022 3984 1203 4035 orare,
1231 3968 1517 4023 Psalmista
1552 3982 1650 4038 per
1686 3968 1940 4040 spiritum
1973 3967 2136 4021 terri-

547 4061 728 4116 biliter
758 4061 1018 4126 insonuit,
1050 4061 1276 4116 dicens:
1313 4080 1331 4110 ‹
1366 4058 1554 4115 Oratio
1584 4057 1705 4129 ejus
1738 4057 1831 4112 fiat
1859 4059 1912 4113 in
1938 4071 2136 4127 pecca-

549 4164 660 4209 tum
702 4153 888 4226 (Psul.
919 4154 1105 4225 cvm).
1140 4173 1158 4206 ›
1198 4151 1265 4208 Et
1305 4151 1564 4208 Dominus
1609 4152 1710 4206 sub
1744 4150 1923 4221 specie
1968 4149 2139 4220 plebis

551 4243 804 4309 Iudaicae,
844 4258 867 4301 r
892 4261 953 4302 ro
998 4246 1193 4301 talibus
1225 4245 1542 4315 prOphetam
1582 4244 1650 4298 ab
1695 4245 1945 4299 oratione
1986 4258 2139 4298 eom-

551 4344 744 4405 pesctt,
764 4331 814 4390 θ’
841 4353 955 4397 ,cns
982 4354 995 4390 :
1031 4356 1049 4389 ι
1077 4335 1155 4389 Ne
1185 4324 1433 4390 assumas
1457 4334 1669 4388 laudem
1702 4350 1800 4405 pro
1827 4334 1907 4388 eis
1935 4341 1987 4387 et
2011 4346 2137 4386 ora-

552 4429 753 4484 tionem
780 4428 916 4500 (Jer.
938 4431 1059 4501 vn).
1089 4449 1108 4481 ι
1134 4429 1401 4484 Cancrum
1422 4426 1551 4498 quid
1573 4427 1862 4497 Apostolus
1883 4428 1937 4481 in
1959 4426 2134 4497 prima

553 4518 788 4590 Epistola
835 4522 903 4576 ad
948 4520 1257 4578 Corinthios
1309 4521 1533 4585 scribat,
1585 4535 1715 4575 sane
1759 4526 1945 4572 notum
1983 4515 2138 4572 vobis

554 4627 676 4668 csse
724 4628 829 4667 non
875 4612 1095 4667 dubium
1137 4622 1259 4667 est:
1312 4632 1330 4664 ι
1362 4611 1590 4682 Scripsi,
1638 4611 1832 4680 inquit,
1884 4609 2035 4665 vobis
2082 4607 2142 4663 in'

556 4703 816 4775 Epistola,
849 4719 916 4759 ne
949 4704 1413 4759 commisceamini
1445 4703 1786 4767 fornicariis;
1818 4718 1924 4758 non
1953 4701 2141 4770 utique

556 4796 863 4853 fornicariis
892 4793 1050 4865 hujus
1094 4795 1305 4859 mundi,
1339 4803 1433 4847 aut
1463 4795 1664 4856 avaris,
1696 4802 1790 4865 aut
1822 4791 2138 4861 rapacibus;

557 4887 792 4956 alioquin
834 4885 1144 4942 debueratis
1175 4886 1242 4939 de
1285 4886 1389 4940 hoc
1426 4884 1626 4940 numdo
1655 4884 1850 4938 exisse.
1883 4903 1902 4935 ›
1938 4881 2141 4936 Deinde

556 4976 863 5032 subinfert:
908 4995 926 5026 ι
961 4976 1016 5030 Si
1058 4975 1104 5030 is
1135 4976 1226 5046 qui
1278 4974 1448 5029 frater
1492 4974 1827 5037 nominatur,
1858 4982 1941 5027 est
1973 4970 2142 5026 forni—

498 5082 503 5089 '
557 5079 710 5123 calor
734 5078 826 5121 aut
857 5084 1047 5139 rapax,
1083 5084 1205 5123 eum
1237 5067 1543 5138 hujusmodi
1581 5083 1679 5122 nec
1716 5067 1896 5121 cibum
1924 5078 2144 5122 sumere

559 5156 610 5224 (ιι
642 5154 765 5211 Cur.
794 5158 866 5228 v).
902 5177 920 5209 ι
955 5158 1073 5224 Qua
1104 5159 1158 5212 in
1189 5171 1248 5213 re
1277 5159 1615 5227 pensandum
1647 5168 1750 5223 est,
1779 5157 1824 5212 si
1853 5155 2145 5226 Apostolus

565 5258 674 5302 tam
696 5248 942 5306 districta
964 5250 1431 5307 animadversione
1478 5252 1674 5305 horum
1695 5249 1969 5305 consortia
1993 5248 2144 5303 devi-

567 5339 723 5370 In-n'n
753 5350 962 5370 I|\nnnnl
1015 5356 1246 5370 nnnnnn\
1275 5341 1442 5370 nnnln:
1472 5341 1678 5370 n.\I.:l..::
1708 5355 1800 5370 ann
1834 5341 1978 5370 :l'llun
2004 5354 2143 5370 nnn\_

2227 1869 2426 1938 quibus
2479 1866 2787 1923 viventibus
2836 1881 2944 1920 non
2996 1862 3541 1926 communicavimus,
3591 1859 3824 1914 mortuis

2227 1957 2631 2014 communicare
2653 1972 2759 2012 non
2789 1971 3101 2026 possumus.
3131 1974 3150 2008 ι

2298 2049 2407 2105 Sed
2430 2048 2664 2105 fortasse
2685 2046 2907 2103 cuilibet
2933 2046 3140 2115 subripi
3163 2052 3341 2116 potest
3382 2050 3444 2097 ut
3464 2039 3826 2097 absolutionis

2227 2143 2536 2200 mercedem
2564 2151 2620 2197 et
2641 2139 2935 2211 sepulturae
2968 2149 3065 2194 aut
3111 2137 3342 2211 pecunia
3396 2145 3490 2191 aut
3520 2134 3743 2206 prmdiis
3768 2134 3824 2189 in

2227 2237 2419 2293 usibus
2452 2235 2700 2293 ecclesia:
2743 2235 3067 2292 contraditis
3111 2229 3459 2304 qumrendam
3498 2228 3823 2292 arbitretur,

2228 2341 2480 2383 asserens
2506 2342 2573 2381 ex
2601 2326 2909 2397 hujusmodi
2937 2323 3102 2380 rebus
3134 2322 3333 2394 palatia
3362 2330 3533 2384 stare,
3560 2317 3824 2375 ecclesias

2227 2418 2546 2473 instaurari.
2585 2417 2691 2473 Sed
2725 2418 2868 2473 hanc
2911 2413 3029 2485 ejus
3072 2413 3399 2470 sententiam
3426 2410 3667 2482 qualiter
3692 2410 3821 2462 Am-

2226 2510 2443 2567 brosius
2470 2510 2768 2566 Autbertus
2801 2507 3032 2574 refellat,
3069 2506 3257 2579 paucis
3284 2504 3490 2561 audite.
3530 2521 3551 2555 ι
3583 2501 3705 2567 His,
3735 2501 3823 2556 ἰηι-

2229 2605 2378 2676 quit,
2417 2602 2511 2675 qui
2556 2601 2682 2658 talia
2741 2601 2927 2657 dicunt
2969 2614 3069 2656 nos
3121 2598 3393 2655 veraciter
3431 2594 3826 2665 respondemus

2228 2698 2356 2769 quia
2396 2695 2523 2753 inde
2547 2694 2719 2767 magis
2744 2692 2948 2766 palatia
2978 2699 3165 2757 ruunt,
3203 2688 3451 2747 ecclesia:
3494 2687 3825 2743 subvertan-

2234 2799 2343 2855 tur,
2394 2787 2539 2844 unde
2575 2786 2877 2843 secundum
2914 2794 3151 2842 vestram
3193 2780 3523 2839 sententiam
3561 2791 3711 2834 stare
3749 2778 3829 2831 vi-

2231 2879 2448 2936 dentur.
2488 2877 2614 2934 Inde
2646 2890 2779 2946 gens
2805 2891 2968 2947 super
2995 2884 3210 2947 gentem
3240 2873 3412 2937 venit,
3443 2871 3568 2926 inde
3603 2883 3825 2940 regnum

2233 2971 2288 3026 in
2321 2984 2546 3042 regnum
2582 2967 2886 3039 consurgit;
2921 2966 3047 3022 inde
3080 2965 3284 3031 clades,
3315 2964 3441 3019 inde
3478 2961 3672 3025 fames,
3707 2960 3829 3014 inde

2235 3060 2468 3125 excidia,
2499 3058 2628 3115 inde
2652 3057 2907 3114 oriuntur
2938 3055 3254 3130 discrimina
3279 3071 3293 3120 ;
3326 3060 3382 3109 et
3412 3053 3557 3108 unde
3579 3061 3829 3107 terrenus

2233 3150 2487 3210 dominus
2515 3150 2783 3222 placatur,
2815 3147 2943 3205 inde
2965 3148 3227 3204 Dominus
3251 3145 3491 3202 celestis
3515 3145 3585 3199 ad
3617 3143 3831 3197 iracun-

2234 3244 2382 3301 diam
2411 3251 2760 3315 provocatur.
2794 3261 2812 3296 ι
2848 3228 3051 3297 Verum
3092 3239 3349 3311 quoniam
3382 3252 3489 3292 non
3521 3236 3657 3291 latet
3694 3234 3830 3289 noti-

2234 3337 2366 3392 tiam
2400 3344 2665 3402 vestram,
2707 3332 2975 3405 quosdam
3005 3330 3105 3387 sub
3142 3331 3368 3386 obtentu
3398 3326 3541 3398 atqui
3573 3336 3633 3381 et
3679 3324 3828 3387 recti,

2232 3425 2579 3497 praetendere
2611 3423 2719 3480 tale
2747 3422 2954 3494 aliquid
2998 3421 3201 3478 factum
3229 3436 3261 3475 a
3291 3418 3569 3475 modernis
3601 3416 3831 3473 seniori-

2233 3519 2370 3583 bus;
2404 3516 2605 3574 idcirco
2633 3530 2753 3583 vos,
2781 3513 2979 3571 fratres
3020 3512 3147 3580 mei,
3178 3518 3236 3569 et
3274 3512 3418 3567 inter
3441 3523 3539 3565 vos
3572 3507 3830 3562 domuum

2233 3611 2497 3668 Joannem
2512 3606 2900 3666 charissimam
2920 3614 3165 3663 nostrum
3178 3602 3529 3676 singulariter
3538 3600 3828 3662 convenio,

2234 3718 2307 3759 ne
2327 3704 2470 3759 hanc
2491 3701 2649 3757 mala:
2667 3698 3077 3757 consuetudinis
3098 3710 3345 3753 normam
3368 3703 3630 3765 tanquam
3651 3691 3725 3747 ab
3744 3706 3832 3746 au~

2204 3786 2209 3795 ’
2236 3795 2480 3851 ctoribus
2501 3791 2604 3850 sibi
2633 3792 2961 3850 servandam
2983 3790 3240 3848 ascribat.
3264 3785 3381 3843 Non
3407 3788 3552 3843 enim
3580 3795 3833 3840 auctores

2237 3884 2451 3940 dicendi
2502 3891 2627 3940 sunt
2655 3883 2750 3955 qui
2799 3896 2907 3938 non
2934 3894 2997 3936 ea
3032 3894 3154 3951 quae
3178 3893 3209 3933 a
3256 3876 3488 3933 Domino
3520 3886 3577 3932 et
3624 3874 3834 3931 sanctis

2237 3974 2486 4044 patribus
2517 3974 2714 4028 tradita
2747 3982 2936 4029 sancta
2981 3972 3222 4045 Ecclesia
3259 3968 3482 4033 retinet,
3528 3968 3651 4031 sed,
3677 3965 3831 4021 libitu

2237 4083 2362 4134 suo,
2400 4082 2742 4138 quaecunque
2764 4065 3033 4121 voluntati
3061 4070 3379 4125 occurrunt,
3431 4058 3705 4115 servanda
3754 4056 3833 4110 in-

2238 4163 2488 4215 stituunt.
2522 4158 2842 4214 Cousideret
2866 4158 3047 4228 potius
3080 4154 3209 4226 quid
3241 4152 3500 4209 Dominus
3533 4148 3746 4206 Scribis
3781 4157 3834 4203 et

2240 4252 2531 4306 l’hariscis
2557 4249 2923 4320 jurgantibus,
2950 4248 3095 4318 quod
3127 4244 3373 4315 discipuli
3402 4243 3522 4312 ejus
3554 4252 3831 4310 transgre-

2241 4342 2500 4397 derentur
2526 4326 2792 4412 praecepta
2823 4340 3122 4404 seniorum,
3157 4334 3540 4406 responderit:
3577 4352 3598 4383 ε
3633 4333 3831 4399 Quare,

2245 4435 2516 4504 inquiens,
2549 4443 2606 4488 et
2636 4447 2734 4489 vos
2769 4429 3209 4503 transgrcdimini
3240 4427 3549 4482 mandatum
3589 4425 3687 4479 Dei
3714 4438 3834 4494 pru-

2244 4539 2367 4600 pter
2400 4528 2749 4583 traditionem
2778 4526 3057 4581 vestram?
3089 4544 3108 4578 ι
3146 4524 3214 4579 Ει
3239 4522 3399 4594 paulo
3441 4530 3601 4594 post:
3647 4538 3667 4571 ι
3706 4518 3835 4573 Siue

2247 4634 2435 4683 causa,
2464 4618 2662 4687 inquit,
2689 4617 2873 4673 εοιιιιιι
2903 4632 3009 4680 me,
3041 4617 3296 4672 docentes
3316 4611 3594 4669 doctrinas
3620 4621 3676 4665 et
3696 4623 3833 4679 prte-

2248 4720 2401 4780 cepta
2434 4710 2711 4765 hominum
2740 4707 2957 4780 (Matth.
2991 4708 3104 4780 xv).
3137 4727 3156 4759 ι
3189 4705 3298 4762 Sed
3341 4705 3386 4761 si
3428 4703 3667 4761 fortasse
3700 4700 3833 4770 obji-

2248 4796 2391 4869 citis,
2423 4810 2665 4857 vestrum
2696 4802 3085 4870 parochianmn
3118 4799 3307 4865 fuisse,
3352 4804 3408 4853 et
3435 4809 3498 4851 ea
3546 4796 3724 4867 gratia
3766 4795 3832 4849 li-

2248 4893 2435 4949 beram
2470 4891 2782 4947 absolvendi
2824 4900 3148 4962 potestatem
3189 4888 3344 4944 vobis
3393 4886 3716 4951 vindicatis;
3770 4884 3834 4940 de

2247 4980 2352 5038 hoc
2380 4983 2434 5036 in
2464 4980 2722 5037 Meldensi
2751 4980 2982 5037 concilio
3028 4980 3158 5051 quid
3200 4978 3467 5034 sancitum
3510 4976 3585 5032 sit
3621 4976 3676 5030 in
3726 4990 3835 5028 me-

2250 5076 2396 5129 dimn
2425 5072 2752 5144 proferatur,
2784 5073 2927 5143 quod
2956 5083 3041 5125 est
3072 5067 3403 5136 hujusmodi.
3442 5084 3463 5118 ‹
3504 5067 3581 5121 De
3613 5065 3698 5120 bis
3743 5063 3831 5134 qui

2250 5163 2334 5219 inf
2335 5178 2391 5217 ra
2419 5163 2731 5233 parochiam
2756 5161 3076 5216 beneficium
3098 5168 3194 5214 aut
3216 5157 3587 5215 htereditatem
3615 5154 3831 5218 habent,

2250 5262 2305 5308 et
2330 5251 2554 5308 alterius
2582 5252 2821 5323 episcOpi
2852 5250 3167 5322 parochiani
3195 5259 3340 5316 sunt,
3380 5258 3434 5305 et
3462 5249 3591 5304 dum
3626 5248 3693 5303 de
3720 5246 3832 5300 loco

3176 5347 3227 5370 .-ο
3256 5336 3497 5370 Ann-mdo
3508 5338 3682 5370 Iinnnc
3713 5348 3834 5370 non-

2255 5345 2319 5370 Α..
2353 5343 2526 5370 Ian-nm
2554 5344 2657 5370 :In-
2682 5342 2884 5370 rnn:n--‘.
2933 5342 3151 5370 nun:nnn
