4024 5370
209 195 334 251 1517

1508 194 1896 254 EPISTOLzE.

3335 197 3472 254 1518

206 323 483 383 antequam
533 309 660 368 illuc
705 311 932 368 redeant
977 312 1069 368 ubi
1127 313 1369 385 rapinam
1428 312 1696 379 fecerunt,
1727 319 1783 367 et
1807 315 1859 373 Α
1888 310 2222 367 admiranda.
2263 331 2282 364 ι
2313 310 2607 366 Prccamur
2636 309 2797 380 igitur
2839 309 3164 367 citaritatem
3206 319 3470 382 Vestram,

206 402 379 460 omnia
405 399 638 471 pleniter
663 403 956 455 emendent
987 402 1085 472 (5).
1124 422 1144 455 ι

271 491 465 548 Verum
493 492 560 546 de
590 491 692 546 hoc
716 492 851 546 satis
874 492 941 547 ad
973 507 1209 562 prmsens
1257 494 1482 548 dictmn.
1533 492 1652 547 Jam
1684 509 1781 549 vos

205 584 451 640 fraternae
482 581 767 636 charitatis
802 595 986 635 amore
1023 583 1305 637 hortamur
1336 593 1390 639 et
1420 584 1654 652 petimus
1699 593 1780 648 ut,

203 675 322 746 quia
353 675 458 730 huc
485 688 656 743 usque
684 689 714 727 a
744 674 898 729 vobis
935 683 991 728 et
1038 689 1068 728 a
1099 673 1218 730 loco
1246 674 1350 730 isto
1376 676 1549 730 bonus
1575 691 1703 729 usus
1727 682 1784 730 et

205 774 394 822 cuncta
435 780 557 834 qua:
601 767 669 820 ad
710 766 1020 836 generalem
1065 766 1454 824 ecclesiasticae
1501 767 1782 837 dignitatis

201 854 594 910 observantiam
624 856 922 925 pertinent,
942 865 1155 911 servata
1170 865 1314 922 sunt,
1339 856 1483 928 quod
1506 858 1781 912 residuum

203 945 457 1015 temporis
490 955 598 1012 est,
634 962 846 1002 summa
879 948 1083 1003 curetis
1119 948 1400 1019 vigilantia
1431 964 1499 1006 ne
1546 950 1784 1018 antiqua:

202 1038 470 1110 religionis
500 1037 758 1093 nobilitas
779 1039 961 1110 aliqua
988 1039 1389 1096 adinventionis
1416 1043 1658 1096 novitate
1683 1040 1785 1095 im-

200 1137 510 1199 posturctur
539 1128 650 1200 (6);
680 1130 871 1185 sedne
897 1131 1098 1187 seniori
1151 1140 1356 1197 vestro,
1401 1131 1556 1186 fratri
1601 1143 1784 1187 autem

199 1226 252 1272 et
305 1219 480 1286 gratia
531 1218 628 1273 Dei
687 1219 1011 1290 coepiscopo
1062 1229 1270 1288 nostro,
1330 1221 1531 1292 aliquid
1585 1231 1786 1293 przeter

198 1323 406 1377 :equum
435 1318 494 1366 et
525 1311 747 1378 bonum,
776 1311 919 1380 quod
974 1311 1207 1367 fortasse
1247 1312 1338 1368 ille
1382 1315 1558 1368 adhuc
1605 1313 1786 1368 minus

197 1403 445 1473 providit,
478 1404 693 1460 suaderi
753 1405 1006 1472 delectet,
1059 1407 1205 1475 quod
1257 1422 1356 1462 nos
1403 1407 1620 1476 quidem
1659 1406 1786 1477 jure

197 1494 822 1551 incusamnsavobisnon
864 1498 1001 1552 adeo
1045 1507 1319 1558 curatum.
1351 1514 1450 1567 pro
1496 1497 1784 1552 Erleholdo

195 1587 812 1660 scilicet,quent,utipsi
838 1605 936 1645 nos
956 1592 1042 1656 tis,
1077 1607 1196 1657 nos,
1226 1607 1256 1646 a
1284 1593 1500 1648 seniore
1531 1602 1712 1648 vestro
1731 1601 1784 1648 et

195 1677 359 1731 fratre
411 1689 605 1733 nostro
653 1681 1006 1746 commoniti,
1051 1683 1668 1746 excommunicavimus,
1716 1684 1786 1738 ob
1817 1689 1861 1750 Β

193 1771 462 1826 incestum
515 1773 656 1841 quod
686 1788 808 1826 cum
837 1774 1251 1830 sanctimoniale
1301 1777 1671 1840 commiserat,
1703 1785 1785 1828 at-

189 1877 291 1931 que
319 1877 417 1932 pro
452 1862 576 1918 aliis
606 1863 764 1926 malis
817 1879 936 1932 quae
965 1864 1017 1918 in
1060 1873 1246 1920 nostro
1289 1867 1568 1936 cpiscopio
1615 1865 1784 1920 multa

187 1963 624 2024 perpetraverat,
661 1971 822 2026 quem
852 1973 993 2012 nunc
1020 1957 1190 2013 frater
1236 1968 1420 2013 noster
1475 1959 1783 2014 absolutum

187 2041 252 2096 ad
293 2045 740 2100 communionem
793 2047 910 2101 sine
959 2057 1144 2102 nostro
1191 2049 1419 2102 consilio
1467 2057 1523 2102 et
1573 2049 1782 2102 monitu

187 2137 425 2206 suscepit
464 2137 563 2208 ('7).
600 2136 705 2192 Sed
736 2139 1051 2207 parochiani
1086 2139 1280 2201 nostri,
1311 2155 1446 2208 quos
1467 2156 1566 2209 pro
1610 2140 1786 2195 eccle-

187 2228 280 2282 siis
304 2243 441 2296 quas
476 2229 853 2291 incenderant,
875 2239 931 2284 et
969 2231 1175 2298 rapinis
1223 2246 1358 2300 quas
1404 2240 1784 2297 exercuerant,

190 2335 218 2371 a
247 2320 636 2375 communione
665 2333 1230 2390 sequestraveramus,
1279 2324 1345 2377 de
1398 2332 1584 2376 nostra
1628 2339 1786 2392 paro-

190 2409 308 2463 chia
341 2411 393 2464 in
443 2419 710 2478 vestram,
756 2413 807 2467 id
838 2422 921 2468 est
964 2414 1017 2468 in
1065 2413 1370 2478 Nivicllam,
1418 2415 1576 2468 nobis
1616 2415 1789 2469 recla-

195 2503 495 2567 mantibus,
525 2503 742 2568 sublati,
784 2505 852 2560 ad
879 2506 1212 2575 sepulturam
1233 2507 1457 2561 admissi
1489 2516 1639 2561 sunt.
1691 2506 1789 2561 Ve-

195 2595 291 2648 stri
324 2596 519 2657 etiam,
549 2599 615 2650 de
642 2597 838 2666 quibus
870 2598 1010 2668 apud
1060 2614 1154 2671 vos
1182 2597 1454 2667 planctum
1481 2598 1786 2662 habuimus,

187 2702 284 2756 pro
323 2689 598 2744 incendiis
624 2705 840 2759 quoque
859 2700 913 2744 et
938 2691 1061 2745 aliis
1086 2689 1260 2760 culpis
1287 2690 1542 2744 similiter
1569 2705 1598 2744 a
1629 2691 1787 2745 nobis

185 2780 670 2847 excommunicati,
697 2788 901 2846 tamen,
936 2796 1036 2834 nec
1053 2780 1422 2836 satisfactione
1435 2782 1664 2850 purgati.
1687 2796 1788 2836 nec

185 2866 535 2924 absolutione
560 2869 766 2936 donati,
794 2869 846 2923 in
879 2870 1070 2924 eodem
1098 2871 1220 2924 loco
1258 2870 1437 2924 adhuc
1481 2869 1668 2939 jacent
1703 2885 1795 2924 se»

182 2952 320 3031 pulti
356 2963 466 3036 (8).

762 3072 1098 3130 EPISTULA
1138 3074 1200 3129 ll.

287 3186 360 3224 ao
400 3185 793 3226 Αυιιιιειιοιιειι
833 3188 1220 3227 ιΑυιιιιιιεκδειι
1259 3187 1569 3228 ενιειιορυιι.
1603 3171 1682 3244 (9)

791 3264 971 3333 (Anno
999 3265 1180 3336 1051.)

181 3350 258 3405 De
288 3351 652 3405 Adnlberom’s
698 3353 752 3407 in
799 3353 1203 3477 Lugdunensem
1253 3358 1426 3410 sedem
1475 3357 1790 3410 successoris

905 3439 1092 3477 εετιιι.

905 3439 1092 3480 electu.

253 3516 500 3571 Domino
538 3517 905 3584 Annonem,
941 3528 1147 3573 sancta:
1190 3518 1570 3574 Lauduneusis
1607 3517 1796 3573 Eccleo

178 3607 277 3664 size
305 3613 595 3680 episcopo,
629 3609 940 3676 Genaunos,
970 3611 1143 3681 gratia
1180 3611 1276 3665 Dei
1307 3613 1682 3682 coepiscolms.

251 3702 321 3756 Et
353 3703 402 3756 si
440 3704 726 3772 hucusque
740 3703 890 3756 vario
917 3702 984 3756 de
1012 3701 1161 3757 vobis
1190 3702 1362 3772 plebis
1395 3718 1612 3757 rumore
1642 3699 1784 3754 nihil

179 3793 575 3858 movebantur,
603 3795 730 3848 dttm
761 3794 977 3862 quidem
1007 3804 1062 3848 et
1085 3793 1468 3848 ecclesiasticae
1499 3791 1795 3861 disciplina:

177 3885 452 3949 cultibus,
492 3892 547 3938 et
575 3885 800 3954 publicae
832 3885 1320 3940 administrationis
1361 3887 1592 3951 actibus,
1647 3886 1791 3940 haud

177 3976 547 4032 mediocriter
569 3990 758 4045 sapere
781 3971 1134 4041 videbamus;
1181 3991 1326 4030 nunc
1375 3989 1554 4031 tamen
1603 3989 1794 4046 stupor

175 4067 407 4137 quidam
449 4078 684 4122 mentem
714 4077 956 4122 nostram
987 4069 1269 4138 perturbat
1294 4082 1371 4134 et,
1405 4079 1462 4123 ut
1490 4069 1563 4123 ita
1592 4069 1788 4132 dicam,

174 4175 319 4229 pene
351 4159 658 4224 exanimat,
693 4175 814 4214 cum
841 4175 870 4213 a
914 4160 1069 4214 vobis
1113 4171 1224 4214 tam
1273 4162 1578 4217 mirandum
1629 4171 1792 4231 atque

174 4253 512 4306 inusitatum
545 4252 697 4308 nefas
725 4254 776 4305 in
811 4262 993 4306 sancta
1017 4253 1259 4309 Ecclesia
1290 4270 1410 4310 esse
1436 4255 1706 4320 audimus,
1731 4263 1791 4309 ut

173 4344 444 4398 videlicet
470 4343 629 4398 unius
653 4345 892 4414 regimen
927 4345 1181 4400 Ecclesiae
1228 4347 1438 4401 duobus
1484 4347 1644 4400 cedat
1685 4361 1782 4416 pa-
1819 4383 1863 4443 Π

173 4435 451 4501 storibus,
509 4444 563 4489 et
593 4450 688 4488 vos
729 4435 988 4502 eligendae
1031 4437 1393 4491 successionis
1439 4437 1592 4491 vobis
1638 4437 1785 4492 arbi-

174 4529 347 4583 trium
379 4527 696 4582 ascribatis.
729 4527 880 4594 Quod
909 4529 1126 4597 quidem
1157 4544 1257 4583 nec
1303 4530 1355 4583 in
1383 4531 1530 4584 omni
1573 4528 1784 4586 Veteris

175 4619 533 4676 Testamenti
582 4635 808 4685 canone,
863 4629 955 4674 aut
1013 4621 1309 4690 apostolica
1365 4621 1632 4687 Ecclesia,
1683 4621 1782 4690 ipsi

175 4711 320 4768 bene
354 4713 524 4768 scitis
546 4712 672 4766 nulli
713 4713 968 4768 donatum
993 4712 1180 4768 fuisse.
1201 4712 1399 4769 Verum
1415 4722 1469 4768 et
1484 4715 1526 4768 si
1550 4714 1783 4783 aliquem

183 4819 241 4858 ex
276 4805 502 4859 sanctis
531 4819 625 4872 per
655 4805 905 4873 spiritum
937 4806 1005 4859 de
1036 4821 1351 4862 successore
1393 4808 1785 4877 prmnniiliasse

179 4896 526 4957 audivimus,
569 4911 674 4948 non
707 4906 952 4951 nostrum
983 4908 1068 4952 est
1099 4901 1149 4954 in
1195 4900 1500 4968 exemplum
1547 4899 1785 4963 trahere,

190 4987 330 5055 luia,
389 4992 456 5038 ut
507 4985 582 5038 ait
633 4987 824 5041 beatus
883 4986 1177 5057 Gregorius
1237 4989 1457 5060 (Morel.
1511 4991 1603 5044 lib.
1665 4990 1783 5060 vt):

183 5096 202 5128 ι
232 5075 511 5133 Miracula
544 5077 636 5131 Dei
669 5094 774 5132 non
805 5087 930 5135 sunt
973 5080 1026 5134 in
1057 5081 1360 5151 exemplum
1385 5084 1666 5150 trahenda,
1693 5083 1786 5138 sed

250 5195 336 5261 (5)
380 5191 612 5247 Concile
643 5193 708 5249 de
733 5193 942 5257 Meaux,
968 5193 1034 5247 de
1063 5195 1168 5251 l’an
1199 5193 1324 5257 845,
1357 5208 1482 5252 can.
1513 5195 1566 5251 2.

1885 419 1952 458 ne
1982 413 2133 460 tanto
2163 403 2503 472 dispendium
2536 405 2778 466 honoris,
2825 403 3082 458 mutando
3130 404 3474 472 prepositum

1883 497 2186 559 mstimelis,
2215 506 2417 565 quanto
2445 495 2640 549 divinae
2670 495 3000 550 ordinationi
3032 495 3307 552 contraire
3351 495 3469 551 for-

1888 585 2130 650 midetis;
2161 600 2296 639 neve
2327 584 2662 655 Scriptut'am
2694 584 2866 649 vobis,
2898 585 2991 640 sed
3039 598 3135 639 vos
3180 583 3476 654 Scriptura:

1883 678 2256 733 submittatis:
2290 673 2380 745 ne,
2410 678 2572 731 nimis
2603 677 2835 732 amando
2861 676 3182 732 sententiam
3214 685 3472 741 vestram,

1883 768 2116 839 posteris
2133 767 2453 836 relinquatis
2475 767 2814 822 occasionem
2841 766 3134 835 usurpandi
3159 765 3471 831 sacerdotii,

1883 861 1970 928 cui
2002 874 2188 914 revera
2220 859 2474 914 succedet
2514 858 2741 911 materia
2785 855 3086 910 seditionis.
3144 854 3285 910 Nihil
3329 856 3474 910 enim

1885 953 2194 1008 defuturum
2219 952 2570 1012 arbitramus,
2602 950 2643 1004 si
2673 947 2980 1016 huiusmodi
3005 963 3132 1002 usus
3154 901 3515 1012 increverit}

1885 1057 1945 1101 ut
1968 1046 2124 1101 sedes
2149 1044 2407 1100 Ecclesia:
2437 1043 2655 1098 venales
2683 1041 2945 1102 existant,
2976 1047 3030 1094 et
3057 1055 3268 1094 summa
3295 1021 3506 1094 sacer:

1886 1139 2018 1195 dotii
2069 1145 2392 1193 mercaturae
2447 1133 2784 1204 compendiis
2854 1132 3230 1195 venundetur,
3290 1131 3478 1200 sicque

1883 1229 2208 1302 pecuniosus
2233 1228 2464 1298 quisque
2497 1228 2564 1279 ad
2597 1224 2808 1280 culmen
2857 1222 3143 1293 pastoralis
3191 1222 3476 1291 regiminis

1885 1321 2106 1390 aspiret.
2143 1318 2297 1386 Quod
2325 1327 2506 1372 autem
2537 1315 2822 1370 charitatis
2854 1313 3106 1368 fraterna:
3163 1312 3355 1368 affectu
3383 1327 3480 1365 vo-

1883 1417 1970 1474 bis
1997 1415 2247 1479 dieimus,
2274 1427 2562 1483 precamur
2592 1425 2661 1466 ne
2689 1409 2954 1479 indignari
2984 1409 3226 1464 debeatis
3254 1406 3389 1478 (10).

2452 1499 2790 1556 EPISTOLA
2815 1498 2902 1554 ΙΙΙ.

2106 1613 2174 1652 ΔΙ)
2209 1611 2420 1651 εΒΑιυιι
2459 1607 2740 1648 ιιειιειιεειι
2776 1603 3249 1645 ARCHIEPISCOPUI.

2497 1685 2676 1755 (Anno
2708 1681 2890 1750 1051.)

2483 1776 2557 1830 De
2581 1775 2764 1830 eadem
2795 1789 2872 1827 re.

1959 1875 2141 1929 ΕΒΔιο
2165 1869 2574 1941 archiepiscopo
2602 1867 2913 1929 Genaunos,
2930 1862 3130 1918 nullius
3157 1862 3336 1917 meriti
3389 1877 3483 1916 co-

1887 1966 2191 2036 cpisc0pus.

1958 2058 2223 2125 Quoniam
2255 2053 2548 2124 quamdam
2577 2047 2925 2106 exsecranda:
2957 2045 3330 2117 usurpationis
3373 2060 3472 2099 no-

1888 2151 2110 2202 vitatem
2158 2146 2302 2200 infra
2353 2143 2632 2200 dimcesim
2680 2149 2922 2196 vestram
2970 2138 3278 2194 coalescere
3323 2136 3482 2190 audi-

1889 2240 2086 2304 vimus,
2115 2235 2368 2291 videlicet
2393 2243 2452 2290 ut
2480 2248 2589 2288 una
2617 2230 2858 2288 Ecclesia
2891 2229 3026 2284 duos
3053 2227 3247 2282 habeat
3274 2224 3482 2294 episco-

1887 2311 2007 2402 pos,
2038 2339 2093 2385 et
2119 2329 2256 2386 alter
2280 2328 2514 2383 alterum
2559 2326 2628 2380 ad
2675 2321 3066 2379 instituendum
3121 2319 3222 2374 sibi
3259 2331 3478 2372 succes—

1889 2438 2069 2478 sorem
2103 2420 2334 2476 liberum
2359 2419 2559 2474 habeat
2584 2415 2894 2475 arbitrium,
2925 2411 3068 2482 quod
3111 2425 3242 2466 sane
3284 2408 3482 2462 nullius

1888 2512 2228 2568 auctoritatis
2256 2515 2469 2568 conStat
2510 2507 2719 2579 pondus
2765 2502 3058 2567 habuisse,
3099 2499 3347 2554 videmur
3369 2495 3482 2565 jam

1890 2603 2089 2658 intueri
2117 2602 2390 2673 quoddam
2437 2597 2594 2670 quasi
2645 2594 2966 2651 barathrum
3016 2598 3230 2661 patens,
3271 2587 3340 2641 de
3373 2599 3483 2654 quo

1892 2694 2070 2750 fumus
2100 2694 2402 2750 temerariae
2449 2686 2819 2759 usurpationis
2863 2696 3156 2753 erumpens
3209 2677 3482 2751 portendit

1890 2786 2162 2856 quoddam
2193 2772 2502 2840 Schismatis
2542 2778 2854 2835 incendium
2892 2775 3159 2838 futurum,
3187 2785 3286 2842 per
3305 2768 3478 2862 quod,

1891 2880 2249 2934 subeuntibus
2292 2874 2562 2940 dissidiis,
2603 2869 2844 2928 Ecclesia
2883 2884 2913 2922 a
2953 2881 3064 2923 suae
3097 2862 3250 2935 pacis
3274 2861 3484 2916 unitate

1892 2972 2154 3027 solvatur.
2183 2969 2290 3025 Nos
2317 2982 2447 3022 vero
2471 2966 2724 3037 quoniam
2754 2961 2960 3017 nullum
2985 2972 3083 3013 vos
3111 2956 3238 3012 huic
3263 2963 3482 3009 senten-

1813 3038 1860 3100 ο
1897 3065 1986 3120 tia:
2016 3063 2318 3135 praebuisse
2358 3074 2642 3114 assensum
2678 3055 3012 3120 audivimus,
3041 3049 3244 3123 gratias
3273 3047 3484 3118 agimus

1893 3155 2024 3220 Deo,
2071 3157 2138 3211 de
2189 3153 2343 3224 cujus
2387 3154 2490 3208 hoc
2535 3151 2687 3206 vobis
2729 3163 2954 3205 munere
3002 3147 3152 3202 venit
3190 3159 3259 3200 ne
3284 3159 3379 3198 vos
3429 3143 3484 3196 in

1893 3248 1996 3302 hoc
2033 3225 2259 3302 haeresis
2298 3243 2656 3316 praecipitium
2696 3241 3015 3312 pertrahere
3056 3237 3177 3308 quis
3224 3234 3480 3307 potuerit.

1893 3337 2074 3404 Quare
2126 3337 2508 3406 paternitatem
2559 3341 2796 3389 vestram
2846 3342 3282 3402 praamonemus,
3327 3327 3486 3380 obte-

1893 3437 2101 3484 stantes
2136 3443 2234 3498 per
2268 3442 2392 3482 eum
2436 3426 2528 3496 qui
2577 3439 2676 3479 nos
2722 3432 2971 3493 pastores
3002 3422 3054 3475 in
3086 3417 3331 3483 Ecclesia
3362 3431 3480 3480 sua,

1892 3523 2020 3578 licet
2070 3523 2354 3592 indignos,
2406 3532 2530 3575 esse
2571 3518 2762 3584 voluit,
2811 3531 2879 3569 ne
2927 3527 3166 3582 unquam
3209 3525 3302 3563 vos
3351 3507 3478 3561 huic

1893 3612 2295 3675 adinventioui,
2340 3625 2462 3680 quae
2508 3610 2726 3679 quidem
2779 3613 2966 3660 contra
3018 3602 3254 3672 Spiritus
3306 3597 3482 3654 sancti

1892 3705 2290 3760 ordinationem
2351 3712 2406 3757 et
2434 3703 2596 3757 totius
2623 3709 2704 3755 est
2741 3697 2995 3752 Ecclesiae
3019 3692 3302 3749 catholica:
3332 3689 3484 3744 insti-

1895 3796 2179 3858 tutionem,
2213 3802 2538 3849 consensum
2570 3787 2879 3860 praebentis.
2911 3784 3064 3852 Quod
3092 3791 3270 3837 autem
3311 3792 3484 3848 nuper

1893 3901 1995 3940 nos
2016 3883 2309 3939 convenire
2337 3881 2474 3936 velle
2499 3895 2595 3934 vos
2621 3879 2685 3930 ad
2717 3874 3129 3945 colloquendum
3161 3868 3480 3930 mandastis,

1893 3979 2023 4033 illud
2068 3986 2260 4031 vestra:
2312 3972 2578 4029 voluntati
2636 3969 3032 4024 reservavimus
3059 4006 3074 4030 ,
3115 3969 3169 4019 et
3216 3962 3481 4016 maturius

1893 4071 2161 4141 agendum
2193 4081 2504 4129 censemus,
2534 4065 2659 4136 quia
2691 4063 2814 4117 inde
2846 4069 2992 4115 tanta
3022 4067 3222 4114 sancta:
3255 4055 3347 4109 Dei
3382 4054 3481 4106 Ec—

1893 4161 2072 4216 clesiae
2101 4159 2416 4213 discrimina
2447 4157 2718 4216 oriuntur.
2766 4153 2909 4206 unde
2960 4147 3318 4220 negligentius
3365 4143 3482 4213 ejus

1892 4252 2193 4307 commodis
2219 4251 2272 4304 in
2304 4262 2593 4304 commune
2619 4245 2951 4300 consulimus
2988 4241 3144 4310 (10').

2456 4338 2791 4395 EPISTULA
2832 4334 2920 4389 IV.

2091 4450 2159 4488 AD
2195 4448 2473 4488 ιιιιιιοιυυιι
2513 4441 2931 4485 ευεδειομειιεειι
2969 4437 3279 4479 Ειιιεεοιιυκ,

2488 4526 2664 4595 (Anno
2699 4523 2880 4591 1051.)

2498 4618 2577 4672 De
2599 4617 2777 4671 eadem
2804 4631 2878 4667 re.

1964 4716 2236 4776 Βειιοιοο,
2279 4712 2494 4766 neruine
2533 4717 2588 4763 et
2629 4709 2822 4762 merito
2853 4706 3127 4774 episcopo,
3170 4700 3479 4765 Genaunos,

1897 4807 2093 4862 nullius
2132 4802 2310 4857 meriti
2336 4802 2706 4872 coepiscopus,
2731 4796 2992 4867 quidquid
3019 4793 3085 4846 ad
3109 4790 3266 4843 beate
3300 4790 3487 4843 viven-

1895 4899 2020 4955 dum
2051 4895 2396 4966 prmstantius

1970 4987 2235 5053 Quoniam
2263 4996 2550 5052 quamdam
2580 4973 2930 5033 exsecranda:
2951 4967 3365 5027 consuetudinis
3399 4985 3496 5022 no-

1904 5085 2124 5142 vitatem
2151 5076 2290 5129 infra
2317 5084 2564 5128 sanctam
2603 5065 2905 5124 Ecclesium
2945 5061 3254 5119 coalescere
3287 5061 3501 5114 audivi-

1981 5195 2053 5262 (9)
2095 5186 2394 5262 Adalberon
2427 5186 2569 5239 avait
2598 5183 2832 5262 inicum;
2854 5186 3003 5262 sorte
3032 5169 3313 5262 detrahi
3331 5173 3506 5262 simu:
