4044 5290
534 273 672 333 1519

1531 264 1836 323 ΩΕΒᾹΒΜ
1876 262 1897 313 Ι
1934 252 2466 315 CAMERACENSIS
2506 246 2814 308 El‘lSCOl‘l

3676 244 3814 299 1320

534 391 941 461 mus,videlicet
961 397 1019 443 ut
1039 403 1144 442 una
1170 384 1411 442 Ecclesia
1434 384 1567 440 duos
1591 383 1793 439 habeat
1815 382 2117 453 episcopos.
2145 427 2152 438 .

2254 384 2328 439 ne
2376 368 2509 423 mihi
2560 366 2683 438 plus
2733 365 2895 421 selite’
2945 362 3108 419 timor
3156 368 3210 417 et
3236 361 3408 428 dolor,
3444 359 3560 432 qui,
3591 358 3721 416 licet
3752 361 3816 415 sit

532 499 591 544 et
615 500 752 542 unus
783 483 1011 538 alterum
1060 480 1127 533 ad
1172 476 1562 533 instituendum
1610 475 1712 530 sibi
1748 486 2120 530 successorem

533 576 765 632 liberum
788 572 990 627 habeat
1017 570 1326 633 arbitrium,
1353 570 1496 631 quod
1535 582 1666 623 sane
1701 565 1905 620 nullius
1943 573 2125 621 aucto-

535 668 716 724 ritatis
747 673 963 722 constat
1000 665 1210 735 pondus
1253 663 1508 719 habuisse
1531 703 1549 729 ,
1599 662 1846 718 videmur
1887 660 2003 728 jam
2040 660 2125 715 in-

536 757 675 812 tueri
710 755 980 827 quoddam
1012 754 1326 809 barathrum
1359 762 1572 822 patens,
1603 752 1671 806 de
1708 767 1815 821 quo
1844 749 2023 805 fumus
2047 758 2126 804 te-

536 847 788 904 meraria:
828 844 1196 917 usurpationis
1230 858 1524 913 erumpens
1552 842 1827 913 portendit
1851 841 2122 910 quoddam

538 936 849 994 schismatis
880 933 1189 990 incendium
1216 933 1475 994 futurum,
1505 949 1603 1005 per
1634 932 1802 1003 quod,
1840 931 2124 986 subeunti-

537 1029 641 1084 bus
670 1027 930 1091 dissidiis,
968 1025 1209 1081 Ecclesia
1239 1040 1272 1081 ι
1298 1040 1408 1081 suae
1444 1026 1594 1096 pacis
1621 1025 1828 1080 unitate
1860 1024 2123 1079 solvatur.

543 1120 766 1187 Verum,
792 1120 1071 1190 quoniam,
1119 1118 1167 1174 si
1209 1118 1264 1173 in
1302 1119 1444 1174 hanc
1486 1132 1600 1172 rem
1644 1131 1925 1173 assensum
1949 1116 2127 1172 adhuc

540 1212 874 1283 praebuistis,
908 1210 1143 1265 nondum
1196 1208 1417 1263 auditur
1460 1224 1489 1263 a
1515 1209 1691 1273 nobis,
1732 1207 2128 1262 fraternitatem

542 1312 776 1359 vestram
805 1315 1226 1372 praemonemus,
1253 1300 1593 1354 obtestantes
1622 1314 1723 1369 per
1744 1313 1867 1352 eum
1908 1297 1998 1368 qui
2028 1311 2129 1351 nos

543 1393 794 1449 Ecclesiae
817 1408 929 1448 suae
961 1392 1241 1446 ministros
1266 1398 1323 1446 et
1342 1400 1588 1462 pastores
1615 1404 1734 1446 esse
1757 1387 1943 1455 voluit,
1978 1396 2056 1453 ut,
2083 1388 2129 1442 si

545 1484 649 1539 hoc
674 1490 858 1538 vestro
884 1488 1101 1537 constat
1139 1494 1260 1535 esse
1287 1479 1534 1542 consilio,
1576 1477 1772 1533 divina)
1798 1475 2128 1532 ordinationi

545 1573 843 1629 cedendum
891 1572 1073 1643 potius
1110 1569 1412 1635 testimetis,
1453 1584 1614 1639 quam
1637 1568 1855 1640 proprio
1906 1567 2132 1623 arbitrio

547 1663 910 1734 impendatis;
942 1677 1010 1717 ne
1031 1670 1141 1717 tam
1167 1676 1264 1718 vos
1304 1661 1539 1717 carnalis
1566 1676 1723 1716 amor
1760 1660 1814 1715 in
1850 1660 2131 1714 sinistrum

2225 459 2358 514 mihi
2389 472 2488 528 per
2511 472 2670 513 usum
2699 462 2871 519 vetus,
2899 451 2961 507 ﬁt
2989 458 3170 506 tamen
3201 464 3417 519 semper
3439 464 3540 520 per
3558 460 3795 519 augmen

2225 561 2338 607 tum
2371 565 2567 606 novus.
2619 546 2758 603 Nam
2787 547 2832 602 si
2872 543 3165 616 aliquando
3207 542 3475 612 meipsum
3518 541 3819 597 secundum

2225 645 2540 717 qualitatem
2588 643 2714 698 vita:
2760 640 2965 712 aspicio
2994 679 3011 706 ,
3058 640 3116 694 in
3185 637 3550 693 amaritudine
3607 650 3823 699 versor,

2227 735 2354 805 quia
2398 735 2453 789 in
2492 732 2652 789 bonis
2687 731 2901 798 deficio,
2928 730 2984 784 in
3023 727 3183 784 malis
3222 727 3480 798 perduro.
3506 726 3565 781 Si
3596 725 3822 793 quando

2227 841 2359 882 vero
2389 827 2455 882 ad
2487 841 2552 881 ea
2580 828 2700 895 quae
2728 825 2782 878 in
2811 822 3014 878 munde
3041 829 3169 877 sunt
3197 817 3581 890 perspicienda
3615 817 3822 871 mentis

2229 918 2448 977 oculum
2477 916 2688 981 attollo,
2722 923 2921 970 cuncta
2956 912 3084 983 quia
3112 911 3168 966 in
3197 909 3433 980 maligno
3472 914 3606 963 sunt
3645 905 3825 977 posita

2231 1004 2411 1066 video.
2443 1007 2659 1076 Quanto
2688 1005 2922 1060 mundus
2946 1002 3176 1059 feriatur
3195 1000 3397 1072 gladio,
3429 999 3634 1071 quibus
3654 1012 3827 1068 popo-

2229 1101 2315 1157 lus
2360 1101 2594 1156 intereat
2629 1094 3076 1169 pereussionibus
3102 1092 3391 1148 manifeste
3419 1089 3732 1157 considere,
3762 1104 3828 1143 ac

2230 1206 2328 1265 per
2363 1193 2468 1247 hoc
2501 1191 2681 1245 adhuc
2731 1188 2938 1258 majora
2986 1185 3174 1239 venire
3221 1183 3407 1246 timeo,
3452 1182 3583 1252 quia
3635 1186 3829 1235 nostro

2231 1281 2560 1340 sacerdotali
2608 1287 2833 1351 peccato
2872 1277 2988 1333 fieri
3031 1273 3318 1338 confiteor,
3371 1273 3511 1328 sicut
3559 1271 3829 1342 scriptum

2230 1385 2336 1441 est,
2366 1381 2600 1430 testante
2626 1371 2790 1428 beato
2823 1370 2987 1425 Petro
3031 1365 3316 1438 apostolo:
3352 1363 3661 1432 «Quoniam
3694 1371 3833 1416 tem-

2231 1483 2334 1540 pus
2361 1474 2446 1522 est
2468 1473 2529 1520 ut
2554 1464 2784 1536 incipiat
2823 1459 3087 1531 judicium
3123 1457 3193 1513 de
3238 1457 3400 1512 deme
3445 1454 3543 1510 Dei
3591 1451 3643 1522 (Ι
3680 1449 3827 1504 Patr.

2233 1561 2379 1627 1v)»
2416 1558 2483 1612 Ει
2530 1557 2586 1612 in
2621 1554 2907 1612 Ezechiele
2935 1569 2948 1607 :
2982 1551 3060 1607 «Δ
3084 1549 3396 1607 sanctuario
3430 1560 3553 1601 meo
3596 1541 3828 1612 incipite

2237 1650 2456 1721 (Ezech.
2487 1649 2586 1720 ιι).
2608 1668 2626 1702 ι
2672 1646 2836 1709 Verbi
2875 1645 3071 1718 gratia,
3114 1643 3280 1698 veluti
3314 1640 3369 1695 in
3398 1637 3661 1711 praesenti
3693 1636 3831 1691 Sana

549 1725 743 1831 rapiat,
773 1725 935 1825 quam
970 1753 1266 1825 spiritualis
1289 1752 1470 1807 fervor
1498 1753 1552 1806 in
1590 1752 1765 1806 zelum
1792 1750 2134 1806 rectitudinis
2162 1753 2208 1811 B
2239 1751 2342 1817 cite
2370 1741 2556 1796 Marizr
2585 1738 3028 1795 Atrebatensium
3060 1732 3410 1831 manifestum
3450 1737 3536 1831 est
3570 1725 3830 1831 ecclesia.

549 1845 828 1900 accendat.
849 1843 942 1899 Sin
998 1852 1200 1909 autem,
1234 1858 1508 1912 nunquam
1537 1856 1635 1897 vos
1666 1842 1720 1896 in
1757 1843 1859 1897 hoc
1911 1840 2137 1895 haeresis

553 1935 769 2006 prmeipi
779 1936 908 1990 tium
926 1934 1048 2004 quis
1061 1934 1364 2004 pertrahat,
1386 1941 1445 1988 ut
1464 1933 1590 1988 huic
1609 1932 2001 1994 adinventioni,
2017 1946 2138 2001 quae

551 2029 763 2097 quidem
790 2038 980 2084 contra
1039 2027 1274 2097 Spiritus
1311 2026 1482 2081 sancti
1521 2024 1921 2080 ordinationem
1962 2033 2018 2080 et
2059 2034 2140 2078 to-

553 2119 657 2173 tius
691 2126 778 2175 est
822 2118 1077 2175 Ecclesia:
1119 2118 1401 2173 catholicae
1442 2116 1867 2181 institutionem,
1908 2129 2138 2171 consen-

554 2223 669 2264 sum
704 2209 975 2279 praestetis
1005 2208 1139 2278 (11).

1129 2297 1468 2354 EPISTOLA
1504 2298 1569 2353 ν.

774 2406 841 2444 AD
868 2404 1137 2445 LEDUINUM
1170 2402 1416 2442 ABBA'I‘EM
1459 2402 1648 2442 SANCTI
1679 2400 1925 2443 VEDASTI.

1146 2480 1327 2544 (Anno
1359 2479 1543 2547 1051.)

654 2569 733 2624 De
760 2571 999 2624 incendio
1026 2570 1257 2624 ecclesiae
1294 2568 1616 2623 cathedralis
1658 2566 2033 2622 Atrebatensis.

627 2660 934 2727 Gnnmnus,
962 2662 1180 2716 nomine
1203 2676 1308 2715 non
1341 2662 1539 2717 merito
1564 2660 1873 2731 episcopus,
1909 2658 2148 2712 Lcnume

562 2752 742 2808 abbati
788 2761 844 2807 et
885 2753 1032 2809 omni
1085 2753 1485 2824 congregationi
1542 2753 1718 2808 sancti
1764 2750 1942 2807 Patris
1976 2749 2149 2806 nostri

565 2844 796 2905 Vedasti.
825 2846 927 2901 sub
954 2861 1019 2899 eo
1063 2847 1279 2917 degenti
1304 2888 1318 2913 ,
1366 2857 1423 2901 et
1451 2847 1705 2902 emnilms
1734 2847 1872 2900 hanc
1897 2844 2150 2915 paginam

565 2934 759 2990 devote
783 2936 1104 3006 legentibus.
1127 2945 1181 2992 et
1204 2937 1310 2991 vita
1335 2946 1388 2993 et
1410 2953 1514 3006 pax
1545 2954 1572 2990 a
1609 2937 1715 2992 Deo
1747 2936 2151 3005 multiplicetur.

566 3026 658 3094 qui
689 3036 771 3080 est
798 3027 909 3080 vita
940 3036 995 3081 et
1027 3027 1197 3094 gloria
1226 3028 1436 3083 cunctis
1469 3028 1520 3081 in
1554 3044 1613 3083 se
1639 3028 2008 3083 credentibus.

2240 1848 2425 1904 qnam,
2451 1847 2513 1886 ut
2542 1831 2662 1886 Kal.
2698 1829 2950 1901 Augusti,
2984 1826 3130 1899 ignis
3160 1824 3452 1881 adveniens
3481 1823 3548 1877 de
3578 1820 3723 1876 etelo
3752 1827 3832 1874 ιο*

2241 1932 2353 1977 tam
2395 1921 2718 1986 combussit,
2749 1920 3058 1974 videntibus
3081 1916 3318 1972 cunctis.
3354 1914 3510 1970 Unde
3547 1912 3720 1966 timeo
3746 1909 3830 1963 ιιί-

2242 2014 2410 2067 mium
2451 2013 2645 2066 divinae
2682 2007 3175 2065 animadversionis
3215 2007 3320 2062 hoc
3359 2004 3528 2060 fuisse
3557 2001 3827 2070 judicium

2242 2103 2516 2159 venientis
2545 2116 2708 2171 super
2738 2100 2880 2155 filios
2915 2099 3219 2163 hominum,
3257 2106 3341 2163 ut,
3374 2096 3514 2152 sicut
3544 2094 3680 2149 olim
3711 2100 3834 2146 ante

2245 2194 2535 2249 adventum
2580 2192 2818 2254 Domini,
2868 2191 2941 2246 ob
2979 2190 3193 2261 signum
3237 2185 3654 2249 miscricordire,
3684 2182 3833 2239 eoin

2248 2286 2366 2342 loco
2390 2286 2508 2340 alba
2532 2285 2730 2339 vellera
2756 2284 2861 2338 duo
2882 2282 3135 2353 leguntur
3148 2279 3412 2335 cecidisse
3435 2278 3564 2344 :ita,
3584 2275 3656 2331 ob
3669 2274 3835 2344 signi-

2249 2376 2561 2432 ﬁcatienem
2609 2372 2832 2428 ultionis
2865 2371 3081 2438 divinae,
3127 2385 3248 2440 qua:
3280 2376 3507 2423 ventura
3549 2376 3638 2422 est
3675 2378 3836 2435 super

2248 2466 2558 2523 ditlidentiaa
2606 2463 2767 2531 filios,
2822 2463 2962 2535 ignis
3002 2461 3212 2517 veniret
3257 2474 3379 2514 cum
3408 2457 3707 2526 sulphure;
3745 2450 3834 2523 qui

2248 2559 2506 2616 terrendo
2548 2566 2797 2614 moneret
2829 2556 3059 2620 electos,
3106 2563 3167 2608 ut
3194 2559 3416 2623 possent
3444 2565 3474 2604 a
3505 2548 3650 2603 faeie
3677 2557 3840 2601 arcus

2250 2650 2459 2720 fugere,
2487 2659 2543 2728 et
2564 2655 2820 2703 exureret
2845 2645 3040 2716 impios
3063 2652 3118 2698 et
3141 2650 3479 2714 peccatores,
3503 2639 3597 2711 qui
3620 2638 3843 2692 Christo

2251 2755 2469 2811 semper
2507 2739 2806 2794 detrahunt
2853 2735 2982 2792 filiis
3020 2734 3296 2790 Ecclesiae.
3344 2731 3535 2787 Solent
3580 2729 3731 2786 enim
3773 2727 3844 2790 de

2251 2832 2411 2886 nobis
2456 2830 2662 2897 dicere,
2708 2827 2977 2883 ministris
3000 2825 3300 2881 Ecclesiae:
3332 2823 3397 2878 Ili
3435 2828 3563 2877 sunt
3598 2828 3843 2891 pastores

2251 2920 2459 2990 populi,
2491 2920 2581 2989 qui
2619 2934 2726 2974 non
2755 2932 2886 2974 vere
2913 2923 3160 2987 pastores
3187 2924 3334 2977 sunt,
3366 2914 3461 2969 sed
3483 2912 3621 2982 lupi,
3657 2924 3839 2966 conie-

2256 3009 2393 3064 dunt
2429 3010 2573 3064 enim
2604 3016 2830 3078 peccata
2860 3007 3065 3078 populi,
3100 3005 3227 3074 quia
3260 3004 3468 3060 fruetus
3502 3001 3750 3058 ecclesiae
3786 3000 3842 3053 in

637 3113 900 3180 Quoniam
934 3091 1137 3170 sancta:
1176 3117 1367 3170 matris
1398 3117 1651 3172 Ecclesiae
1676 3119 2029 3188 cognovimus
2057 3130 2155 3171 vos
2184 3113 2229 3176 C
2260 3101 2531 3172 ειῙΡεηάίο
2555 3100 2873 3170 ρυοιῖίιίειηο
2914 3099 3253 3170 Ρθνοίρίυηις
3297 3098 3391 3153 sed
3436 3111 3538 3152 "3°
3580 3091 3842 3151 οηίίοηίε

569 3216 687 3256 esse
715 3201 909 3268 ﬁliutn,
944 3203 1206 3260 imitando
1226 3213 1434 3273 patrem
1466 3213 1721 3270 vestrum,
1749 3206 2153 3261 misericordem

574 3295 768 3357 Deum,
801 3294 894 3363 qui
925 3295 995 3350 ad
1041 3310 1153 3350 sua:
1201 3297 1458 3352 bonitatis
1493 3298 1903 3353 similitudinem
1928 3313 2027 3354 vos
2055 3298 2160 3354 sibi

574 3383 631 3437 in
661 3384 1004 3454 adoptionem
1050 3387 1356 3456 procreavit
1401 3387 1567 3442 tilium
1594 3428 1610 3452 ,
1662 3387 1770 3443 Deo
1820 3399 1875 3443 et
1904 3388 2160 3443 charitati

575 3484 769 3532 vestrae
799 3477 1136 3548 gratulamur
1185 3477 1431 3533 multum.
1470 3478 1589 3533 Prae
1616 3479 1830 3535 emteris
1860 3480 2004 3534 enim
2034 3478 2161 3534 filiis

575 3566 749 3621 eidem
775 3567 1032 3624 Ecclesiae
1064 3569 1223 3623 matri
1252 3569 1318 3623 ad
1351 3585 1610 3639 praesens,
1650 3571 1740 3625 Dei
1764 3569 1992 3639 judicio,
2023 3568 2160 3624 aiili-

579 3664 702 3721 ciae,
735 3672 834 3727 per
862 3660 1291 3729 compassionem
1337 3662 1503 3716 animi
1554 3664 1810 3719 honorem
1843 3663 2164 3719 exhibuistis

577 3748 838 3802 debitum.
879 3749 1134 3819 Legimus
1177 3753 1322 3807 enim
1350 3793 1365 3819 ,
1419 3752 1473 3808 in
1528 3753 1682 3810 libris
1728 3754 1960 3828 Regum,
1992 3754 2165 3810 David

580 3850 764 3906 regem
784 3846 840 3892 et
866 3839 1179 3908 prophetam
1206 3842 1547 3897 benedixisse
1570 3845 1719 3899 viros
1742 3844 1905 3900 Jabes
1932 3844 2163 3911 Galaad,

579 3927 671 3997 qui
703 3926 833 3981 Saul
859 3944 1042 4001 regem
1072 3932 1422 4002 sepelierunt,
1462 3937 1709 4004 quamvis
1757 3937 2020 4002 deiectum
2051 3946 2107 3994 et
2133 3953 2167 3992 a

582 4017 691 4073 Dee
737 4019 1080 4090 reprobatum
1104 4062 1119 4088 ,
1153 4023 1421 4079 dicentem
1467 4043 1479 4079 :
1526 4045 1544 4076 ι
1575 4025 1847 4081 Benedicti
1879 4042 1973 4083 vos
2001 4043 2031 4081 a
2062 4027 2171 4082 Do-

583 4107 753 4172 mino,
783 4109 908 4178 quia
944 4107 1152 4166 fecistis
1184 4112 1613 4170 misericerdiam
1660 4132 1784 4171 cum
1831 4116 2050 4173 domino
2078 4131 2170 4171 ve-

583 4214 697 4260 stro
742 4205 872 4260 Saul
899 4217 955 4261 et
982 4208 1249 4278 sepelistis
1297 4225 1420 4266 eum
1465 4211 1549 4284 (II
1580 4212 1709 4283 Reg.
1737 4212 1818 4282 ιι).
1860 4232 1879 4264 ι
1924 4211 1981 4267 Si
2020 4214 2168 4269 enim

586 4296 661 4351 illi
687 4297 1115 4356 benedictionem
1149 4318 1178 4356 a
1210 4319 1338 4374 rege
1363 4314 1419 4360 et
1447 4307 1707 4376 prepheta
1757 4306 1925 4361 David
1953 4320 2174 4376 prome-

588 4397 835 4453 ruerunt,
867 4391 958 4459 qui
1014 4394 1263 4462 quamvis
1294 4395 1504 4466 dejecto
1546 4408 1603 4452 et
1649 4413 1678 4450 a
1727 4397 1832 4452 Deo
1882 4397 2172 4467 reprobate

2260 3190 2461 3257 studio,
2502 3205 2603 3245 nec
2634 3188 3038 3260 praedicationis
3074 3189 3262 3253 verbo,
3287 3186 3421 3242 nihil
3451 3187 3671 3256 penitus
3695 3186 3847 3240 insu-

2260 3285 2414 3347 dant,
2448 3296 2512 3335 ac
2543 3294 2640 3349 per
2678 3281 2802 3345 hoc,
2850 3279 3110 3351 quidquid
3155 3278 3501 3334 adversitatis
3539 3279 3613 3334 sit
3650 3280 3701 3334 in
3742 3294 3847 3335 sae-

2262 3369 2407 3437 culo,
2438 3371 2691 3427 videlicet
2728 3372 3099 3435 mortalitatis,
3144 3369 3484 3441 pestilentiae,
3528 3368 3717 3431 famis,
3763 3370 3843 3425 di-

2265 3470 2398 3514 cunt
2424 3461 2747 3530 promereri,
2781 3470 2836 3515 et
2863 3460 3100 3530 incipere
3125 3476 3157 3514 a
3182 3460 3514 3516 sanctuario.
3558 3459 3627 3515 Et
3662 3475 3788 3514 vere
3815 3477 3847 3513 ει

2263 3551 2597 3616 sanctuario,
2646 3552 2795 3621 quia,
2823 3552 3122 3607 secundum
3167 3550 3300 3605 illud
3343 3550 3662 3606 vaticinium
3702 3550 3848 3605 lere-

2265 3641 2436 3697 mite:
2487 3659 2506 3693 ‹
2532 3642 2772 3712 Dispersi
2816 3650 2944 3698 sunt
2985 3641 3191 3711 lapides
3235 3641 3533 3697 sanctuarii
3576 3642 3631 3697 in
3676 3643 3850 3712 capite

2267 3733 2513 3788 omnium
2541 3734 2848 3804 platearum
2876 3732 2929 3804 (I
2962 3733 3156 3788 Thren.
3192 3733 3289 3805 tv).
3312 3753 3330 3787 ι
3370 3733 3475 3790 Sed
3504 3735 3619 3790 sive
3645 3735 3718 3788 sit
3747 3736 3851 3788 ha}-

2267 3824 2474 3880 reticus
2521 3825 2636 3881 sive
2710 3824 2878 3880 falsus
2937 3823 3284 3880 Christianus
3329 3824 3422 3894 qui
3462 3827 3579 3879 haec
3626 3825 3853 3894 opponit

2270 3916 2544 3983 ﬁdelibus,
2576 3918 2625 3973 ei
2656 3916 3052 3988 reSpendeatur
3093 3916 3238 3985 quod
3274 3915 3351 3970 ait
3384 3914 3440 3970 in
3468 3914 3706 3985 Epistela
3756 3929 3851 3969 sua

2272 4008 2468 4063 beatus
2510 4008 2705 4064 Petrus
2742 4024 2755 4062 :
2798 4026 2817 4061 ι
2845 4002 2905 4063 Si
2950 4006 3067 4062 haec
3119 4006 3356 4075 primum
3402 4020 3434 4059 a
3486 4005 3645 4060 nobis
3671 4045 3687 4069 ,
3735 4004 3854 4075 quis

2272 4115 2460 4155 eorum
2504 4099 2629 4155 linis
2658 4100 2750 4169 qui
2795 4113 2903 4154 non
2941 4098 3173 4155 credunt
3220 4095 3513 4168 Evangelia
3540 4096 3674 4152 Dei?
3717 4093 3853 4152 Etsi

2265 4191 2449 4261 justus
2491 4191 2583 4244 vix
2630 4189 2952 4251 salvabitur,
3004 4188 3203 4258 impius
3227 4195 3285 4241 et
3311 4195 3569 4257 peccator
3593 4186 3685 4243 ubi
3710 4202 3853 4256 pare-

2277 4283 2461 4339 bunt?
2492 4282 2541 4354 (Ι
2569 4280 2719 4337 Petr.
2752 4282 2852 4354 tv).
2889 4300 2919 4334 ι·
2947 4280 3016 4335 Et
3052 4281 3270 4346 iterum,
3301 4279 3445 4348 quod
3495 4279 3576 4333 ait
3602 4278 3855 4333 Dominus

2276 4373 2515 4431 Galilaeis
2564 4375 2619 4429 in
2673 4373 2999 4445 Evangelio,
3051 4373 3143 4443 qui
3191 4372 3243 4428 ei
3295 4372 3687 4426 nuntiaverant
3735 4371 3855 4440 quia

591 4475 739 4531 Sauli
785 4460 1209 4537 misericordiam
1260 4460 1525 4550 τρεέτυηι,
1555 4487 1726 4542 multo
1760 4460 2050 4555 mams'vos
2081 4486 2176 4556 qui
2204 4460 2255 4520 D
2281 4465 2599 4537 sanguinem
2624 4480 2845 4520 suorum
2871 4466 3166 4519 miscuerat
3195 4462 3400 4517 Pilatus
3425 4477 3549 4516 cum
3574 4460 3858 4516 sacrificiis

592 4565 807 4621 fecistis
837 4568 1263 4627 misericordiam
1312 4590 1432 4628 cum
1464 4576 1677 4629 domina
1726 4585 1905 4645 vestra
1934 4577 2176 4631 omnium

595 4666 792 4723 matre,
821 4670 1007 4715 sancta
1040 4662 1291 4719 videlicet
1316 4666 1575 4720 Ecclesia.
1620 4666 1677 4723 Si
1707 4670 1851 4723 enim
1881 4668 1973 4723 Dei
2002 4667 2179 4723 Patris

593 4749 832 4807 cbaritas
861 4753 1167 4808 ostenditur
1210 4754 1265 4808 in
1293 4755 1449 4821 Filio,
1496 4758 1586 4826 qui
1617 4773 1715 4828 per
1743 4769 1971 4815 mortem
1999 4760 2180 4814 carnis

595 4842 833 4896 animam
863 4857 1016 4898 suam
1065 4845 1246 4914 posuit
1288 4861 1387 4915 pro
1425 4862 1621 4919 genere
1650 4849 1905 4913 lmmano,
1937 4848 2180 4918 ejusdem

597 4929 718 4984 Filii
752 4931 929 5004 imago
958 4942 1293 4989 monstratur
1336 4946 1391 4991 et
1439 4938 1492 4992 in
1542 4938 1628 4994 illo
1681 4938 1773 5008 qui
1807 4939 2182 4995 necessitatem

598 5021 821 5090 patienti
858 5039 958 5079 suo
997 5025 1285 5082 miseretur
1314 5030 1580 5099 proxime.
1626 5031 1683 5086 Si
1720 5047 1848 5088 vero
1877 5032 1981 5089 hoc
2004 5031 2188 5087 chari-

605 5112 733 5167 tatis
779 5117 1168 5173 commercium
1236 5119 1286 5173 ei
1352 5120 1664 5177 conceditur
1728 5124 1820 5192 qui
1878 5119 2190 5178 consolatur

602 5203 932 5272 proximum,
961 5217 1165 5277 quanto
1193 5210 1365 5281 magis
1400 5210 1473 5266 illi
1520 5213 1612 5284 qui
1657 5213 1945 5273 honoravit
1971 5211 2189 5268 miseri-

2283 4556 2572 4612 idolorum.
2604 4555 2811 4624 Quibus
2845 4556 3186 4626 respondens
3222 4554 3401 4609 dixit:
3436 4571 3455 4604 ι
3483 4551 3691 4608 Putatis
3719 4551 3857 4622 quod

2282 4647 2339 4703 bi
2365 4646 2573 4704 Galilaai
2598 4663 2711 4718 prae
2736 4648 2990 4703 omnibus
3018 4645 3257 4702 Galila-is
3278 4654 3600 4715 peccatores
3626 4640 3871 4705 fueront,’
3898 4685 3915 4691 -

2284 4739 2376 4809 qui
2428 4739 2554 4794 talia
2607 4739 2751 4808 passi
2805 4737 2970 4793 sunt?
3031 4736 3172 4801 Non,
3221 4736 3342 4791 dice
3374 4734 3562 4799 vobis;
3611 4734 3726 4797 sed,
3758 4733 3859 4787 nisi

2284 4829 2665 4900 paenitentiam
2695 4828 3020 4891 habueritis,
3050 4841 3242 4881 omnes
3272 4825 3525 4880 similiter
3549 4823 3812 4892 peribitis.
3839 4841 3855 4872 I

2286 4920 2354 4975 Et
2383 4921 2602 4984 iterum,
2648 4920 2792 4989 quod
2836 4920 2909 4973 ait
2958 4919 3026 4972 de
3068 4919 3254 4972 decem
3302 4927 3358 4971 et
3395 4926 3521 4971 octo
3541 4929 3705 4986 supra
3732 4928 3861 4982 quos

2288 5009 2457 5066 turris
2479 5010 2533 5064 in
2558 5009 2703 5064 Siloa
2729 5009 2944 5073 cecidit,
2968 5018 3023 5063 et
3047 5021 3143 5062 eos
3172 5006 3373 5061 occidit
3399 5022 3414 5061 :
3447 5023 3468 5056 ε
3492 5004 3701 5059 Putatis
3724 5002 3858 5071 quod

2290 5102 2393 5173 ipsi
2437 5100 2711 5157 debitores
2756 5100 2977 5155 fuerunt
3018 5108 3215 5170 praeter
3251 5111 3445 5152 omnes
3479 5094 3784 5151 habitantes
3810 5092 3860 5144 in

2293 5190 2662 5246 Hierusalem?
2710 5187 2829 5244 Non
2857 5188 2980 5244 dice
3026 5187 3180 5243 vobis
3207 5202 3222 5252 ;
3254 5185 3372 5252 sed,
3402 5184 3459 5254 ,si
3496 5181 3860 5254 pmnitentiam
