4044 5290
289 219 420 276 1321

1097 219 1294 278 unco
1321 220 1593 282 uncos.
1631 207 1846 282 srtsc.
1872 254 1942 266 --

1966 223 2243 284 ΝΟΤΙΤΙΛ
2281 225 2671 287 ωετοιιιω.
3412 241 3552 297 £32!

257 349 400 392 .tem
427 344 484 392 et
520 334 782 426 honorem
818 332 1102 426 Ecclesia,
1147 344 1204 391 et
1240 345 1417 392 tamen
1441 353 1550 393 non
1569 352 1866 409 possumus
1892 343 1944 405 Α
2039 337 2194 406 Quod
2234 339 2512 426 confrater
2557 349 2744 398 noster
2782 337 3219 401 'l'arvanensiunt
3263 347 3552 420 episcopus

285 441 489 499 negare
517 425 644 495 quia
667 440 796 480 vera
831 433 962 480 sunt
992 425 1157 481 multa
1193 441 1314 497 qua
1342 427 1408 481 de
1437 427 1593 484 nobis
1627 431 1866 501 quotidie

285 516 599 572 insultando
635 513 859 569 student
882 513 1186 570 diﬂ'amare.
1221 516 1377 572 Sicut
1403 519 1548 573 enim
1577 519 1653 573 ait
1679 519 1868 576 beatus

281 606 582 678 Gregorius
611 605 854 674 (Homil.
909 605 976 660 Π
1022 606 1079 660 iis
1121 603 1389 676 Erang.)-:
1448 626 1467 658 ι
1499 607 1728 666 Mundus
1784 619 1869 668 est

280 703 480 776 plenus
506 703 906 770 sacerdotibus,
935 704 1031 760 sed
1061 714 1242 760 tamen
1279 705 1334 761 in
1369 720 1547 762 messe
1582 704 1676 760 Dei
1705 720 1868 761 rarus

282 794 577 848 invenitur.
611 812 628 844 ο
657 793 724 847 Et
749 794 976 849 iterum:
1012 793 1235 860 «Qualis
1255 793 1508 864 populus,
1541 793 1664 850 talis
1693 809 1870 851 sacer-

281 888 402 942 dos.
424 907 453 937 »:
485 886 645 944 Unde
675 889 1042 942 necessarium
1069 889 1324 944 duximus
1351 897 1430 954 ut,
1457 889 1585 959 quia
1612 905 1710 960 per
1743 889 1866 945 vita:

282 988 481 1035 nostra:
506 979 810 1049 exemplum
837 995 971 1050 grex
992 979 1195 1037 Christi
1222 982 1436 1052 proruit
1466 982 1535 1036 ad
1561 981 1863 1047 interitum,

280 1083 410 1141 peri
432 1071 560 1125 vitm
591 1081 791 1126 nostra!
835 1072 1089 1128 meritum
1134 1083 1420 1129 revocetur
1451 1074 1528 1129 ad
1563 1073 1863 1139 Christum,

277 1163 631 1232 prmdicando
682 1163 813 1220 illud
863 1163 1262 1236 evangelicum,
1314 1174 1375 1221 ut
1421 1164 1627 1220 faciant
1676 1179 1866 1220 omnes

1969 428 2148 502 Drogo
2178 445 2209 486 a
2233 431 2432 488 comite
2457 430 2726 488 Balduino
2753 435 2920 489 tantis
2946 433 3163 505 injuriis
3199 434 3547 507 impulsatur,

1966 521 2287 592 plorandum
2310 532 2401 580 est
2456 540 2563 580 non
2598 525 2774 584 solum
2813 526 2967 582 nobis
2997 526 3368 584 confratribus
3412 531 3552 595 suis,

1964 625 2155 666 verum
2209 611 2374 666 etiam
2432 614 2645 670 cunctis
2697 614 2948 670 fidelibus
2990 615 3337 672 Christianis.
3397 618 3554 686 Quod

1967 711 2136 768 certe,
2160 711 2222 758 ut
2244 703 2568 771 audivimus,
2595 721 2704 760 non
2733 704 2893 760 aliter
2913 720 3073 775 quam
3099 705 3188 762 ille
3209 707 3301 778 qui
3318 709 3549 777 patitur,

1970 792 2229 852 fraternae
2281 793 2476 849 intuitu
2525 795 2814 851 charitatis
2863 811 3008 866 mgre
3059 804 3361 866 portamus.
3417 797 3552 865 Quis

1967 883 2111 939 enim
2141 892 2251 938 tam
2273 898 2453 940 smus
2481 895 2575 940 aut
2602 886 2870 952 duricors,
2893 887 2986 957 qui
3016 886 3199 942 sedem
3227 887 3554 946 ecclesiasti-

1963 990 2085 1030 cam
2129 975 2252 1031 vivo
2290 984 2512 1046 pastore
2541 991 2648 1032 non
2687 975 2884 1033 defleat
2912 977 3228 1032 viduatam?
3257 978 3400 1050 Ergo
3426 994 3549 1034 mo-

1960 1079 2160 1120 nemus
2188 1080 2307 1128 vos,
2333 1065 2385 1120 in
2412 1065 2505 1120 Dei
2531 1067 2768 1133 nomine,
2793 1075 2955 1138 atque
2977 1080 3286 1136 precamur,
3315 1076 3374 1123 ut
3393 1067 3549 1124 fratri

1966 1155 2196 1225 deiecto,
2225 1169 2550 1226 quocunque
2578 1156 2738 1211 modo
2771 1157 3020 1226 potestis,
3047 1172 3366 1214 succurrere
3393 1166 3546 1213 sata-

275 1253 657 1323 pcenitentiam
700 1253 794 1323 qui
838 1253 1155 1309 ceciderunt
1182 1269 1277 1323 per
1301 1253 1536 1325 culpam.
1572 1254 1850 1324 \ios‘ergn1

1957 1245 2124 1314 satis.
2175 1242 2364 1299 Nullus
2414 1245 2581 1310 enim,
2611 1244 2725 1299 Deo
2749 1247 2980 1316 gratias,
3020 1246 3213 1302 melius
3250 1256 3451 1318 potest,
3491 1260 3549 1304 et

277 1341 480 1398 fratres
532 1343 865 1409 charissimi,
919 1343 1010 1414 qui
1055 1342 1170 1413 jam
1221 1344 1422 1399 stmulo
1468 1345 1862 1410 renuntiastis,

275 1443 489 1490 stantes
519 1436 571 1489 in
607 1444 766 1505 portu
800 1435 1034 1501 Domini,
1085 1436 1368 1491 subvenite
1417 1435 1576 1491 nobis
1613 1435 1866 1492 laboran-

269 1526 423 1581 tibus
459 1525 512 1580 in
551 1528 712 1590 mari,
747 1536 969 1582 orantes
1007 1527 1176 1582 Deum
1208 1527 1864 1595 orationibusetjejuniis

273 1631 345 1672 ne
375 1617 558 1674 veniat
587 1633 751 1687 super
779 1633 878 1673 nos
898 1616 1165 1686 judicium
1195 1618 1290 1672 ira:
1313 1618 1405 1672 Dei
1439 1616 1573 1686 (12).

831 1736 1168 1794 EPISTOLA
1209 1736 1296 1790 Vl.

494 1845 562 1884 ιο
602 1844 879 1886 γυιεοηεκ
919 1844 1292 1885 AIBIANENSEI
1328 1843 1643 1883 ενῑεοομωι.

877 1943 1055 2014 (Anno
1083 1941 1268 2014 1051.)

480 2053 558 2107 De
585 2054 826 2123 episcopo
858 2052 1181 2108 Tarvanensi
1211 2052 1383 2124 inique
1412 2052 1666 2122 expulsa.‘

337 2143 573 2200 'Domino
615 2147 1062 2202 Ambianensium
1110 2147 1365 2218 episcopo
1417 2145 1681 2210 FULCONI,
1741 2144 1851 2200 Gr.-

260 2251 506 2302 ausnus,
555 2237 728 2308 gratia
778 2239 874 2295 Dei
909 2237 1384 2295 Cameracensium
1428 2237 1749 2308 episcopus,
1797 2247 1854 2292 et

267 2328 430 2400 hujus
480 2331 602 2386 vitae
651 2331 1012 2387 innocentiam
1059 2340 1115 2388 et
1161 2330 1400 2388 cmlestis
1451 2344 1577 2386 cum
1632 2328 1848 2400 angelis

265 2418 513 2491 gloriam.

340 2531 455 2602 (12)
496 2533 761 2591 Balderic.
781 2535 1038 2590 Chronic.
1067 2534 1367 2602 Camena,
1395 2534 1488 2590 lib.
1508 2551 1604 2600 ιιι,
1635 2550 1684 2590 c.
1715 2533 1808 2587 32.

1966 1343 2116 1390 certe
2154 1333 2384 1398 debetis,
2430 1334 2559 1403 quia
2603 1333 2734 1389 olim
2782 1342 2965 1389 vester
3011 1334 3116 1388 fuit
3165 1334 3417 1402 clericus,
3479 1351 3546 1392 ae

1965 1437 2148 1484 vestro
2189 1427 2446 1498 suffragio
2483 1427 2551 1483 ad
2591 1434 2756 1481 tanta;
2807 1425 3090 1496 dignitatis
3117 1427 3348 1497 gratiam
3369 1427 3543 1483 subli-

1965 1527 2170 1584 matus;
2211 1518 2532 1574 decet‘enim
2559 1533 2657 1573 vos
2683 1518 3030 1586 Meminisse,
3066 1532 3226 1588 quam
3269 1519 3544 1575 obnoxius

1966 1608 2037 1662 sit
2060 1616 2115 1663 et
2138 1607 2417 1663 canonicis
2437 1616 2491 1662 et
2514 1606 2825 1677 apostolicis
2844 1607 3217 1662 sanctionibus
3237 1609 3546 1678 quicunque

1892 1689 1937 1748 Β
1964 1698 2274 1768 episcopum
2304 1697 2598 1766 quemlibet
2633 1695 3046 1767 n‘aufragantem
3079 1696 3354 1753 distulerit
3382 1698 3543 1768 adju-

1959 1803 2112 1852 vare,
2145 1788 2189 1841 si
2209 1789 2410 1857 possit.
2443 1785 2687 1842 Vestram
2717 1787 2899 1856 itaque
2921 1786 3243 1844 charitatetn
3269 1787 3546 1843 humiliter

1964 1878 2315 1948 imploramus
2367 1888 2450 1943 ut,
2503 1879 2703 1933 domno
2755 1879 3196 1948 archiepiscopo,
3247 1894 3354 1933 una
3416 1893 3545 1934 cum

1966 1969 2229 2026 fratribus
2259 1969 2473 2026 ceteris
2492 1968 2835 2038 coepiscOpis
2864 1969 3207 2032 convocatis,
3246 1968 3313 2021 ad
3351 1966 3546 2022 suifra-

1959 2063 2108 2134 gium
2149 2060 2347 2117 fratris
2390 2073 2576 2130 regem
2617 2058 2830 2113 fortiter
2871 2057 3155 2122 excitetis;
3201 2057 3400 2128 quippe
3436 2056 3542 2112 hoc

1958 2151 2008 2206 ei
2031 2151 2344 2206 intimantes
2375 2150 2536 2219 quia,
2583 2150 2629 2204 si
2675 2157 2920 2204 sanctam
2948 2147 3246 2204 Ecclesiam
3296 2145 3537 2202 mutilari

1957 2246 2282 2316 permittet,
2349 2242 2588 2299 cmlestis
2655 2243 2735 2297 ira
2808 2256 3033 2312 regnum
3109 2255 3264 2295 suum
3328 2240 3534 2296 discin-

1962 2337 2049 2394 det
2076 2335 2211 2406 (ιδ).

2043 2530 2157 2603 (13)
2196 2529 2467 2586 Balderic.
2491 2527 2743 2584 Chronic.
2771 2529 3073 2595 Camnae...
3100 2527 3197 2585 lib.
3217 2544 3300 2598 ut,
3324 2544 3375 2583 c.
3405 2527 3492 2584 34.

272 2698 3524 2761 mm

1548 2888 1719 2936 ANNO
1764 2891 1991 2934 DOMINI
2037 2889 2170 2932 λιιι.

1513 3051 2188 3214 HUGO

577 3359 1522 3483 LlNGONENSlS
1564 3294 2290 3474 ECCLESl/E
2375 3351 3196 3488 EPISGOPUS.

1671 3592 2122 3605 ...ψ-ρ

1265 3701 1772 3796 NOTITIA
1841 3699 2524 3791 HISTORICA.
2570 3821 2573 3824 ν
2673 3812 2676 3815 λ

1327 3895 1430 3964 (Ex
1470 3891 1646 3948 Gallia
1676 3891 1979 3947 Christiana
2036 3899 2168 3946 tom.
2198 3890 2288 3955 IV,
2317 3843 2468 3960 554‘.)
2537 3900 2541 3904 ‘
2617 3851 2620 3856 Ι

323 4079 482 4150 nugo
525 4081 590 4137 de
625 4076 878 4141 Breteuil,
928 4075 1166 4134 Gilduini
1199 4073 1467 4146 Britoglii,
1504 4087 1599 4127 seu
1636 4069 1843 4126 Britolii
1870 4068 1920 4133 α
1951 4069 2051 4126 fuit
2079 4078 2139 4124 ut
2170 4069 2440 4128 docuisset
2465 4110 2481 4135 ,
2511 4028 2660 4126 circa:
2697 4069 2792 4128 Dei
2821 4067 3081 4128 ecclesias
3123 4068 3388 4126 sollicitus
3428 4085 3528 4125 au-

256 4175 312 4227 in
358 4172 555 4228 finibus
585 4170 993 4226 Bellovacorum
1024 4167 1242 4224 comitis
1283 4166 1447 4229 filius,
1483 4163 1652 4218 frater
1683 4161 1844 4218 Vale-

256 4261 417 4328 riani,
447 4263 538 4332 qui
582 4264 632 4316 in
660 4260 846 4332 prmlio
879 4256 1022 4328 apud
1060 4256 1290 4312 Barrum
1319 4253 1613 4311 commisso
1639 4252 1837 4306 vulne-

254 4363 408 4410 ratus
432 4355 486 4410 in
514 4349 759 4424 geniculo
785 4358 974 4419 postea
993 4347 1347 4403 monasticam
1369 4345 1536 4400 vitam
1563 4341 1840 4415 professus

252 4456 338 4502 est
372 4447 426 4501 in
454 4443 701 4501 coenobio
725 4441 784 4496 S.
810 4439 1016 4504 Vitoni,
1043 4447 1100 4495 et
1126 4437 1327 4494 ibidem
1353 4443 1477 4508 post
1500 4434 1836 4491 Ricbardum

252 4538 580 4594 constitutus
610 4535 798 4600 abbas,
822 4543 886 4588 ut
911 4531 1082 4588 refert
1121 4530 1274 4602 Hugo
1308 4527 1735 4585 Flaviniacensis
1781 4527 1836 4580 in

251 4626 525 4682 Chronico
573 4621 921 4689 Virdunensi,
977 4621 1080 4678 fuit
1117 4619 1412 4676 canonicus
1453 4612 1834 4677 Carnotensis,

252 4719 448 4774 deinde
495 4716 856 4788 Lingonensis
907 4715 1155 4770 antistes.
1204 4711 1336 4783 Ejus
1378 4710 1446 4766 ad
1490 4709 1596 4765 hoc
1638 4721 1836 4764 munus

231 4803 584 4866 ‘evectionem
609 4809 689 4866 sic
715 4808 882 4866 refert
899 4807 1210 4863 Chronicon
1237 4803 1298 4861 S.
1327 4802 1550 4873 Benigni
1576 4818 1590 4856 :
1620 4819 1640 4854 ι
1663 4800 1837 4856 Morte

251 4901 510 4957 Richardi
543 4916 659 4967 rex,
690 4897 932 4956 consiliis
979 4900 1182 4971 regina:
1227 4896 1295 4950 ad
1343 4895 1483 4951 iram
1539 4892 1832 4957 animatus,

251 4990 447 5045 iterum
471 4990 618 5045 dedit
637 4990 1000 5061 episcOpatum
1022 4989 1238 5045 cuidam
1261 4984 1462 5040 clerico
1479 4981 1832 5039 Carnotensis

248 5079 524 5136 Ecclesiae.
558 5079 712 5148 Hugo
736 5079 826 5136 hic
847 5083 963 5130 erat
998 5079 1197 5140 dictus,
1231 5073 1534 5146 fuissetque
1563 5073 1692 5131 utile
1735 5086 1834 5128 vas

250 5171 305 5223 in
337 5173 497 5226 domo
531 5169 756 5234 Domini,
804 5165 850 5220 si
886 5163 1155 5233 juvenilia
1209 5163 1482 5219 desideria
1527 5164 1738 5222 evitare
1775 5171 1833 5218 et

956 5271 1073 5290 Q-nl
1149 5253 1260 5290 αριι
1300 5253 1345 5290 in

245 5261 553 5290 -..ηρ-λίην..
593 5261 798 5290 ΛΛΙΑΛΠΔ
825 5269 1073 5290 osanna-na
1149 5253 1260 5290 and
1300 5253 1345 5290 in
1397 5252 1606 5290 qtlhsnIa
1641 5255 1830 5290 ιιι-ηδι-

1949 4168 2276 4228 gmentator,
2291 4159 2738 4220 sed'eeontrario
2757 4159 3032 4234 negligens
3069 4161 3134 4232 et]
3153 4160 3522 4231 distractam»

1945 4252 2012 4308 Et
2033 4267 2190 4308 suum
2212 4251 2523 4312 cmnobium
2537 4247 2825 4322 speciatim
2861 4252 3112 4323 queritur
3149 4250 3332 4307 multis
3359 4266 3528 4310 vexa-

1938 4341 2182 4398 tionibus
2237 4342 2482 4398 attritum
2534 4340 2743 4406 fuisse,
2795 4351 3183 4412 repugnantem
3246 4340 3524 4412 Ulgerium

1942 4431 2213 4497 abbatem,
2245 4430 2391 4488 male
2414 4431 2683 4498 nabitum,
2700 4429 3030 4502 depositum,
3056 4438 3257 4487 etcum
3279 4430 3528 4502 pluribus

1941 4537 1972 4578 e
2002 4523 2116 4578 suis
2160 4521 2441 4578 monachis
2476 4522 2748 4594 captivum
2771 4523 2999 4578 ductum
3047 4522 3353 4589 Divionem,
3382 4522 3527 4594 apud

1942 4613 2204 4668 Sanctum
2225 4610 2842 4682 Benignttm.l3i,sedem
2868 4610 3264 4683 Lingonensem
3295 4611 3522 4682 petenti,

1941 4717 2010 4760 ne
2035 4703 2278 4776 quavis,
2326 4709 2387 4756 ut
2416 4703 2714 4776 decessori,
2746 4700 3062 4768 inferretur,
3109 4700 3342 4756 Henrico
3373 4700 3522 4772 prin.

1941 4793 2047 4863 cipi
2079 4799 2355 4849 coaetaneo
2377 4791 2583 4862 placuit
2604 4790 2798 4848 adesse
2832 4789 3143 4861 prazsentia.
3175 4798 3233 4844 et
3259 4787 3518 4845 Richardi

1941 4892 2146 4940 sortem
2175 4879 2621 4940 reformidantem
2660 4879 2715 4938 in
2739 4877 2996 4933 cathedra
3031 4873 3322 4957 collocare,
3352 4875 3528 4946 inquit

1939 4974 2283 5047 Lingonense
2339 4969 2646 5028 Cbronicon
2685 4975 2810 5042 post
2839 4967 3131 5023 Besuense.
3192 4965 3410 5022 Interim
3452 4963 3531 5018 ef-

1938 5065 2090 5124 flavit
2135 5063 2376 5132 animam
2425 5061 2699 5118 Bobertus
2732 5073 2853 5124 rex,
2894 5059 3036 5116 unde
3067 5056 3331 5128 praecipiti
3370 5060 3532 5114 cursu

1937 5160 2102 5218 rediit
2148 5154 2446 5224 Henricus;
2473 5150 2608 5208 nihil
2637 5162 2823 5208 tamen
2857 5151 2986 5207 huic
3037 5146 3248 5216 liugoni
3299 5149 3528 5220 deroga-

1937 5261 2050 5290 mm
2102 5245 2220 5290 nni-
2252 5254 2310 5290 et
2337 5242 2573 5290 defuncti
2603 5250 2661 5290 el
2680 5239 2807 5290 novi
2855 5240 2996 5290 rdiis
3019 5235 3323 5290 patrocinio
3346 5237 3534 5290 fultus.
