4044 5290
563 322 700 386 1393

1609 316 1913 379 [IUGONIS
1950 316 2404 377 LINGONENSIS
2440 314 2748 377 EPI'SCOPI

3697 316 3835 375 εδει

561 438 756 499 nelicia
793 424 1041 520 contulit.
1088 434 1506 494 Divionensihus
1536 432 1899 506 potissimum,
1928 438 1984 487 et
2011 430 2145 489 San-
2173 436 2237 497 A-
2265 429 2450 487 Sancti
2476 426 2799 520 Florentini,
2826 443 2985 502 quam
3013 425 3189 520 miles,
3215 425 3389 520 {ymo
3418 424 3664 520 nomine.
3690 428 3836 520 dces

559 543 772 588 ctorum
792 529 1145 587 Geminorum
1174 525 1995 598 canonicis,Polongiacensibus
2016 540 2145 581 san-

558 620 998 684 ctimonialibus,
1057 635 1121 677 ac
1175 620 1338 676 etiam
1384 616 1756 675 Besuensibus
1812 615 2139 682 monachis,

557 712 756 782 quibus
780 711 1028 767 attribuit
1046 709 1438 781 Lingoncnsem
1454 707 1639 765 Sancti
1653 704 1861 763 Genulﬁ
1883 704 2147 776 capellam

559 805 615 857 in
650 802 975 874 prioratum.
1004 798 1194 856 Effecit
1227 809 1286 855 ut
1309 799 1370 854 Β.
1395 797 1649 855 Marcello
1691 795 2058 859 Cabiionensi,
2088 793 2145 851 in

559 880 705 947 ctetu
735 890 954 964 publico
980 905 1269 962 procerum
1295 889 1620 961 Burgundim
1650 889 1793 959 apud
1818 887 2144 954 Paluellum,

557 982 704 1038 bona
733 982 787 1037 in
813 995 952 1053 pago
973 979 1202 1036 Floriaci
1231 979 1298 1035 ad
1318 978 1575 1036 Oscaram
1597 977 1819 1032 ﬂuvium
1849 976 1953 1033 sita
1983 977 2145 1032 resti—

557 1081 863 1131 tuerentur.
898 1071 1055 1128 Dedit
1083 1081 1139 1129 et
1167 1071 1342 1128 eidem
1372 1070 1661 1128 ecclesiam
1689 1070 1877 1127 Sancti
1923 1069 2143 1142 Georgii

558 1163 798 1232 ejusdem
825 1161 1080 1228 Fioriaci,
1101 1161 1308 1218 Alvisio
1328 1160 1532 1232 priore.
1546 1159 1743 1217 Nescio
1765 1174 1864 1215 cur
1876 1160 2147 1216 Bcsuensc

557 1253 862 1309 coenobium
912 1249 1137 1325 ejusque
1164 1251 1413 1308 abbatem
1450 1250 1726 1323 Uigerium
1758 1249 1899 1306 male
1939 1249 2145 1306 habue-

552 1346 876 1413 rit;verum
925 1345 1040 1400 scio
1085 1344 1294 1400 socium
1346 1353 1402 1400 et
1452 1353 1862 1415 cooperatorem
1888 1343 2145 1399 habuisse

552 1435 906 1491 Halinardum
932 1444 1058 1490 tunc
1069 1431 1257 1490 Sancti
1279 1434 1502 1506 Benigni
1523 1435 1939 1500 moderatorem,
1957 1442 2146 1505 postea

556 1526 968 1601 Lugdunensem
1001 1522 1491 1596 archiepiscopum,
1511 1524 1688 1580 virum
1712 1522 1912 1595 ubique
1934 1531 2146 1594 specta-

561 1625 678 1672 tum
731 1625 792 1672 ut
836 1616 1263 1673 sanctissimum.
1315 1616 1399 1672 Ad
1454 1613 1864 1672 tribulationem
1911 1613 2040 1671 cieri
2090 1621 2147 1670 et

2257 517 2560 579 beneficiali
2595 520 2720 590 jure
2751 519 2983 587 tenebat,
3011 518 3130 590 ipso
3169 517 3341 574 milite
3382 516 3719 587 postulante,
3742 518 3839 572 dat

2249 610 2542 668 Warnerio
2589 608 2775 666 Sancti
2811 608 3073 680 Stephani
3111 605 3417 679 prmposito,
3455 621 3583 661 cum
3635 604 3836 666 senis.

2247 713 2514 772 mercato,
2538 703 2921 769 teloneo,ctc.,
2950 701 3017 756 ad
3045 715 3202 756 usum
3216 699 3539 756 cleriwrum
3567 697 3681 759 illic
3702 698 3839 753 resi-

2251 798 2520 861 dentium,
2551 810 2616 853 ea
2648 804 2827 852 tamen
2862 793 3189 858 conditione,
3215 801 3275 848 ut
3310 790 3711 859 subjectionem
3740 790 3840 845 ab-

2246 888 2409 945 batiaa
2438 886 2623 945 Sancti
2669 884 2929 957 Stephani
2959 882 3196 954 prmlatis
3222 880 3479 937 exhibere
3520 893 3631 935 non
3660 878 3843 949 negli-

2247 989 2405 1052 gant;
2439 978 2766 1051 deprecante
2805 975 3070 1047 Aymonc,
3098 971 3297 1031 comite
3322 969 3466 1027 fideli
3492 984 3619 1037 suo,
3656 968 3842 1024 reddit

2249 1070 2533 1127 ecclesiam
2583 1067 2769 1124 Sancti
2812 1065 2962 1122 Petri
3003 1064 3166 1121 sitam
3194 1063 3247 1118 in
3285 1060 3407 1117 villa
3438 1059 3612 1125 Mora,
3647 1073 3841 1113 monac

2246 1162 2434 1229 sterio,
2460 1168 2817 1232 cognomento
2843 1151 3269 1219 Pulchrada,vel
3294 1151 3526 1207 Saxonis
3545 1150 3838 1216 Fontana,

2248 1262 2439 1310 sancto
2472 1251 2712 1323 Benigno
2741 1249 2966 1318 ejusque
2987 1244 3173 1303 abbati
3195 1242 3511 1299 Halinardo.

2319 1347 2514 1400 Actum
2549 1340 2808 1415 Lingonis
2834 1337 3070 1412 publice,
3112 1343 3373 1409 regnante
3401 1331 3639 1391 Ilenrieo
3679 1345 3840 1403 rege,

2249 1451 2393 1493 anno
2431 1450 2551 1490 VIII.

2317 1535 2378 1593 Si
2402 1534 2616 1591 initium
2648 1530 2865 1588 Henrici
2891 1543 3172 1586 sumamus
3200 1541 3230 1582 ο
3252 1526 3427 1599 prima
3461 1523 3583 1596 ejus
3602 1538 3844 1582 corona-

2248 1627 2419 1695 tione,
2451 1627 2636 1683 datum
2675 1632 2760 1681 cst
2789 1623 2892 1679 hoc
2917 1621 3151 1693 diploma
3177 1637 3267 1677 an.
3297 1618 3463 1686 103i;
3492 1619 3539 1676 si
3578 1634 3613 1674 a
3655 1629 3839 1674 morte

555 1705 739 1778 populi
787 1703 1340 1777 Linsonensisquod
1384 1712 1632 1777 spectat.
1685 1704 1793 1762 dici
1850 1712 2037 1775 posset
2089 1704 2144 1760 id
2247 1709 3843 1790 patris,an.1038.Adannumi042rcfcrtMabiilon.pra-

555 1796 785 1853 meritos
824 1795 1013 1863 fuisse,
1043 1795 1208 1867 idque
1255 1795 1331 1852 illi
1364 1810 1395 1851 a
1434 1792 1651 1868 regibus
1694 1796 1930 1868 jussum,
1962 1804 2023 1852 ut
2056 1796 2141 1852 in-

2248 1818 2465 1880 ceptum
2490 1823 2597 1879 quo
2619 1805 2912 1861 Rotbertus
2937 1802 3262 1874 Burgundite
3281 1799 3389 1857 dux
3413 1815 3682 1857 onerosas
3702 1815 3842 1855 con-

554 1883 788 1943 ΐευειειιη
818 1895 873 1942 ει
901 1901 1008 1943 non
1051 1887 1306 1943 meritam
1332 1885 1591 1944 Richardi
1636 1896 1837 1944 sortem
1865 1897 1921 1945 et
1950 1902 2138 1944 necem
2245 1898 2558 1956 suctudines
2580 1897 2634 1952 in
2659 1895 2781 1951 villa
2803 1893 3030 1952 Gilliaco
3052 1893 3253 1949 Sancto
3277 1893 3553 1949 Germano
3580 1891 3836 1947 Pralensi

560 1977 973 2035 ulciscerentur.
1007 1978 1145 2035 Addi
1176 1978 1338 2034 etiam
1369 1987 1557 2051 posset
1597 1979 1651 2035 in
1691 1977 1809 2049 ejus
1836 1979 2137 2051 apologiam

2247 1988 2501 2054 remittit,
2550 1986 2744 2057 cuique
2772 1984 3069 2041 subscribit
3094 1984 3249 2056 ilugo
3288 1992 3493 2039 noster.
3536 1983 3741 2039 Verum
3780 1981 3836 2036 in

565 2085 715 2135 eum,
763 2084 793 2125 a
825 2069 1022 2143 quibus
1065 2078 1344 2142 tantopere
1383 2070 1722 2142 vituperatus
1749 2080 1855 2138 est,
1897 2070 2140 2142 impense

559 2175 948 2232 nonnunquam
997 2162 1271 2218 laudatum
1304 2176 1321 2218 :
1351 2162 1432 2219 sic
1476 2163 1620 2218 enim
1667 2162 1735 2219 de
1785 2177 1850 2221 co
1898 2160 2143 2233 loquitur

548 2249 840 2308 Besuensis
890 2252 1377 2324 chronographus:
1410 2270 1429 2306 ι
1470 2252 1717 2325 Hugone,
1744 2252 2039 2324 pontificali
2085 2253 2139 2309 in

546 2342 817 2398 cathedra
856 2341 1443 2416 feliciterpraasidente
1491 2345 1901 2419 Eeciesiamque
1932 2345 2133 2419 Lingo-

555 2432 695 2490 nicae
744 2435 889 2491 sedis
935 2436 1025 2507 pie
1077 2444 1320 2505 regente,
1367 2452 1557 2493 verum
1607 2436 1876 2493 calamum
1922 2438 2143 2494 cohibet

550 2520 979 2596 ejusdepositio,
1001 2525 1458 2582 ethorrendorum
1472 2526 1763 2583 criminum
1781 2527 2083 2584 accusatio.
2114 2544 2134 2580 ι

625 2613 740 2671 Sub
790 2613 909 2686 ejus
941 2616 1289 2688 episcopatus
1318 2616 1497 2683 initio,
1528 2632 1651 2674 cum
1679 2617 1961 2685 Rohcrtus
2002 2617 2142 2673 Bur-

554 2706 769 2776 gundiae
812 2706 942 2773 dux,
982 2707 1086 2763 sibi
1125 2706 1372 2776 fundum,
1401 2708 1623 2763 nomine
1647 2706 1947 2775 Vivarium,
1977 2721 2142 2779 super

550 2799 808 2855 Oscaram
835 2797 1067 2871 {ﬂuvium
1105 2798 1468 2867 vindicasset,
1498 2813 1563 2854 ac
1599 2798 1920 2871 Benignioni
1950 2812 2144 2856 mona-

552 2890 640 2945 chi
681 2889 811 2945 illud
843 2896 1175 2960 repeterent,
1206 2896 1268 2944 ut
1297 2888 1399 2946 sibi
1428 2904 1460 2945 a
1499 2888 1786 2946 Willermo
1814 2889 2013 2946 comite
2040 2904 2140 2962 pro

555 2981 780 3037 Henriei
809 2980 963 3037 ducis
989 2980 1185 3037 animae
1232 2980 1407 3037 salute
1450 2979 1729 3049 collatum,
1757 2982 1838 3037 eis
1878 2982 2139 3049 restituit,

552 3085 607 3131 et
638 3073 998 3131 restitutionis
1049 3074 1298 3129 chartam
1347 3072 1519 3129 edidit
1565 3074 1634 3128 ab
1688 3071 1916 3145 ilugoue
1950 3077 2139 3129 nostro

2244 2077 2506 2149 temporis
2536 2075 2886 2133 adnotatione
2943 2089 3050 2131 non
3088 2073 3378 2131 mediocris
3413 2085 3498 2129 est
3520 2071 3837 2129 difﬁcultas.

2246 2169 2339 2225 Sic
2367 2182 2487 2225 eam
2516 2166 2684 2223 refert
2724 2165 3042 2242 Ducltcsne:
3078 2165 3361 2238 Regnante
3397 2163 3634 2219 llcnrico
3661 2163 3838 2218 Fran-

2241 2275 2429 2318 corum
2476 2273 2625 2331 rege,
2667 2271 2809 2314 anno
2849 2272 2912 2322 ι,
2953 2255 3180 2328 Ilugone
3224 2254 3554 2328 Liugonensi
3593 2251 3836 2325 praesule

2243 2350 2534 2424 episcopali
2564 2349 2837 2407 cathedra:
2860 2347 3216 2420 prmsidcntc,
3247 2361 3390 2403 anno
3415 2345 3631 2417 quinto.
3683 2343 3835 2400 idem

2243 2455 2329 2503 est
2354 2444 2566 2501 initium
2596 2440 2747 2513 regni
2772 2448 2829 2497 ct
2875 2440 3220 2512 episcoliatus
3247 2452 3457 2504 eorum,
3502 2453 3627 2493 cum
3653 2437 3834 2508 patris

2241 2544 2476 2597 mortem
2535 2532 2809 2605 acceperit
2858 2530 3148 2597 Henricus,
3197 2528 3458 2601 Lingonis
3501 2528 3715 2598 positus
3774 2517 3834 2582 ct

2242 2618 2523 2703 Hugouem
2568 2627 2622 2681 in
2671 2623 2816 2681 sedis
2856 2622 3253 2694 possessionem
3291 2620 3612 2676 immittens.
3652 2619 3833 2690 Atque

2246 2720 2383 2779 adeo
2416 2718 2697 2776 amborum
2726 2716 2969 2773 decimus
2991 2731 3165 2771 annus
3190 2714 3351 2770 simul
3379 2721 3573 2768 currat
3600 2726 3829 2770 necesse

2242 2823 2349 2880 est,
2378 2812 2422 2870 si
2466 2808 2686 2867 ilenrici
2719 2806 2930 2864 initium
2975 2821 3005 2862 a
3047 2817 3221 2863 morte
3249 2803 3425 2877 patris
3451 2810 3729 2868 sumatur;
3778 2802 3828 2856 si

2240 2921 2371 2963 vero
2398 2906 2468 2961 ab
2491 2918 2633 2959 anno
2666 2899 2826 2966 1027,
2857 2914 2965 2971 quo
2993 2900 3046 2955 in
3082 2898 3222 2956 vivis
3257 2904 3451 2970 agente
3476 2904 3636 2968 patre
3667 2909 3829 2951 coro—

2242 3007 2404 3054 natus
2429 3004 2532 3061 est,
2570 2998 2633 3050 ut
2679 2992 2875 3065 probat
2912 2991 3210 3057 Mabiliun.,
3236 2988 3352 3060 ejus
3373 2990 3619 3046 decimus
3650 3002 3828 3043 anuus

2241 3107 2348 3147 non
2380 3087 2675 3154 erit1042,
2706 3087 2802 3145 sed
2831 3086 2989 3151 1056,
3019 3086 3110 3157 qui
3137 3084 3424 3141 fuitetiam
3449 3083 3673 3154 quintus
3694 3095 3824 3152 pon-

558 3164 947 3233 subscriptam,
985 3163 1040 3218 in
1071 3176 1177 3234 qua
1207 3160 1288 3217 sic
1315 3160 1593 3232 loquitur:
1623 3162 1764 3234 «Ego
1791 3161 1942 3233 Hugo
1963 3162 2139 3232 subjev

2247 3184 2478 3238 tilicatus
2506 3152 2766 3254 "ligonis.
2802 3177 2929 3235 Scio
2954 3152 3168 3234 hic-nos
3194 3152 3498 3247 supponere
3524 3172 3823 3230 Robcrtum

554 3264 697 3311 ctam
725 3253 974 3310 subtexui
996 3267 1093 3324 per
1116 3267 1369 3324 quam...
1406 3252 1884 3308 cxcommunicans
1911 3252 2141 3309 anathe-

554 3343 777 3407 matizo,
806 3342 1383 3413 anathematizansque
1431 3340 1870 3407 excommunico,
1913 3350 1978 3397 ut
2024 3340 2143 3397 nul-

553 3435 775 3491 lius.....
824 3445 1059 3506 persona
1102 3431 1290 3505 regis,
1343 3431 1526 3500 ducis,
1583 3431 1852 3504 pmsulis,
1884 3431 2097 3488 abbatis
2123 3472 2141 3498 ,

552 3525 790 3593 comitis,
835 3533 944 3580 etc.
989 3522 1098 3579 ulla
1149 3522 1435 3581 occasione
1500 3523 1555 3578 in
1597 3522 1857 3593 praedicto
1919 3520 2143 3582 Vivat-io

553 3617 848 3688 quidquam
880 3616 1239 3689 possessionis
1259 3625 1353 3672 aut
1387 3613 1797 3672 consuetudinis
1824 3615 2023 3672 audeat
2049 3627 2142 3670 ac-

553 3711 757 3780 cipere.
806 3708 1117 3780 Largitione
1164 3706 1356 3763 famosi
1404 3705 1645 3778 Hugonis
1670 3705 1918 3776 praesulis
1941 3705 2138 3779 Lingo-

552 3802 739 3857 nensis
786 3799 1070 3865 Ecclesia,
1120 3798 1382 3855 Besuensi
1432 3798 1691 3867 attributa
1755 3804 1840 3853 est
1891 3796 2136 3855 Ecclesia

556 3892 740 3949 Sancti
757 3890 1006 3959 Genulil;
1042 3909 1058 3943 ι
1092 3890 1187 3948 sed
1213 3898 1269 3947 et
1295 3910 1314 3942 σ
1335 3889 1480 3957 villa,
1506 3905 1625 3961 qua:
1647 3898 1875 3947 vocatur
1892 3888 2134 3957 Banuus,

547 3985 672 4058 jure
695 3992 956 4057 perpetuo
992 3996 1270 4048 concessa,
1293 3999 1314 4035 ι
1345 3981 1520 4053 inquit
1544 3978 1853 4036 Harduinus
1873 3980 1927 4034 in
1948 3980 2137 4037 charta

531 4073 682 4138 ,anni
732 4073 891 4131 1059.
933 4071 1123 4129 Refert
1165 4071 1436 4129 Perardus
1475 4072 1746 4138 chartam,
1796 4070 1854 4128 in
1905 4086 2012 4143 qua
2057 4070 2138 4127 sic

531 4167 797 4239 ,‘ioquitur
839 4154 1242 4238 flugozchum
1292 4167 1529 4237 quodam
1578 4177 1822 4235 tempore
1871 4164 1939 4220 de
1964 4164 2136 4221 stabi-

2243 3286 2423 3344 rcgem
2453 3283 2484 3326 e
2511 3269 2655 3325 vivis
2693 3276 2938 3338 ereptum
2978 3265 3144 3322 fuisse
3168 3280 3312 3321 anno
3343 3263 3501 3328 i052,
3530 3262 3677 3335 quod
3706 3262 3823 3331 qni-

2241 3362 2362 3418 dem
2390 3359 2587 3417 asserit
2622 3358 2955 3430 liolgandus,
2982 3355 3079 3412 sed
3121 3363 3319 3428 negant
3345 3352 3449 3409 viri
3492 3350 3821 3412 doctissimi.

2238 3453 2359 3527 ejus
2386 3459 2617 3507 mortem
2645 3450 3047 3520 consignantes,
3080 3446 3167 3502 alii
3193 3461 3337 3502 anno
3353 3442 3623 3510 105i,alii
3650 3440 3818 3502 1053;

2240 3544 2336 3602 sed
2363 3543 2452 3600 hic
2481 3557 2512 3597 a
2542 3537 2876 3597 nostratibus
2896 3539 3260 3595 monumentis
3284 3535 3540 3592 recedere
3570 3547 3680 3591 non
3701 3549 3822 3603 pos-

2237 3649 2445 3695 sumus.
2457 3633 2605 3690 Obiit
2626 3631 2946 3690 Guilleitnus
2966 3628 3156 3702 (abbas
3178 3626 3235 3685 S.
3251 3626 3498 3698 Benigni)
3523 3639 3667 3679 anno
3688 3621 3814 3678 105!

2241 3728 2362 3798 ipso
2383 3720 2815 3798 circumcisionis
2831 3717 2992 3788 festo,
3005 3719 3109 3775 hoc
3123 3716 3210 3774 est
3222 3717 3395 3789 prima
3419 3715 3508 3770 die
3535 3714 3667 3769 anni
3686 3711 3821 3768 £032

2236 3795 2573 3887 prognostro
2619 3810 2748 3867 anni
2795 3805 3141 3881 computandi
3192 3806 3372 3863 modo.
3418 3805 3621 3861 Eodem
3661 3816 3822 3875 porro

2236 3920 2382 3962 anno
2430 3902 2606 3968 1051,
2645 3914 2836 3958 mense
2880 3900 3157 3972 Augusto,
3205 3897 3417 3954 obierat
3468 3895 3817 3975 Lamhcrtus.

2238 3998 2323 4054 cui
2352 4012 2382 4052 a
2412 3994 2654 4051 Roberto
2688 3993 3015 4051 suhstitutus
3038 3998 3123 4048 est
3147 3989 3470 4052 Richardus,
3498 3987 3591 4058 qui
3618 3986 3819 4055 aliquot

2239 4089 2429 4145 diebus
2472 4100 2635 4156 supra
2667 4084 2907 4155 quinque
2952 4097 3168 4139 menses
3203 4081 3365 4137 sedit.
3410 4079 3553 4150 Ergo
3577 4077 3692 4155 jam
3738 4077 3791 4129 in

2238 4162 2449 4235 choan
2477 4178 2661 4248 (prout
2704 4172 3074 4244 numeramus)
3124 4174 3308 4227 men’Se
3349 4167 3653 4225 Februario
3690 4164 3816 4219 anni

551 4260 730 4316 lieuda
761 4257 1018 4337 Ecclesia!
1057 4255 1332 4330 (Lingon.)
1373 4255 1650 4329 republica
1703 4256 1990 4326 diligenter
2029 4264 2141 4311 tra-

2247 4270 2399 4334 i05‘2,
2430 4282 2637 4324 veneno
2662 4266 2906 4324 sublatus
2935 4272 3045 4321 est.
3090 4264 3224 4319 Cum
3250 4274 3382 4333 ergo
3409 4257 3630 4314 nonnisi
3670 4264 3819 4325 post-

554 4356 826 4426 ctaremus
893 4350 997 4423 (ut)
1054 4349 1278 4406 Christi
1336 4347 1638 4420 suffragio,
1700 4348 1775 4403 ad-
1821 4346 2135 4403 sublimiora

2247 4372 2297 4414 ea
2328 4401 2343 4426 ,
2394 4358 2463 4412 ab
2527 4357 2716 4412 eodem
2766 4370 2892 4427 rege
2961 4354 3275 4425 designatus
3298 4344 3489 4405 'fuerit
3533 4347 3818 4423 episcopus

554 4441 891 4497 mctiorando
912 4440 1356 4511 proveheremitr,
1374 4439 1519 4496 venit
1541 4438 1896 4496 3ante-nostrae
1910 4438 2133 4511 magni-

2247 4448 2413 4519 ilugo,
2444 4445 2640 4500 cxvhae
2672 4443 2916 4513 profecto
2943 4443 3054 4496 vita
3086 4437 3300 4495 nonnisi
3336 4450 3485 4497 anno
3523 4432 3689 4491 1039..
3714 4432 3813 4488 mi-

555 4532 756 4587 tudinis
782 4503 1125 4609 praes-entiam
1145 4503 1352 4588 ‘nost'er
1396 4532 1573 4589 ﬁdelis
1622 4529 1802 4601 Wido,
1854 4503 2136 4603 postulans
2166 4503 2214 4562 θ
2238 4503 2436 4610 grain.
2462 4503 2794 4591 MeinOratur
2818 4533 3007 4590 cedem
3047 4545 3190 4587 anno
3218 4526 3402 4595 'i036,
3424 4526 3626 4595 ,indict,
3656 4537 3731 4587 tv,
3762 4523 3815 4577 in

554 4636 615 4677 ut
640 4622 742 4679 sibi
766 4618 968 4679 licerct'
983 4638 1080 4694 per
1123 4632 1323 4679 nostrae
1362 4623 1709 4680 auctoritatis
1745 4624 2132 4691 ministerium,
2224 4619 2635 4692 instrumento,
2660 4624 2771 4696 quo
2810 4621 3116 4678 Richardus
3158 4610 3468 4675 aniles-dat
3508 4634 3537 4673 ι
3568 4626 3815 4683 mansum

552 4718 611 4770 in
642 4708 872 4788 quadam
901 4716 1140 4773 Ecclesia
1164 4716 1218 4771 in
1241 4716 1451 4773 honore
1485 4714 1549 4771 Β.
1585 4715 1850 4787 Stephani
1885 4716 2133 4783 dedicata
2224 4731 2405 4773 unum
2434 4735 2455 4771 ι
2488 4715 2544 4771 in
2570 4710 2691 4769 loco
2717 4712 2811 4783 qui
2840 4716 3069 4766 vocatur
3091 4704 3456 4763 Fontauelias.
3482 4763 3487 4767 _
3567 4744 3570 4757 .
3685 4762 3691 4772 ,

456 4869 460 4873 ,
558 4811 691 4866 tales
727 4810 954 4883 clericos
992 4804 1341 4878 mitterequi
1384 4808 1463 4863 ibi
1507 4809 1869 4864 communiter
1900 4806 2136 4864 vivendo
2318 4810 2475 4865 Anno
2514 4803 2677 4869 1057,
2722 4800 3017 4859 subscribit
3060 4797 3290 4863 chartas,
3331 4806 3439 4866 qua
3484 4790 3813 4883 Reginaidcs

556 4899 830 4955 canonica!
868 4882 1402 4970 r'egulaa'se‘d'evote
1444 4888 1938 4952 submitterent.....
1969 4896 2136 4968 Cujus
2240 4915 2423 4958 comes
2472 4898 2567 4953 dat
2610 4891 3008 4953 Flav‘iuiacensi
3065 4887 3347 4956 cenobio,
3379 4884 3523 4956 apud
3571 4881 3811 4939 Salinum

556 4986 823 5047 desiderio
850 4990 1215 5073 satisfecimus
1244 4989 1342 5062 (et)
1372 4984 1698 5045 tradidimus
1747 4987 2134 5061 suprascriptis
2240 4984 2652 5056 viilam,’arcam
2679 4999 2843 5041 unam
2864 4977 3597 5073 cum'gcaldaria.‘Rainaldus
3614 4973 3815 5073 castel-

556 5080 833 5112 ηαιιηηῖηἷο
882 5079 1051 5112 nhhna
1114 5077 1354 5112 (“nariam
1402 5076 1644 5112 ΔΔΛΙΔΩἷΦ
1715 5088 1839 5112 nam
1883 5076 2135 5112 ηιμ-³⁸η·-

2247 5078 2498 5112 Hnno-acia
2527 5075 2710 5112 ιιέηηοα
2781 5071 3139 5112 manauit-nm
3164 5067 3411 5112 ῐιειιιῖιιιηὶ
3460 5067 3517 5112 in
3566 5063 3813 5112 omnmhio
