4044 5290
236 213 377 276 I323

1255 207 1350 266 DE
1385 204 1705 267 CORPORE
1743 206 1831 262 ET
1870 201 2215 262 SANGUINE
2250 197 2544 259 CHRISTI.

3362 198 3498 255 I326

233 325 630 388 monachorum
669 316 988 389 interesset,
1025 316 1234 394 Deique
1281 323 1563 380 servitium
1609 321 1826 378 assidue
1851 329 1901 387 Α
1928 332 2026 389 pro
2053 331 2113 375 se
2133 329 2352 371 causam
2383 313 2564 370 dicere
2583 309 2734 368 velit.
2756 309 2911 379 Quod
2943 310 3033 368 ille
3079 323 3363 382 aggressus
3387 325 3508 368 sese

235 417 306 473 ab
322 415 411 472 eis
446 412 564 470 ﬁeri
609 421 882 479 cerneret,
911 410 1112 484 pietate
1134 418 1345 467 motum
1379 411 1592 468 dedisse
1629 409 1690 465 S.
1720 409 1824 464 Be-

235 507 401 578 nigno
431 521 452 557 c
485 503 772 560 ecclesiam
803 503 858 558 in
886 501 1037 568 villa,
1061 502 1324 558 vocabulo
1368 501 1584 566 ltzium,
1617 499 1820 556 consti-

233 607 434 663 tutam,
453 613 480 648 τ
511 605 618 650 etc.
649 593 808 649 Hanc
843 607 1015 664 porro
1033 593 1286 651 chartam
1333 593 1616 649 habemus.
1637 591 1818 660 Appo-

231 689 397 744 situm
428 697 512 744 est
542 687 684 744 illius
705 687 918 758 signum
948 685 1248 756 diplomati,
1268 685 1668 756 quo-Robertus
1686 684 1819 738 Bur-

233 777 453 849 gundias
478 777 586 831 dux
627 776 957 832 salvamenta
1000 775 1162 830 trium
1191 774 1440 830 villarum
1489 772 1689 827 Sancto
1717 771 1819 826 Bc»-

231 869 398 940 nigno
422 868 651 923 remittit
695 882 838 922 anno
873 868 942 924 ab
990 866 1365 922 incarnatione
1413 865 1583 930 1043,
1625 864 1815 920 indict.

227 972 309 1023 at,
347 961 587 1014 secunda
616 958 959 1014 hebdomade
979 956 1604 1026 Quadragesimze,'feria
1635 957 1814 1024 lenia,

229 1048 404 1119 prima
433 1049 522 1104 die
543 1049 746 1104 mensis
775 1049 975 1116 Martii,
1006 1057 1271 1121 regnante
1313 1048 1548 1104 Henrico
1578 1049 1819 1104 Franco-

230 1153 352 1192 rum
382 1151 532 1209 rege,
556 1150 708 1192 anno
732 1155 831 1193 xm
877 1139 1044 1209 ipsius
1069 1138 1416 1194 monarcbizu.
1456 1137 1678 1202 Charta,
1710 1152 1815 1206 qua

227 1225 498 1284 Gibuinus
525 1229 757 1285 clericus
785 1230 878 1284 dat
916 1229 1120 1285 Sancto
1149 1229 1312 1285 Petro
1340 1229 1599 1283 Besuensi
1645 1229 1816 1282 luere-

225 1318 455 1374 ditatem
493 1323 660 1388 suamj
686 1321 742 1378 in
772 1321 918 1385 villa,
939 1321 1202 1376 Blaniaco
1237 1329 1565 1390 nuncupata,
1589 1320 1673 1375 sic
1717 1335 1815 1375 cx-

222 1407 374 1479 plicit
399 1426 413 1462 :
437 1411 641 1464 Actum
673 1426 816 1466 anno
854 1413 1214 1468 abincarnat.
1243 1413 1399 1468 Dom.
1426 1411 1585 1474 1044.
1626 1412 1812 1466 indict.

224 1515 323 1565 xu,
351 1514 413 1554 tu
454 1501 578 1556 ldus
623 1500 791 1568 Junii,
841 1504 930 1559 die
987 1503 1301 1559 festivitatis
1339 1504 1510 1558 sancti
1558 1502 1815 1558 Barnaba:

219 1591 484 1660 apostoli,
523 1591 756 1650 Henrico
795 1611 1017 1665 regnum
1061 1594 1309 1649 Francia:
1338 1603 1580 1661 tenente;
1623 1605 1677 1651 et
1709 1595 1816 1650 ilu-

1923 406 2105 461 statim
2132 406 2312 460 divina
2363 403 2564 461 virtute
2587 402 2860 476 elinguem
2891 411 3150 472 expertus
3201 410 3308 469 est,
3363 403 3508 458 unde

1921 506 2144 554 coactus
2183 507 2274 551 est
2330 494 2706 568 Lugdunensis
2747 493 3341 565 antistesrllugonem
3383 509 3415 548 a
3447 510 3509 550 se

1919 587 2171 643 venditos
2195 585 2435 652 ordines,
2490 594 2759 642 extortam
2803 601 2832 639 a
2861 585 3181 658 presbytero
3220 586 3508 656 pecuniam

1919 675 2263 740 confessum,
2287 685 2491 731 caetera
2517 675 2748 732 crimina
2791 676 3010 746 penitus
3039 676 3304 746 denegare
3352 691 3504 730 asse-

1918 767 2007 825 rit.
2022 767 2307 823 Judicioin
2331 767 2626 822 crastinum
2648 765 2830 831 dilato,
2859 768 2972 837 ipsa
2987 778 3145 823 nocte
3171 783 3230 823 se
3255 767 3514 823 subducit:

1918 859 2230 928 episcopus,
2263 858 2405 912 unde
2428 858 2496 912 ab
2527 858 2783 914 universo
2827 870 2970 914 coetu
3002 860 3504 915 excommunicatus

1919 961 1975 1006 ct
2005 950 2313 1008 sacerdotio
2339 951 2618 1022 depositus
2645 961 2750 1007 est.
2784 952 2982 1008 Verum
3012 962 3194 1022 poste-t
3236 951 3506 1024 paruimus

1919 1042 2077 1097 rediit
2107 1043 2173 1097 ad
2203 1041 2465 1107 Leonem,
2499 1053 2554 1098 et
2598 1059 2721 1098 cum
2756 1043 3064 1114 ingentibus
3117 1045 3373 1116 lacrysnis
3407 1062 3504 1114 pu-

1917 1135 2056 1190 blice
2087 1136 2318 1191 crimina
2351 1136 2634 1191 confessus
2686 1145 3037 1206 spontaneum
3069 1140 3302 1208 suscepit
3333 1141 3502 1208 poeni-

1918 1227 2167 1282 tentiam.
2201 1229 2409 1283 Deinde
2452 1229 2764 1298 pontiﬁcem
2816 1229 3046 1284 Romam
3111 1247 3361 1285 reversus
3412 1245 3502 1286 se-

1917 1328 2076 1372 cutus
2101 1329 2183 1372 cst
2208 1319 2366 1374 nudis
2398 1319 2625 1390 pedibus
2659 1320 2764 1374 iter
2793 1320 3027 1385 faciens,
3060 1324 3344 1394 synodum,
3380 1339 3503 1393 qua:

1919 1418 2029 1463 tum
2063 1411 2366 1465 habebatur
2397 1413 2570 1467 nudus
2599 1421 2651 1468 et
2707 1414 3051 1470 excalceatus
3083 1417 3356 1486 ingressus
3394 1428 3501 1482 est,

1918 1501 2169 1572 lacrymis
2192 1519 2285 1559 ora
2319 1504 2588 1574 perfusus,
2617 1521 2777 1560 ruanu
2798 1507 3047 1563 deferens
3074 1508 3271 1578 virgas,
3303 1509 3502 1578 quibus

1917 1591 2238 1655 caederetur,
2307 1593 2524 1648 veniam
2594 1603 2648 1650 et
2694 1594 3124 1651 miscricordiam
3161 1595 3501 1654 lamentabili

221 1694 378 1748 gone,
403 1682 506 1751 qui
536 1692 723 1753 postea
755 1683 1024 1751 repulsam
1055 1686 1252 1739 meruit
1276 1686 1330 1740 in
1365 1686 1661 1756 praesulatu
1687 1703 1814 1742 san-
1846 1691 1887 1751 Β
1915 1691 2049 1738 vot‘c
2077 1684 2393 1755 implorans.
2444 1685 2522 1739 Ad
2566 1685 2670 1740 tale
2727 1686 3093 1755 speetaculurn
3127 1687 3262 1742 flere
3284 1701 3504 1752 omnes,

217 1779 319 1824 ctu:
345 1769 712 1842 Liugonensis
758 1772 1036 1840 Ecclesia,
1070 1790 1215 1832 nunc
1266 1791 1396 1831 vero
1434 1779 1667 1848 pastoris
1719 1795 1816 1833 no-

221 1860 364 1917 mine
413 1861 770 1933 praesidente.
825 1864 942 1931 Quo
992 1866 1183 1921 eodem
1212 1882 1357 1923 anno
1385 1867 1702 1940 subscripsit
1730 1871 1814 1926 di-

217 1948 455 2019 plomati
506 1953 868 2010 institutionis
907 1958 1184 2012 canonica:
1233 1955 1417 2013 Sancti
1453 1957 1632 2024 Pauli,
1671 1962 1814 2030 quod

213 2039 337 2109 ejus
361 2050 751 2099 testamentum
767 2054 923 2100 vocat
946 2045 1268 2102 Cliillletius.
1285 2047 1518 2118 Scripsit
1543 2068 1562 2101 ι
1589 2049 1814 2105 Tracta-

226 2139 340 2186 tum
371 2134 440 2189 de
453 2149 697 2206 corpore
723 2145 778 2191 et
799 2137 1065 2208 sanguine
1084 2137 1288 2194 Christi
1324 2146 1512 2192 contra
1541 2139 1810 2209 Bcrenga-

228 2223 388 2290 rium,
439 2244 459 2277 ι
504 2241 665 2296 quem
688 2242 755 2281 ex
787 2227 987 2298 duplici
1035 2244 1137 2284 ms.
1176 2228 1316 2284 Bibl.
1366 2232 1550 2302 Regia:
1599 2239 1654 2286 et
1680 2230 1814 2286 Cur-

228 2315 438 2373 beiensi
464 2317 839 2375 ediditnoster
860 2321 929 2375 Ι).
964 2320 1139 2376 Lucas
1165 2321 1484 2379 d‘Acherius
1513 2324 1581 2379 ad
1608 2323 1809 2380 calcem

221 2423 454 2480 operum
486 2410 796 2478 Lanfranci,
822 2413 914 2482 qui
945 2413 1029 2469 sic
1057 2413 1248 2485 incipit
1274 2431 1288 2470 :
1321 2413 1475 2472 liceo
1504 2417 1814 2487 Lingonen-

227 2501 328 2569 sis,
351 2503 730 2575 episcoporum
769 2506 1050 2571 minimus,
1101 2507 1468 2577 Bsnsncuuo,
1499 2511 1552 2566 in
1585 2511 1811 2580 quibus~

227 2592 353 2649 dam
411 2595 854 2652 reverentissimo
901 2598 1170 2654 sacerdoti
1208 2598 1380 2656 Deum
1405 2617 1622 2673 sapere.
1659 2601 1812 2659 Unde

227 2684 490 2741 discimus
547 2687 886 2743 sacerdotem
957 2687 1124 2746 fuisse
1197 2689 1606 2765 Berengarium.
1676 2696 1812 2752 Acta

218 2791 446 2848 quoque
466 2778 640 2833 sancti
673 2778 908 2834 Victoris
933 2781 1122 2836 stricta
1151 2782 1397 2839 oratione
1421 2783 1728 2855 descripsit.

298 2868 551 2932 Demum,
609 2883 752 2923 anno
799 2868 958 2936 1049,
1018 2869 1205 2927 Remis
1249 2873 1584 2929 celebratum
1641 2885 1725 2931 est
1781 2892 1812 2932 a

219 2956 411 3016 Leone
438 2958 510 3014 IX
541 2972 682 3031 papa
709 2961 997 3018 concilium
1024 2963 1096 3018 20
1121 2963 1427 3019 antistitum
1450 2980 1572 3021 cum
1607 2965 1676 3021 50
1700 2966 1814 3022 fere

1919 1774 2155 1842 suspiria
2178 1776 2429 1829 emittere
2451 1785 2507 1830 ct
2532 1775 2745 1829 veniam
2773 1777 3013 1844 precari;
3047 1786 3349 1834 commotus
3370 1793 3505 1850 pon-

1919 1864 2052 1920 tifex
2121 1865 2515 1938 indulgentiam
2566 1867 2793 1938 supplici
2849 1870 3117 1936 concedit,
3172 1880 3335 1941 atque
3384 1872 3506 1942 pius

1915 1965 2074 2026 pater
2108 1956 2395 2027 poenitenti
2443 1957 2556 2012 lilio
2611 1959 2804 2013 stolam
2854 1960 3086 2030 primam
3133 1969 3189 2015 c't
3244 1961 3504 2017 annulum

1915 2047 2103 2102 amissi
2145 2041 2491 2118 cpiscOpatns
2544 2064 2669 2104 cum
2718 2050 2976 2105 sandaliis
3036 2051 3293 2118 restituit,
3341 2064 3504 2122 atque

1915 2137 2052 2192 adeo
2071 2145 2129 2192 et
2171 2137 2345 2206 ipsum
2377 2139 2778 2207 pontificatum,
2807 2141 3098 2196 dummodo
3145 2141 3504 2214 Lingonensis

1913 2228 2182 2293 Ecclesia,
2215 2228 2577 2299 velaquze‘libet
2606 2229 2712 2285 alia
2758 2245 2880 2287 cum
2925 2231 2976 2286 in
3005 2232 3317 2303 episc0pum
3344 2233 3502 2287 vellet

1913 2318 2181 2389 accipere.
2209 2319 2265 2375 ln
2294 2320 2528 2390 patriam
2561 2321 2777 2376 rediens
2813 2321 2876 2377 in
2908 2323 3166 2378 morbum
3210 2323 3419 2387 incidit,
3448 2333 3505 2378 et

1913 2410 2160 2466 habitum
2188 2412 2464 2479 monachi,
2495 2412 2596 2468 sn’b
2627 2413 2846 2470 nomine
2904 2415 3134 2472 coenobii
3191 2415 3376 2473 Sancti
3406 2416 3503 2470 Vi-

1913 2499 2049 2568 toni,
2078 2501 2168 2557 cui
2191 2501 2531 2557 Valet-annus
2563 2502 2733 2574 ipsius
2774 2503 2944 2560 frater
2997 2514 3250 2576 prmerat,
3291 2523 3321 2561 a
3377 2509 3504 2576 qui-

1911 2591 2143 2649 busdam
2193 2592 2642 2651 Cluniacensibus
2694 2595 2991 2653 monachis
3038 2597 3142 2654 vite
3212 2598 3504 2655 comitibus

1915 2681 2074 2754 petiit
2100 2693 2156 2739 et
2203 2685 2416 2755 accepit
2471 2686 2666 2755 pieque
2710 2685 2954 2742 decessit
3008 2689 3149 2758 apud
3197 2688 3500 2755 Biternam,

1914 2775 2092 2846 inquit
2115 2784 2309 2832 auctor
2343 2777 2478 2832 Vitae
2520 2775 2771 2835 Garnerii
2802 2777 2989 2834 Sancti
3018 2777 3278 2852 Stephani
3318 2783 3502 2839 Divic-

1914 2867 2100 2924 neusis
2126 2868 2424 2939 praepositi,
2457 2885 2521 2926 ac
2565 2868 2814 2942 catalogo
2837 2869 3068 2929 fratrum
3097 2872 3287 2931 Sancti
3314 2876 3500 2934 Vitoni

1915 2958 2184 3030 ascriptus
2231 2967 2338 3024 est,
2377 2966 2449 3015 ‘ut
2495 2968 2726 3016 testatur
2775 2960 3122 3028 Laurentius,
3183 2965 3250 3020 de
3296 2965 3500 3021 Leodio

219 3047 538 3118 abbatibus,
592 3057 646 3103 et
668 3047 787 3103 aliis
837 3049 1195 3108 ecclesiastici
1225 3051 1435 3110 ordinis
1473 3054 1810 3125 quampluri-
1841 3038 1885 3100 C
1919 3050 2068 3107 illius
2090 3051 2206 3108 loci
2232 3051 2504 3107 alumnus.
2536 3050 2764 3108 Videtur
2808 3067 2938 3126 ergo
2985 3055 3188 3112 obiisse
3238 3071 3345 3111 non
3386 3058 3507 3113 Vir-

222 3137 350 3192 mis.
373 3133 562 3194 Adfuit
582 3135 738 3210 ﬁngo
765 3147 970 3204 noster,
1003 3140 1094 3211 qui
1127 3133 1186 3196 in'
1214 3141 1389 3214 prima
1425 3145 1667 3200 sessione
1687 3143 1812 3216 plu-

219 3227 373 3283 rium
404 3227 694 3285 criminum
748 3231 1024 3287 accusavit
1081 3231 1478 3292 Pultariensem
1533 3235 1810 3304 abbatem,

225 3317 294 3374 de
322 3317 541 3390 quibus,
568 3335 691 3375 cum
716 3335 782 3377 se
809 3337 1041 3394 purgare
1067 3337 1172 3378 non
1200 3324 1490 3393 potuisset,
1537 3324 1814 3397 depositus

225 3417 334 3465 est.
361 3408 421 3464 in
458 3413 696 3466 secunda
745 3413 988 3469 sessione
1015 3427 1085 3468 ex
1119 3424 1434 3471 accusatore
1449 3431 1574 3472 rcus
1603 3415 1816 3488 procla-

222 3507 412 3554 matus
441 3509 542 3566 est,
577 3517 607 3555 a
637 3501 800 3557 Petro
828 3501 1090 3560 Romamn
1117 3502 1375 3560 Ecclesiae
1405 3505 1634 3563 diacono
1661 3521 1816 3562 accu~

220 3597 384 3644 satus
433 3590 501 3645 de
546 3590 859 3663 episcopatu
903 3592 1216 3650 Simoniace
1266 3606 1601 3667 comparato,
1634 3597 1701 3654 de
1729 3597 1831 3654 Si»~

224 3680 478 3737 moniaca
528 3697 803 3740 sacrorum
850 3686 1102 3740 ordinum
1149 3686 1455 3754 collatione,
1485 3689 1552 3746 de
1583 3689 1812 3746 telorum

218 3773 570 3841 gestatione,
604 3776 672 3831 de
699 3776 1044 3843 homicidiis,
1076 3778 1387 3848 adulteriis,
1430 3781 1498 3839 de
1529 3785 1816 3855 tyrannide

225 3860 286 3915 in
315 3862 566 3930 clericos,
599 3867 666 3922 de
694 3868 878 3937 populi
907 3871 1281 3940 oppressione,
1319 3871 1550 3944 aliisque
1580 3875 1816 3931 crimini-

225 3952 364 4020 bus;
401 3956 600 4027 quibus
628 3959 830 4026 verbis,
882 3961 1058 4032 inquit
1098 3961 1336 4021 Historia
1365 3966 1606 4032 concilii,
1654 3967 1815 4023 fidem

227 4049 552 4118 prabebant
573 4051 792 4123 plurimi
824 4053 1096 4111 delatores
1122 4058 1213 4128 qui
1243 4060 1490 4114 aderant.
1516 4059 1814 4116 Plurimum

232 4150 541 4198 commotus
587 4144 875 4216 episcopus
927 4149 1163 4218 postulat
1215 4159 1278 4205 ut
1320 4150 1525 4222 aliquot
1558 4151 1817 4208 adhibere

229 4225 400 4285 liceat
431 4231 484 4286 in
517 4233 824 4302 consilium,
846 4244 900 4292 et
921 4235 1332 4307 Lugdunensem
1375 4255 1440 4295 ac
1500 4241 1818 4297 Vesontien-

229 4333 348 4377 sem
399 4324 837 4399 archiepiscopos
873 4328 1036 4401 elegit
1072 4345 1087 4396 ;
1116 4339 1377 4402 rogatque
1408 4333 1705 4387 secundum
1758 4342 1818 4388 ut

1915 3142 2080 3208 duni,
2123 3151 2184 3196 ut
2227 3141 2503 3214 plerisque
2537 3141 2745 3214 placet;
2785 3159 2890 3199 non
2935 3145 3185 3212 Biterris,
3221 3147 3500 3202 utdomno

1919 3233 2042 3289 Fiet
2069 3233 2246 3289 visum
2268 3233 2446 3290 'fuisse
2474 3249 2542 3290 ex
2587 3233 2705 3304 ejus
2730 3233 2912 3290 verbis
2955 3235 3009 3290 in
3063 3236 3204 3292 notis
3228 3236 3294 3290 ad
3325 3237 3504 3294 Vitam

1917 3327 2172 3384 Garnerii
2194 3325 2390 3383 inferri
2426 3335 2642 3399 potest;
2693 3344 2800 3384 non
2863 3329 2967 3404 hic~
3001 3329 3244 3400 quidem,
3273 3329 3398 3400 quia
3433 3345 3502 3385 ex

1918 3419 2154 3476 hac‘vita
2179 3419 2411 3476 decessit
2430 3419 2704 3476 redeundo
2724 3419 2777 3475 in
2805 3421 3062 3491 patriam,
3093 3421 3158 3476 ad
3183 3435 3346 3492 quam
3371 3435 3504 3476 sane

1918 3523 2017 3581 per
2041 3508 2230 3565 urbem
2253 3509 2494 3566 Biterras
2542 3525 2652 3568 non
2679 3519 2800 3566 erat
2846 3510 3018 3567 Roma
3074 3510 3354 3576 redeunti;
3396 3525 3504 3566 non

1917 3599 2168 3667 Virduni,
2195 3615 2296 3658 nec
2322 3601 2466 3656 enim
2491 3600 2562 3656 ibi
2589 3609 2794 3657 vestem
2828 3601 3206 3657 monachicam
3230 3599 3502 3657 aClnnia-

1917 3690 2194 3757 censibus,
2227 3691 2321 3747 sed
2352 3691 2420 3746 ab
2447 3692 2642 3746 abbate
2663 3689 2849 3748 Sancti
2885 3691 3069 3749 Vitoni
3101 3702 3196 3748 aut
3223 3709 3254 3747 a
3301 3709 3498 3749 mona-

1917 3781 2038 3836 chis
2091 3779 2335 3850 ejusdem
2401 3781 2633 3838 cmnobii
2693 3782 3014 3852 accepisset.
3063 3783 3209 3840 Obiit
3268 3799 3398 3854 ergo
3448 3785 3502 3839 in

1920 3873 2117 3929 itinere
2163 3874 2218 3929 in
2263 3873 2496 3944 quadam
2535 3873 2683 3940 villa,
2739 3873 2962 3930 Biterna
3017 3875 3254 3929 nomine.
3310 3873 3508 3930 Narrat

1922 3965 2224 4029 Wibertus,
2258 3965 2310 4019 in
2338 3962 2463 4019 Vita
2485 3963 2701 4028 Leonis,
2739 3979 2862 4018 eum
2903 3966 2956 4019 in
2987 3965 3281 4029 redeundo,
3342 3964 3507 4019 nimis

1917 4057 2165 4112 attritum
2205 4053 2427 4128 jejuniis
2467 4054 2694 4127 aliisque
2735 4055 3071 4126 pmnitentlas
3100 4055 3355 4126 operibus
3413 4069 3510 4108 ex-

1917 4143 2172 4204 haustum
2234 4148 2289 4202 in
2343 4141 2485 4202 bona
2536 4147 2941 4217 perseverantia
2991 4149 3177 4202 vitam'
3217 4147 3502 4217 reliquisse

1919 4248 2272 4311 praesentem.
2302 4237 2431 4308 Ejus
2461 4237 2894 4295 anniversarium
2923 4241 3234 4296 celebratur
3257 4256 3329 4295 vn
3378 4239 3502 4296 ldus

1917 4331 2180 4387 Februar.

238 4439 3510 4478 Mm

1463 4497 2300 4688 nasutus

1526 4737 2206 4868 TRACTATUS

2195 4866 2206 4888 δ

703 4861 706 4866 ’
763 4883 796 5052 χ
863 4987 865 4990 ι
935 4912 1066 5011 nn
1123 4909 1573 5012 consona
1614 4889 1758 5010 'E'l‘
1812 4865 2308 5011 'SANGUINE
2381 4886 2798 5008 CHRISTI.

575 5145 580 5150 _
655 5114 664 5127 .
1003 5064 1052 5086 ’ν
1382 5068 1704 5133 CONTRA
1743 5065 2353 5171 BsnENGAanar,
2749 5139 2753 5147 _
2815 5069 2818 5072 ’

398 5241 403 5246 -
467 5197 643 5288 «ουρ.
673 5213 731 5268 Β.
750 5211 1061 5277 Lantranci,
1090 5207 1229 5264 edit.
1257 5192 1444 5267 domui
1469 5211 1629 5269 Luca.-
1654 5210 1815 5269 d’Acb

1917 5229 1943 5278 ’,
1976 5206 2226 5277 Append.
2255 5223 2386 5284 pag.
2411 5209 2502 5277 68,
2530 5222 2597 5264 ex
2625 5205 2964 5272 Corbeiensi
2989 5200 3202 5278 duplici
3231 5207 3370 5279 ms.)
