4044 5290
523 339 544 391 1
560 336 655 392 59.7

1591 338 1890 396 11156ολ15
1929 339 2374 396 LINGONENSIS
2413 342 2727 418 Ειιιδεοῐιις

3643 358 3781 412 1328

522 447 769 519 corporis
796 455 851 503 et
872 445 1147 515 sanguinis
1176 446 1386 503 Domini
1417 450 1585 504 nostri
1610 447 1736 506 Jesu
1763 448 1964 506 Christi
1997 466 2100 507 non
2133 455 2178 514 Α
2210 453 2284 509 ris
2314 454 2651 522 augmentari
2692 469 2758 510 eo
2790 455 2934 524 quod
2987 458 3039 512 in
3090 459 3204 514 dies
3240 459 3574 530 inunolatur,
3617 469 3775 539 techy

525 541 597 596 ita
628 539 881 595 crederes
907 539 1238 595 celebratum
1283 549 1341 596 ut
1383 557 1580 612 corpus
1625 555 1745 599 esse
1785 543 2009 608 diceres,
2052 553 2108 598 et

523 630 898 701 incorporeum
958 632 1301 701 praedicares.
1349 633 1602 700 Perinde,
1651 637 1697 690 si
1748 636 2108 707 perpenderes

423 724 426 732 ‘
524 721 666 790 quod
696 718 990 791 amplitudo
1037 719 1231 775 divince
1274 724 1526 790 potentia:
1581 740 1835 780 sensuum
1879 725 2106 782 excedat

523 809 722 872 Cil'COS,
775 823 876 864 nec
907 809 1078 880 possit
1125 809 1452 865 sensualiter
1492 812 1688 867 ambiri
1732 815 1876 883 quod
1921 814 1974 869 in
2011 829 2107 871 vos

525 900 781 956 informet
828 915 1038 965 sensus,
1079 915 1141 956 os
1187 901 1349 956 nimis
1396 912 1674 959 extensum
1732 906 2105 973 contraheres,

523 1000 860 1045 contractum
875 993 1194 1062 corrigeres,
1214 1002 1516 1049 correctum
1531 994 1763 1065 denique
1775 997 2103 1051 contineres.

523 1079 669 1134 Dicis
699 1081 867 1145 enim,
917 1081 1078 1136 nimis
1127 1091 1348 1138 exteuse
1393 1083 1640 1154 loquens,
1697 1085 1751 1140 in
1800 1085 2106 1156 hujusmodi

430 1235 432 1238 ι
523 1179 886 1235 sacramento,
925 1186 1123 1242 corpus
1151 1172 1352 1228 Christi
1395 1174 1473 1230 sic
1496 1188 1616 1230 esse
1644 1185 1702 1230 ut
1729 1177 1886 1246 panis
1910 1185 1966 1232 et
1995 1177 2105 1233 vini

524 1272 713 1314 natura
764 1269 818 1315 et
869 1263 1102 1318 essentia
1136 1279 1243 1319 non
1291 1273 1560 1333 mutetur;
1614 1269 2106 1338 corpusque,quod

521 1350 734 1406 dixeras
809 1352 1124 1408 cruciﬁxum
1159 1394 1174 1420 ,
1237 1354 1601 1411 intellectuale
1668 1357 1997 1413 constituis..
2046 1357 2105 1413 ln

523 1456 629 1510 quo
661 1441 1081 1513 evidentissitne.
1113 1453 1261 1514 patet
1286 1444 1426 1514 quod
1477 1445 1852 1515 incorporeum
1883 1450 2106 1503 confite-

522 1533 616 1586 ris.
649 1532 763 1600 Qua
809 1533 860 1587 in
894 1550 971 1598 re,
1002 1535 1362 1590 universalem
1412 1535 1706 1591 Ecclesiam
1738 1538 2100 1605 scandalizas,

523 1625 806 1694 ipsumque
837 1633 986 1679 tuum
1009 1625 1236 1682 offendis
1253 1637 1527 1684 auctorem
1547 1668 1562 1695 ,
1593 1630 1682 1699 qui
1714 1629 1982 1701 palpabile
2009 1631 2104 1686 ob-

527 1713 644 1766 tulit
678 1715 820 1782 quod
879 1714 1254 1786 incorporeum
1311 1715 1565 1772 allirmas.
1600 1717 1842 1789 Namque
1874 1719 1918 1774 si
1947 1720 2105 1790 pauis

2213 541 2367 596 thum
2399 557 2509 598 non
2541 544 2690 600 dices
2722 561 2828 602 non
2870 544 3059 615 minui,
3107 564 3230 604 cum
3259 567 3324 606 ex
3347 557 3414 607 eo
3435 557 3683 624 quotidie
3707 574 3792 612 ca-

2208 643 2451 702 peretur.
2481 635 2536 690 Si
2570 650 2697 691 vero
2727 652 2832 692 non
2858 637 3198 695 imminutum
3223 643 3538 709 protuleris,
3567 656 3623 702 et
3652 664 3796 703 suru-

2207 735 2357 796 ptum
2420 735 2475 781 et
2532 727 2799 797 integrum
2851 729 3150 785 confiteris.
3189 731 3330 803 Ergo
3364 735 3407 786 si
3467 735 3569 789 hoc
3622 740 3798 807 potuit

2207 817 2376 884 Elias,
2428 833 2596 887 quare
2627 820 2731 874 hoc
2761 835 2868 874 non
2916 823 3089 890 potuit
3140 832 3195 878 et
3233 824 3407 880 Deus?
3441 825 3796 885 Frumentum

2210 908 2456 963 mulieris
2485 907 2836 980 Sarephtena:
2864 910 3389 985 hujusmodiazymis
3413 917 3795 986 praesigrtavit;

2208 999 2314 1054 hoc
2367 999 2466 1068 ipsi
2532 1000 3001 1070 praesignaverunt
3047 1017 3234 1072 panes,
3280 1005 3522 1062 millibus
3557 1010 3795 1075 satiatis,

2208 1088 2756 1162 totitas[al.,deitasj
2809 1106 2915 1145 non
2973 1092 3147 1147 solum
3197 1103 3412 1149 servata
3441 1105 3548 1152 est.
3594 1095 3796 1154 Verum

2207 1181 2369 1234 etiam
2400 1181 2648 1236 bissenos
2697 1183 3020 1238 redundavit
3061 1185 3114 1239 in
3145 1186 3427 1256 cophinos.
3473 1188 3626 1256 Quos
3663 1207 3800 1260 qua-

2207 1269 2328 1326 liter
2355 1272 2619 1344 gratuitos
2647 1270 2767 1344 [al.,
2795 1273 3079 1348 gustatos],
3108 1276 3193 1331 vel
3222 1278 3365 1333 unde
3388 1289 3796 1349 augtnentatos,

2206 1362 2254 1418 si
2285 1363 2508 1427 dixeris,
2535 1378 2634 1434 per
2657 1365 2905 1420 eamdem
2938 1366 3041 1422 hoc
3083 1380 3206 1423 esse
3231 1368 3531 1437 potentiam
3566 1385 3799 1439 respou-

2207 1455 2433 1524 demus;
2469 1465 2664 1526 tuaque
2715 1457 2782 1513 de
2833 1458 2965 1527 ipsis
3013 1458 3282 1514 confessio
3314 1459 3445 1515 fides
3478 1471 3565 1515 est
3609 1477 3790 1516 sacra-

2207 1548 2371 1603 menti
2399 1549 2727 1605 certissima.
2757 1549 2960 1605 Natura
3010 1551 3211 1607 etenim
3247 1553 3454 1607 stabilis
3478 1594 3492 1617 ,
3523 1569 3625 1622 per
3675 1555 3793 1609 lon-

2206 1653 2382 1710 gmvos
2411 1640 2664 1696 obtentus
2690 1681 2704 1706 ,
2745 1641 3052 1698 libertatem
3097 1646 3413 1700 constantia:
3459 1655 3796 1716 pactumque

2206 1729 2447 1795 virtutis,
2495 1748 2603 1802 quo
2631 1733 2959 1798 dominatur,
3010 1734 3062 1789 in
3111 1736 3274 1790 rebus
3325 1735 3651 1810 plerumque
3701 1754 3796 1806 per

523 1815 577 1858 et
603 1806 709 1860 vini
753 1822 944 1862 natura
989 1817 1043 1863 et
1067 1821 1321 1892 lessentta
1373 1810 1503 1866 reali
1532 1810 1951 1882 principalitate,
1981 1824 2100 1883 post
2131 1822 2180 1883 Β
2209 1835 2366 1890 quem
2395 1823 2625 1888 obtinet,
2676 1823 2836 1880 solvit
2868 1823 2990 1896 [αι.,
3018 1827 3323 1895 perobtinet
3369 1806 3603 1899 solum].
3653 1829 3795 1882 Alio-

524 1900 1007 1968 conseerationent,
1061 1902 1376 1970 persistunt,
1404 1903 1723 1959 translatum
1755 1904 1888 1959 nihil
1924 1915 2099 1975 potest

524 1988 769 2060 intelligi,
803 1991 919 2046 etsi
944 1992 1085 2061 quod
1113 1992 1424 2062 adjunctum
1441 2003 1527 2050 est
1562 1994 1674 2050 sola
1702 1996 1761 2051 ﬁt
1792 1996 2101 2055 intellectus

522 2082 780 2149 potentia,
817 2097 1000 2138 revera
1054 2097 1160 2138 non
1205 2084 1417 2155 capitur
1471 2087 1762 2157 quomodo,
1809 2088 1891 2144 vel
1940 2092 2098 2159 unde,

523 2171 607 2224 vel
641 2171 780 2226 ideut
833 2172 904 2228 sit
952 2173 1094 2242 quod
1137 2172 1312 2230 adhuc
1342 2191 1450 2230 non
1493 2175 1762 2233 subsistit.
1805 2177 1904 2234 Est
1956 2180 2101 2236 enim

527 2263 830 2319 intellectus
851 2266 1212 2322 essentiarum
1229 2267 1528 2337 discussor,
1553 2285 1660 2326 non
1688 2270 1864 2341 opifex
1883 2289 1897 2338 ;
1910 2272 2102 2342 judex,

523 2371 628 2410 non
669 2357 963 2414 institutor.
993 2358 1060 2414 Et
1106 2362 1355 2431 quamvis
1384 2376 1566 2418 rerum
1594 2361 1677 2418 vel
1725 2372 1992 2419 monstret
2020 2364 2104 2421 vel

523 2450 720 2522 figuret
751 2451 1034 2520 imagines,
1072 2452 1278 2507 nullum
1307 2467 1507 2525 corpus
1560 2455 1832 2511 materiali
1854 2456 2105 2527 producit

523 2540 766 2596 exordio.
822 2543 896 2596 At
915 2543 959 2596 si
989 2543 1146 2612 panis
1172 2551 1228 2598 et
1251 2544 1360 2599 vini
1394 2554 1816 2615 sacramentum,
1841 2546 1912 2604 ob
1932 2547 2103 2605 solam

524 2634 714 2712 salutis
744 2636 1066 2705 potentiam,
1112 2651 1234 2693 cum
1262 2647 1391 2694 nato
1441 2649 1497 2695 et
1526 2655 1686 2710 passo
1734 2657 1898 2698 unum
1943 2653 2105 2714 atque

521 2722 664 2776 idem
709 2733 820 2791 est;
873 2725 1126 2782 similiter
1164 2727 1371 2782 auctori
1407 2729 1545 2784 nihil
1574 2729 1742 2786 refert
1768 2733 1870 2788 hoc
1917 2748 2104 2788 sacra-

523 2823 764 2894 tuentutn
807 2815 998 2872 eodem
1041 2817 1268 2888 judicio,
1320 2818 1510 2874 eadem
1546 2821 1899 2893 intelligentia
1931 2825 2104 2895 bapti-

524 2921 700 2960 sutum
754 2907 840 2962 vel
888 2923 1029 2976 esse,
1064 2909 1147 2965 vel
1175 2909 1380 2976 dicere,
1427 2911 1510 2967 vel
1553 2914 1812 2984 quidquid
1835 2917 1888 2971 iu
1917 2932 2102 2972 saera-

523 2998 721 3051 utentis
752 2999 1042 3054 salubriter
1085 3000 1414 3067 celebratur,
1464 3003 1606 3058 sicut
1655 3013 1806 3075 patet
1846 3007 1898 3059 in
1930 3007 2102 3076 pluri-

526 3087 656 3164 mis;
693 3088 857 3154 velut,
890 3091 933 3144 si
958 3091 1146 3159 procul
1188 3089 1416 3159 justitize
1449 3093 1682 3164 aliquem
1718 3095 1922 3152 dixeris
1947 3113 2101 3153 eum-

2199 1914 2328 1983 quin
2349 1955 2362 1979 ,
2405 1915 2506 1971 nisi
2541 1916 2614 1970 ita
2640 1917 2965 1972 concederes
2991 1958 3007 1985 ,
3036 1915 3281 1973 videatur.
3311 1919 3434 1991 [al.,
3487 1920 3789 1992 videretur]

2200 2005 2403 2060 invicto
2452 2007 2671 2062 obstare
2718 2009 2845 2064 Deo.
2890 2009 3042 2076 Quod
3076 2011 3175 2064 sibi
3211 2010 3424 2066 auferre
3464 2025 3572 2065 non
3619 2020 3794 2081 potest

2202 2094 2291 2163 qui
2318 2093 2389 2149 ibi
2420 2093 2543 2166 [al.,
2578 2095 2694 2167 tibi]
2719 2098 3052 2152 concesserit
3077 2113 3195 2167 qua:
3216 2098 3282 2153 de
3306 2099 3505 2154 Christi
3536 2101 3790 2169 carperis

2202 2195 2540 2241 sacramento
2568 2198 2994 2258 praesumptuose
3020 2187 3237 2244 suades.
3285 2186 3399 2254 Qua
3429 2189 3484 2242 in
3537 2203 3598 2245 re
3649 2189 3791 2243 alios

2203 2275 2426 2345 quidem
2461 2275 2673 2342 vincis,
2718 2277 2816 2332 sed
2866 2279 3103 2348 ipsorum
3147 2277 3386 2335 furorem
3435 2293 3648 2344 armas,
3700 2266 3790 2348 qui

2204 2367 2399 2424 divina:
2445 2371 2702 2439 potentia:
2754 2367 3103 2424 detrahentes
3154 2379 3403 2422 naturain
3460 2383 3646 2424 rerum
3702 2370 3785 2425 fa—

2203 2457 2384 2520 ctione
2415 2457 2540 2530 [al.,
2568 2458 2871 2532 factricem]
2899 2461 3101 2526 dicunt.
3128 2458 3361 2515 Proinde
3387 2500 3403 2525 ,
3429 2476 3462 2515 o
3490 2462 3545 2514 in
3582 2465 3790 2517 cunctis

2204 2551 2327 2612 aliis
2370 2552 2808 2609 reverentissime
2835 2553 2918 2607 vir
2939 2592 2956 2620 ,
3009 2567 3227 2610 assume
3267 2553 3384 2607 tibi~
3413 2551 3574 2608 fidem
3602 2594 3618 2618 ,
3654 2555 3782 2624 quia

2194 2646 2376 2714 justus
2399 2661 2462 2700 ea:
2482 2645 2587 2715 ﬁde
2615 2645 2736 2700 vivit
2767 2644 2944 2712 (Rom.
2979 2660 3020 2710 ι,
3055 2643 3141 2698 171
3166 2684 3182 2710 ,
3229 2655 3283 2698 et
3314 2642 3418 2699 fide
3459 2643 3792 2698 mundautur

2205 2736 2408 2802 corda,
2442 2735 2611 2806 .sieut
2671 2733 2932 2803 scriptum
2986 2741 3114 2788 est:
3145 2731 3408 2787 Mundans
3458 2731 3568 2786 ﬁde
3623 2735 3787 2787 corda

2205 2841 2412 2881 eorum.
2445 2823 2512 2878 Et
2534 2837 2655 2893 qua:
2698 2824 2752 2877 in
2793 2821 3067 2893 mysteriis
3108 2821 3228 2876 ideo
3277 2820 3509 2875 tenenda
3553 2820 3787 2875 maxime

2206 2923 2308 2977 est,
2333 2915 2484 2986 quia,
2513 2915 2653 2970 sicut
2681 2913 2808 2969 alibi
2835 2914 3111 2977 scribitur,
3140 2912 3255 2983 ipsa
3288 2911 3488 2966 mentis
3526 2911 3775 2964 dubietas

2205 3004 2332 3062 licet
2359 3006 2513 3061 honre
2540 3005 2661 3059 vita:
2688 3004 2783 3069 sit,
2811 3005 2903 3075 qui
2931 3001 3147 3074 accipit,
3176 3001 3440 3065 excludit,
3471 3014 3541 3055 ne
3576 2998 3646 3052 ad
3669 2997 3786 3068 ejus

2207 3098 2530 3154 sacramenti
2588 3097 2993 3168 intelligentiam
3044 3095 3335 3166 pertingat.
3389 3092 3549 3160 Quod
3616 3102 3788 3147 tecum

525 3182 645 3252 dem
670 3195 790 3234 cum
824 3181 1061 3252 regibus,
1091 3182 1194 3238 hoc
1245 3182 1416 3253 ipsum
1467 3186 1532 3238 ad
1565 3185 1848 3254 patricium
1869 3187 2103 3256 referas,
2133 3179 2183 3247 ο
2211 3187 2407 3259 saepius
2435 3185 2782 3251 revolvendo,
2813 3198 2883 3241 ne
2908 3185 3077 3248 ultra,
3128 3198 3311 3254 quaaso
3335 3222 3352 3249 ,
3398 3182 3790 3253 argumenteris

527 3273 630 3327 hoc
659 3275 724 3326 ad
777 3261 1066 3337 Caesarem,
1102 3275 1145 3329 si
1179 3274 1333 3333 velis.
1367 3275 1522 3344 Quod
1559 3278 1606 3332 si
1635 3277 1739 3333 hoc
1761 3280 1920 3336 modo
1949 3279 2105 3338 Chri-

527 3364 596 3418 sti
625 3378 822 3434 corpus
846 3364 1083 3434 applicas
1114 3366 1181 3420 ad
1209 3376 1636 3435 sacramentum,
1669 3369 1794 3426 inde
1819 3372 1963 3441 quod
1989 3373 2106 3431 haec

529 3457 832 3512 communis
860 3458 1052 3523 virtus,
1102 3457 1216 3513 lucc
1251 3455 1466 3529 publica
1510 3460 1790 3531 fortitudo,
1821 3478 2107 3522 commune

528 3548 873 3618 etpublicum
897 3549 1096 3604 malum
1149 3550 1242 3606 sit.
1276 3552 1444 3608 Porro
1471 3563 1677 3620 autem,
1709 3554 1752 3611 si
1781 3571 1849 3611 ex
1894 3571 1992 3612 sua
2013 3573 2105 3614 es-

533 3640 704 3695 sentia
734 3641 816 3696 vel
851 3651 1041 3698 natura
1071 3659 1178 3698 non
1216 3643 1420 3701 habent
1447 3646 1640 3704 salutis
1659 3649 1977 3718 potentiam,
2005 3651 2103 3706 ha-

530 3730 658 3785 bent
712 3731 826 3801 ejns
881 3735 1236 3801 contrarium,
1287 3737 1493 3807 sicque,
1527 3737 1654 3792 dum
1687 3737 1741 3792 in
1770 3753 1867 3794 sua
1913 3749 2106 3795 natura

529 3826 909 3893 permanserit,
960 3825 1066 3879 erit
1097 3825 1362 3896 impotens
1391 3836 1813 3882 sacramentum.
1841 3828 1945 3885 Per
1964 3831 2108 3900 quod

534 3915 814 3970 evidenter
856 3918 1207 3986 consequitur
1229 3931 1427 3986 corpus
1454 3917 1654 3973 Christi
1683 3919 1764 3974 sic
1787 3934 1907 3976 esse
1935 3919 2106 3976 imbe-

536 4005 676 4069 cille,
715 4007 759 4061 si
790 4020 1007 4078 panem,
1038 4007 1206 4076 quiin
1248 4020 1344 4061 sua
1376 4015 1570 4061 natura
1615 4009 1996 4077 permanserit,
2025 4009 2110 4065 di-

512 4097 669 4152 xerit
697 4111 892 4166 corpus
936 4110 1076 4152 esse.
1128 4095 1470 4166 Quapropter
1516 4110 1742 4153 necesse
1792 4106 1879 4154 est
1908 4106 1968 4154 ut
2013 4107 2109 4154 aut

513 4178 726 4254 [panem
755 4185 974 4240 omnino
1025 4200 1055 4240 a
1105 4200 1202 4241 sua
1254 4194 1450 4240 natura
1503 4183 1746 4255 dejicias,
1796 4195 1891 4242 aut
1932 4187 2107 4258 ipsum

532 4277 734 4334 Christi
760 4291 956 4347 corpus
1002 4276 1185 4334 dicere
1229 4291 1337 4333 non
1365 4289 1680 4349 praesumas.
1711 4276 1867 4345 Quod
1895 4279 1941 4335 si
1973 4279 2110 4335 forte

535 4368 737 4424 dixeris
782 4377 836 4423 et
856 4382 1008 4423 suam
1030 4377 1278 4423 naturam
1312 4368 1564 4436 retinere,
1595 4378 1648 4425 et
1671 4376 1849 4425 tamen
1871 4383 1978 4424 non
1992 4383 2113 4424 esse

541 4462 808 4530 impotens
832 4470 1254 4526 sacramentum,
1304 4470 1492 4517 contra
1549 4462 1817 4518 rationem
1839 4461 2109 4533 loqueris;

2206 3281 2273 3335 de
2300 3279 2689 3350 omnipotentia
2712 3277 2916 3333 divina.
2951 3275 3104 3333 Sicut
3127 3275 3276 3330 enim
3328 3290 3434 3330 non
3472 3273 3630 3342 capis
3651 3287 3784 3343 quo-

2207 3371 2365 3427 modo
2387 3370 2622 3442 Verbum
2651 3384 2777 3426 caro
2811 3367 3012 3423 factum
3045 3367 3137 3434 sit,
3169 3366 3250 3420 sic
3277 3381 3382 3422 non
3407 3374 3564 3434 potes
3585 3378 3781 3433 capere

2205 3465 2476 3534 quomodo
2497 3462 2652 3534 panis
2678 3462 2777 3517 iste
2805 3469 3044 3516 mutetur
3073 3459 3126 3514 in
3156 3472 3401 3522 carnem,
3429 3465 3486 3511 et
3513 3457 3702 3511 vinum
3727 3455 3780 3510 in

2207 3554 2521 3625 sanguinem
2553 3551 2990 3616 transformetur,
3023 3550 3140 3606 nise
3171 3557 3223 3604 te
3259 3547 3508 3604 docuerit
3540 3545 3789 3616 omnipo-

2208 3645 2392 3700 tentia:
2415 3643 2565 3700 fides.
2596 3642 2847 3714 Alioquin
2874 3642 3099 3698 luctaris
3128 3654 3251 3695 cum
3276 3639 3384 3694 Deo
3416 3654 3433 3704 ;
3461 3637 3559 3692 sed
3597 3651 3708 3691 non
3731 3635 3783 3690 iu

2207 3737 2446 3793 brachiis
2489 3737 2856 3808 patriarchae;
2889 3735 2985 3791 sed
3035 3747 3212 3802 neque
3258 3745 3382 3786 eum
3428 3743 3630 3784 aurora
3674 3727 3782 3781 imo

2208 3829 2372 3885 etiam
2403 3837 2514 3884 tota
2567 3839 2656 3884 tua
2698 3828 2814 3884 htec
2859 3825 3086 3883 luctatio
3138 3831 3401 3879 nocturna
3447 3830 3568 3886 est,
3617 3819 3786 3888 magis

2211 3935 2372 3992 quam
2400 3921 2613 3976 videtur
2644 3933 2766 3975 esse
2816 3919 3072 3974 insidiose
3099 3915 3358 3971 luctantis
3386 3927 3552 3984 quam
3581 3910 3786 3966 amica-

2213 4010 2393 4066 biliter
2445 4008 2822 4078 amplexantis.
2886 4007 3018 4075 Quae
3073 4005 3329 4060 nimirum
3385 4000 3612 4058 luctatio
3683 4014 3789 4054 non

2214 4099 2388 4156 solum
2415 4114 2525 4156 non
2572 4107 2848 4164 meretur,
2901 4096 2997 4152 sed
3044 4095 3261 4167 perdit;
3293 4101 3351 4149 et
3395 4106 3504 4146 non
3528 4105 3559 4145 a
3593 4089 3786 4145 merito

2215 4192 2416 4248 erroris
2463 4173 2720 4247 immunis
2765 4197 2888 4256 est,
2937 4188 3095 4260 quasi
3142 4189 3338 4242 durare
3386 4181 3625 4240 nolueris
3671 4179 3788 4253 [ιιι.⁹

2215 4279 2472 4352 volueris]
2501 4280 2765 4336 currendo
2796 4278 3038 4334 incurret
3073 4284 3323 4330 mortem.
3362 4271 3603 4347 Pr0pter
3643 4269 3788 4339 quod

2219 4370 2568 4441 philosophia:
2597 4379 2701 4424 tute
2726 4367 2925 4424 suadeo
2965 4375 3148 4420 tenere
3177 4364 3323 4434 quod
3371 4362 3640 4430 scriptum
3686 4367 3788 4412 est.

2222 4461 2390 4528 Tolle,
2421 4461 2614 4531 inquit,
2644 4459 2890 4515 luctatori
2927 4471 3216 4521 coronam,
3271 4454 3452 4508 lentus
3486 4450 3692 4520 jacehit
3737 4449 3786 4502 in

538 4552 581 4602 si
616 4523 702 4604 cui
761 4558 1008 4603 naturam
1059 4549 1330 4616 conferes,
1371 4551 1746 4606 inhmrentiam
1793 4549 1910 4624 [al.,
1943 4552 2114 4607 inhae-
2137 4523 2193 4588 D
2221 4550 2414 4606 studio.
2451 4549 2659 4605 Desiste
2684 4562 2813 4619 ergo
2842 4545 2957 4600 fore
2984 4545 3189 4600 erroris
3233 4543 3390 4598 miles
3411 4581 3425 4604 ,
3461 4539 3662 4595 desiste
3697 4538 3789 4596 iul-

541 4638 735 4711 rt-ntia]
767 4638 927 4694 tollis.
981 4638 1180 4695 Omnes
1215 4640 1360 4694 enim
1401 4655 1513 4707 res,
1537 4641 1664 4696 dum
1699 4640 1752 4694 in
1801 4655 1900 4698 sua
1921 4651 2114 4697 natura

537 4733 861 4800 consistunt,
907 4731 976 4786 ab
1028 4730 1414 4786 inlmnentihus
1441 4740 1648 4787 natura
1677 4746 1785 4788 non
1831 4734 2110 4789 recedunt.

539 4823 678 4890 Quid
706 4833 832 4894 ergo
854 4823 918 4878 de
941 4836 1081 4892 aqua
1115 4821 1170 4876 in
1194 4821 1376 4876 vinum
1412 4835 1674 4878 conversa
1697 4821 1865 4879 dicis?
1883 4821 2042 4880 Dices
2061 4823 2114 4878 in

540 4930 636 4967 sua
667 4923 860 4968 natura
906 4911 1193 4975 mansisse,
1242 4923 1299 4968 et
1363 4921 1541 4966 tamen
1604 4912 1788 4968 vinum
1838 4925 1983 4979 esse,
2022 4922 2117 4968 aut

540 5007 688 5062 dices
719 5019 824 5060 non
854 5019 975 5061 esse
1006 5004 1189 5060 vinum
1216 5020 1230 5072 ;
1257 5003 1398 5060 sicut
1441 5016 1542 5060 nec
1562 5003 1719 5075 panis
1748 5001 1868 5076 ιρι..
1895 5003 2112 5078 panem]

543 5111 745 5166 corpus
771 5097 874 5150 nisi
919 5095 1129 5165 saporis
1160 5095 1475 5164 potentiam.
1529 5093 1898 5165 Quodcunque
1919 5095 2116 5152 horum

545 5192 693 5240 diras
723 5190 1044 5240 Inir;!;i!i:::
1092 5188 1246 5240 lat-i3.
1294 5187 1713 5240 arcﬁmtlissime
1757 5185 2112 5240 fandis.soli-

2220 4654 2462 4713 pugnare
2506 4638 2727 4695 emleste
2775 4636 3129 4708 mysterium,
3185 4631 3458 4703 perpende
3505 4627 3653 4698 quod
3701 4625 3785 4678 Dei

2220 4730 2486 4795 voluntas,
2522 4737 2578 4784 et
2615 4726 2839 4782 verbum
2866 4724 3016 4781 omni
3042 4731 3252 4778 natum
3276 4717 3645 4791 supereminet
3671 4754 3686 4781 ,
3712 4727 3784 4774 et,

2223 4821 2318 4894 qui
2354 4820 2407 4876 in
2438 4816 2661 4876 facturis
2696 4824 2887 4888 potens
2911 4821 2998 4870 est
3021 4853 3038 4881 ,
3069 4819 3344 4883 potentem
3394 4803 3778 4864 transformari:

2227 4911 2436 4976 credas,
2465 4910 2606 4966 sicut
2633 4907 2892 4977 scriptum
2914 4912 2997 4960 est
3021 4917 3036 4957 :
3065 4901 3298 4956 natabis
3321 4915 3403 4966 eo,
3429 4907 3480 4954 et
3511 4894 3786 4950 mutabun-

2226 5013 2312 5054 tur
2334 4998 2504 5071 (Paul.
2548 4998 2645 5069 ea).
2681 4995 2780 5052 Dei
2821 4993 2968 5050 enim
3001 4989 3138 5048 velle
3172 5005 3272 5062 pro
3313 4988 3458 5044 facto
3505 4993 3612 5044 est.
3648 4983 3787 5045 Exue

2226 5092 2388 5164 igitur
2412 5088 2614 5146 erroris
2665 5085 3003 5142 involucrum
3026 5123 3042 5150 ,
3088 5089 3145 5137 et
3165 5090 3316 5136 casto
3360 5076 3487 5133 ﬁdei
3529 5073 3784 5134 velamine

2225 5183 2279 5238 in
2309 5192 2542 5235 mentem
2565 5164 2712 5240 pars.
2744 5176 3046 5232 ilemorare
3065 5171 3211 5240 quae!
3239 5172 3294 5226 in
3327 5167 3619 5225 Amlaroaia;
3661 5165 3784 5235 legi-
