4044 5290
549 187 677 246 9331

1063 187 1362 253 ancoras
1401 159 1850 258 unimanus
1889 197 2211 260 EPISCOPI.
2244 206 2332 262 DE
2371 205 2567 263 conp.
2603 206 2690 265 ET
2728 207 2926 265 sane.
2970 173 3260 267 απυδ-τι

3663 209 3799 267 1552

540 304 848 361 dulcedines
879 306 1222 396 temperando
1261 318 1501 379 saporat,
1538 319 1802 390 tantoque
1848 313 2125 378 intentius,
2159 319 2201 379 Α
2233 332 2330 375 uos
2378 317 2798 377 fefelliti-‘Absit
2828 322 2849 376 ι·
2875 320 2995 376 Ιηιο
3038 330 3094 376 ιιι
3142 323 3426 390 perturbas
3468 327 3799 396 veritatem;

539 404 738 466 quanto
779 409 899 449 eam
940 395 1170 466 amplius
1216 399 1363 453 novit
1396 400 1761 470 profuturam;
1811 405 1890 460 sic
1946 417 2128 461 noster

536 485 896 553 Procurator,
932 497 986 542 et
1018 491 1273 559 providus
1300 493 1525 548 conviva
1562 497 1844 564 prandium
1866 494 1978 553 suae
2008 514 2129 553 car-

535 577 620 631 ris
643 578 912 646 coaptavit
936 578 1302 646 horrentibus,
1337 591 1422 648 ut,
1448 585 1930 653 prioriscreatura:
1973 588 2128 642 vulti-

535 671 633 720 bus
664 667 978 741 reservatis,
1006 684 1069 724 ex
1105 671 1291 726 forma:
1332 672 1536 729 visione
1577 676 1871 732 animosius
1906 693 2127 748 capere—

525 771 638 834 tur.
683 756 946 816 Similiter
973 775 1093 816 cum
1127 769 1334 817 tantum
1360 765 1500 822 Deus
1531 775 1674 823 esset
1706 768 1759 823 in
1785 783 1882 823 sua
1906 771 2126 826 immor-

532 847 626 928 tali
656 851 890 906 essentia
923 852 1211 922 providens
1249 853 1544 910 humanum
1590 873 1760 928 genus
1808 876 1912 913 non
1963 875 2122 930 posse

535 942 799 1009 reparari,
829 942 875 996 si
902 959 1006 998 non
1032 955 1335 1000 moreretur
1364 962 1459 1016 per
1481 962 1720 1022 carnem,
1745 952 1833 1020 qui
1856 951 1997 1004 mori
2029 967 2124 1020 per

531 1031 870 1091 divinitatem
905 1052 1008 1092 non
1049 1046 1278 1108 poterat,
1309 1040 1596 1096 occultavit
1625 1056 1683 1097 sc
1711 1056 1910 1098 nostra:
1942 1044 2121 1098 carnis

538 1125 755 1191 amictu,
786 1137 841 1182 ct
872 1141 968 1196 per
1013 1138 1288 1198 assumpta
1336 1131 1581 1186 membra
1627 1147 1820 1201 passus
1873 1141 1956 1188 est
2005 1133 2120 1189 sine

535 1217 744 1274 visione
774 1219 1073 1285 sermonis;
1107 1235 1284 1290 quem,
1317 1237 1475 1278 nemo
1495 1223 1626 1282 licet
1647 1225 1860 1293 viderit,
1894 1237 1945 1283 ut
1974 1243 2118 1299 reor,

533 1325 641 1365 nun
675 1311 816 1367 dicet
843 1311 1099 1368 defuisse.

603 1399 717 1464 Qua
758 1401 809 1452 in
845 1416 900 1454 re
926 1401 1065 1455 sicut
1097 1401 1322 1461 haberet
1359 1403 1726 1461 immortalem
1762 1414 1818 1460 et
1852 1405 2110 1461 invisibi-

533 1488 638 1542 lem
682 1505 777 1560 per
820 1505 1016 1560 corpus
1065 1491 1395 1562 disposuisse
1435 1495 1608 1560 mori,
1653 1497 1733 1551 sic
1774 1496 1950 1564 ipsum
1998 1494 2116 1563 ejus

535 1597 733 1652 corpus
754 1580 1076 1652 ingustabile
1104 1598 1200 1654 per
1227 1593 1520 1653 naturam,
1564 1602 1662 1656 per
1705 1587 1970 1652 formam,
2019 1603 2117 1658 per

2229 421 2283 465 et
2313 412 2466 481 quasi
2496 414 2781 469 mentitam
2821 413 3140 485 redarguis;
3168 429 3268 470 nec
3297 416 3502 471 vereris
3547 417 3820 489 Scriptuo;

2229 517 2345 557 ram
2393 503 2659 559 dicentem
2705 505 2858 576 quod
2895 519 2982 570 ea,
3026 520 3146 576 qua:
3194 505 3412 563 Veritas
3465 492 3818 577 repromisit,’

2228 594 2342 648 siue
2373 604 2591 665 aspectu
2630 595 2902 650 credenda
2941 596 3251 667 sintripsa
3290 599 3436 653 enim
3482 600 3660 655 dicit:
3700 603 3798 657 hoc

2225 693 2298 738 est
2327 700 2513 756 corpus
2538 703 2708 740 meum
2739 686 2954 754 (Matth.
2987 688 3546 756 xxvr,26).Concedis
3571 690 3799 760 dixisse.

2225 774 2320 828 sed
2369 789 2668 845 repugnare
2725 791 2831 830 non
2885 791 3090 832 cessas.
3156 777 3304 832 Dicis
3357 780 3506 833 enim
3555 795 3797 851 corpus,

2224 874 2276 920 et
2329 880 2434 920 non
2483 881 2717 936 corpus,
2777 882 2974 933 suum,
3022 875 3080 922 et
3126 883 3232 923 non
3287 883 3464 923 suum.
3514 869 3799 936 Quomodo

2223 955 2365 1008 enim
2437 955 2588 1009 dicas
2627 996 2644 1019 ,
2705 955 2790 1011 vel
2854 971 2959 1011 non
3015 958 3212 1024 dicas,
3283 959 3533 1028 superius
3593 959 3799 1016 dixisse

2222 1059 2308 1098 me
2377 1055 2525 1113 puto.
2579 1045 2783 1101 Idcirco
2831 1045 3034 1101 dictum
3085 1056 3214 1116 puta
3264 1048 3584 1118 (Aucusrts.
3635 1064 3794 1105 serus.

2219 1132 2255 1187 2
2275 1174 2292 1197 ,
2320 1135 2384 1188 de
2415 1134 2552 1188 verb.
2595 1133 2799 1204 Apost,
2823 1149 2874 1189 c.
2904 1135 2962 1200 1,.
2989 1134 3078 1207 10)
3111 1153 3125 1190 :
3162 1154 3182 1188 ι
3216 1137 3626 1193 Sacramentum
3665 1138 3800 1194 lide-

2219 1223 2349 1279 lium
2423 1234 2719 1294 agnoscunt
2790 1224 3018 1291 ﬁdeles,
3087 1226 3368 1283 audientes
3435 1230 3798 1298 autem-quid

2219 1315 2363 1370 aliud
2393 1330 2554 1385 quant
2597 1315 2739 1384 quod
2769 1316 3030 1371 audiunt?
3071 1317 3188 1372 Erit
3226 1317 3441 1372 homini
3471 1317 3546 1372 illi
3593 1332 3812 1383 mores;

2218 1422 2324 1462 non
2355 1408 2487 1472 vita,
2538 1407 2642 1475 qui
2680 1408 2965 1462 mendaces
2992 1409 3263 1478 putaverit
3303 1409 3516 1462 vitam?
3553 1427 3574 1460 s
3630 1408 3796 1462 verba

2218 1513 2449 1568 namque
2495 1497 2617 1551 vita:
2664 1505 2824 1563 sunt;
2856 1498 2983 1568 quia
3033 1497 3150 1552 Vita
3207 1498 3320 1553 inec
3356 1498 3528 1554 dixit:
3579 1509 3640 1553 et
3687 1499 3796 1552 vita

2218 1589 2333 1658 ipsa
2362 1598 2509 1652 sunt,
2548 1597 2606 1644 et
2632 1587 2846 1643 Veritas
2889 1589 3005 1644 hmc
3028 1589 3164 1643 dixit
3193 1607 3208 1642 :
3249 1599 3304 1644 et
3336 1603 3462 1644 vera
3495 1589 3610 1658 ipsa
3647 1599 3799 1654 situt,

535 1669 777 1738 speciem.
843 1671 1216 1727 manducabile
1277 1676 1503 1730 contulit
1535 1671 1584 1744 ,'
1624 1692 1694 1733 ne
1764 1677 2113 1731 abhorrenth
2145 1689 2188 1747 Β
2216 1685 2269 1731 ει
2296 1677 2494 1747 quibus
2538 1677 2798 1746 loquitur,
2849 1677 2977 1746 quia
3026 1676 3144 1746 ipse
3190 1686 3274 1732 est
3316 1676 3553 1731 Verbum
3595 1675 3792 1731 Patris.

535 1770 820 1818 cruentum
854 1761 964 1831 ipsa
981 1760 1240 1831 jejunitas
1263 1765 1668 1829 condemnaret,
1694 1781 1832 1837 quos
1857 1767 2121 1823 liberates

535 1861 710 1908 morte
739 1852 960 1908 reiectio
985 1864 1333 1910 sacrosancta
1356 1857 1602 1914 satiaret.
1637 1857 1776 1926 Quid
1826 1859 1969 1913 enim
2005 1867 2117 1913 tam

534 1943 770 2014 optabile
805 1945 1020 1999 devenit
1045 1944 1095 1999 in
1129 1945 1372 2002 habitum
1401 1964 1574 2018 quam,
1605 1949 1726 2020 ipso
1777 1949 1924 2019 pasci
1957 1990 1972 2014 ,
2000 1950 2121 2020 ipso

538 2035 685 2092 reﬁci
713 2052 873 2106 pane,
903 2037 994 2106 qui
1029 2046 1175 2091 tanta
1210 2039 1408 2094 virtute
1437 2054 1536 2100 nos
1583 2041 1794 2110 saginat
1821 2081 1844 2106 ,.
1864 2049 1928 2095 ut
1965 2041 2126 2097 Cbri-

536 2128 909 2197 storm-parati
936 2125 1472 2203 [al.,concorporati]
1491 2131 1799 2190 medullitus
1820 2133 2119 2203 adipemur.

536 2225 590 2269 ct
612 2217 772 2271 homo
798 2218 1022 2273 interior
1062 2220 1420 2289 spiritualitcr
1454 2221 1818 2292 pinguescat?
1843 2224 1922 2278 Ad
1955 2223 2119 2281 istum

536 2309 899 2378 capiendum,
961 2311 1396 2378 comedendum,
1450 2315 1745 2370 nutrimur.
1795 2313 1897 2370 Per
1953 2315 2118 2370 istum

534 2397 801 2455 laetamur
854 2401 978 2463 ﬁde,
1037 2401 1311 2469 pascimur
1371 2403 1553 2472 specie
1606 2402 1766 2474 [forte
1817 2403 1958 2476 Spe].
2017 2403 2122 2458 Per

535 2489 712 2559 ipsum
737 2491 848 2561 jam
884 2492 976 2547 filii
1011 2492 1102 2547 Dei
1133 2507 1344 2558 smnus,
1372 2493 1512 2548 sicut
1540 2494 1799 2564 scriptum
1841 2503 1924 2548 est
1956 2511 1970 2546 :
2000 2493 2121 2548 Filii

539 2580 634 2633 Dei
668 2595 858 2636 sumus
890 2596 987 2654 per
1009 2581 1239 2651 gratiam
1266 2621 1280 2645 ,
1309 2596 1408 2649 per
1440 2581 1598 2636 [idem
1626 2622 1642 2648 ,
1681 2596 1779 2653 per
1805 2596 2119 2636 sacramen-

537 2681 682 2737 tum,
723 2689 823 2744 per.
873 2673 1187 2744 sanguinem
1243 2674 1483 2740 Christi,
1543 2689 1641 2745 per
1694 2674 2118 2746 redemptionem

538 2762 860 2819 Salvatoris.
894 2763 1058 2820 Cibus
1089 2763 1436 2830 immortalis,
1465 2771 1520 2819 et
1549 2771 1792 2830 sanctus,
1828 2753 1927 2835 per
1953 2777 2114 2834 quem

538 2868 637 2907 nos
666 2862 976 2924 vegetemur
1003 2852 1129 2927 (aL,
1170 2853 1504 2926 vegetamur]
1549 2863 1604 2910 et
1634 2854 1726 2909 ille
1768 2870 1876 2912 non
1923 2852 2120 2914 minui-

539 2953 647 2995 tur.
689 2941 852 2996 Panis
883 2941 1001 3004 istc,
1030 2941 1169 2997 sicut
1205 2941 1294 2995 lux
1349 2942 1582 3011 plurium
1632 2943 1819 3002 oculos
1864 2956 2114 3013 pascens,

2224 1766 2334 1823 Cur
2381 1767 2524 1823 enim
2576 1766 2908 1822 scandalizat
2949 1775 3002 1823 te
3045 1767 3253 1838 species
3277 1781 3397 1836 qua:
3425 1767 3709 1830 remansit,
3739 1775 3798 1822 ut

2221 1873 2366 1924 reor,
2419 1857 2466 1912 si
2519 1865 2572 1912 te
2621 1865 2958 1912 cruentasset
2984 1857 3220 1924 occisus,
3267 1855 3583 1912 scandalum
3623 1853 3797 1922 majus

2219 1963 2387 2019 esset,
2437 1953 2578 2008 sicut
2606 1951 2739 2007 dicit
2779 1949 3014 2006 Joannes
3035 1950 3452 2022 Chrysostomas
3475 1947 3706 2020 (Homil.
3733 1947 3797 2000 de

2219 2045 2513 2116 proditione
2535 2044 2716 2111 Judw,
2743 2042 2844 2099 sub
2869 2042 3088 2113 linem):
3133 2062 3153 2096 ι
3184 2042 3501 2106 Erubesces,
3533 2059 3553 2092 ι
3599 2042 3795 2110 inquit,

2225 2156 2244 2189 ι
2265 2136 2789 2201 oblationisarcana,
2812 2135 3024 2191 occisus
3043 2134 3348 2204 propositus
3368 2141 3452 2189 est
3473 2131 3740 2188 Christus.
3769 2151 3790 2184 ι

2219 2229 2298 2284 lta
2327 2228 2543 2299 quidem
2575 2243 2729 2283 nunc
2772 2227 3087 2300 mysterium
3111 2235 3287 2282 tecum
3312 2234 3418 2290 est,
3445 2241 3589 2280 nunc
3609 2232 3794 2296 operta

2221 2318 2503 2388 mysterio.
2533 2316 2589 2372 Si
2617 2316 2758 2372 enim
2784 2333 2878 2388 per
2900 2317 3057 2372 ﬁdem
3085 2331 3191 2372 non
3219 2315 3474 2371 ambulas
3489 2316 3543 2370 in
3567 2328 3675 2384 quo
3695 2313 3796 2368 erit

2219 2407 2570 2478 mysterium?
2611 2407 2716 2464 Per
2741 2407 2898 2475 ﬁdem
2919 2407 3053 2460 enim
3083 2405 3456 2470 ambulamus,
3493 2414 3540 2457 et
3576 2419 3688 2456 non
3708 2417 3798 2471 per

2219 2499 2437 2568 speciem
2471 2495 2553 2569 (ll
2587 2494 2710 2552 Cor.
2741 2510 2801 2562 v,
2828 2495 2905 2565 7).
2928 2494 3102 2551 Aliter
3145 2495 3289 2550 enim
3342 2509 3447 2548 non
3485 2491 3708 2546 venitur
3731 2488 3799 2542 ad

2221 2605 2394 2656 aram,
2426 2604 2547 2659 quae
2568 2597 2624 2645 et
2667 2588 2925 2644 sacerdos
2946 2596 3002 2642 et
3026 2585 3350 2644 sacriﬁcium
3375 2593 3476 2641 est.
3499 2584 3560 2639 In
3583 2581 3802 2639 Christo

2220 2683 2362 2738 cnim
2389 2682 2504 2738 haec
2522 2681 2726 2738 omnia.
2756 2679 2875 2751 Ipse
2895 2680 3038 2737 enim
3061 2689 3143 2735 est
3168 2679 3398 2735 sublime
3421 2678 3599 2732 altare
3621 2675 3798 2730 Patris

2221 2771 2408 2843 (Hebr.
2437 2789 2554 2840 xui,
2590 2771 2700 2842 i0),
2730 2775 2874 2828 sicut
2894 2770 3157 2842 scriptum
3185 2779 3271 2826 est
3310 2787 3326 2824 :
3374 2768 3610 2824 Putasne
3651 2764 3804 2822 aliud

2215 2850 2340 2920 esse
2369 2864 2542 2919 altare
2566 2865 2656 2920 ubi
2683 2863 2930 2920 Christus
2957 2861 3198 2933 pontifex
3221 2861 3416 2927 astitit,
3464 2875 3642 2930 quam
3680 2870 3806 2914 cor-

2217 2972 2322 3027 pus
2350 2973 2505 3013 suum
2537 2972 2634 3028 per
2656 2957 2821 3026 quod,
2848 2964 2904 3012 et
2941 2957 2995 3011 in
3029 2955 3171 3026 quod
3197 2955 3306 3010 Deo
3333 2954 3481 3009 Patri
3511 2963 3639 3007 vota
3669 2951 3800 3006 tide<

538 3042 592 3088 et
619 3040 977 3092 tamentanta
1007 3044 1089 3089 εει
1118 3042 1318 3103 quanta
1345 3044 1484 3088 erat
1537 3033 1952 3091 Sacramenta!“
1983 3033 2114 3089 ηδε·
2140 3036 2184 3096 C
2215 3051 2365 3118 ιιιιιιι,
2387 3062 2444 3108 et
2471 3052 2602 3108 lich
2623 3051 2958 3122 oﬂ'eruntur,?
2980 3051 3132 3108 Unde
3151 3059 3206 3106 et
3227 3050 3540 3106 Psalmista:
3564 3047 3800 3102 Introibo

537 3127 703 3193 lium,
725 3128 866 3197 quod
905 3125 1002 3181 soli
1035 3135 1332 3197 agnoscunt
1379 3126 1604 3194 ﬁdeles,
1655 3137 1784 3182 tunc
1829 3128 2118 3199 unicuique

540 3218 650 3271 vita
683 3227 802 3284 est;
834 3219 878 3273 si
911 3217 1053 3289 quod
1086 3217 1138 3271 in
1185 3227 1584 3274 sacramentum
1632 3218 1922 3273 visibiliter
1951 3220 2119 3274 sumi.-

541 3324 630 3366 tur
662 3313 714 3366 in
742 3312 856 3380 ipsa
887 3311 1112 3370 veritate
1143 3311 1498 3381 spiritualiter
1527 3311 1782 3377 bibatur;
1815 3311 1972 3366 aliter
2009 3327 2117 3366 non

541 3405 833 3460 satiarctnr
882 3417 1076 3465 meus;
1126 3401 1284 3460 aliter
1330 3417 1437 3458 non
1493 3411 1836 3462 recrearetur
1893 3402 2125 3466 anima,

540 3495 682 3550 sicut
710 3495 1042 3562 Augustinus
1069 3492 1200 3551 dicit
1231 3511 1246 3548 :
1275 3484 1300 3545 ἰ
1340 3492 1576 3549 Omnino
1603 3509 1708 3548 non
1759 3492 1986 3549 satiaret
2033 3507 2119 3550 me

540 3584 702 3649 Dens,
731 3583 834 3638 nisi
864 3583 1204 3652 promitteret
1235 3597 1294 3638 se
1346 3582 1520 3652 ipsum
1571 3583 1762 3636 Deum.
1793 3602 1812 3633 ι
1854 3579 1996 3651 Ergo
2026 3581 2116 3636 ubi

540 3683 625 3728 est
653 3674 754 3733 ista
805 3673 1113 3745 promissio,
1160 3670 1364 3737 Panis,
1412 3673 1614 3742 inquit,
1649 3659 1802 3743 queat
1849 3688 1942 3741 ego
1981 3671 2117 3724 dabo

541 3783 665 3821 caro
713 3783 827 3823 mea
866 3779 944 3820 est
991 3783 1085 3837 pro
1135 3780 1314 3820 manat
1361 3763 1820 3837 sita?(loan.vt,
1853 3763 1970 3835 52.)
2013 3763 2118 3818 Sed

542 3857 692 3913 dices
724 3857 880 3927 panis
926 3857 1036 3922 hic,
1087 3857 1183 3912 sed
1231 3873 1335 3914 non
1385 3856 1530 3911 Dens
1579 3855 1931 3931 promittitur.
1980 3854 2118 3909 Audi

549 3949 745 4006 iterum
775 3968 788 4003 :
819 3949 930 4021 Ego
960 3965 1100 4012 sunt,
1138 3949 1336 4017 inquit,
1367 3948 1517 4018 panis
1560 3949 1722 4013 rirns,
1765 3947 1854 4016 qui
1882 3946 1945 4002 de
1993 3944 2119 4000 caelo

545 4041 786 4098 descendi
818 4041 1004 4113 (Ibid,
1032 4042 1143 4111 51).
1177 4041 1344 4096 Vivus
1374 4049 1499 4104 est,
1535 4047 1590 4096 et
1617 4039 1770 4117 vivos
1799 4037 1946 4094 facit.
1983 4037 2117 4093 Nam

544 4132 740 4190 iterato
766 4134 844 4190 sic
868 4134 1038 4188 hach
1067 4151 1080 4186 :
1115 4132 1176 4188 Si
1200 4133 1314 4202 quis
1341 4131 1729 4186 manducauerit
1762 4147 1824 4184 ex
1844 4131 1940 4186 hoc
1962 4147 2117 4199 pane.

544 4228 669 4280 vivet
699 4228 758 4283 in.
777 4237 1027 4284 arternnm
1054 4225 1242 4295 (Ibid.,
1259 4226 1370 4294 5‘2).
1389 4226 1598 4281 Audisti
1625 4226 1748 4296 quia
1771 4227 1879 4280 vita
1895 4235 1995 4281 est.
2013 4226 2120 4281 Sed

549 4331 669 4379 qua:
700 4315 840 4368 vita?
877 4317 984 4370 vita
1019 4315 1432 4384 distinguibilis,
1474 4314 1825 4370 discretibilis
1847 4355 1860 4379 ,
1890 4315 2115 4370 distans.

2217 3143 2286 3196 ad
2314 3143 2489 3198 altare
2508 3142 2604 3197 Dei
2633 3144 2741 3198 mei
2790 3141 2964 3214 (Psal.
2995 3156 3130 3208 nn,
3178 3142 3256 3209 4).
3312 3139 3418 3196 Sed
3465 3147 3520 3195 et
3573 3139 3646 3194 de
3695 3153 3800 3208 quo

2217 3233 2445 3298 diceret,
2477 3233 2723 3303 adjunxit
2751 3249 2764 3286 :
2791 3232 2862 3286 ad
2895 3231 3062 3287 Deum
3098 3233 3188 3302 qui
3220 3229 3449 3298 ltetiﬁcat
3471 3230 3800 3299 jurantuteru

2218 3340 2406 3378 nteant.
2440 3325 2552 3380 lloc
2579 3337 2634 3380 et
2661 3325 2804 3396 apud
2840 3324 3184 3379 Ambrosium
3211 3322 3371 3394 (libro
3400 3337 3452 3376 tv
3494 3321 3561 3374 de
3602 3318 3800 3374 Sacra-

2218 3413 2426 3478 mentis,
2449 3429 2565 3484 cap.
2591 3414 2647 3484 2)
2673 3431 2687 3468 :
2733 3432 2751 3466 ι
2785 3412 2977 3478 forma,
3009 3413 3200 3482 inquit,
3230 3410 3470 3481 corporis
3495 3409 3670 3463 altare
3697 3417 3798 3471 est,

2217 3513 2274 3560 ct
2302 3519 2497 3574 corpus
2521 3503 2722 3560 Christi
2743 3512 2829 3559 cst
2851 3503 2904 3558 in
2926 3502 3106 3562 altari.
3138 3521 3158 3556 ι
3194 3501 3311 3571 Ipse
3337 3500 3482 3556 enim
3506 3509 3594 3554 est
3622 3511 3806 3552 δείσει’-ι.

2219 3597 2317 3653 dos
2353 3596 2494 3652 sicut
2525 3595 2805 3667 Scriptura
2850 3595 2984 3652 dicit
3031 3613 3046 3650 :
3111 3592 3378 3650 Terribile
3413 3599 3536 3654 est,
3601 3589 3797 3658 inquit,

2220 3686 2555 3742 immundum
2604 3687 2866 3743 accedere
2906 3686 2986 3742 θαι·
3021 3699 3105 3744 ea.
3140 3683 3241 3740 Ubi
3278 3683 3536 3739 sacerdos
3558 3689 3669 3744 est,
3710 3679 3798 3737 osi

2217 3787 2521 3847 potestatem
2547 3778 2699 3832 habet
2722 3793 2933 3846 corpus,
2960 3787 3006 3832 et
3031 3777 3261 3830 animum
3285 3773 3500 3845 perdere
3525 3772 3582 3825 in
3607 3773 3805 3842 gehena

2220 3881 2340 3920 nam
2381 3867 2593 3938 (Matth.
2648 3884 2718 3932 χ,
2769 3868 2902 3938 ‘28);
2942 3878 2997 3923 et
3044 3865 3172 3921 illud
3231 3863 3579 3920 Psalmistte:
3632 3860 3713 3914 Tu
3746 3874 3806 3915 es.

2219 3957 2462 4011 sacerdos
2508 3957 2564 4010 in
2605 3966 2854 4012 internum
2884 3957 3057 4028 (Psal.
3087 3972 3199 4024 eis,
3227 3956 3322 4029 4);
3364 3963 3421 4010 et
3440 3951 3668 4018 Paulus,
3713 3949 3802 4004 hic

2221 4053 2402 4100 autem
2452 4061 2518 4101 eo
2561 4047 2704 4116 quod
2747 4057 2965 4103 maneat
3019 4048 3070 4102 in
3099 4057 3380 4113 attentum
3409 4045 3797 4114 sempiternum

2223 4133 2384 4198 habet
2431 4137 2812 4192 sacerdotium.
2863 4135 3018 4192 Unde
3060 4145 3116 4192 ct
3163 4137 3334 4192 idem:
3370 4133 3573 4196 Talem,
3607 4132 3808 4203 inquit,

2223 4225 2468 4284 habemus
2494 4226 2832 4287 sacerdotem,
2860 4226 2950 4292 qui
2971 4226 3200 4282 consedit
3221 4227 3297 4279 ad
3311 4230 3585 4278 dexteram.
3601 4225 3804 4292 ’παρηὶς

2227 4317 2424 4371 tudinis
2454 4318 2508 4372 in
2535 4316 2752 4392 excelsis
2781 4315 2969 4387 (Hebr.
3003 4333 3097 4381 vn,
3136 4318 3209 4383 l).
3241 4316 3310 4373 Ut
3329 4319 3473 4372 enim
3495 4315 3802 4372 ostenderet

548 4406 726 4473 Quare
745 4405 768 4458 ?
789 4405 912 4473 quia
943 4419 1156 4482 perpes,
1173 4406 1300 4474 quia
1321 4415 1544 4474 aeterna,
1567 4406 1691 4475 quia
1717 4405 2119 4475 salubris,_qnia
2147 4387 2200 4449 Ῐ)
2225 4422 2283 4463 se
2313 4423 2432 4463 esse
2455 4389 2780 4462 sacriﬁcium
2807 4423 2820 4460 :
2861 4408 2978 4461 ideo
3010 4407 3304 4477 ingrediens
3344 4407 3599 4460 mundum
3638 4403 3799 4458 dicit:

541 4496 906 4566 corruptionis
935 4497 1138 4558 nescia,
1166 4497 1289 4566 quia
1332 4496 1602 4552 felicitatis
1630 4498 1808 4566 plena.
1853 4497 1958 4553 Per
1983 4497 2126 4567 quod
2224 4497 2467 4558 Hostiam
2501 4508 2549 4552 et
2579 4498 2890 4553 oblationem
2920 4497 3156 4562 noluisti,
3179 4513 3366 4565 corpus
3401 4507 3577 4550 autem
3613 4493 3798 4564 optasti

546 4600 770 4651 :eterne,
796 4600 894 4656 per
921 4585 1075 4656 quod
1117 4585 1446 4652 salubriter,»
1466 4602 1562 4656 per
1601 4590 1744 4658 quod
1781 4591 1897 4645 sine
1940 4603 2125 4644 corru-
2222 4591 2386 4644 mihi:
2413 4600 2535 4644 tunc
2559 4588 2676 4648 dixi
2693 4603 2718 4653 ις
2749 4587 3074 4660 Εεοεξυεηὶο.
3105 4585 3176 4644 1η
3201 4588 3369 4656 capite
3391 4585 3511 4639 libri
3547 4585 3796 4652 scriptun

544 4678 748 4746 ptione.
783 4692 880 4748 per
902 4676 1047 4748 quod
1078 4675 1306 4734 feliciter
1339 4675 1555 4732 visitur.
1573 4677 1763 4735 Nonne
1792 4681 1893 4736 hoc
1916 4679 2128 4750 Optabi-
2195 4660 2294 4734 ἐει
2319 4679 2491 4732 cie-tne
2521 4687 2576 4731 ut
2605 4677 2832 4747 [acerem
2861 4673 3176 4739 uoluntatem
3197 4684 3342 4730 luant
3364 4670 3551 4744 (Hebr.
3574 4688 3633 4737 ι,
3656 4671 3792 4742 5-7).

543 4769 671 4822 liter
697 4767 1282 4834 amandum,amando,
1306 4766 1532 4824 colendo
1563 4769 1892 4825 credendum
1921 4779 2000 4826 est
2025 4770 2123 4830 ?ln
2222 4768 2277 4832 lu
2311 4768 2422 4837 ipsa
2459 4767 2734 4824 voluntate
2765 4765 2910 4819 sicut
2941 4763 3230 4833 Apostolus
3258 4763 3426 4818 dicit:
3469 4757 3796 4829 Sanctiﬁcati

544 4859 632 4914 his
661 4861 826 4914 etiam
868 4875 896 4912 a
929 4869 1113 4916 nostra
1141 4857 1340 4915 diﬁ'ert.
1375 4858 1562 4913 Activa
1598 4858 1742 4915 enim
1775 4875 1876 4917 nec
1906 4874 2120 4931 perpcs,

547 4962 647 5002 nec
669 4946 937 5014 colenda;
969 4947 1396 5004 exterminahilis
1417 4956 1502 5004 est
1519 4949 1691 5024 enim,
1709 4949 1849 5005 sicut
1873 4951 2125 5020 Augusti-

544 5053 650 5094 nus
676 5040 806 5093 dicit
837 5055 851 5092 :
883 5039 1028 5099 Vita,
1067 5039 1258 5108 inquit,
1296 5039 1395 5095 ista
1429 5053 1596 5110 vapor
1631 5049 1715 5096 est
1750 5040 1818 5096 ad
1841 5039 2121 5100 modicum

545 5140 848 5198 apparens,
892 5127 1149 5196 deinceps
1189 5127 1666 5196 exterminabitur;
1691 5137 1744 5184 ct
1786 5128 1958 5185 alibi:
2000 5126 2121 5188 Vita

546 5218 807 5283 hominis,
838 5227 893 5272 et
914 5218 957 5272 si
985 5219 1165 5290 longa,
1193 5219 1346 5286 quasi
1374 5228 1524 5288 gutta
1557 5231 1667 5276 una
1706 5220 1778 5276 ad
1804 5220 2122 5276 universum.

2225 4875 2404 4919 sumus
2423 4873 2515 4928 per
2533 4855 2853 4912 oblationem.
2863 4854 3093 4925 corporis
3106 4851 3305 4911 Clariin
3326 4852 3454 4914 ἔδει
3489 4849 3543 4923 (1
3547 4850 3676 4912 bid.,
3691 4849 3792 4920 10).

2230 4948 2338 5006 Sed
2367 4958 2427 5002 ut
2455 4945 2587 5010 nihil
2616 4945 2871 5002 deficeret
2893 4945 3126 5000 omnino.
3148 4941 3388 5006 venienti
3408 4941 3483 4997 ad
3501 4941 3793 5003 Christum,

2228 5039 2343 5108 ipse
2371 5047 2454 5092 est
2482 5035 2907 5101 tabernaculum.
2939 5035 3066 5094 huic
3091 5034 3188 5095 soli
3218 5041 3490 5099 servatum
3520 5029 3790 5102 mysterio.

2226 5139 2289 5188 ut
2311 5128 2492 5185 omnia
2539 5138 2722 5186 essent
2762 5126 2860 5188 sub
2888 5126 3058 5198 gratia
3083 5138 3184 5195 per
3210 5119 3597 5196 plenitudinem
3629 5119 3792 5189 picta-

2211 5283 2214 5286 ,
2231 5223 2318 5281 tis.
2353 5219 2584 5276 Necesse
2603 5219 2670 5275 de
2690 5226 2886 5280 caetero
2903 5215 2992 5286 qui
3011 5215 3238 5272 laniaret
3257 5212 3398 5268 aliud
3415 5224 3514 5281 pro
3537 5208 3657 5282 [at.,
3687 5198 3793 5275 per]
