4044 5290
211 299 349 359 1555

887 296 1307 357 ιιιιιιιιΑιιυυε
1340 294 1644 354 LUGDUN.
1682 291 1827 350 EPlS

1928 291 1987 346 P.
2025 287 2302 348 ΝΟΤΙἹἹΑ
2339 285 2722 344 HISTORICA.

3343 283 3480 337 ιεειι

211 419 360 492 plebs
407 415 530 488 [al.,
581 414 706 490 ista]
757 413 995 485 ipsarum
1041 414 1407 478 victimarum,
1463 427 1584 468 cum
1638 409 1793 482 plebe
1821 412 1867 470 Λ
1896 404 2039 475 quod
2061 401 2383 458 universitas
2414 414 2522 454 non
2555 404 2804 492 assenttt,
2830 395 2990 492 quia:
3007 394 3149 492 sicut
3175 393 3228 450 in
3249 393 3482 450 Ambro-

214 509 361 564 salva
387 515 472 562 est
504 522 519 561 :
559 504 616 558 ln
648 519 756 575 quo
783 505 927 560 enim
955 505 1188 560 cessavit
1211 503 1415 566 unctio,
1463 501 1697 558 cessavit
1739 506 1794 554 et

213 597 451 654 victima.
485 594 670 668 Caliga
698 595 886 666 igitur,
909 604 964 650 et
989 595 1383 664 quodammodo
1406 607 1582 648 ccccus
1607 591 1705 656 sis,
1735 598 1794 646 ut

214 689 398 764 videas
423 703 582 759 quem
612 703 717 742 non
744 685 985 751 videbas,
1018 694 1072 740 et
1102 687 1242 741 sicut
1277 699 1372 756 per
1399 685 1595 740 bonum
1627 682 1795 753 pudo-

216 793 329 834 rem
354 780 506 834 visus
539 778 631 832 tibi
671 777 910 832 exterior
934 777 1216 848 premitur,
1258 785 1318 830 ut
1342 790 1461 845 qua:
1490 774 1654 840 videt,
1687 781 1802 827 nou‘

219 870 430 934 videat;
465 869 542 924 sic
569 883 665 938 per
692 869 785 923 Dei
816 867 1063 922 timorem
1107 881 1333 922 acumen
1359 874 1463 919 tua:
1497 861 1797 918 sublimita-

222 960 288 1014 tis
315 959 556 1014 occultes
582 958 649 1012 ab
674 966 992 1012 occurrente
1019 971 1228 1021 errore,
1259 970 1327 1010 ne
1362 953 1592 1008 forensis
1612 966 1800 1022 aspec-

222 1057 307 1101 tus
331 1063 430 1118 per
463 1046 734 1102 exteriora
765 1046 1004 1118 mysterii
1051 1044 1202 1099 fallat
1249 1051 1502 1105 mentem,
1536 1049 1592 1097 et
1619 1053 1803 1096 castos

224 1136 528 1194 intellectus
552 1129 729 1208 prava:
758 1135 1072 1191 intentionis
1101 1135 1336 1190 adulatio
1364 1133 1486 1208 [al.,
1513 1129 1810 1204 adulterio}

225 1234 588 1297 corrumpat:
650 1241 750 1282 nec
812 1239 1108 1296 praesumas
1165 1223 1513 1296 singulariter
1576 1222 1809 1288 sentire,

1899 495 1980 551 sio
2001 493 2253 565 legimus,
2280 505 2388 546 non
2415 489 2590 547 solum
2611 486 2944 559 singulorum
2971 484 3093 558 [ατη
3119 485 3479 554 angelorum],
3555 560 3562 564 ι

1900 602 2088 642 verum
2141 593 2198 640 et
2240 582 2613 640 universitatis
2667 579 2783 652 ista:
2813 580 3072 653 mysteria
3116 588 3275 644 sunt,
3319 587 3374 636 et
3416 581 3486 633 ob

1901 679 2003 732 hoc
2047 691 2332 731 commune
2371 674 2570 730 debent
2621 671 2824 727 habere
2879 671 3141 742 judicium
3188 669 3484 725 secundum

1901 768 2198 825 catholicos
2229 777 2282 822 et
2307 767 2600 822 canonicos
2627 780 2838 826 sensus,
2869 777 3005 833 quos
3037 772 3191 817 extra
3221 761 3334 831 ipse
3365 774 3488 816 sen-

1905 861 1975 916 tis
2004 859 2231 931 ideoque
2279 859 2552 914 forensem
2581 856 2734 921 duxi,
2781 870 2846 911 eo
2875 854 3016 925 quod
3050 861 3205 908 extra
3243 865 3455 907 commn
3476 877 3489 890 -

1905 967 2002 1009 nes
2031 951 2237 1017 oculos,
2264 951 2331 1006 de
2361 947 2672 1017 hujusmodi
2695 946 2904 1012 videas,
2927 944 3069 1000 sicut
3088 939 3300 1000 mecum
3322 942 3376 997 in
3398 951 3498 996 tuo

1903 1041 2151 1098 discubio
2196 1039 2495 1097 contulisti.
2545 1023 2820 1108 Expertus.
2866 1035 3075 1108 loquor,
3123 1033 3337 1090 audisse
3365 1047 3494 1088 con-

1906 1131 2045 1202 tigit,
2073 1144 2198 1185 nam
2228 1144 2336 1186 non
2375 1127 2678 1185 crederem.
2717 1121 2938 1196 Abjecta
2977 1123 3204 1188 unitate,
3232 1123 3301 1179 de
3339 1131 3495 1194 parte

1906 1221 2206 1278 extolleris.

429 1455 672 1468 *θ’
1155 1460 1214 1466 ητα*
1267 1460 1307 1470 .-
1333 1455 2626 1469 —_————-—————_——
2766 1454 2828 1466 -
2954 1454 3221 1464 »—-—.--V~..—

1539 1581 1711 1625 uno
1754 1553 1985 1626 nmium
2031 1580 2190 1626 mn.

1265 1727 2486 1942 HALINARDUS

1416 2024 1901 2085 LUGDUNENSIS
1937 2023 2219 2090 EPISCOP
2228 2023 2336 2081 US.

1653 2189 2015 2206 ψ

681 2313 1190 2410 NOTITIA
1259 2260 1912 2404 HISTORICA
1987 2310 2113 2398 1N
2187 2309 3032 2402 HALINARDUM.

1291 2508 1492 2584 (Gallia
1541 2506 1759 2572 Christ"
1790 2514 1926 2562 tom.
1964 2505 2053 2572 IV,
2080 2521 2202 2578 pag.
2246 2506 2359 2577 84.)

314 2695 664 2760 Balinardus,
695 2693 785 2763 qui
814 2701 869 2747 et
907 2689 1226 2746 Helmardus
1255 2697 1311 2744 et
1330 2686 1638 2749 Almardus,
1663 2682 1820 2740 nobi-
1847 2683 1894 2744 B
1922 2695 2034 2748 sar,
2085 2683 2317 2754 diploma
2369 2663 2638 2750 concedit,
2671 2685 2779 2741 imo
2805 2693 2860 2743 et
2889 2664 3230 2756 praeceptum
3279 2695 3506 2755 emtzttt.

244 2786 282 2844 li
326 2786 768 2859 Burgundionum
820 2798 1016 2853 genere
1051 2791 1203 2838 ortus
1245 2791 1351 2846 est,
1408 2788 1564 2849 patre
1623 2777 1824 2846 Lingo-

247 2880 423 2946 nensi,
478 2885 651 2932 matre
697 2875 978 2939 Ednensi,
1021 2874 1236 2938 litteris
1288 2871 1531 2942 apprime
1583 2869 1827 2924 eruditus

247 2969 372 3036 fuit,
401 2977 625 3026 curante
650 2968 701 3022 in
726 2966 915 3038 primis
944 2963 1208 3020 Walterio
1238 2960 1502 3018 Aiduensi
1553 2959 1824 3030 episcopo,

249 3062 407 3130 cujus
431 3077 462 3116 c
491 3077 644 3116 sacro
673 3057 823 3114 fonte
853 3057 996 3113 ﬁlius
1045 3064 1183 3112 erat.
1250 3054 1449 3112 Factus
1494 3051 1827 3115 adolescens,

248 3149 496 3204 Brnnoni
547 3146 970 3220 Lingonensium
1018 3147 1270 3217 episcopo
1303 3160 1334 3200 a
1371 3152 1528 3215 patre
1578 3140 1828 3204 traditus,

253 3241 308 3296 in
340 3240 728 3297 canonicorum
774 3246 975 3293 coetum
1021 3243 1342 3307 cooptatur:
1379 3233 1559 3303 ibique
1596 3230 1833 3302 philoso-

251 3330 392 3400 phos
415 3344 480 3384 ac
503 3327 902 3383 ecclesiasticos
946 3325 1094 3381 viros
1128 3324 1299 3381 sacris
1340 3321 1539 3380 studiis
1582 3318 1835 3402 praeposi-

253 3429 339 3476 tos
373 3419 604 3484 audivit,
636 3415 941 3488 mirumque
968 3416 1068 3472 sub
1098 3431 1286 3471 eorum
1325 3412 1610 3484 disciplina
1650 3410 1839 3483 profe-.

253 3518 400 3561 ctum
429 3507 574 3561 fecit.
601 3505 874 3576 Prtecipua
907 3514 1085 3560 tamen
1113 3504 1178 3560 de
1205 3505 1445 3558 moribus
1473 3503 1521 3557 ei
1553 3517 1681 3558 cura
1711 3499 1840 3566 fuit,-

254 3594 388 3650 adeo
411 3605 467 3648 ut
478 3593 591 3660 jam
610 3603 721 3648 tum
746 3594 991 3649 monachi
1020 3594 1290 3664 Specimen
1314 3593 1616 3658 exhiberet,
1636 3591 1837 3646 sollici-

256 3673 344 3739 tus
370 3684 638 3756 integrum
663 3701 722 3740 se
742 3699 806 3739 ac
821 3685 1089 3739 sincerum
1112 3685 1182 3740 ab
1199 3684 1302 3738 illis
1315 3683 1461 3738 vitiis
1483 3696 1703 3737 servare
1719 3682 1838 3752 qni-

254 3766 358 3850 bus
382 3771 469 3828 illa
499 3781 630 3827 :ctas
656 3773 1015 3828 contaminari
1049 3773 1210 3835 solet,
1249 3773 1512 3827 bonorum
1541 3773 1838 3827 contuber-

256 3864 406 3917 nium
429 3863 663 3928 ambire,
688 3863 950 3919 malorum
981 3863 1172 3919 vitare.
1203 3863 1306 3918 Tot
1340 3862 1592 3918 actantis
1620 3862 1836 3919 dotibus

258 3952 587 4010 instructum
618 3955 941 4011 Lambertus
993 3957 1274 4027 cpiscopus
1307 3956 1577 4011 Brnnonis
1619 3970 1837 4012 succoso

259 4059 370 4112 sor,
403 4047 473 4103 ad
504 4048 905 4105 ecclesiasticas
935 4050 1226 4119 dignitates
1266 4050 1434 4106 voluit
1483 4063 1829 4119 promovere;
1861 4031 1905 4094 Ο

259 4143 316 4190 at
334 4135 493 4209 longe
523 4137 628 4194 alia
657 4155 809 4194 mens
825 4140 895 4211 pii
924 4141 1577 4208 adolescentis,mundum
1603 4141 1829 4211 fugiens,

262 4228 620 4284 monaSticum
649 4229 892 4286 habitum
941 4232 993 4285 in
1043 4230 1101 4286 S.
1151 4231 1375 4303 Benigni
1407 4231 1619 4287 Divion.
1652 4247 1836 4287 coeno-

260 4315 350 4371 bio
394 4318 586 4385 induit,
627 4336 832 4390 suaque
887 4322 1292 4392 perseverantia
1353 4330 1604 4391 parentes
1634 4329 1687 4376 et
1721 4322 1841 4392 epi-

263 4401 481 4477 scOpum
531 4411 621 4480 pio
660 4426 758 4466 suo
781 4411 1053 4482 proposito
1097 4413 1403 4467 consentire
1441 4411 1634 4480 coegit.
1681 4411 1738 4464 lu
1772 4427 1836 4468 eo

265 4494 532 4581 instituto,
560 4501 660 4556 sub
685 4502 880 4558 abbate
899 4501 1173 4558 Willelmo
1199 4501 1487 4557 exsultavit
1515 4512 1574 4556 ut
1595 4501 1747 4572 gigas
1769 4502 1837 4556 ad

264 4589 584 4643 currendam
636 4587 985 4659 perfectionis
1042 4591 1207 4659 Viam,
1255 4593 1396 4648 unde
1440 4591 1600 4661 paulo
1647 4601 1767 4662 post
1807 4608 1837 4647 a

264 4677 508 4746 piissimo
531 4669 684 4750 patre
710 4681 811 4736 sub
838 4696 896 4737 se
927 4682 1238 4738 monasterii
1272 4684 1593 4752 praepositus
1642 4698 1842 4738 renun-

271 4766 431 4822 tiatus
457 4779 570 4837 est;
604 4787 668 4826 ac
696 4771 907 4828 tandem
933 4780 1056 4844 post
1091 4772 1258 4842 ipsius
1287 4773 1497 4828 obitum
1537 4775 1705 4829 abbas
1759 4775 1840 4830 in-

269 4859 520 4916 stituilur.

335 4946 392 5001 In
424 4966 486 5006 ea
539 4953 803 5024 dignitate
863 4965 1070 5012 tantum
1130 4955 1473 5025 splendorem
1529 4941 1728 5010 virtute
1780 4972 1845 5012 ac

273 5039 492 5097 scientia
517 5045 716 5110 emisit,
743 5054 800 5100 ut
831 5045 1030 5104 famam
1060 5065 1212 5104 suam
1246 5049 1406 5120 longe
1453 5049 1666 5121 lateque
1719 5067 1848 5121 pro-

1543 5158 1565 5164 ..
1606 5149 1649 5164 ..ι
1699 5140 1790 5164 11-,

273 5123 429 5164 farra!
508 5132 643 5164 ιιι..-
694 5134 1022 5164 πηηοςΛΛ-ι..-υι
1073 5137 1289 5164 ..ου-ελ..-
1335 5139 1528 5164 0-1.--.

1931 2775 2025 2830 sed
2063 2774 2288 2841 frustra,
2343 2775 2546 2832 invicto
2593 2775 2778 2831 animo
2829 2784 3033 2831 tantum
3072 2789 3211 2832 onus
3258 2775 3359 2833 sibi
3414 2779 3509 2834 im-

1931 2866 2058 2938 poni
2086 2867 2368 2923 detrectat.
2402 2867 2640 2924 Tandem
2673 2867 2742 2924 ad
2770 2882 3037 2924 summum
3063 2867 3372 2941 pontificem
3398 2886 3511 2940 per-

1931 2958 2143 3030 fugiunt
2166 2959 2576 3032 Lugdunenses,
2607 2975 2794 3017 eorum
2815 2960 2954 3016 votis
2977 2962 3358 3018 obsecundans
3383 2960 3511 3019 Gre-

1930 3039 2116 3122 gorius
2157 3049 2225 3104 Vl
2287 3051 2432 3106 misit
2487 3052 2554 3106 ad
2610 3066 2754 3114 eum,
2807 3051 3124 3122 praecipiens
3183 3053 3512 3109 auctoritate

1932 3141 2225 3212 pontiﬁcali
2255 3151 2315 3197 ut
2339 3142 2584 3200 obediret
2620 3142 2874 3214 precibus
2916 3142 3045 3198 eleri
3069 3151 3130 3203 .et
3177 3143 3376 3214 populi.
3432 3141 3514 3199 Ad

1935 3233 2040 3290 tale
2078 3235 2392 3290 mandatum
2427 3243 2668 3291 tremens
2701 3234 2866 3291 cessit
2916 3234 2999 3290 vir
3027 3234 3330 3306 piissimus,
3359 3235 3514 3290 dato-

1933 3338 2037 3392 que
2065 3339 2333 3380 consensu
2378 3324 2445 3379 ad
2471 3323 2678 3380 curiam
2724 3322 2942 3396 Henrici
2975 3322 3250 3394 profectus
3270 3332 3384 3391 est,
3426 3338 3515 3380 co-

1933 3414 2250 3471 mitantibus
2275 3416 2648 3486 episcoporum
2697 3411 3160 3491 snﬂ'ragaueorum
3197 3414 3395 3486 legatis
3425 3428 3516 3468 ar-

1933 3507 2265 3564 chidiaconis
2293 3523 2356 3563 ac
2385 3506 2759 3578 Lugdunensis
2791 3505 3033 3562 ecclesia:
3070 3505 3303 3570 clericis,
3345 3513 3403 3560 ut
3448 3505 3519 3560 ab

1934 3613 2000 3654 eo
2043 3598 2244 3670 regalia
2273 3599 2578 3668 lacciperct.
2623 3596 2740 3652 Non
2775 3595 2955 3652 renuit
2990 3594 3196 3663 Caesar,
3227 3593 3321 3651 sed
3356 3595 3519 3666 jussit

1934 3701 1992 3746 ut
2023 3692 2172 3762 prius
2221 3691 2345 3747 fidei
2387 3689 2490 3746 sibi
2539 3687 2732 3744 debitae
2771 3695 3173 3742 sacramentum
3199 3675 3517 3758 praestaret.

1935 3782 1991 3837 ιιι
2019 3797 2077 3839 se
2143 3782 2411 3837 facturum
2465 3777 2685 3849 negavit
2743 3776 3070 3832 llalinardus
3120 3775 3352 3832 dicens:
3386 3792 3406 3827 ι
3459 3774 3518 3829 Si

1936 3873 2097 3944 Regis
2121 3871 2332 3938 (eterni,
2359 3879 2413 3926 et
2446 3868 2664 3940 regulae,
2706 3882 2865 3937 quam
2897 3866 3248 3938 jurejurando
3273 3866 3534 3938 promisi,

1936 3969 2203 4032 praecepta
2229 3968 2602 4031 postposuero,
2630 3972 2752 4028 qua:
2781 3956 2914 4035 mihi
2943 3956 3078 4012 ﬁdes
3111 3956 3234 4022 erit,
3268 3963 3325 4010 ut
3349 3955 3538 4026 impia--

1938 4051 2136 4107 ratoris
2185 4051 2556 4120 jnramentum
2620 4048 2892 4122 custodire
2955 4047 3216 4105 debeam?
3263 4045 3559 4103 Dominus-

1938 4143 2082 4200 cnim
2114 4143 2245 4197 dicit
2288 4143 2342 4197 in
2371 4140 2664 4210 Evangelio
2699 4123 2801 4194 non
2822 4140 3012 4210 jurare
3058 4139 3268 4193 omnino
3303 4136 3525 4208 (Matth.

1938 4249 2021 4299 ιιι,
2050 4232 2172 4304 54);
2211 4241 2266 4290 et
2307 4231 2490 4303 regula
2532 4230 2710 4285 Patris
2754 4228 3030 4304 Benedicti
3063 4227 3306 4301 prmcipit
3342 4244 3523 4284 mona-

1940 4326 2152 4397 chojuon
2171 4325 2374 4395 jnrare,
2399 4332 2454 4378 et
2477 4338 2505 4377 a
2523 4320 2700 4378 smculi
2728 4321 2938 4377 actibus
2952 4335 3010 4376 se
3028 4319 3207 4375 facere
3224 4318 3476 4375 alienum.
3498 4339 3525 4371 ι

1940 4417 2070 4483 Qua:
2130 4431 2217 4472 res
2282 4415 2605 4471 Teutonicos
2657 4412 2913 4484 praesules
2968 4427 3078 4469 non
3125 4426 3316 4484 parum
3374 4426 3524 4468 com-

1941 4508 2111 4562 movit
2177 4505 2320 4577 quod
2382 4505 2436 4561 id
2501 4513 2758 4575 praestare
2831 4511 3140 4570 recusaret,
3212 4502 3356 4573 quod
3423 4495 3554 4573 ipsl'

1940 4597 2083 4651 ultro
2129 4597 2534 4666 praestiterant,
2589 4595 2644 4650 in
2696 4593 2800 4650 hoc
2855 4596 3023 4662 enim,
3059 4583 3117 4651 isi
3172 4591 3537 4650 Menestrerio

1943 4687 2096 4751 lides,
2132 4687 2177 4742 si
2205 4703 2263 4742 se
2283 4687 2430 4756 pium
2465 4686 2518 4742 in
2554 4685 2674 4740 aula
2703 4685 2969 4755 exhibuit,
3004 4696 3151 4744 certe
3184 4700 3285 4742 nec
3311 4686 3544 4742 doctum.

1944 4778 2273 4850 theologum,
2305 4777 2560 4849 neejuris
2586 4777 2832 4834 canonici
2854 4779 3106 4850 peritum,
3131 4785 3529 4833 sacramentum

1943 4879 2205 4942 prmstare
2225 4885 2426 4939 negans
2447 4868 2588 4940 quod
2623 4868 2727 4940 legi
2758 4869 2850 4924 Dei
2873 4869 3007 4925 nihil
3037 4866 3201 4922 habet
3219 4867 3530 4930 adversum,

1947 4969 2133 5030 utpote
2183 4960 2327 5031 quod
2383 4977 2490 5017 non
2545 4960 2781 5031 exigitur
2837 4967 3104 5029 quantum
3159 4954 3227 5009 ad
3285 4955 3536 5012 ecclesia—

1947 5053 2082 5109 stica
2130 5052 2335 5114 munia,
2381 5052 2475 5108 sed
2521 5049 2701 5121 quoad
2738 5048 2919 5106 civilia
2967 5047 3169 5121 quibus
3223 5049 3543 5101 cohonesta-

2340 5146 2458 5164 ιν.--
2525 5142 2638 5164 τι-..

3009 5155 3034 5164 ι.
3085 5143 3443 5164 διακριθῇ-κοῖλον.
3495 5143 3546 5164 Α.

2690 5149 2869 5164 ΙΑᾎΟΑΔ
