4044 5290
521 103 665 158 5335

1654 108 2020 197 HALINAM)!
2059 112 2362 171 LUGDUN.
2402 114 2623 171 EPISG.

3635 113 3781 168 ηδε

505 226 870 289 jar-amentum
898 203 1123 285 remisit,
1148 217 1314 274 verbo
1342 228 1396 275 et
1425 225 1702 290 promissis
1726 224 1840 293 ejus
1862 242 2084 284 conten-
2115 231 2163 290 Α
2191 227 2412 283 duinum
2459 228 2767 297 episc0pum
2824 226 2878 281 in
2933 226 3220 298 prasentia
3268 238 3417 294 papae
3473 196 3768 277 ordinavit.

513 319 620 369 tus,
647 323 711 361 ac
741 308 792 360 in
821 321 916 362 sua
945 309 1230 377 praesentia
1256 307 1384 365 fecit
1413 311 1560 366 illum
1589 314 1850 380 ordinari,
1876 317 2012 373 dans
2035 318 2093 372 ei

509 411 844 466 quaecunque
882 395 1099 452 fuerunt
1137 399 1453 456 sacerdotali
1501 401 1856 459 benedictioni
1903 420 2089 461 neces-

509 485 672 539 saria.
705 484 996 540 Ordinatus
1031 503 1192 558 porro
1217 497 1299 543 est
1334 488 1404 543 ab
1429 488 1648 561 liugone
1677 491 2088 550 Vesuntionensi

506 576 762 644 episcopo
815 577 957 646 apud
1010 576 1347 646 Herbestein,
1401 595 1544 635 anno
1599 583 1667 636 ab
1722 583 2097 640 incarnatione

506 663 719 720 Domini
753 666 912 721 1046.

577 757 784 812 Factus
834 758 1112 829 apostolici
1178 774 1396 832 compos
1459 771 1514 817 et
1573 778 1786 833 compar
1862 764 2083 819 honoris

504 847 659 901 duxit
709 848 1057 918 apostolicam
1104 848 1264 906 factis
1310 859 1366 906 et
1411 853 1625 908 nomine
1671 854 1868 919 vitam,
1918 854 2092 923 inquit

507 935 1035 1006 San-Beniguianum
1087 939 1410 995 Chronicon.
1450 941 1650 995 Eadem
1693 942 1864 998 virtus
1894 940 2090 995 mansit

505 1026 853 1092 humilitatis,
884 1042 1046 1096 opere
1084 1028 1434 1099 multiplicato
1471 1029 1782 1096 charitatis,
1812 1027 2092 1084 'omnihus-

504 1133 608 1186 que
635 1117 817 1188 quoad
858 1119 994 1172 vixit
1041 1121 1205 1173 verbo
1252 1120 1500 1190 praeluxit
1539 1129 1597 1174 et
1637 1120 1886 1191 exemplo
1921 1137 2090 1190 quan-

506 1223 666 1276 quam
718 1207 1059 1265 Divionensis
1106 1212 1419 1266 monasterii
1476 1213 1711 1282 regimen
1740 1254 1754 1276 ,
1807 1228 1903 1282 pro
1944 1229 2092 1268 more

507 1297 718 1351 illorum
768 1307 1094 1368 temporum,
1125 1301 1191 1356 ad
1219 1299 1421 1355 obitum
1461 1317 1628 1372 usque
1664 1302 1915 1367 retinuit;
1945 1312 1998 1358 et
2038 1302 2091 1357 in

505 1389 816 1457 episcopatu
879 1402 987 1445 suo
1023 1389 1120 1445 vix
1167 1401 1530 1451 commoratus
1580 1392 1772 1458 fuerit,
1823 1377 1939 1447 alio
1996 1409 2093 1463 pro

509 1479 677 1534 variis
712 1479 968 1536 Ecclesiae
1000 1482 1232 1554 negotiis
1284 1491 1522 1538 vocatus.
1573 1481 1754 1540 Primo
1785 1497 1894 1538 sua:
1943 1482 2096 1537 ordi-

2258 319 2415 372 Anno
2461 317 2620 382 1051-,
2668 331 2942 386 egressum
2987 318 3121 372 urbe
3165 315 3401 372 Leonem
3455 313 3766 373 comitatus.

2189 422 2313 462 cum
2339 405 2428 463 illo
2453 406 2840 472 Beneventum,
2867 404 3126 476 Capuam,
3156 404 3437 461 Salernum
3464 403 3672 466 invisit,
3702 403 3772 455 ad

2189 495 2293 552 hoc
2317 505 2654 566 assumptus,
2686 502 2768 564 ut,
2805 497 2931 565 quia
2968 503 3267 564 praepotens
3305 501 3426 550 erat
3463 493 3518 546 in
3565 493 3766 554 verbis,

2189 597 2246 643 et
2269 587 2336 641 ad
2363 583 2693 655 suadendum
2713 585 2985 655 quodlibet
3009 585 3185 656 lingua
3209 581 3528 645 sufﬁciebat,
3563 581 3771 652 legatus

2189 685 2248 732 et
2269 676 2533 732 mediator
2561 677 2705 747 pacis
2729 675 2869 732 inter
2893 673 3253 731 Nortmannos
3283 671 3495 727 illorum
3528 671 3771 740 partibus

2191 767 2456 833 dominos,
2487 776 2542 822 et
2569 768 2753 838 ipsum
2791 766 3072 821 existeret.
3111 764 3270 820 Anno
3311 761 3558 832 sequenti
3595 759 3767 813 Roma

2191 859 2472 915 discedens
2505 855 2614 914 Leo
2643 858 2696 912 in
2733 856 3060 926 llungariam
3085 854 3447 925 profecturus,
3483 850 3594 905 illic
3622 847 3768 902 Hali-

2190 947 2417 1003 nardum
2442 947 2656 1018 reliquit
2681 947 2734 1000 in
2763 945 3090 1001 monasterio
3105 941 3164 998 S.
3195 940 3440 1012 Gregorii
3476 939 3544 993 ad
3572 937 3778 992 clivum

2193 1035 2403 1102 Scauri,
2428 1036 2569 1105 quod
2590 1037 2638 1091 ei
2661 1033 2901 1105 pontifex
2928 1033 2994 1088 ad
3026 1031 3352 1088 monendum
3373 1029 3764 1097 assignarent.

2190 1126 2326 1180 Dum
2367 1138 2498 1180 vero
2526 1123 2633 1180 illic
2662 1130 2964 1178 moraretur
3009 1118 3068 1176 S.
3111 1119 3356 1180 antistes,
3409 1116 3500 1172 die
3535 1112 3771 1185 quadam

2191 1212 2570 1280 discumbenti,
2604 1227 2635 1268 a
2663 1212 2808 1270 falso.
2823 1211 2996 1267 amico
3022 1209 3186 1280 piscis
3211 1207 3428 1263 oblatus
3449 1213 3539 1260 est
3567 1215 3773 1258 veneno

2192 1305 2456 1372 infectus,
2490 1319 2558 1360 ex
2602 1318 2710 1374 quo
2757 1303 2872 1373 ipse
2912 1312 2970 1357 et
3011 1301 3116 1356 duo
3159 1297 3408 1354 monachi
3457 1295 3603 1350 illius
3646 1291 3771 1364 loci,

2192 1396 2479 1465 caeterique
2504 1395 2595 1464 qui
2620 1393 2994 1458 comederunt,
3023 1393 3161 1446 intra
3189 1397 3318 1446 octo
3339 1388 3454 1443 dies
3491 1383 3769 1440 interiere.

2193 1488 2338 1544 Obiit
2365 1487 2422 1542 S.
2471 1486 2667 1556 praesul
2719 1501 2774 1542 tv
2822 1483 3091 1539 Kalendas
3134 1480 3362 1552 Augusti
3410 1491 3554 1532 anno
3607 1472 3773 1535 l052,

508 1570 746 1626 nationis
781 1587 922 1628 anno
955 1572 1333 1643 imperatorem
1368 1572 1593 1629 Romam
1637 1573 2091 1644 proﬁciscentem,
2125 1604 2168 1664 Β
2197 1577 2542 1649 pontificatus
2579 1591 2722 1633 anno
2777 1591 2873 1639 vn,
2931 1572 3207 1642 regiminis
3253 1566 3564 1624 monasterii
3617 1562 3786 1617 Beni-

507 1677 639 1717 cum-
657 1662 877 1736 Πυθοηο
901 1665 1212 1720 ordinatore
1236 1680 1335 1721 suo
1360 1677 1594 1728 secutus,
1632 1664 1880 1736 Gregorii
1907 1663 1974 1718 Vl
1999 1664 2093 1719 de-
2125 1653 2167 1664 ”
2195 1671 2376 1741 gniani
2399 1685 2492 1726 xx.
2522 1667 2686 1724 Suam
2713 1669 2767 1722 in
2792 1665 3048 1738 praedicto
3074 1661 3131 1718 8.
3163 1660 3408 1729 Gregorii
3445 1653 3775 1712 monasterio

505 1752 788 1821 positioni,
851 1763 907 1811 et
968 1754 1258 1811 Clementis
1317 1755 1362 1810 ιι
1435 1756 1758 1826 promotioni
1825 1754 2090 1810 interfuit.

505 1843 621 1898 Hoc
649 1843 922 1912 defuncto,
953 1843 1178 1899 Romani
1208 1845 1481 1916 petierunt-
1505 1860 1627 1901 eum
1668 1845 2090 1917 (Halinardum),

505 1934 574 1989 ab
647 1933 973 2005 imperatore
1037 1935 1090 1989 in
1157 1936 1458 1991 Romanum
1521 1937 1868 2007 pontiﬁcem,
1920 1937 2095 2006 inquit

505 2025 762 2080 Chronic.
805 2023 1222 2098 Sam-Benigne
1275 2028 1429 2083 Anno
1453 2027 1645 2099 .1048,
1680 2029 1855 2100 inquit
1877 2028 2093 2085 Alberi-

506 2115 686 2180 ricus,.
716 2129 840 2170 cum
871 2115 938 2170 de
973 2116 1165 2171 smmni
1207 2117 1476 2186 pontiﬁcis
1513 2116 1778 2174 electione
1809 2120 1950 2176 inter
1991 2121 2094 2176 im-

507 2215 815 2276 peratorem
858 2215 914 2262 et
950 2206 1221 2262 Romanos
1262 2218 1531 2279 ageretur,
1572 2211 1873 2281 postulatus
1901 2221 1985 2272 εει
2027 2212 2097 2270 ab

512 2312 627 2351 una.
675 2303 830 2367 parte
868 2297 921 2352 in
960 2311 1156 2373 papatu
1200 2300 1520 2359 ilalinm‘dus
1553 2293 1795 2376 Lugdun.
1829 2308 2095 2378 archiepi-

510 2402 671 2456 ερον..
693 2385 999 2458 Diligéhant
1027 2392 1168 2446 enim
1197 2407 1318 2447 eum
1344 2393 1498 2447 valde
1527 2393 1749 2448 Romani
1774 2405 1993 2466 propter
2015 2397 2095 2450 fa-

515 2476 769 2532 cundiam
826 2479 939 2534 oris
983 2480 1065 2534 sui
1125 2479 1600 2555 et_afi‘abilitatcm
1657 2484 1954 2548 sermonis;
2019 2485 2094 2539 ita
2165 2495 2169 2499 ‘

497 2569 654 2620 ’rnim
694 2567 1008 2639 proferebat
1035 2571 1380 2626 vernaculum
1419 2587 1610 2626 sonum
1643 2572 1869 2643 loquela:
1909 2579 2095 2630 unius-

508 2658 770 2729 cujusque
810 2661 1005 2731 gentis,
1033 2676 1310 2732 quousque
1351 2662 1544 2717 Latina
1592 2672 1841 2733 penetrat
1891 2664 2093 2735 lingua,

508 2765 574 2806 ac
619 2752 876 2808 sireadem
911 2754 1083 2823 patria
1116 2764 1259 2809 esset
1296 2755 1702 2825 primogenitus.
1737 2755 1841 2810 Sed
1878 2756 2093 2826 cognita

505 2844 784 2899 voluntate
812 2845 1069 2914 principis
1093 2854 1148 2899 et
1173 2846 1372 2916 pOpuli,
1404 2847 1451 2897 vi
1488 2846 1818 2900 lmmillimus
1841 2846 2092 2900 dissimu-

508 2933 641 2989 lavit
681 2937 761 2991 ire
802 2938 869 2991 ad
897 2938 1133 3002 curiam,
1169 2938 1339 2992 donec
1381 2937 1627 2992 tardante
1663 2953 1728 2993 eo
1775 2938 1978 2994 electus
2011 2948 2094 2993 est
2121 2968 2168 3030 ϐ

507 3027 990 3084 Βνιιιιοι-Τιιῖιεηεὶε
1031 3029 1336 3100 episcopus,
1366 3029 1477 3083 Lco
1515 3027 1586 3083 1x
1617 3029 1916 3098 appellatus
1951 3044 2095 3083 anno

509 3119 667 3176 1049.
708 3137 728 3172 ›
765 3121 848 3176 Ab
899 3135 964 3176 eo
1001 3119 1207 3176 Roman
1255 3129 1514 3176 evoratus
1565 3119 1885 3174 ilalinardus
1925 3118 2098 3174 adfuit

510 3209 742 3266 concilio
769 3219 954 3266 contra
986 3210 1340 3266 Simoniacos.
1378 3209 1488 3265 Hoc
1516 3211 1704 3266 eodem
1736 3225 1876 3264 anno
1899 3225 2092 3281 papam

509 3301 712 3356 Remos
751 3302 1039 3357 comitatus
1073 3312 1179 3367 est,
1212 3318 1275 3358 ac
1321 3301 1564 3358 interfuit
1590 3301 1820 3357 concilio
1859 3302 1913 3357 in
1953 3303 2095 3358 basi-

509 3392 622 3448 lica
656 3391 713 3448 S.
744 3391 976 3463 Remigii
1019 3394 1224 3457 habito,
1273 3394 1324 3449 iu
1377 3408 1482 3463 quo
1528 3409 1558 3447 a
1599 3393 1824 3448 simonia
1866 3393 2091 3455 alienus.

511 3483 659 3537 tanti.
681 3482 922 3538 criminis
951 3497 1071 3538 reos
1097 3497 1197 3539 suo
1213 3482 1462 3554 suffragio
1487 3482 1778 3538 damnavit.
1801 3483 1876 3538 De
1900 3483 2096 3539 Leonis

512 3573 751 3628 Romam
783 3575 1110 3630 revertentis
1163 3574 1419 3630 comitatu
1468 3573 1663 3629 iterum
1708 3573 1830 3641 fuit,
1877 3590 1941 3630 ac
1978 3575 2096 3645 ejus

511 3663 744 3732 diploma
793 3663 845 3718 in
886 3665 1114 3734 gratiam
1163 3665 1374 3721 Milonis
1413 3665 1713 3738 Dervensisj
1744 3667 1955 3724 abbatis
2000 3683 2095 3724 sua

515 3753 913 3824 subscriptione
961 3755 1215 3811 ﬁrmavit.
1276 3756 1603 3812 Memoratur
1645 3765 1702 3812 et
1755 3759 1808 3813 in
1859 3759 2096 3828 ejusdem

511 3843 794 3915 privilegio
845 3848 1176 3903 monasterio
1213 3848 1275 3906 8.
1317 3847 1558 3903 Mauricii
1583 3849 1936 3922 [Agaunensis
1972 3864 2100 3906 con-

515 3951 667 3992 cesso
701 3938 889 3992 eodem
926 3955 1086 3995 anno.
1133 3939 1376 3996 Romano
1408 3941 1639 3998 concilio
1675 3958 1818 3999 anno
1857 3942 1995 3998 1050
2023 3945 2101 3998 in-

520 4025 736 4097 terfuit,
774 4027 829 4083 in
869 4041 978 4098 quo
1006 4027 1075 4085 S.
1107 4028 1370 4086 Geraldus
1403 4032 1456 4086 in
1483 4044 1791 4089 sanctorum
1815 4049 2097 4089 numerum

517 4125 798 4185 cooptatus
844 4129 958 4178 est.
1009 4129 1064 4173 et
1113 4119 1509 4191 Berengiriana
1549 4123 1768 4180 haeresis
1826 4115 2098 4180 damnata.

515 4206 633 4264 Sub
667 4220 926 4266 autumno
968 4211 1399 4280 proﬁciscentem
1444 4217 1496 4270 in
1547 4215 1745 4272 Gallias
1790 4217 2098 4287 pontiﬁcem

2191 1761 2528 1832 sepulturam
2560 1760 2823 1829 elegerat;
2873 1765 2933 1811 ιιι
2968 1755 3174 1811 nobiles
3217 1751 3444 1807 Romani
3480 1748 3602 1818 ejus
3650 1761 3746 1800 cor

2191 1868 2293 1924 pus
2321 1852 2387 1906 ad
2438 1850 2496 1905 S.
2535 1849 2686 1904 Pauli
2713 1847 2992 1903 basilicam
3029 1843 3226 1899 deferri
3265 1851 3542 1904 curarunt,
3575 1840 3665 1894 ubi
3705 1840 3771 1893 ad

2193 1943 2380 1998 ltevam
2401 1940 2642 1996 ecclesia:
2659 1947 2892 2010 partem,
2915 1935 3016 1992 sub
3031 1949 3160 1989 arcu
3187 1948 3348 2002 super
3367 1930 3484 1999 ejus
3508 1928 3769 1984 tumulum

2191 2044 2373 2090 erecto
2404 2031 2702 2088 honoriﬁce
2729 2029 3003 2086 conditum
3025 2034 3128 2082 est.
3163 2024 3381 2080 Sacram
3404 2036 3624 2078 omnem
3649 2034 3774 2089 sup-

2190 2124 2531 2197 pellectilem,
2585 2138 2691 2194 qua
2752 2121 2820 2176 ad
2875 2121 3062 2176 divina
3121 2116 3420 2173 ministeria
3493 2115 3778 2177 utebatur,

2194 2234 2314 2278 cum
2368 2217 2512 2276 vasis
2558 2214 2853 2291 argenteis,
2884 2223 2939 2273 et
2985 2213 3102 2272 auri
3156 2223 3367 2270 summa
3420 2222 3528 2262 non
3565 2204 3771 2264 modica

2194 2313 2494 2368 transmisit
2518 2311 2792 2366 Divionem
2819 2309 2886 2365 ad
2912 2322 3068 2363 suum
3089 2303 3472 2360 monasterium
3487 2339 3510 2367 ,
3525 2298 3674 2370 quod
3697 2300 3774 2353 vi-

2194 2419 2326 2460 vens
2354 2401 2902 2464 multisiornamentis,
2919 2398 3068 2454 libris
3081 2405 3132 2452 et
3148 2394 3388 2451 aediﬁciis
3402 2393 3768 2448 decoraverar.

2268 2493 2509 2548 Habetur
2569 2491 2625 2548 in
2678 2487 3009 2547 chartulario
3065 2483 3428 2541 Athanacensi
3499 2481 3774 2537 Halinardi

2196 2585 2637 2647 instrumentum,
2675 2582 2819 2652 quod
2847 2578 2963 2649 ejus
2994 2584 3373 2632 testamentum
3401 2573 3611 2630 censeri
3655 2586 3776 2640 pos-

2195 2684 2296 2731 set.
2348 2672 2543 2728 Datum
2587 2681 2673 2728 est
2714 2669 2946 2728 dominis
2989 2665 3431 2737 Lugdunensibus
3477 2659 3772 2716 canonicis.

2195 2764 2252 2820 in
2289 2780 2355 2819 eo
2388 2770 2541 2834 rogat
2588 2761 2764 2832 primo
2811 2766 2870 2812 ut
2907 2757 3217 2827 indulgeant
3249 2751 3509 2825 quidquid
3549 2751 3602 2805 in
3654 2749 3785 2819 ipsis

2195 2855 2534 2926 negligentia:
2578 2850 2868 2906 contraxit.
2908 2847 3220 2905 Obteslatus
3260 2855 3342 2899 est
3406 2859 3489 2908 se,
3537 2841 3584 2896 si
3638 2841 3778 2893 Deus

2196 2947 2362 3000 vitam
2394 2941 2730 3014 produxerit,
2765 2956 2928 2996 omne
2959 2939 3193 2995 studium
3233 2936 3470 3006 ipsorum
3511 2929 3774 3000 profecturi

2199 3037 2472 3092 daturum.
2507 3034 2566 3088 2°
2597 3034 2674 3088 De
2709 3030 3082 3087 substituendo
3118 3027 3220 3084 sibi
3259 3032 3473 3096 pastore
3510 3022 3606 3076 dat
3653 3033 3773 3074 con-

2195 3127 2392 3192 silium,
2423 3135 2585 3194 atque
2627 3120 2895 3193 imprimis
2923 3119 3146 3182 suadet,
3190 3131 3291 3181 ne,
3335 3113 3478 3168 sicut
3517 3110 3776 3165 hactenus

2196 3219 2456 3282 fecerunt,
2487 3215 2588 3270 hac
2617 3214 2683 3270 de
2725 3226 2887 3269 causa
2913 3211 3124 3265 diversa
3149 3215 3206 3262 et
3236 3215 3428 3261 caetera
3457 3202 3575 3257 loca
3599 3197 3779 3269 perluo-

2197 3317 2388 3374 strent,
2421 3307 2515 3364 sed
2543 3305 2836 3377 praemissis
2876 3301 3126 3373 precibus
3171 3309 3330 3368 atque
3358 3293 3578 3364 jejuniis
3611 3293 3773 3346 Deum

2196 3400 2500 3463 obsecrant,
2537 3407 2596 3452 ut
2619 3411 2691 3451 ex
2719 3395 2849 3466 ipsis
2893 3408 2952 3449 se
2979 3392 3195 3462 dignum
3226 3387 3527 3460 praeﬁciunt
3568 3380 3775 3437 antisti-

2198 3502 2326 3547 tem.
2382 3489 2518 3544 Huic
2569 3502 2730 3557 porro
2781 3483 2955 3541 oﬁicio
2992 3480 3282 3538 secundum
3322 3475 3480 3546 hujus
3522 3473 3778 3543 temporis

2195 3581 2511 3653 qualitatem
2548 3578 2800 3635 idoneum
2831 3574 2943 3653 sibi
2965 3572 3131 3628 videri
3159 3569 3286 3626 Um.
3321 3569 3693 3641 praepositum.
3717 3564 3783 3620 5*

2197 3646 2447 3728 [Sontium
2475 3646 2855 3725 Senescallum‘
2874 3664 3122 3720 obsecrat
3169 3668 3231 3716 ut
3259 3659 3521 3714 bonorum
3553 3669 3776 3711 suorum

2196 3771 2405 3834 partem
2441 3756 2810 3816 Athanacensi
2833 3751 3162 3810 monasterio
3200 3751 3420 3805 tribuat.
3454 3747 3588 3802 Sum
3616 3745 3776 3834 enim,

2197 3853 2396 3924 inquit,
2426 3851 2532 3905 illis
2564 3848 2785 3904 multum
2816 3846 3036 3901 debitor.
3082 3842 3282 3898 Locum
3314 3840 3369 3894 in
3400 3837 3556 3892 fastis
3601 3833 3774 3890 sacris

2197 3947 2438 4003 nondum
2479 3941 2715 4007 invenit,
2744 3939 2838 3996 sed
2887 3934 3210 3993 Venerabilis
3242 3929 3394 3988 titulo
3441 3929 3676 3983 donatur
3719 3924 3778 3978 in

2198 4036 2497 4107 Menologio
2537 4029 2884 4088 Benedictino
2911 4027 2997 4084 die
3039 4025 3110 4081 29
3140 4022 3286 4079 Julii.
3315 4021 3449 4076 Eum
3479 4019 3623 4107 inter
3644 4029 3771 4107 praf-

2199 4103 2480 4184 termissos
2507 4127 2808 4179 memorant
2849 4114 3184 4172 Bollandiani
3230 4111 3297 4166 ad
3331 4111 3474 4164 diem
3501 4107 3574 4162 26
3599 4103 3770 4176 April.

2198 4215 2256 4271 In
2295 4213 2615 4284 Necrologio
2640 4207 2823 4266 Sancti
2851 4204 3071 4275 Benigni
3098 4201 3305 4258 Divion.
3333 4198 3448 4253 haec
3468 4197 3732 4284 habentur
3749 4207 3771 4244 ς.

518 4308 844 4368 prosecutus
883 4311 992 4366 est;
1035 4319 1097 4356 ac
1145 4303 1282 4358 Tulli
1343 4305 1638 4362 Leucorum
1695 4283 1977 4363 elevationi
2031 4307 2091 4363 S.
2123 4312 2174 4372 D
2208 4327 2227 4361 ι
2258 4306 2350 4363 ιν.
2381 4305 2499 4362 Kal.
2548 4299 2776 4376 Augusti
2834 4295 3113 4368 depositio.
3165 4292 3227 4347 D.
3274 4287 3540 4346 Altinardi
3594 4283 3775 4341 archi-

519 4393 733 4450 Geraldi
798 4394 1000 4463 adfuit;
1076 4406 1130 4452 et
1187 4399 1454 4470 Lingonas
1537 4401 1799 4466 veniens,
1855 4401 1916 4456 D.
1990 4405 2090 4456 Ar-

2202 4397 2435 4473 episcopi
2467 4395 2664 4468 Lugd.,
2686 4401 2744 4450 et
2771 4386 2927 4461 hujus
2955 4387 3056 4443 loci
3083 4381 3312 4441 abbatis.
3347 4400 3366 4432 ι

543 4665 3760 4712 ______________________________________________________________.

1567 4879 2696 4916 ψ
