4044 5290
560 307 697 364 ιδοθ

1682 303 2053 360 HALINABDI
2088 304 2388 363 LUCDUN.
2430 306 2639 368 EPISC.

3673 300 3810 370 ista

557 424 701 479 oumi
721 423 968 478 custodia
995 419 1171 477 abhis
1200 423 1516 478 observabat
1544 423 1687 480 vitiis
1712 425 1911 496 quibus
1941 435 2129 481 conta-
2160 431 2206 490 Α
2236 427 2431 482 monia:
2472 437 2530 482 ut
2570 426 2785 484 differre
2828 425 3132 482 nullatenus
3168 427 3438 484 videretur
3470 444 3501 483 a
3550 431 3811 490 societate

559 517 755 571 minari
785 514 959 570 solent
993 516 1241 571 homines
1283 517 1440 586 hujus
1468 519 1667 574 tctatis.
1699 517 1752 574 ls
1777 520 1920 576 enim
1962 520 2128 574 imbui

559 609 804 672 timebat,
835 625 902 662 ne
924 617 1106 664 tenera
1133 609 1182 662 in
1205 619 1364 664 aetate
1395 610 1478 664 his
1503 609 1734 667 infectus
1754 624 1898 669 esset
1916 608 2132 681 quibus,

555 716 681 754 cum
707 698 892 765 vellet,
919 715 1103 755 carere
1133 717 1236 755 non
1265 711 1466 770 posset,
1491 703 1646 773 juxta
1677 704 1804 760 illud
1832 706 1974 775 quod
2003 708 2133 762 scri—

556 798 708 857 ptum
743 798 864 844 est:
905 789 1216 844 Adolescens
1247 789 1407 858 juxta
1436 791 1571 845 viam
1609 809 1781 857 suam,
1826 795 1982 848 etiam
2013 811 2133 849 cum

554 883 805 945 senuerit,
837 897 940 935 non
974 881 1168 934 recedet
1195 882 1260 934 ab
1286 898 1348 935 ea
1376 881 1560 953 (Prov.
1595 899 1729 945 xxu,
1760 883 1834 954 6).
1864 885 2131 940 Bonorum

554 971 795 1025 virorum
819 979 873 1024 et
896 971 1132 1024 maxime
1154 971 1497 1041 prudentium
1528 973 1884 1029 contubernio
1904 977 2131 1046 potitus,

557 1061 906 1132 turpitudinis
936 1067 1232 1116 sectatores
1262 1077 1479 1132 exosus.

623 1153 680 1206 2.
721 1151 888 1223 igitur
907 1167 1031 1208 cum
1053 1167 1153 1222 pro
1174 1168 1269 1208 sua
1295 1155 1547 1210 omnibus
1571 1156 1736 1211 chara
1758 1156 2131 1213 benevolentia

555 1244 867 1314 diligeretur
910 1259 941 1298 a
985 1244 1184 1322 domno
1227 1245 1515 1302 Lamberto
1544 1247 1842 1318 Lingonum
1880 1248 2128 1318 prmsule,

556 1345 886 1406 cuperetque
908 1350 1033 1390 eum
1065 1334 1207 1392 idem
1239 1336 1480 1407 pontifex
1508 1338 1719 1394 collatis
1745 1339 2132 1394 ecclesiasticis

554 1427 811 1498 gradibus
832 1425 1093 1491 exaltare,
1125 1425 1235 1492 ille,
1266 1443 1528 1497 respuens
1550 1428 1762 1484 labilem
1789 1438 1844 1484 et
1871 1430 2129 1486 caducam

555 1515 738 1572 mundi
775 1515 1034 1586 gloriam,
1073 1516 1178 1571 hoc
1215 1517 1420 1572 studuit
1458 1532 1620 1589 opere
1659 1518 1952 1590 adimplere
1989 1521 2133 1592 quod

555 1607 814 1664 Dominus
852 1608 1105 1678 prazcepit
1146 1623 1434 1664 sermone:
1478 1607 1580 1674 Qui
1621 1610 1749 1675 vult,
1789 1610 1986 1681 inquit,
2017 1621 2130 1681 post

555 1716 636 1752 me
660 1700 853 1778 venire,
873 1700 1086 1769 abneget
1107 1701 1459 1771 semetipsum,
1482 1712 1528 1755 et
1553 1701 1701 1756 tollat
1724 1719 1928 1757 crucem
1955 1718 2129 1769 suam,

2234 517 2535 572 communis
2565 530 2783 572 menste.
2815 515 3127 585 Aliquorum
3159 517 3287 572 vitia
3315 517 3441 575 dum
3467 521 3812 591 conspiceret

2237 607 2704 678 reprehendenda,
2732 605 2884 678 prius
2910 607 2966 661 in
2994 622 3318 679 unoquoque
3342 607 3608 665 laudanda
3649 627 3816 670 cane-

2233 697 2353 766 bat;
2389 697 2584 753 dehinc
2619 687 2996 766 velut'gnarus
3033 698 3306 766 carpebat.
3347 697 3584 754 Cunctos
3627 710 3807 756 tamen

2233 787 2427 858 szepius
2443 788 2788 852 admonebat,
2811 796 2869 842 ut
2888 786 3022 842 tales
3036 802 3092 843 se
3117 787 3224 844 Deo
3244 788 3564 844 exhibereut
3581 791 3811 845 interius

2233 879 2420 950 quales
2441 880 2675 934 humana
2692 879 2874 949 opinio
2887 893 2986 949 pro
3002 877 3274 949 religionis
3293 879 3475 934 habitu
3495 879 3707 935 ferebat
3725 895 3815 935 ex-

2233 971 2421 1026 terius.
2462 970 2565 1024 Per
2598 979 2788 1024 cuncta
2818 984 2952 1038 ergo
2984 955 3293 1024 monasterii
3325 973 3586 1040 probatus
3614 969 3810 1034 oﬂicia,

2231 1061 2582 1131 omniumque
2638 1058 3062 1115 ministeriorum
3106 1057 3380 1128 obsequiis
3423 1074 3532 1114 non
3571 1059 3812 1130 segniter

2233 1151 2556 1223 adimpletis,
2608 1151 2842 1222 primum
2884 1150 3191 1220 praepositi,
3243 1151 3345 1207 sub
3387 1151 3558 1221 ipsius
3601 1151 3813 1206 abbatis

2233 1244 2480 1316 imperio,
2520 1235 2952 1313 quatuor'annis
2990 1241 3388 1298 administravit
3425 1240 3692 1307 ofﬁcium;
3744 1245 3811 1298 ad

2233 1337 2515 1402 ultimum,
2561 1345 2684 1406 post
2731 1334 2941 1407 prtefati
2990 1335 3158 1405 patris
3201 1335 3439 1401 obitum,
3478 1334 3811 1405 pastoralem

2233 1429 2506 1500 suscipere
2544 1443 2751 1495 curam,
2792 1427 3036 1483 doctrina
3079 1427 3134 1482 id
3166 1427 3416 1497 exigente
3446 1426 3699 1494 iustitiae,
3745 1427 3816 1482 ab

2232 1521 2383 1577 omni
2406 1527 2627 1576 coactus
2651 1527 2734 1576 est
2758 1519 2988 1574 fratrum
3015 1519 3448 1590 congregatione.
3477 1519 3656 1586 Quod,
3687 1518 3813 1574 licet

2234 1613 2435 1668 invitus
2483 1621 2538 1667 et
2584 1611 2880 1677 reluctans,
2926 1618 3207 1682 acceptum
3257 1610 3648 1677 ministerium,
3687 1625 3812 1666 eum

2234 1704 2404 1761 cultui
2430 1703 2603 1759 vinea:
2628 1702 3034 1773 maneiparetur
3060 1700 3276 1767 divinae,
3306 1710 3367 1756 ut
3393 1698 3558 1770 hujus
3585 1715 3648 1756 se
3676 1700 3812 1756 assi-

553 1803 601 1844 ει
630 1800 878 1861 sequatur
900 1806 981 1844 me
1001 1789 1218 1862 (Matth.
1248 1806 1358 1856 xw,
1381 1791 1485 1856 24;
1518 1790 1644 1848 an.
1677 1808 1755 1857 lx,
1781 1792 1898 1863 225).
1923 1791 2133 1862 Spretis
2159 1789 2208 1849 B
2236 1802 2426 1866 gnaret
2470 1793 2720 1849 colonum
2739 1833 2755 1859 ,
2797 1805 3084 1847 commune
3128 1791 3260 1848 utile
3301 1791 3594 1846 multorum
3640 1789 3811 1862 magis

556 1880 738 1958 itaque
777 1880 1028 1935 omnibus
1070 1889 1298 1937 terrenae
1335 1882 1697 1951 possessionis
1741 1882 2025 1952 stipendiis
2059 1884 2128 1938 oh

555 1988 703 2042 spem
744 1971 937 2026 futura:
973 1972 1441 2043 repromissionis,
1482 1974 1726 2028 habitum
1765 1983 1964 2029 sancta:
2005 1989 2134 2030 con-

557 2065 878 2122 versationis
903 2065 1150 2134 sumpsit.
1183 2064 1289 2120 Sed
1323 2079 1428 2119 nou
1460 2065 1531 2120 ibi
1566 2065 1738 2120 defuit
1768 2065 2012 2137 probatio
2044 2065 2135 2121 tri-

557 2154 867 2211 bulationis.
903 2157 1161 2212 Parentes
1195 2171 1430 2225 namque
1467 2154 1605 2224 ejus,
1635 2157 1981 2226 insequentes
2008 2171 2133 2211 eum

555 2256 717 2318 atque
745 2247 812 2301 ab
844 2247 946 2303 hoc
977 2247 1306 2302 monasterio
1335 2261 1431 2316 per
1461 2261 1787 2303 consensum
1814 2247 2052 2319 episcopi
2082 2248 2133 2302 vi

557 2340 959 2406 abstrahentes,
982 2339 1241 2396 nudatum
1267 2341 1454 2396 habitu
1477 2342 1724 2397 monachi
1749 2357 1844 2413 per
1863 2341 2134 2412 publicum

556 2428 630 2484 lza
664 2429 1003 2484 deduxerunt
1028 2439 1108 2495 ut,
1145 2446 1247 2501 pro
1278 2430 1381 2486 hac
1407 2431 1749 2496 verecundia,
1780 2432 1957 2486 odiret
1991 2429 2136 2501 quod

557 2530 838 2590 tantopere
875 2521 1324 2591 amplectebatur.
1366 2521 1473 2578 Sed
1513 2521 1649 2577 nihil
1696 2522 1909 2592 prolicit
1946 2521 2135 2578 callida

555 2625 646 2666 ars
677 2606 894 2682 maligni
925 2621 1114 2668 contra
1151 2612 1453 2668 doctrinam
1481 2613 1653 2666 sancti
1690 2611 1954 2684 Spiritus;
1989 2614 2137 2671 nullo

547 2703 716 2759 modo
736 2706 934 2774 quippe
976 2703 1264 2760 valuerunt
1295 2721 1420 2761 eum
1464 2715 1722 2762 mvocare
1757 2721 1788 2761 a
1824 2722 1939 2762 sua.
1961 2709 2139 2764 inten-

548 2795 725 2851 tione.
758 2793 976 2860 Verum,
1006 2811 1176 2868 parvo
1195 2795 1482 2853 'transacto
1512 2807 1754 2870 tempore
1785 2797 1964 2870 fugam
1995 2799 2136 2866 iniit,

557 2895 615 2938 ut
653 2885 733 2939 vel
763 2895 917 2940 extra
945 2888 1174 2957 patriam
1204 2897 1388 2958 posset
1416 2888 1679 2959 perlicere
1711 2888 1854 2958 quod
1884 2889 1936 2943 in
1962 2889 2138 2961 patrio

555 2974 672 3031 solo
697 2991 803 3030 non
839 2979 1256 3046 permittebatur
1288 2977 1601 3049 adimplere.
1637 2979 1745 3036 Sed
1775 2983 1969 3036 iterum
2001 2982 2142 3037 inse-

557 3075 717 3120 cutus
743 3076 797 3120 et
822 3078 1031 3136 captus,
1059 3069 1125 3121 ad
1153 3067 1463 3139 episc0pum
1493 3080 1575 3126 est
1599 3073 1873 3136 reductus,
1898 3072 1989 3142 qui
2012 3086 2135 3128 eum

2235 1883 2511 1955 qumrebat
2537 1896 2700 1952 quam
2739 1880 3038 1951 proprium.
3064 1879 3286 1938 Cunctis
3312 1879 3600 1951 benignus,
3638 1880 3814 1935 omni-

2234 1973 2335 2028 bus
2373 1986 2590 2041 aequus;
2641 1969 2846 2025 nemini
2894 1969 3146 2036 nocebat,
3191 1969 3388 2039 quibus
3429 1977 3650 2040 poterat
3691 1983 3815 2040 pro-

2233 2065 2392 2120 desse
2415 2064 2686 2120 studebat.
2721 2061 2867 2117 Sana
2886 2062 3083 2132 quippe
3113 2059 3359 2116 doctrina
3383 2059 3433 2116 ei
3464 2061 3664 2124 inerat,
3685 2061 3810 2129 quia

2233 2169 2346 2212 sua:
2375 2154 2668 2211 conditioni
2703 2153 2846 2224 quod
2885 2152 3244 2222 competebat,
3273 2149 3402 2206 illud
3428 2148 3661 2205 solerter
3685 2164 3810 2220 age-

2233 2245 2346 2310 bat,
2385 2252 2606 2318 propter
2653 2243 2783 2298 illud
2824 2241 3110 2313 Apostoli~z
3156 2237 3370 2295 Nemini
3410 2239 3598 2294 dantes
3648 2239 3808 2292 ultam

2235 2336 2591 2406 offensionem,
2617 2343 2676 2388 ut
2703 2349 2803 2388 non
2826 2335 3140 2402 vituperetur
3165 2332 3514 2385 ministerium
3539 2340 3810 2394 nostrum;

2235 2425 2325 2479 sed
2350 2426 2406 2479 in
2429 2423 2666 2478 omnibus
2691 2422 3027 2478 exhibeamus
3052 2422 3393 2491 nosmetipsos
3423 2421 3561 2477 sicut
3586 2419 3686 2474 Dei
3711 2422 3809 2474 uti-

2237 2515 2428 2568 nistros
2476 2512 2564 2583 (11
2591 2511 2714 2567 Cor.
2758 2527 2834 2578 vt,
2875 2511 2954 2581 4).
3000 2509 3218 2566 Sanctis
3255 2511 3420 2566 etiam
3459 2519 3516 2564 et
3556 2509 3812 2564 modestis

2237 2604 2580 2661 sermonibus
2608 2603 2830 2670 inditus,
2855 2602 3104 2658 obscenis
3132 2609 3185 2656 et
3208 2601 3454 2672 turpibus
3480 2601 3704 2656 omnino
3729 2601 3807 2654 in-

2239 2695 2644 2752 tercludebatur
2671 2694 2909 2760 auditus,
2946 2702 3167 2764 propter
3197 2691 3326 2746 illud
3365 2690 3509 2762 quod
3552 2690 3810 2759 scriptum

2239 2796 2360 2845 est:
2405 2786 2529 2857 Sepi
2569 2802 2721 2840 aures
2751 2795 2868 2839 tuas
2901 2785 3084 2854 spinis,
3129 2792 3179 2837 et
3201 2781 3323 2855 [noli
3360 2781 3550 2836 audire
3581 2779 3811 2849 linguam

2240 2896 2460 2951 nequam
2487 2875 2674 2943 (Eecli.
2707 2891 2902 2942 xxvul,
2924 2875 3038 2944 28).
3064 2872 3449 2930 Adeolectioni
3473 2870 3813 2926 eratdeditus

2239 2981 2300 3028 ut
2324 2973 2375 3027 in
2402 2970 2597 3028 iuuere
2624 2970 2830 3040 positus
2861 2967 3098 3023 libellum
3127 2965 3324 3037 saepius
3347 2973 3586 3037 gestaret
3613 2965 3668 3018 in
3702 2978 3814 3017 ma-

2243 3061 2430 3128 nibus;
2477 3061 2660 3130 itaque
2700 3061 2754 3115 in
2777 3057 3067 3128 equitando
3113 3056 3458 3126 reﬁciebatur
3493 3055 3713 3110 animus
3744 3052 3815 3106 le-

546 3157 744 3220 multis
783 3159 1236 3226 prmnissiouibus
1277 3170 1332 3215 et
1372 3161 1648 3218 blanditiis
1686 3141 2050 3230 demulmibat,
2093 3166 2136 3221 si
2165 3143 2210 3209 C
2241 3153 2435 3225 gelido.
2469 3151 2822 3222 Philosopbos
2863 3164 2993 3204 vero
3029 3147 3411 3216 smcularisque
3448 3143 3729 3216 sapientia:
3755 3141 3813 3196 li-

557 3263 664 3315 quo
694 3249 852 3304 modo
893 3259 1076 3318 posset
1105 3252 1344 3306 animum
1383 3252 1551 3322 ipsius
1589 3253 1659 3309 ab
1699 3255 1800 3310 hac
1838 3255 2140 3312 intentione

561 3353 837 3396 revocare.
862 3342 931 3396 At
961 3343 1048 3396 uhi
1078 3344 1214 3398 vidit
1243 3357 1367 3399 eum
1399 3345 1451 3399 iu
1483 3361 1578 3400 sua
1606 3347 1898 3417 persistere
1929 3356 2142 3404 senten-

560 3433 656 3497 tia,
697 3431 786 3487 vix
826 3434 1040 3488 tandem
1081 3435 1330 3505 permisit
1369 3435 1419 3491 ei
1461 3437 1601 3506 quod
1637 3437 1796 3492 vellet
1835 3453 2014 3508 agere.
2050 3439 2141 3494 Sic

559 3523 604 3578 lt
619 3538 742 3593 tque
764 3524 906 3594 quod
927 3526 1172 3595 cupierat
1195 3535 1498 3592 assecutus,
1529 3527 1781 3599 deinceps
1809 3529 1986 3584 alieno
2005 3531 2142 3585 vixit

542 3613 826 3682 imperio,
866 3622 921 3668 et
969 3616 1022 3670 in
1073 3615 1243 3681 nullo,
1279 3627 1542 3686 quantum
1573 3619 1782 3688 potuit,
1826 3620 2072 3675 deviaret
2109 3635 2140 3675 a

559 3712 761 3759 sancta
806 3705 1162 3761 institutionis
1199 3707 1500 3778 proposito.
1531 3708 1581 3764 ls
1617 3709 1761 3764 enim
1801 3711 1986 3778 procul
2017 3725 2046 3764 a
2081 3723 2142 3765 se

545 3782 788 3849 remotis
818 3794 1146 3852 hebetudine
1173 3806 1228 3851 et
1254 3812 1553 3862 murmure,
1582 3798 1874 3869 singularis
1901 3815 2015 3871 prce
2040 3814 2143 3854 ca:-

545 3929 550 3932 .
567 3884 699 3939 teris
710 3885 1036 3943 obedientia:
1054 3889 1438 3957 praeminebat
1453 3890 1677 3956 virtute,
1693 3891 1922 3961 impleas
1945 3892 2072 3946 illud
2087 3891 2140 3947 in

564 3974 824 4032 fratribus
839 3979 984 4050 quod
997 3979 1359 4036 tlicitsanctus
1373 3980 1692 4036 Benedictus
1711 3981 1941 4053 (Regul.,
1961 3997 2009 4036 c.
2024 3982 2137 4052 'Il):

570 4086 591 4121 ι
627 4067 964 4126 Οιιεάἰθιιιίειξ
988 4072 1188 4127 bonum
1220 4088 1327 4128 non
1361 4073 1535 4129 solum
1566 4073 1746 4130 abbati
1777 4074 2141 4151 exhibendum

561 4171 672 4228 est,
695 4163 788 4218 sed
811 4161 974 4218 etiam
1002 4164 1103 4220 sibi
1131 4165 1363 4220 invicem
1393 4166 1648 4221 ohctliaut
1672 4164 1886 4221 fratres.
1912 4185 1932 4218 ι
1959 4165 2144 4222 Enim-

564 4265 696 4307 vero
721 4252 865 4307 beati
902 4252 1199 4320 Benedicti,
1232 4255 1387 4325 cujus
1424 4255 1740 4325 suhjacebat
1777 4253 2141 4324 discipulatui,

564 4343 806 4402 imiIator
826 4347 1086 4413 existens,
1111 4347 1410 4416 sapientem
1439 4347 1533 4402 Dei
1564 4345 1848 4403 stultitiam
1872 4355 1957 4402 est
1983 4347 2146 4400 ador-
2173 4403 2180 4410 ,

567 4449 681 4498 sus,
700 4436 854 4504 juxta
879 4437 1020 4505 quod
1048 4437 1292 4506 prmcipit
1319 4437 1611 4507 Apostolus
1639 4455 1652 4490 :
1689 4436 1749 4492 Si
1780 4437 1895 4507 quis
1929 4435 2032 4491 vult
2062 4438 2144 4491 in-

2241 3245 2370 3301 bros
2409 3259 2530 3300 cum
2565 3243 2794 3314 legebat,
2825 3239 2952 3296 illud
2993 3239 3173 3320 sagaci
3213 3237 3524 3295 sectabatur
3553 3234 3812 3290 industria

2240 3337 2383 3408 quod
2407 3352 2501 3406 per
2521 3335 2880 3406 legislaturem
2904 3333 3082 3388 divina
3105 3347 3207 3387 vox
3230 3329 3472 3401 praecipit
3494 3328 3562 3383 de
3581 3326 3792 3396 captiva

2241 3427 2367 3484 llaec
2391 3428 2588 3499 quippe
2610 3443 2730 3497 qua:
2754 3426 2805 3480 in
2828 3425 3273 3497 philosophorum
3295 3422 3450 3479 libris
3472 3420 3816 3490 reperieban-

2242 3529 2331 3576 tur
2363 3521 2534 3586 ulilia,
2581 3519 2696 3576 haec
2741 3533 2836 3574 sua
2863 3517 3187 3588 dignabatur
3216 3514 3506 3578 memoria;
3539 3527 3664 3583 quae
3690 3526 3814 3565 vero

2241 3612 2531 3681 superﬂua,
2578 3610 2646 3667 de
2685 3623 2872 3665 amore
2911 3607 3120 3664 scilicet
3151 3621 3439 3676 rerumque
3471 3603 3813 3660 smcularium

2241 3719 2392 3766 cura,
2425 3702 2541 3756 haec
2569 3700 2723 3771 quasi
2751 3706 3017 3754 venenata
3058 3697 3279 3753 radebat
3303 3705 3358 3751 et
3384 3691 3689 3749 mortifera.
3721 3691 3815 3747 llic

2242 3795 2518 3850 calvitium
2559 3792 2869 3858 inducebat,
2915 3792 3060 3857 haec,
3107 3790 3403 3862 unguinum
3447 3802 3630 3851 more,
3672 3785 3816 3841 ferro

2241 3885 2556 3942 acutissimo
2589 3883 2895 3940 desecabat.
2923 3881 3010 3936 Ex
3041 3881 3288 3936 lectionis
3330 3893 3461 3949 ergo
3500 3878 3817 3933 assiduitate

2243 3977 2650 4048 Scripturarum
2675 3973 3434 4032 informabatur(auctoritate.
3463 3971 3543 4026 Ita
3574 3971 3628 4026 in
3657 3985 3817 4025 αωο-

2241 4068 2379 4125 nicis
2403 4082 2466 4123 ac
2494 4066 2809 4122 monasticis
2833 4064 3045 4120 valebat
3072 4063 3337 4119 institutis
3360 4069 3420 4116 ut
3448 4059 3580 4116 nulli
3613 4059 3816 4112 videre-

2243 4169 2330 4214 tur
2355 4157 2621 4213 secundus
2645 4157 2698 4210 in
2719 4156 2896 4226 legum
2921 4153 3154 4210 decretis
3171 4168 3234 4208 ac
3255 4149 3816 4224 philosophicisargu-

2243 4249 2462 4308 mentis.
2494 4248 2630 4303 Tum
2662 4248 2862 4308 virtute
2889 4253 2944 4301 et
2986 4245 3248 4316 sapientia
3284 4242 3640 4312 compositus,
3671 4237 3814 4293 fandi

2243 4336 2458 4414 quoque
2499 4338 2879 4394 honestissime
2905 4336 3060 4408 copia
3091 4335 3315 4400 ditatus,
3344 4332 3420 4388 ita
3447 4346 3508 4387 se
3531 4327 3818 4399 coaptabat

2243 4431 2469 4504 singulis
2499 4439 2560 4485 ut
2596 4428 2847 4484 omnibus
2876 4438 3022 4483 esset
3064 4425 3386 4496 diligendus,
3413 4420 3643 4492 implcns
3690 4417 3815 4473 illud

568 4537 646 4580 ter
673 4503 759 4580 eos
790 4503 994 4596 {apiﬁens
1023 4503 1132 4584 esse
1172 4503 1226 4584 in
1267 4503 1614 4596 hoe—mundo,
1651 4503 1842 4585 stultus
1871 4529 1965 4596 [iat
1996 4538 2050 4582 ut
2075 4531 2142 4582 sit
2173 4503 2221 4563 θ
2244 4503 2485 4594 Apostoli
2514 4539 2528 4576 :
2561 4520 2816 4576 Omnibus
2845 4519 3022 4574 omnia
3057 4517 3229 4588 {actus
3255 4532 3392 4580 sum,
3421 4523 3477 4569 ut
3517 4516 3700 4567 omnes
3731 4512 3814 4581 {a-

565 4617 772 4687 sapiens
799 4617 848 4688 (I
867 4617 988 4673 Cor.
1017 4619 1222 4691 tu,18).
1243 4619 1396 4675 [laud
1424 4634 1580 4674 secus
1603 4621 1745 4675 enim
1761 4635 1825 4674 ac
1840 4618 2142 4689 philosophi

567 4708 635 4762 ad
649 4707 1074 4780 syllogismorum
1093 4720 1406 4780 argumenta
1429 4719 1536 4766 tota
1559 4727 1620 4767 se
1642 4711 1926 4766 conferunt
1949 4710 2146 4766 mentis

569 4796 842 4865 instantia,
865 4799 936 4854 ita
960 4813 1019 4855 sc
1039 4799 1267 4854 contulit
1289 4801 1355 4854 ad
1378 4815 1440 4854 ea
1458 4799 1709 4856 discenda
1734 4817 1856 4872 qua:
1875 4800 2147 4871 quotidia-

568 4904 695 4944 num
729 4905 823 4959 per
847 4905 1001 4944 usum
1030 4890 1082 4944 iu
1115 4888 1454 4960 monasteria]
1480 4899 1605 4944 sunt
1631 4890 1910 4962 explenda.
1940 4889 2147 4957 Quibus

567 4981 817 5038 omnibus
856 4982 1085 5038 solerter
1124 4983 1224 5040 sibi
1259 4997 1387 5039 cura
1424 4982 1651 5052 cognitis
1686 4993 1741 5039 et
1773 4983 2145 5054 experimento

570 5074 847 5127 memoria:
859 5075 1182 5139 commissis,
1194 5072 1363 5129 videri
1377 5075 1490 5145 jam
1504 5075 1669 5143 coepit
1682 5075 1891 5130 doctior
1910 5075 2143 5131 cunctis.

641 5163 696 5218 5.
735 5163 890 5220 llunc
919 5180 1050 5234 ergo
1071 5173 1128 5219 ut
1157 5166 1210 5219 in
1243 5165 1561 5221 monachico
1583 5164 1772 5221 ordine
1803 5165 1874 5218 ita
1906 5164 2145 5236 pruden-

572 5260 680 5290 lnxn
723 5253 829 5290 iam
860 5254 1035 5290 tlinlnc
1065 5263 1219 5290 maior
1263 5253 1560 5290 ῑνςιιυιηηηα
1603 5256 1862 5290 ἶησοιιηνῖι

2243 4631 2410 4671 cerem
2448 4613 2617 4669 salvos
2651 4611 2702 4684 (ι
2732 4611 2854 4665 Cor.
2887 4625 2967 4677 x1,
3001 4609 3114 4678 22).
3161 4607 3432 4677 Quidquid
3472 4605 3815 4675 loquebatur,

2247 4705 2522 4776 sapientiae
2551 4701 2818 4773 gravitate
2847 4696 3290 4767 componebatur.
3317 4693 3511 4750 Sermo
3535 4691 3679 4759 eius,
3706 4688 3816 4745 sale

2247 4789 2518 4859 conditus,
2553 4807 2661 4863 quo
2691 4791 2918 4846 virtutis
2944 4787 3182 4859 pondere
3223 4785 3405 4844 brevis
3442 4793 3497 4840 et
3537 4797 3717 4850 rarus,
3754 4794 3812 4837 ea

2249 4886 2502 4958 prudenti
2555 4883 2827 4938 suavitate
2883 4878 3186 4936 habebatur
3238 4878 3527 4949 pretiosus.
3589 4875 3817 4945 Ideoque

2246 4974 2671 5046 quotiescunque
2721 4970 2789 5026 ad
2829 4968 3239 5026 mdilicationem
3286 4965 3548 5023 moralem
3590 4963 3817 5020 faciebat

2245 5080 2575 5130 sermonem,
2603 5072 2662 5119 ut
2691 5061 3102 5128 disertissimus,
3133 5061 3208 5116 ita
3241 5058 3547 5128 habebatur
3570 5053 3813 5128 gratissi-

2246 5170 2388 5212 mus.
2417 5154 2647 5226 Gregem
2681 5153 2786 5209 sibi
2829 5152 3179 5209 commissum
3223 5150 3449 5221 provida
3493 5163 3688 5220 regens
3709 5149 3814 5218 pie-

1926 5269 2156 5290 ηηηηυιο.
2249 5253 2376 5290 tam-
2412 5244 2671 5290 adversus
2703 5243 2994 5290 nessiassa‘:
3023 5237 3228 5290 sanctis
3265 5240 3519 5290 omnibus
3547 5237 3812 5290 inimicum
