4044 5290
246 331 376 393 ιω

1791 327 1966 383 “TA.

3369 323 3503 380 13ίὲ

241 445 512 507 omnibus,
554 451 603 496 et
641 440 1068 508 sanctimoniam,
1115 441 1226 496 sine
1272 457 1373 511 qua
1425 456 1573 495 nemo
1623 439 1812 494 ridebit
1837 441 1892 507 Α
1917 442 2232 513 prudenter,
2261 449 2315 495 et
2345 441 2648 498 verecunde
2675 439 3050 509 respondebat.
3101 438 3270 493 Prava
3307 443 3434 494 ver’o
3454 441 3500 493 si

248 539 408 594 Deum
432 531 644 600 (Hahn,
678 547 777 595 xu,
809 531 920 601 M).

312 626 364 680 4.
394 622 725 690 Diligebatur
754 635 919 690 quam
946 619 1231 691 plurimum
1258 633 1288 673 a
1319 620 1540 690 regibus
1584 619 1823 674 Franco-
1873 621 1885 636 ’

246 728 361 771 rum
394 710 633 766 Roberto
657 719 710 763 et
738 709 991 764 Henrico.
1022 709 1129 764 Sed
1163 719 1217 764 et
1243 701 1540 765 'Conradus
1585 709 1819 779 impera-

247 815 328 860 tor
359 810 414 858 et
439 797 556 868 ejus
583 799 726 854 filius
748 798 1013 855 llenricus
1033 800 1216 854 Caesar
1239 799 1387 854 illum
1409 799 1578 853 nimio
1599 804 1825 852 venera-

244 894 440 948 bantur
472 887 700 953 aﬂ'cctu;
733 887 873 944 unde
895 887 1095 942 factum
1127 898 1211 944 est
1246 897 1324 952 ut,
1344 888 1719 959 Lugdunensis
1739 901 1824 942 se-

242 983 324 1037 dis
343 988 573 1036 vacante
595 979 858 1045 antistite,
886 979 954 1032 ab
983 979 1099 1048 ipso
1122 979 1356 1034 Henrico
1388 979 1732 1050 imperatore,
1757 994 1824 1034 eo

243 1075 382 1145 quod
406 1071 536 1128 olim
566 1071 668 1126 sibi
697 1072 948 1141 cognitus
986 1079 1042 1126 et
1089 1085 1190 1141 pro
1234 1071 1484 1142 religiosa
1537 1085 1828 1127 conversa-

244 1167 388 1221 tione
427 1173 492 1218 ac
524 1162 665 1217 fama
693 1163 998 1218 sanctitatis
1017 1173 1138 1220 erat
1161 1165 1316 1220 valde
1340 1165 1584 1228 dilectus,
1615 1163 1826 1219 oblatus

243 1264 324 1311 est
348 1255 396 1310 ei
434 1254 579 1309 illius
604 1255 947 1324 episcopatus
977 1255 1168 1310 honor.
1211 1255 1330 1326 Ipse
1356 1270 1486 1310 vero
1509 1269 1673 1324 grave
1696 1269 1825 1323 pon-

244 1352 341 1407 dus
368 1349 658 1420 procellosi
692 1347 948 1404 culminis
974 1363 1073 1419 per
1125 1349 1434 1405 custodiam
1470 1347 1667 1418 refugit
1719 1348 1824 1402 bu-

243 1439 508 1504 militatis,
540 1439 838 1494 obtendens
862 1453 921 1493 se
950 1440 1276 1494 monachum
1301 1439 1371 1494 ad
1423 1445 1638 1492 tantum
1687 1452 1828 1493 onus

243 1543 582 1610 nequaquam
613 1531 730 1586 fore
753 1531 1024 1584 idoneum.
1079 1531 1208 1586 Erat
1233 1539 1359 1585 tunc
1411 1529 1462 1583 in
1500 1529 1647 1583 clero
1695 1529 1825 1584 Lin-

244 1625 462 1696 gonensi
489 1621 712 1693 quidam
743 1620 1001 1686 clericus,
1051 1622 1271 1677 nomine
1311 1620 1619 1684 Odalricus,
1667 1628 1828 1675 aetate

243 1717 445 1786 pariter
497 1731 565 1770 ac
609 1722 799 1771 sancta
845 1714 1258 1769 conversatione
1307 1721 1592 1782 provectus
1633 1711 1829 1766 litteris

1921 549 2026 604 qua
2045 535 2509 604 proponebantur,
2544 547 2650 586 non
2683 533 2904 597 acriter,
2929 533 3023 588 sed
3049 532 3278 602 ingenuo
3299 529 3502 602 pudore

1920 623 2249 686 confutabat,
2306 638 2414 678 non
2444 623 2636 678 callida
2688 625 3156 693 argumentatione
3202 632 3391 678 contra
3447 638 3506 678 sc

1920 717 2280 786 disputantem
2312 715 2638 787 superando,
2671 717 2764 770 sed
2786 731 2883 785 per
2909 715 3295 770 venerabilium
3321 715 3499 770 docto-

1921 823 2042 861 rum
2069 807 2313 877 exempla
2346 807 2579 877 benigne
2609 805 2874 862 docendo.
2936 805 3089 860 Tune
3121 806 3262 860 dicta
3311 805 3505 859 ortho-

1914 900 2181 953 ‘doxornm
2211 897 2456 952 tradebat
2484 896 2550 949 ad
2578 895 2832 960 medium,
2856 912 2980 950 cum
3033 893 3360 966 evangelicis
3411 909 3510 947 au-

1923 987 2266 1042 ctoritatibus
2296 1003 2310 1039 :
2341 993 2504 1054 atque
2536 985 2589 1038 in
2613 986 2756 1040 hunc
2789 984 3005 1039 modum
3028 982 3507 1040 eteruditissimus

1923 1080 2322 1143 declarabatur,
2348 1086 2404 1133 et
2431 1077 2681 1132 elationis
2704 1076 2789 1131 vel
2818 1075 3141 1131 eruditionis
3181 1073 3507 1144 jactantiam

1923 1169 2112 1238 fugere
2147 1169 2443 1223 videbatur.
2480 1167 2675 1222 Jurare
2701 1167 2924 1220 omnino
2951 1164 3196 1230 cavebat,
3255 1179 3322 1219 ne
3369 1162 3510 1219 forte

1918 1263 2257 1333 ‘perjuraret;
2287 1260 2428 1316 unde
2449 1259 2577 1330 quid
2605 1259 2658 1314 in
2688 1257 2890 1329 palatio
2943 1255 3291 1328 imperatoris
3333 1255 3510 1328 egerit

1922 1355 2188 1414 silendum
2211 1367 2316 1411 non
2340 1361 2444 1408 est.

1996 1445 2046 1500 ϐ.
2088 1443 2355 1500 Henricus
2373 1443 2565 1498 tertius
2596 1441 2896 1512 imperator
2933 1439 3254 1508 Burgundla:
3281 1453 3510 1512 regnum

1926 1535 2281 1608 gubernabat,
2309 1531 2571 1588 Rodulfus
2599 1531 2742 1586 enim
2767 1531 3089 1601 Burgundia:
3121 1545 3214 1586 rex
3242 1529 3359 1585 sine
3379 1529 3514 1586 libo-

1928 1627 2005 1682 ris
2036 1623 2602 1690 existens,Henricnm
2625 1621 3206 1690 secltndumICaasarem
3236 1621 3511 1678 heredem

1929 1719 2079 1788 regni
2102 1717 2248 1773 fecit.
2278 1715 2406 1772 Post
2434 1731 2592 1786 quem
2626 1717 2693 1769 ad
2715 1714 3026 1771 Conradum
3070 1714 3311 1783 pervenit
3338 1714 3513 1783 impe-

245 1809 481 1880 apprime
521 1809 792 1872 eruditus,
823 1807 916 1878 qui
949 1815 1076 1862 tunc
1101 1807 1153 1860 in
1183 1805 1385 1877 palatio
1434 1803 1578 1876 regis
1617 1806 1826 1869 aderat,
1859 1790 1905 1851 Β
1934 1812 2103 1874 rium;
2130 1809 2219 1864 hic
2250 1823 2490 1865 sororem
2517 1807 2758 1879 praedicti
2811 1803 2976 1876 regis,
3022 1807 3240 1862 nomine
3285 1805 3513 1873 Gislam,

245 1899 336 1955 sed
374 1907 560 1954 tamen
591 1898 823 1969 principi
854 1912 958 1952 non
985 1896 1143 1967 plene
1170 1895 1441 1968 cognitus.
1508 1896 1624 1952 Huc
1670 1895 1828 1950 dom-

245 2007 346 2050 nus
392 2001 550 2062 pater
606 2000 792 2048 noster
842 1990 1166 2048 llalinardus
1213 1991 1384 2045 suasit
1434 1990 1824 2061 expetendum;

247 2098 404 2154 quem
429 2093 485 2140 et
511 2084 791 2154 sapientia:
817 2084 1062 2147 ubertas,
1111 2093 1168 2137 et
1199 2083 1496 2138 senectutis
1553 2096 1830 2138 commen-

249 2177 408 2232 dabat
438 2177 694 2246 dignitas.
729 2175 825 2230 His
854 2176 1179 2230 rennntiatis
1210 2175 1320 2246 regi
1349 2174 1553 2239 verbis,
1602 2161 1830 2230 miratus

247 2265 327 2320 vel
351 2268 495 2337 quod
522 2267 764 2322 oblatum
795 2266 1056 2320 honorem
1109 2265 1397 2320 sacerdotii
1447 2273 1552 2320 tam
1598 2264 1830 2334 vilipen-

251 2356 424 2421 deret,
451 2357 538 2412 vel
565 2358 707 2426 quod
739 2356 792 2410 in
832 2369 891 2410 se
922 2353 1250 2425 denegabat,
1280 2369 1377 2425 pro
1409 2353 1518 2409 alio
1543 2363 1650 2407 tam
1675 2351 1830 2408 solli-

249 2445 353 2499 cite
375 2446 685 2516 expetebat,
710 2443 972 2509 assensit;
1021 2451 1077 2498 et
1120 2444 1463 2514 episcopatus
1512 2443 1828 2513 dignitatem

251 2546 550 2590 memorato
602 2535 800 2590 domno
847 2533 1102 2592 Odalrico
1145 2536 1436 2594 concessit.
1497 2533 1667 2601 Quem
1718 2536 1833 2604 ipse

252 2635 405 2693 pater
431 2641 602 2696 usque
623 2627 688 2680 ad
711 2625 893 2681 sedem
916 2625 1169 2691 deduxit;
1221 2634 1277 2680 et
1307 2639 1533 2695 quzeqne
1565 2624 1618 2679 in
1670 2625 1832 2680 obse-

252 2713 381 2783 quio
413 2715 557 2770 illius
576 2715 974 2786 competebant,
1005 2729 1069 2770 ac
1094 2715 1140 2770 sl
1163 2729 1302 2768 unus
1323 2729 1391 2768 ex
1413 2713 1616 2768 familia
1644 2713 1831 2783 ipsius,

253 2805 588 2872 procuravit.
616 2804 718 2872 Qui
749 2805 889 2860 rexit
923 2804 1338 2875 Lugdunensem
1389 2802 1686 2859 Ecclesiam
1737 2819 1836 2874 per

253 2909 427 2951 annos
454 2897 718 2966 quinque,
747 2895 910 2950 verbo
933 2906 988 2972 et
1009 2895 1257 2966 exemplo
1293 2894 1556 2948 bonorum
1606 2907 1833 2964 operum

253 2986 533 3042 instruens
579 2987 790 3041 animos
843 2986 1205 3042 subditorum.
1272 2985 1620 3042 Postmodum
1656 3003 1685 3040 a
1717 2985 1835 3055 qui-

250 3078 483 3134 busdam
534 3079 818 3136 malevolis
872 3087 929 3134 ct
995 3080 1192 3135 invidis
1234 3094 1527 3151 perpessus
1569 3078 1832 3143 insidias,

249 3183 413 3239 quem
449 3168 597 3225 ferro
649 3185 756 3225 non
816 3178 1110 3242 potuerunt
1153 3183 1364 3225 veneno
1416 3169 1683 3238 perimere
1727 3182 1835 3222 non
1862 3146 1906 3207 ε

253 3260 717 3316 detrectaverunt.
751 3259 951 3332 Sicque
983 3261 1216 3326 occisus,
1247 3261 1458 3317 caeteris
1480 3260 1683 3316 sanctis
1709 3274 1837 3330 pon-

251 3351 492 3406 tilicibus
528 3351 724 3406 ibidem
755 3353 1162 3422 quiescentibus
1184 3361 1270 3408 est
1291 3361 1634 3423 aggregatus.

324 3443 380 3498 5.
409 3440 550 3497 Tum
580 3442 796 3498 demum
823 3438 927 3498 vox
965 3443 1131 3499 totius
1155 3443 1284 3500 cleri
1317 3484 1332 3510 ,
1396 3459 1520 3499 cum
1571 3457 1836 3499 consensu

1933 1903 2120 1959 habuit
2141 1901 2449 1975 conjugem,
2477 1903 2543 1957 de
2569 1917 2674 1971 qua
2731 1889 3163 1972 genuit-tertium
3195 1898 3514 1964 Henricnm,

1930 1997 2016 2051 cui
2067 2011 2135 2050 ex
2172 1994 2518 2051 successione
2563 2003 2790 2064 paterna
2834 1991 2957 2060 jure
3007 1991 3255 2062 provenit
3288 2004 3518 2064 regnum

1930 2085 2274 2157 Burgundize.
2305 2085 2362 2139 In
2390 2083 2544 2152 cujus
2576 2084 2727 2153 regni
2754 2083 2988 2138 termino
3036 2069 3140 2137 sita
3187 2089 3271 2136 est
3295 2080 3515 2151 Lugdu-

1931 2195 2058 2234 num
2087 2179 2299 2241 civitas,
2323 2165 2484 2246 quain
2514 2175 2804 2231 Lotharius
2845 2174 3180 2230 Francorum
3223 2188 3317 2227 rex
3369 2169 3520 2227 dedit

1931 2269 1984 2324 in
2015 2269 2195 2324 dotem
2227 2269 2396 2324 sorori
2425 2283 2536 2323 suae
2565 2267 2837 2323 Mathilda:
2865 2267 3085 2337 regium,
3106 2281 3266 2336 quam
3289 2265 3519 2334 despon-

1933 2360 2279 2417 ditConrado
2305 2361 2627 2432 Burgundia:
2653 2361 2790 2432 regi,
2843 2360 2982 2432 patri
3025 2356 3320 2428 supradicti
3373 2356 3520 2426 regis

1935 2449 2166 2506 Rodulfi.
2197 2449 2364 2520 Igitur
2383 2457 2606 2520 propter
2645 2445 2845 2505 donem
2889 2448 3233 2519 episcopatus
3285 2445 3519 2501 domnus

1916 2542 2282 2606 'llalinardus,
2315 2541 2382 2597 ad
2411 2542 2516 2598 boc
2557 2542 2785 2608 electus,
2815 2539 3035 2595 Henrici
3060 2537 3290 2596 Caesaris
3312 2537 3518 2592 curiam

1935 2633 2088 2700 adiit,
2117 2641 2314 2688 etcum
2336 2647 2402 2686 eo
2425 2632 2826 2702 episcoporum,
2849 2631 2941 2701 qui
2975 2637 3134 2686 erant
3162 2626 3517 2702 suﬂ'raganei,

1935 2723 2095 2794 legati
2119 2721 2484 2777 archidiaconi
2515 2731 2679 2792 atque
2704 2721 2881 2792 ipsum
2913 2728 3186 2792 pastorem
3214 2725 3522 2789 quaerentes

1935 2811 2322 2884 Lugdunenses
2349 2811 2557 2867 clerici.
2584 2810 2904 2880 Imperator,
2935 2817 2995 2864 ut
3043 2809 3214 2864 moris
3257 2817 3364 2872 est,
3395 2821 3523 2877 pro-

1929 2913 2057 2976 pter
2079 2905 2263 2960 datum
2291 2905 2550 2959 honorem
2575 2903 2856 2974 episcopii,
2890 2902 3176 2972 requisivit
3208 2901 3278 2955 ab
3329 2915 3398 2957 eo
3451 2897 3518 2954 llo

1919 2998 2021 3053 dei
2051 2998 2154 3052 sibi
2173 2997 2367 3052 debita:
2387 3005 2804 3053 sacramentum.
2831 2995 3031 3050 ﬂorum
3049 2994 3337 3050 verborum
3368 2993 3524 3048 dom-

1921 3105 2040 3144 'nus
2069 3087 2222 3158 llugo
2241 3087 2683 3157 archiepiscOpus
2735 3083 3225 3156 Chrysopolitanus
3274 3091 3394 3139 erat
3437 3096 3523 3138 se-

1937 3189 2158 3250 quester
2177 3195 2240 3233 ar.
2256 3179 2541 3234 mediator.
2567 3177 2661 3232 llle
2677 3177 2760 3232 his
2777 3177 2974 3232 auditis
3001 3175 3198 3240 verbis,
3220 3175 3520 3244 respondit:

1911 3270 1996 3326 'Si
2029 3271 2192 3342 Regis
2219 3271 2430 3334 :etcrni,
2463 3278 2517 3326 et
2542 3269 2760 3338 regula-3,
2794 3283 2956 3338 quam
2995 3266 3352 3336 jurejurando
3401 3278 3527 3337 pro-

1941 3363 2083 3425 misi,
2119 3371 2384 3432 prmcepta
2422 3369 2802 3430 postposuero,
2832 3374 2952 3428 quae
2992 3358 3123 3412 mihi
3150 3356 3281 3412 fides
3310 3356 3433 3420 erit,
3465 3363 3526 3410 ut

1942 3453 2284 3523 imperatoris
2299 3452 2664 3520 juramentum
2692 3449 2967 3503 custodire
2982 3446 3242 3502 debeant?
3265 3447 3526 3500 Dominus

255 3532 461 3606 populi,
493 3543 551 3590 ut
571 3536 638 3590 ad
671 3536 773 3590 hoc
791 3537 1003 3590 culmen
1022 3536 1420 3607 suscipiendum
1448 3538 1584 3593 colla
1613 3537 1835 3592 submit-

1941 3544 2084 3599 enim
2112 3542 2243 3598 dicit
2271 3541 2323 3595 in
2352 3539 2643 3610 Evangelio
2673 3556 2686 3592 :
2725 3535 2848 3592 Non
2862 3537 3050 3607 jurare
3070 3537 3280 3589 omnino
3303 3533 3523 3604 (Matth.

258 3631 340 3678 tat
373 3625 650 3692 hortatur,
677 3635 843 3698 utque
864 3627 1096 3698 pastoris
1118 3643 1305 3682 curam
1331 3629 1385 3683 in
1421 3629 1486 3685 iis
1517 3638 1728 3700 gereret
1749 3629 1843 3684 de-
1943 3633 2130 3704 n54).
2166 3632 2232 3687 Et
2255 3631 2438 3702 regula
2471 3630 2614 3701 (cap.
2645 3628 2700 3700 4)
2730 3627 2909 3684 Patris
2946 3624 3221 3681 Benedicti
3281 3622 3530 3694 przecipit

258 3725 536 3782 precatur.
571 3716 650 3770 Ad
680 3716 1060 3784 imperatorem
1111 3717 1434 3787 legationem
1496 3719 1738 3784 mittunt,
1784 3731 1846 3774 ut
1945 3723 2211 3780 mouiacbo
2242 3741 2261 3775 ι
2289 3737 2394 3777 non
2416 3720 2626 3790 jurare,
2647 3728 2703 3774 et
2730 3734 2761 3773 a
2784 3716 2966 3774 saeculi
2992 3715 3204 3770 actibus
3237 3729 3296 3769 se
3346 3713 3530 3770 facere

258 3803 493 3860 domnus
540 3805 861 3861 llulinardus
897 3807 1140 3878 pontifex
1183 3809 1265 3864 eis
1318 3811 1478 3866 detur
1518 3821 1841 3882 exposcunt.
1945 3815 2204 3871 alienum.
2243 3830 2261 3864 ι
2297 3809 2422 3866 Haec
2459 3810 2764 3866 renuntiata
2796 3807 2937 3878 regi;
2968 3806 3196 3860 miratus
3221 3811 3278 3859 et
3313 3800 3525 3874 ample-

257 3892 603 3964 lmperatoris
632 3905 957 3967 praeceptum
981 3899 1236 3964 mittitur,
1262 3909 1324 3954 ut
1347 3901 1576 3955 domnus
1598 3901 1846 3960 llalinar-
1922 3917 2100 3964 .ctens
2119 3905 2300 3960 animo
2320 3903 2438 3973 ejus
2461 3900 2848 3965 constantiam,
2873 3898 3058 3953 volens
3087 3906 3266 3952 tamen
3296 3897 3530 3966 probare

259 3983 360 4040 dus
386 3986 1089 4060 intronizeturprzeeipitur.
1125 3988 1229 4046 Sed
1250 3989 1365 4060 ejus
1389 3992 1622 4059 animus,
1653 3993 1845 4048 robore
1919 3995 2432 4067 perseverantiam,
2453 3993 2600 4048 dixit
2627 4005 2969 4062 nequaquam
2996 3989 3055 4045 se
3103 3987 3178 4042 illi
3206 3985 3341 4041 dare
3389 4000 3528 4055 pono
3573 4027 3581 4036 .

261 4073 507 4130 ﬁrmatus
539 4078 742 4145 divino,
767 4095 1108 4152 nequaquam
1134 4082 1199 4136 ad
1225 4083 1339 4138 haec
1360 4082 1618 4149 ﬂectitur,
1648 4098 1850 4154 quous-
1919 4129 1924 4134 .
1949 4085 2300 4153 tilicatum,',si
2331 4099 2438 4139 non
2467 4083 2714 4139 obcdiret
2739 4083 2854 4138 suis
2881 4080 3186 4153 praeceptis.
3216 4076 3396 4134 Atille
3416 4078 3526 4132 ait:

261 4178 367 4234 que
393 4168 670 4237 apostolici
704 4183 854 4239 papa:
885 4181 1179 4228 conventus
1202 4182 1284 4228 est
1328 4173 1544 4229 litteris.
1586 4172 1845 4240 Joannes,
1913 4210 1920 4215 -
1949 4177 2138 4234 Melius
2157 4185 2242 4232 est
2266 4175 2395 4230 mihi
2413 4189 2689 4244 nunquam
2711 4174 2958 4242 accipere
2979 4168 3339 4226 sacerdotium
3366 4182 3528 4237 quam

262 4268 625 4326 cegnomento
645 4259 944 4316 Gratianus
995 4261 1100 4333 (l),
1149 4271 1275 4318 tunc
1337 4263 1611 4319 residebat
1641 4263 1694 4318 in
1725 4265 1850 4320 sedc

262 4350 584 4415 apostolica.
615 4351 712 4406 ilic
754 4364 812 4406 ut
851 4355 1115 4425 comperit
1169 4371 1293 4411 eum
1343 4357 1484 4414 nolle
1537 4361 1850 4429 acquisccre

265 4437 668 4524 deprecantium
700 4447 859 4511 votis,
885 4447 1031 4503 misit
1059 4449 1125 4502 ad
1148 4464 1294 4517 cum,
1321 4451 1639 4523 praecipiens
1659 4464 1847 4507 aucto-

265 4532 422 4585 ritate
444 4533 764 4602 pontificali,
791 4544 849 4589 ut
872 4535 1114 4592 obedirel.
1140 4540 1388 4609 precibus
1412 4540 1542 4594 cleri
1565 4549 1620 4595 et
1644 4542 1844 4612 populi.

1953 4267 2255 4340 transgredi
2316 4266 2410 4322 Dei
2466 4265 2800 4320 mandatum.
2864 4263 3079 4318 Athtec
3115 4259 3350 4329 episcopi
3409 4257 3529 4312 illa-

1914 4389 1920 4392 -
1951 4376 2070 4417 rum
2088 4353 3012 4431 partium,ctmaximcSigebaudus
3025 4353 3310 4421 episcopus
3335 4348 3528 4420 Spirae,

1953 4452 2042 4506 ubi
2081 4452 2197 4506 haec
2226 4447 2570 4519 gerebantur,
2604 4447 2948 4510 insistebant,
2990 4443 3263 4498 dicentes:
3293 4439 3427 4508 Quis
3450 4447 3533 4494 est

1954 4539 2044 4596 hic
2069 4539 2163 4611 qui
2215 4536 2662 4609 praesmnpsitsin
2714 4535 2913 4606 palatio
2960 4532 3221 4605 principis
3261 4529 3534 4585 mandatis

266 4616 465 4678 Factus
494 4623 661 4696 igitur
684 4627 963 4695 apostolici
1016 4623 1237 4700 compos
1263 4638 1317 4685 et
1344 4645 1567 4700 compar
1601 4633 1844 4699 honoris,
1950 4632 2068 4702 ejus
2097 4647 2203 4687 non
2233 4630 2474 4696 obedire,
2502 4630 2644 4700 quod
2672 4636 2915 4684 nostrum
2961 4629 3120 4681 nemo
3164 4638 3401 4693 unquam
3453 4621 3534 4676 fa-

268 4711 422 4767 dtzxit
469 4715 820 4785 apostolicam
860 4716 1018 4782 facth
1061 4727 1117 4774 ct
1161 4721 1381 4775 nomine
1410 4722 1598 4778 vitam.
1646 4723 1846 4778 Eadem
1950 4739 2076 4780 cere
2101 4737 2267 4778 ausus
2297 4721 2429 4776 fuit?
2450 4725 2558 4775 Aut
2581 4718 2908 4791 jurctiidem
2949 4717 3080 4788 regi,
3108 4712 3534 4782 autabjiciatur.

268 4801 438 4858 virtus
462 4807 662 4861 mansit
689 4807 1034 4876 humilitatis,
1070 4824 1236 4882 Opere
1262 4810 1618 4882 multiplicato
1661 4813 1850 4869 chari-
1951 4815 2153 4871 Verum
2183 4812 2551 4868 Theodericus
2574 4812 2863 4883 cpiscopus
2904 4806 3186 4868 Metensis,
3243 4812 3300 4858 et
3357 4803 3539 4857 Brunu
3589 4818 3614 4904 ι

271 4895 415 4950 tatis.
449 4897 640 4955 Omnia
665 4917 784 4970 quae
811 4905 1005 4972 agebat
1027 4903 1286 4958 virtutum
1313 4919 1505 4975 sapore
1531 4905 1844 4974 condiebat;
1917 4940 1920 4944 -
1950 4905 2251 4964 Leucorum
2277 4904 2586 4976 episcopus,
2629 4917 2694 4957 ac
2717 4899 3026 4955 Richardus
3070 4895 3359 4964 episcopus
3407 4891 3541 4948 γεγε
3593 4891 3616 4955 ᾖ

273 4995 329 5040 ut
355 4991 556 5059 speculi
580 4991 698 5048 fleri
729 4993 863 5048 solet
894 4995 1247 5066 inspectione,
1274 4995 1343 5050 ita
1393 5012 1452 5052 se
1484 4997 1710 5052 interius
1762 4998 1849 5054 di-
1953 4996 2302 5060 dunensium,
2333 4994 2504 5064 ipsius
2529 4993 2691 5048 amici
2717 4990 3037 5049 existentes,
3070 4985 3374 5040 suadebant
3392 4985 3546 5053 prin-
3565 4995 3625 5049 ,λ

271 5077 391 5132 vina
419 5084 798 5139 considerabat
826 5084 1056 5142 lectione
1077 5097 1132 5143 et
1159 5101 1226 5141 ex
1249 5088 1352 5142 hac
1377 5088 1575 5144 mentis
1623 5099 1851 5148 ornatus
1953 5093 2060 5165 cipi
2086 5105 2193 5147 non
2219 5090 2414 5145 debere
2433 5105 2531 5160 pro
2569 5090 2671 5143 hoc
2697 5083 3005 5140 molestiam
3033 5079 3240 5134 inferre
3292 5076 3554 5148 religioso

276 5177 722 5204 nnusnnnﬂl.-|.._.
750 5176 1100 5204 λλίιιοαδιξολιξα
1127 5193 1254 5204 ..οι-Α
1286 5180 1331 5204 Αξ
1365 5181 1450 5204 -..τ
1476 5182 1488 5204 Ι
1551 5181 1741 5204 ,ΙΑ--Αι,
1759 5200 1794 5204 ,γ

1958 5185 2070 5204 _.3..--
2136 5179 2283 5202 ---2---
2331 5177 2566 5202 --ε-......
2615 5175 2670 5202 ξ..
2723 5168 2847 5200 42.1Α’
2888 5183 2937 5200 ..ι
3001 5168 3209 5200 ιιωιαοῖρ
3261 5168 3556 5200 viain-IN”...

1440 5181 1488 5204 31
1551 5181 1794 5204 Δ--.υ.[,-ν
1958 5200 1991 5204 _.

1127 5193 1254 5204 ..οι-Α
1286 5193 1331 5204 Α.
1365 5195 1428 5204 -.α
