4044 5290
509 219 648 274 13ῑὸ

1641 219 2009 274 llALlNARDl
2049 216 2350 274 LUGDUN.
2393 217 2603 274 EPISC.

3627 207 3764 268 l3“

511 344 642 388 ιιι-ω
661 331 969 388 annuletur.
1002 329 1296 403 Respondit
1349 331 1472 386 ille:
1501 331 1860 389 Tantumdcm
1913 342 2000 390 est
2042 333 2088 388 si
2115 333 2171 396 Α
2193 331 2422 388 ecclesia
2450 339 2692 388 sacrata.
2727 326 2910 383 Tertio
2937 323 3224 396 praedictus
3255 339 3397 397 papa
3423 325 3618 382 habuit
3644 331 3775 383 con.‘

506 419 834 477 simulavero
853 436 916 476 ac
937 420 980 476 si
1009 421 1247 476 fecerim.
1276 421 1428 477 Absit
1449 421 1553 477 hoc
1577 437 1609 477 a
1631 423 1746 479 mel
1791 421 2091 494 Imperator

509 509 700 565 videns
729 524 854 564 cum
881 511 961 565 sic
983 509 1222 576 firmum,
1279 510 1448 566 noluit
1493 511 1726 582 amplius
1788 512 2091 583 inquietare

509 601 682 667 illum,
714 600 1056 657 solummodo
1080 602 1246 657 verbo
1287 611 1342 657 et
1387 603 1667 672 promissis
1716 603 1887 674 ipsius
1929 603 2092 660 fidem

507 694 837 757 assentiens,
867 692 1014 749 dedit
1043 693 1093 749 ei
1130 694 1272 763 quod
1309 695 1622 764 petebatur;
1650 709 1715 750 ac
1743 694 1799 749 in
1826 710 1922 751 sua
1949 710 2090 766 prae-

506 784 683 847 sentia
713 784 842 840 fecit
878 785 1026 841 illum
1055 787 1316 852 ordinari,
1341 786 1477 842 dans
1523 788 1572 842 ei
1601 803 1940 858 quaecunque
1974 788 2094 844 fue-

511 887 636 931 rnnt
688 877 1012 933 sacerdotali
1073 878 1436 933 benedictioui
1495 880 1822 936 necessaria.
1865 880 1933 936 Et
1983 896 2092 940 non

504 963 682 1024 solum
721 966 848 1034 ipsi,
879 965 964 1020 vel
990 968 1201 1023 caeteris
1243 967 1531 1039 episcopis,
1573 969 1668 1024 sed
1701 969 1864 1024 etiam
1913 969 2092 1026 levitis

507 1073 574 1110 ac
603 1057 866 1113 ministris
892 1058 1079 1116 altaris
1125 1060 1202 1115 ita
1246 1062 1590 1130 pneparabat
1635 1061 1838 1124 omnia,
1886 1061 2095 1120 scilicet

512 1147 850 1212 vestimenta,
876 1147 1064 1218 libros,
1101 1150 1441 1213 linteamina,
1475 1165 1537 1204 ac
1571 1164 1800 1220 quaeque
1844 1163 2094 1206 necessa-

510 1235 594 1294 ria
619 1253 683 1294 ac
712 1239 756 1293 si
779 1233 1052 1296 essetnon
1088 1243 1364 1313 princeps,
1395 1241 1489 1298 sed
1515 1240 1771 1298 famulus.
1796 1241 1925 1298 Erat
1946 1243 2092 1298 enim

505 1326 654 1384 idem
692 1327 976 1401 religiosus
1025 1341 1122 1386 rex
1171 1331 1324 1387 valde
1373 1331 1801 1400 ecclesiasticus,
1849 1341 1906 1388 et
1947 1333 2093 1390 circa

507 1417 752 1479 divinum
783 1421 990 1477 cultum
1019 1424 1421 1481 devotissimus.

583 1510 635 1565 7.
662 1510 955 1569 Ordinatus
983 1525 1066 1569 est
1095 1525 1278 1570 autem
1301 1516 1644 1572 venerandus
1664 1525 1821 1587 pater
1842 1517 2093 1574 Halinar-

510 1602 614 1660 dus
642 1620 742 1675 per
771 1621 965 1661 manus
992 1607 1174 1662 domui
1201 1609 1442 1680 llugouis
1462 1611 1860 1681 archiepisc0pi
1917 1610 2093 1682 Chry-

510 1697 820 1766 sopolitaui,
851 1698 904 1752 in
935 1698 1078 1766 loco,
1100 1701 1191 1771 qui
1214 1710 1442 1756 vocatur
1483 1701 1860 1768 Herbrestiuc,
1911 1702 2093 1772 lingua
2123 1692 2170 1754 B

513 1783 836 1852 Teutonica,
867 1790 1006 1859 quod
1037 1790 1091 1844 in
1122 1799 1308 1846 nostra
1341 1791 1504 1846 bona:
1533 1793 1833 1847 ntausiones
1891 1794 2094 1864 signat,

511 1895 656 1935 anno
679 1881 746 1935 ab
777 1882 1152 1939 incarnatione
1180 1885 1390 1940 Domini
1443 1886 1738 1942 millesimo
1794 1888 2098 1959 quadrage-

503 1973 651 2034 simo
679 1983 851 2031 sexto.
887 1975 1090 2033 Eodem
1117 1992 1260 2034 anno
1283 1981 1528 2050 perrexit
1561 1992 1898 2036 memoratus
1948 1981 2098 2052 priu-

509 2080 640 2136 ccps
666 2065 915 2131 Romam,
940 2069 1120 2137 ibique
1149 2080 1276 2126 tunc
1307 2073 1827 2142 suscepitcoronam
1862 2073 2095 2143 imperii,

511 2157 601 2210 die
629 2155 834 2211 Natalis
856 2159 1065 2213 Domini
1096 2176 1191 2230 per
1214 2177 1404 2216 manus
1432 2163 1728 2218 Clementis
1751 2179 1920 2234 papae,
1937 2177 2097 2232 quem

512 2242 631 2313 ipse
652 2245 946 2313 imperator
973 2249 1216 2304 ordinari
1243 2249 1425 2320 jussit,
1475 2260 1527 2306 et
1555 2251 1684 2308 fecit
1717 2253 1909 2322 deponi
1939 2252 2100 2308 Joan-

514 2351 660 2399 nem,
698 2336 789 2408 qui
824 2348 950 2394 tunc
980 2338 1253 2395 cathedra:
1282 2343 1628 2411 praesidebat,
1653 2353 1707 2398 et
1737 2343 2091 2400 Benedictum

515 2437 681 2496 atque
719 2426 1069 2496 Silvestrnm,
1101 2431 1195 2502 qui
1226 2433 1278 2487 in
1303 2434 1533 2489 concilio
1565 2442 1695 2491 tunc
1717 2434 1926 2499 habito,
1971 2451 2102 2491 exa-

499 2523 721 2600 aninata
754 2539 942 2579 eorum
974 2526 1154 2597 culpa,
1185 2528 1389 2584 inventi
1421 2539 1545 2584 sunt
1574 2547 1679 2586 non
1705 2533 1877 2586 solum
1929 2532 2102 2587 Simo-

523 2613 687 2680 niaci,
716 2616 811 2670 sed
836 2617 1002 2671 etiam
1027 2633 1350 2689 pervasores
1376 2621 1632 2676 Ecclesia:
1683 2622 1904 2677 Christi.
1966 2622 2101 2677 Huic

517 2709 750 2778 concilio
775 2708 1020 2766 interfuit
1061 2711 1174 2781 ipse
1204 2712 1435 2770 domnus
1464 2713 1901 2784 Lugdunensium
1926 2713 2102 2769 archi-

518 2801 713 2868 praasul
743 2813 906 2872 atque
941 2817 1273 2861 memoratus
1305 2804 1457 2876 Hugo
1487 2806 1946 2877 archiepiscopus,
1981 2806 2094 2861 alii-

519 2910 626 2962 que
652 2894 830 2963 plures
851 2910 918 2950 ex
946 2896 1178 2952 diversis
1223 2898 1464 2965 partibus
1513 2899 1798 2954 coaduuati
1841 2901 2101 2969 episcopi.

521 2981 722 3038 Fuerat
749 2985 797 3038 ei
825 2986 1161 3042 consuetudo
1201 2988 1429 3042 Romam
1467 2989 1731 3044 orationis
1772 2991 1943 3059 gratia
1989 2990 2099 3044 fre-

520 3082 752 3145 quenter
775 3091 1017 3145 pergere,
1047 3087 1104 3132 ιιι
1127 3087 1435 3134 sanctorum
1463 3081 1824 3148 apostolorum
1869 3098 1931 3136 ac
1957 3098 2098 3136 mar-

521 3174 725 3236 tyrum,
757 3166 850 3235 qui
875 3169 1060 3223 urbem
1090 3169 1234 3224 illam
1264 3179 1569 3241 protegunt,
1597 3173 1894 3240 patrocinia
1918 3173 2106 3242 implo-

523 3264 690 3310 raret.
719 3257 850 3312 Erat
883 3274 1118 3328 namque
1137 3257 1255 3327 ejus
1279 3261 1552 3327 voluntas,
1581 3272 1642 3316 ut
1683 3262 1727 3317 si
1757 3262 1870 3319 fieri
1903 3275 2101 3333 posset,

523 3349 723 3406 ibidem
748 3350 858 3407 Deo
881 3353 1119 3408 animam
1165 3354 1435 3410 redderet.
1483 3355 1820 3426 Quapropter
1874 3373 1980 3412 nou
2023 3367 2106 3414 est

521 3440 807 3498 fraudatus
837 3458 866 3496 a
898 3443 1171 3500 desiderio
1204 3459 1322 3512 suo,
1350 3445 1444 3500 sed
1470 3455 1529 3499 nt
1547 3445 1737 3510 voluit,
1762 3447 1833 3500 ita
1851 3446 2106 3503 Dominus

523 3533 576 3586 ei
621 3535 914 3590 concessit.
962 3535 1222 3591 Defuncto
1269 3548 1567 3592 memorato
1617 3552 1750 3608 papa
1791 3538 2102 3604 Clemente,

524 3625 752 3684 Romani
783 3629 1198 3697 petierunteum
1230 3630 1297 3684 ab
1338 3629 1686 3700 imperatore.
1734 3629 1846 3685 Hoc
1875 3646 2106 3701 namque

525 3733 557 3771 a
586 3715 847 3773 Romanis
872 3719 1186 3789 imperator,
1207 3724 1332 3776 data
1363 3725 1588 3791 pecunia
1642 3738 1748 3776 non
1781 3737 1945 3791 parva
1973 3738 2105 3778 exe-

525 3817 703 3876 gerat,
735 3817 794 3863 ut
823 3809 939 3865 sine
981 3808 1097 3878 ejus
1152 3813 1419 3881 permissu
1467 3827 1601 3882 papa
1639 3828 1743 3868 non
1796 3812 2102 3884 eligeretur.

528 3897 620 3953 Ille
642 3900 856 3971 cognita
904 3902 1176 3959 voluntate
1204 3904 1463 3976 principis
1490 3921 1556 3959 ac
1583 3904 1782 3976 populi,
1805 3905 2109 3961 dissimula-

525 3989 606 4044 vit
627 3991 707 4046 ire
733 3992 799 4047 ad
824 3993 1052 4059 curiam,
1079 3995 1250 4050 donec
1275 3997 1518 4051 tardante
1543 4013 1608 4053 eo
1633 3997 1770 4051 alter
1795 3996 2105 4068 eligeretur.

531 4079 1006 4149 Diligebauteuim
1029 4100 1152 4139 eum
1191 4085 1344 4141 valde
1382 4087 1606 4141 Romani
1658 4097 1879 4158 propter
1924 4087 2110 4142 facun-

533 4173 681 4229 diam
720 4175 832 4230 oris
877 4175 958 4230 sui
987 4185 1042 4231 et
1086 4175 1455 4232 at‘fabilitatem
1496 4179 1791 4244 sermonis;
1835 4179 1906 4234 ita
1965 4179 2106 4234 enim

529 4262 839 4332 proferebat
867 4266 1212 4320 vernaculum
1245 4281 1435 4321 sonum
1488 4266 1713 4336 loquelae
1771 4266 2111 4334 uniuscujus-

531 4370 638 4425 que
662 4357 858 4423 gentis,
888 4373 1167 4428 quousque
1196 4358 1387 4413 Latina
1415 4366 1662 4428 penetrat
1704 4358 1907 4431 lingua,
1968 4373 2032 4415 ac
2061 4359 2108 4412 si
2134 4381 2188 4442 Β

529 4447 719 4502 eadem
748 4448 918 4516 patria
949 4459 1093 4506 esset
1115 4449 1449 4520 progenitus.

607 4541 660 4595 8.
689 4538 895 4594 Domno
924 4540 1090 4609 igitur
1116 4541 1412 4595 Leucorum
1441 4541 1696 4611 episcopo
1723 4540 1996 4605 Brunoue,
2018 4541 2110 4610 qui

535 4628 835 4698 appellatus
858 4637 941 4683 est
971 4627 1081 4683 Lco
1109 4643 1269 4699 papa,
1298 4630 1547 4684 ordinato
1578 4629 1652 4701 (2)
1681 4670 1698 4696 ,
1741 4639 1998 4685 evocatus
2029 4638 2114 4684 est

540 4721 606 4776 ab
636 4720 750 4790 ipso
796 4719 978 4774 Romae
1005 4719 1072 4774 ad
1099 4718 1385 4774 concilium
1415 4717 1646 4775 domnus
1673 4717 2114 4788 archiepiscopus

540 4811 893 4873 llalinardns,
943 4809 1211 4880 simulque
1253 4823 1444 4866 omnes
1487 4808 1723 4878 episcopi
1772 4807 1994 4874 Galliae,
2045 4807 2113 4866 ad

541 4903 982 4971 pertractandum
1023 4901 1154 4957 inibi
1197 4901 1264 4956 de
1291 4907 1436 4955 statu
1465 4908 1520 4954 et
1547 4898 1884 4954 correctione
1912 4909 2114 4956 sanctae

538 4990 813 5047 Ecclesia.
865 4991 921 5046 ln
967 4993 1084 5062 ipso
1120 5006 1264 5046 anno
1295 4990 1410 5061 ipse
1453 4989 1684 5045 domnus
1712 5005 1848 5060 papa
1876 4991 2117 5060 perrexit

538 5080 848 5145 Franciam,
878 5091 933 5138 et
963 5083 1148 5138 Remis
1178 5081 1367 5137 habuit
1402 5079 1688 5136 concilium
1716 5081 2115 5150 episcoporum,

540 5172 724 5243 ibique
752 5173 851 5228 fuit
879 5190 1002 5229 cum
1031 5189 1098 5230 eo
1125 5173 1416 5243 praedictus
1443 5180 1598 5242 pater
1625 5181 1838 5237 noster;
1883 5180 2118 5240 tuncque

2128 3042 2175 3105 C

2191 423 2372 478 cilium
2404 423 2457 477 in
2489 423 2620 477 urbe
2659 421 2852 484 Roma,
2900 432 3008 488 quo
3043 415 3213 484 adfuit
3255 413 3513 488 praefatus
3557 420 3772 487 praesul,

2191 516 2424 585 indeque
2452 516 2647 570 iterum
2678 514 2730 568 in
2761 510 2988 567 Galliam
3023 511 3334 582 properanti
3366 525 3554 566 comes
3579 507 3774 566 indivi-

2191 609 2330 664 duus
2355 608 2583 663 exstitit.
2637 604 2871 662 Veniens
2904 619 3035 661 vero
3068 603 3137 658 ad
3165 603 3444 658 civitatem
3476 603 3770 673 Lingonas.

2191 699 2462 753 ordinavit
2489 697 2560 753 ibi
2598 697 2650 751 iu
2688 694 2972 766 praesentia
3004 708 3154 764 papae
3181 694 3433 749 domuum
3465 693 3773 749 Arduinum

2189 789 2524 862 episcopum,
2554 803 2652 859 pro
2682 786 2774 842 illo
2801 785 2890 856 qui
2921 784 3098 840 fuerat
3121 785 3346 856 ejectus.
3393 785 3656 851 Rursum,
3687 801 3776 840 se-

2188 880 2377 951 quenti
2405 895 2569 942 anno,
2595 878 2822 934 Romam
2844 891 3098 948 pergens,
3124 889 3245 931 cum
3275 877 3390 947 ipso
3409 876 3613 932 domno
3639 892 3775 945 apo-

2191 971 2380 1028 διοῑίεο
2408 969 2714 1041 properavit
2744 968 3110 1024 Beneventum
3156 977 3213 1023 et
3241 968 3499 1037 Capuam,
3530 977 3774 1023 montem

2191 1063 2514 1130 Cassiuum,
2552 1071 2715 1132 atque
2756 1071 2992 1118 montem
3037 1060 3340 1132 Garganum
3389 1059 3457 1114 ad
3508 1058 3774 1114 Sanctum

2192 1156 2508 1213 Michaelem
2558 1154 2965 1227 archangelum.
3009 1152 3132 1208 Ideo
3197 1166 3431 1221 namque
3479 1150 3779 1220 praedictus

2193 1262 2330 1320 papa
2375 1248 2612 1318 perrexit
2657 1247 2774 1303 illas
2817 1246 2874 1301 in
2919 1253 3102 1316 partes
3145 1253 3204 1298 ut
3253 1242 3587 1297 habitatores
3613 1249 3780 1295 terra

2193 1340 2338 1396 illius
2361 1381 2378 1406 ,
2423 1341 2468 1395 si
2514 1350 2717 1410 posset,
2747 1338 2928 1408 aliquo
2973 1337 3131 1392 modo
3158 1335 3420 1391 relevaret
3446 1333 3515 1389 ab
3541 1333 3778 1404 oppres-

2193 1433 2366 1497 sione,
2401 1447 2506 1503 qua
2537 1432 2793 1487 nimirum
2824 1427 3216 1500 erantgravati
3247 1441 3275 1479 a
3301 1425 3678 1480 Nortmannis.
3709 1425 3781 1480 At

2194 1525 2321 1596 quia
2345 1525 2575 1580 domnus
2622 1522 2818 1595 praesul
2861 1519 3186 1576 Halinardus
3233 1526 3536 1588 praepotens
3565 1525 3692 1570 erat
3724 1517 3779 1570 in

2194 1617 2396 1684 verbis,
2419 1625 2472 1672 et
2494 1615 2560 1671 ad
2585 1613 2918 1671 suadendum
2941 1611 3216 1682 quodlibet
3242 1609 3423 1679 lingua
3451 1606 3779 1663 suﬂiciebat.

2197 1693 2418 1780 propter
2443 1708 2564 1771 hoc,
2595 1715 2655 1762 ut
2683 1707 2947 1762 mediator
2973 1712 3029 1758 et
3056 1702 3263 1772 legatus
3294 1700 3443 1772 pacis
3466 1700 3609 1754 inter
3635 1714 3779 1767 prae-

2197 1801 2371 1856 dictos
2401 1798 2764 1854 Nortmanuos
2792 1804 2844 1851 et
2886 1796 3060 1864 ipsum
3105 1801 3266 1856 esset,
3297 1791 3524 1846 domnus
3553 1799 3781 1858 aposto-

2199 1889 2334 1944 licus
2361 1902 2542 1943 secum
2573 1887 2730 1940 duxit
2755 1899 2898 1939 eum.
2933 1882 3060 1938 lude
3091 1895 3388 1951 regressus,
3420 1878 3683 1949 quoniam
3713 1877 3782 1934 ad

2197 1981 2522 2052 colloquium
2569 1977 2945 2048 imperatoris,
2980 1975 3072 2044 qni
3107 1983 3214 2028 tum
3251 1973 3387 2027 forte
3415 1979 3533 2027 erat
3571 1971 3623 2024 in
3657 1969 3784 2024 ﬁni-

2196 2071 2297 2128 bus
2318 2069 2622 2138 Hungarim,
2647 2066 2992 2137 properabat,
3009 2063 3170 2134 jussit
3190 2078 3311 2116 eum
3333 2061 3621 2130 pnedictus
3639 2075 3780 2129 papa

2198 2163 2384 2217 Romae
2419 2159 2678 2221 residere,
2711 2159 2881 2213 donec
2905 2157 3020 2227 ipse
3043 2155 3265 2209 rediret.
3300 2153 3432 2207 Erat
3457 2152 3512 2208 in
3542 2150 3663 2222 ejus
3692 2165 3785 2206 co-

2200 2254 2391 2308 mitatu
2421 2252 2595 2307 dictus
2637 2247 2986 2318 Liugonensis
3006 2245 3287 2314 episcopus
3314 2240 3488 2310 llugo.
3531 2241 3580 2295 Is
3606 2240 3784 2309 parui.-

2199 2350 2318 2397 tens
2362 2354 2548 2395 eorum
2595 2353 2715 2407 quae
2764 2335 2905 2390 haud
2937 2339 3110 2388 secus
3157 2330 3278 2403 [al.,
3316 2328 3515 2401 caecus]
3569 2337 3779 2398 egerat.

2199 2435 2458 2488 domuum
2506 2429 2732 2500 expetiit
2774 2442 2988 2497 papam,
3034 2433 3094 2480 ut
3124 2425 3192 2480 de
3224 2423 3532 2480 commissis
3562 2423 3782 2477 modum

2200 2523 2533 2597 poenitentiae
2573 2531 2630 2576 et
2667 2519 3055 2580 absolutionem
3087 2517 3405 2572 delictorum
3441 2515 3778 2586 imploraret.

2199 2617 2319 2690 Ipse
2347 2633 2477 2674 vero
2505 2612 2833 2686 apostolicus
2853 2653 2869 2678 ,
2913 2611 3073 2666 sicuti
3113 2620 3236 2664 erat
3269 2608 3584 2662 misericors
3610 2615 3665 2659 et
3690 2605 3783 2658 ber-

2201 2711 2398 2781 niguus
2418 2708 2618 2770 animo,
2646 2713 2703 2760 ut
2729 2704 2865 2759 vidit
2889 2719 3010 2758 eum
3037 2716 3162 2756 vere
3193 2699 3544 2770 pmuiteulem
3572 2707 3624 2752 et
3644 2693 3785 2750 ami-

2201 2809 2370 2862 ctum,
2400 2796 2694 2854 condolens
2723 2795 2771 2850 ei
2805 2794 2986 2850 statim
3027 2789 3270 2853 indulsit,
3301 2789 3488 2843 dicens
3536 2785 3782 2841 sufﬁcere

2203 2891 2269 2946 ad
2312 2887 2687 2961 paenitentiam
2731 2898 2964 2953 eaane
2998 2871 3188 2950 passus
3235 2879 3445 2944 fuerat;
3489 2877 3782 2932 abeuntem

2203 2995 2437 3052 quoque,
2469 2985 2592 3048 post
2635 2975 3023 3031 absolutionem
3073 2971 3390 3026 delictorum
3418 3009 3433 3035 ,
3481 2968 3784 3022 muneravit

2207 3071 2558 3141 amplissime,
2591 3067 2729 3123 dans
2777 3068 2998 3127 insuper
3032 3063 3304 3118 licentiam
3337 3060 3635 3131 recipiendi
3674 3059 3783 3127 epi-

2207 3171 2480 3232 scopatns.

2273 3257 2327 3312 9.
2373 3253 2656 3310 Venientes
2700 3264 2831 3320 ergo
2869 3247 3095 3302 Romam
3123 3284 3136 3307 ,
3185 3243 3412 3298 domnus
3458 3239 3781 3294 Halinardus

2204 3343 2565 3400 valefacturus
2596 3340 2695 3409 ipsi
2724 3350 2779 3395 et
2804 3336 3015 3393 caneris
3043 3333 3227 3396 sociis,
3255 3329 3527 3387 discubuit
3550 3345 3677 3385 cum
3704 3329 3780 3383 eis

2203 3439 2270 3494 ad
2299 3450 2559 3500 mensam,
2584 3433 2673 3488 ubi
2703 3432 2918 3488 oblatus
2947 3439 3032 3485 est
3055 3430 3104 3485 ei
3128 3429 3294 3499 piscis
3322 3442 3352 3480 a
3381 3424 3620 3496 quodam
3653 3426 3783 3479 falso

2205 3529 2403 3594 aulico,
2432 3541 2641 3582 veneno
2665 3524 2914 3580 infectus.
2945 3521 3023 3577 Ex
3051 3535 3158 3590 quo
3184 3532 3374 3574 omnes
3401 3517 3494 3586 qui
3520 3530 3776 3587 percepe-

2205 3631 2374 3683 runt,
2423 3627 2532 3672 tam
2583 3618 2696 3686 ipse
2745 3630 2905 3684 quam
2951 3611 3137 3669 creteri
3163 3651 3178 3675 ,
3212 3609 3307 3664 vel
3348 3608 3486 3663 infra
3517 3615 3644 3663 octo
3672 3607 3782 3661 dies

2207 3710 2404 3768 mortui
2451 3717 2578 3764 sunt
2605 3747 2620 3770 ,
2669 3706 2754 3762 vel
2801 3712 2923 3775 post
2967 3703 3181 3772 longam
3223 3698 3600 3769 aegritudinem
3650 3710 3780 3751 con-

2207 3800 2404 3870 sutnpti
2424 3799 2693 3854 obierunt.
2724 3795 2840 3849 Duo
2867 3792 3116 3848 monachi
3145 3806 3212 3846 ex
3242 3789 3344 3843 hoc
3375 3787 3511 3848 loco,
3541 3786 3633 3855 qui
3664 3799 3783 3839 cum

2205 3908 2272 3950 eo
2301 3899 2475 3955 erant,
2511 3890 2614 3945 hoc
2642 3888 2766 3944 cibo
2795 3884 3064 3940 interfecti
3101 3888 3246 3937 sunt.
3282 3878 3431 3936 Obiit
3455 3884 3655 3946 quarto
3682 3873 3784 3927 lia-

2208 3981 2671 4051 lendasAugusti,
2699 3993 2842 4036 anno
2873 3979 2942 4034 ab
2975 3973 3347 4036 incarnatione
3374 3969 3585 4028 Domini
3615 3965 3784 4021 mille-

2209 4076 2348 4130 simo
2375 4070 2822 4142 quinquagesimo
2866 4064 3122 4129 secundo,
3154 4060 3390 4132 peractis
3422 4059 3478 4112 in
3505 4053 3783 4126 pontificio

2209 4163 2364 4217 anuis
2389 4169 2595 4231 septem
2621 4199 2636 4224 ,
2683 4159 2737 4212 in
2768 4156 3030 4228 regimine
3059 4152 3219 4222 hujus
3247 4151 3348 4206 loci
3379 4147 3540 4203 annis
3568 4143 3780 4215 viginti.

2213 4250 2472 4318 Percepit
2493 4265 2552 4305 se
2578 4249 2701 4320 poni
2746 4248 2814 4302 ad
2842 4252 3088 4300 sanctum
3117 4239 3434 4310 Gregorium
3469 4235 3538 4290 ad
3577 4233 3784 4290 Clivum

2215 4341 2424 4398 Scauri.
2458 4340 2610 4394 Illum
2639 4338 2784 4393 enim
2813 4337 2988 4408 locum
3013 4333 3244 4388 domnus
3276 4343 3414 4398 papa
3443 4331 3787 4382 concesserat

2213 4433 2262 4487 ei
2293 4432 2359 4486 ad
2403 4428 2751 4485 manendum.
2800 4424 2908 4480 Sed
2933 4409 3139 4479 nobiles
3169 4417 3420 4481 Romani,
3448 4415 3541 4485 qui
3568 4415 3637 4467 ad
3665 4411 3786 4465 visi-

2215 4524 2436 4576 tandum
2475 4534 2599 4576 enm
2641 4523 2935 4580 venerant,
2977 4513 3106 4568 dum
3147 4510 3371 4568 viveret.
3416 4505 3484 4559 ad
3527 4503 3782 4558 Sanctum

2214 4609 2435 4668 Paulum
2472 4607 2752 4677 jusserunt
2795 4602 2994 4661 deferri
3023 4614 3240 4670 corpus,
3279 4596 3460 4665 ibique
3489 4590 3786 4647 honorifice

2217 4701 2448 4758 traditus
2466 4708 2550 4756 est
2576 4698 2885 4768 sepulturae,
2912 4692 2981 4748 ad
3003 4691 3191 4746 laevam
3215 4695 3424 4759 partem
3449 4681 3718 4744 ecclesia,
3736 4687 3787 4730 et

2216 4808 2378 4850 arcus
2407 4807 2570 4865 super
2595 4789 2859 4845 tumulum
2889 4785 3006 4856 ejus
3032 4781 3328 4838 aediﬁcatus
3359 4777 3460 4848 (5).
3503 4774 3680 4830 Omne
3707 4787 3788 4826 or-

2217 4894 2528 4943 namentum
2554 4923 2569 4949 ,
2618 4896 2726 4950 quo
2755 4879 3006 4935 utebatur
3042 4874 3110 4930 ad
3155 4885 3368 4930 sacrum
3405 4865 3785 4927 ministerium,

2221 4976 2520 5048 transmisit
2547 4981 2736 5030 sancto
2761 4969 3055 5042 protectori
3085 4982 3184 5023 suo
3207 4964 3480 5034 Benigno,
3521 4974 3645 5016 cum
3688 4972 3787 5011 non

2221 5086 2382 5144 parva
2407 5070 2526 5124 auri
2556 5066 2856 5138 quantitate
2901 5072 2957 5118 et
3002 5061 3146 5116 vasis
3181 5056 3456 5128 argenteis
3481 5067 3602 5123 qua:
3640 5054 3790 5144 erant

2218 5141 2272 5221 iu
2295 5162 2412 5232 ejus
2429 5159 2623 5229 ofﬁcio.
2648 5158 2811 5212 Auxit
2831 5165 3082 5212 ornatum
3115 5151 3275 5220 hujus
3295 5145 3540 5202 ecclesia:
3565 5141 3790 5196 maxima

3161 5252 3344 5260 --..---.-
3382 5242 3607 5260 ακυυισνιῆρ
3638 5242 3788 5260 ιιι-κῆ-
