4044 5290
239 167 370 224 ιω

1762 159 1938 214 ὶἸΤΑ.

3356 169 3494 228 1346

231 277 412 348 jussit,
434 272 675 330 oﬂlcinas
706 271 866 341 hujus
894 271 1208 328 monasterii
1244 271 1542 335 renovavit,
1565 280 1621 326 et
1642 283 1812 340 quan.
1842 272 1891 334 Α
1917 280 2138 341 puteum
2159 274 2378 332 domum
2401 284 2457 333 et
2486 276 2668 338 sedem
2700 279 2858 340 unius
2886 279 3158 348 ωηιξη-ξε,
3188 293 3496 357 quaesuper

239 382 399 438 quam
434 365 686 420 omnibus
713 363 959 418 eruditus
985 371 1128 418 esset
1153 359 1379 428 artibus,
1408 371 1584 416 tamen
1611 360 1663 414 in
1693 374 1816 429 geo-

237 457 428 512 metria
457 464 512 509 et
538 453 760 526 physica
789 453 1081 524 plurimum
1108 453 1381 508 studebat.
1429 450 1558 517 Quae
1599 466 1732 504 vero
1764 451 1816 506 in

237 552 338 606 hoc
368 549 488 603 loco
509 556 854 617 augmentata
885 555 1008 602 sunt
1040 547 1092 600 in
1126 545 1285 600 terris
1305 553 1358 600 ct
1385 543 1817 615 possessionibus

235 643 288 698 in
316 640 505 694 diebus
529 638 669 708 ejus,
700 652 808 692 non
829 647 912 692 est
939 637 1226 692 silendum.

304 729 390 785 10.
445 728 596 797 llugo
636 724 1098 797 Chrysopolitante
1156 726 1300 781 sedis
1348 725 1816 793 archiepiscopus,

235 822 402 893 ipsius
431 818 587 873 valde
610 817 890 872 familiaris
911 818 1137 881 amicus,
1169 816 1315 870 dedit
1339 815 1626 871 ecclesiam
1657 815 1817 869 sitam

233 911 286 964 in
319 911 490 979 hurgo
526 905 730 963 Salinis
754 907 918 972 dicto,
949 921 1113 976 quam
1141 905 1222 958 sui
1254 905 1527 974 genitores
1553 920 1583 958 a
1625 904 1818 958 funda-

233 1000 431 1055 mentis
473 1006 888 1062 exstruxerant;
942 1007 997 1052 et
1025 1007 1108 1052 est
1137 1005 1345 1052 sacrata
1377 996 1428 1049 in
1461 995 1667 1050 honore
1692 1011 1819 1050 san-

233 1098 445 1143 ctorum
473 1086 856 1160 Symphoriani
883 1095 936 1141 et
957 1086 1182 1156 Agatha:
1208 1094 1537 1154 martyrum;
1569 1096 1818 1138 sanctus.

230 1195 336 1250 que
381 1179 667 1234 Anatolius
711 1177 991 1233 confessor
1030 1177 1161 1230 inibi
1212 1177 1458 1245 quiescit.
1509 1175 1674 1246 Cujus
1714 1175 1817 1230 loci

232 1274 581 1330 d0nationem
624 1269 803 1340 posuit
831 1283 994 1337 super
1019 1268 1189 1322 altare
1234 1267 1408 1322 sancti
1451 1265 1699 1335 Benigni,
1730 1265 1818 1319 die

230 1364 432 1420 Natalis
460 1363 630 1433 ipsius
661 1361 915 1432 martyris
946 1360 1142 1415 ibidem
1196 1360 1390 1414 missas
1425 1359 1817 1420 celebraturus,

229 1462 390 1524 atque
431 1467 616 1509 coram
655 1451 800 1506 omni
830 1449 1026 1521 populo
1060 1449 1150 1519 qui
1187 1456 1534 1511 convenerat,
1564 1447 1821 1514 obligavit

229 1542 812 1600 excotnmunieationis
843 1540 1058 1596 vinculo
1083 1579 1099 1604 ,
1145 1538 1238 1609 qui
1288 1538 1437 1592 illum
1469 1538 1645 1592 locum
1692 1537 1819 1592 sub.

229 1637 473 1693 traheret
505 1650 531 1686 a
571 1633 809 1688 dominio
849 1631 1063 1686 abbatis
1107 1639 1162 1686 et
1204 1631 1588 1684 monachorum
1638 1629 1812 1684 Divio-

228 1726 500 1782 nensium.
527 1723 652 1778 Haec
673 1723 893 1777 donatio
917 1721 1057 1775 facta
1085 1729 1168 1776 est
1190 1735 1334 1774 anno
1356 1719 1424 1773 ab
1447 1720 1816 1774 incarnatione

224 1815 440 1870 Domini
510 1813 796 1869 millesimo
867 1812 1147 1882 trigesimo
1194 1811 1468 1879 septimo,
1521 1811 1815 1866 indictione

233 1907 441 1976 quinta,
483 1906 829 1974 episcopatum
873 1906 956 1959 sui
989 1920 1131 1958 anno
1161 1913 1332 1958 sexto.
1387 1903 1668 1958 Concessit
1719 1918 1816 1972 per

228 1995 536 2065 episcopale
564 1996 899 2066 privilegium
938 1996 1162 2050 alteram
1201 1993 1510 2060 ecclesiam,
1545 1994 1597 2048 in
1624 1997 1812 2049 eodem

229 2085 398 2156 burgo
425 2085 613 2149 sitam,
643 2094 844 2140 sanctae
888 2084 1071 2139 Mariae
1115 2084 1304 2140 honori
1351 2084 1604 2148 dicatam,
1652 2098 1813 2152 quam

227 2176 517 2230 ecclesiam
561 2174 853 2231 Rainaldus
897 2190 1079 2230 comes
1133 2174 1281 2230 dedit
1313 2184 1504 2229 sancto
1554 2174 1814 2244 Benigno,

227 2280 326 2333 pro
373 2265 560 2334 requie
605 2267 799 2321 anima:
850 2265 1022 2335 patris
1069 2266 1152 2320 sui
1181 2264 1412 2328 Ottonis,
1455 2267 1631 2319 vocati
1679 2263 1815 2318 Wil-

228 2356 372 2412 lelmi
416 2357 493 2428 (li)
519 2397 534 2420 ,
585 2372 790 2427 proque
834 2356 951 2428 ejus
991 2355 1278 2426 largitione
1323 2357 1534 2425 accepit
1560 2370 1590 2408 a
1616 2355 1816 2410 domno

159 2453 164 2457 '
230 2445 526 2501 llalinardo
552 2447 831 2516 pecuniam
860 2462 966 2502 non
999 2462 1246 2517 parvam,
1267 2447 1396 2502 dum
1423 2446 1598 2501 adhuc
1619 2446 1816 2515 prioris

229 2547 444 2608 gereret
475 2537 729 2593 ollicium.

301 2635 390 2687 ll.
431 2634 584 2688 Dedit
615 2633 902 2704 praedictus
936 2648 1118 2690 comes
1152 2631 1446 2688 llainaldus
1480 2633 1535 2687 in
1564 2632 1815 2702 supradi-

219 2733 318 2779 -cto
343 2725 515 2794 burgo
541 2725 714 2780 locum
741 2725 807 2778 ad
834 2724 1120 2779 ecclesiam
1151 2727 1592 2787 construendam,
1620 2725 1673 2778 in
1705 2738 1816 2792 quo

226 2825 506 2870 exstructa
561 2815 661 2870 fuit
711 2815 917 2885 capella
971 2816 1025 2870 in
1074 2815 1331 2870 honorem
1377 2815 1549 2870 sancti
1593 2815 1818 2882 Andreae

228 2903 500 2973 apostoli;
546 2919 667 2973 qua:
689 2945 703 2967 ,
737 2919 803 2958 ex
840 2905 1064 2959 materia
1101 2904 1369 2974 lignorum
1402 2904 1577 2970 facta,
1613 2918 1711 2973 per
1740 2904 1818 2958 in-

226 2997 438 3050 curiam
468 2996 534 3051 ad
559 2996 786 3050 nihilum
813 3005 996 3066 postea
1023 2994 1122 3051 fuit
1148 2996 1389 3052 redacta.
1422 2997 1577 3051 Dedit
1601 2997 1653 3051 in
1679 2996 1818 3050 Evo-

228 3085 380 3154 regio
407 3093 627 3149 terram,
651 3100 769 3154 quae
791 3085 892 3140 fuit
916 3082 1310 3151 Theudeberti;
1338 3101 1458 3156 qua:
1477 3100 1508 3139 a
1540 3085 1818 3140 monachis

230 3176 544 3245 aliquandiu
570 3189 814 3244 possessa
845 3183 961 3240 est,
1009 3177 1103 3231 sed
1133 3185 1352 3247 propter
1381 3177 1816 3244 contrarietates,

229 3281 368 3335 quas
397 3264 555 3321 Odilo
595 3266 813 3334 quidem
859 3264 1090 3320 faciebat
1135 3266 1237 3333 eis,
1269 3267 1576 3322 intermissa
1616 3268 1683 3322 ab
1710 3266 1815 3331 his,

230 3370 406 3425 usque
427 3354 554 3409 dum
577 3356 974 3426 possidentibus
1001 3358 1130 3426 ipsis
1151 3358 1326 3412 locum
1358 3358 1532 3412 sancti
1558 3357 1814 3424 Anatolii,

230 3445 427 3499 iterum
445 3445 556 3515 jam
579 3445 754 3500 dictus
780 3458 962 3500 comes
990 3446 1223 3500 restituit
1247 3445 1577 3501 illis.Actum
1606 3456 1690 3502 est
1715 3447 1816 3502 hoc

231 3535 300 3587 ab
342 3535 714 3590 incarnatione
753 3535 962 3590 Domini
1008 3534 1292 3590 millesimo
1332 3537 1591 3606 vigesimo
1635 3545 1812 3604 sexto,

231 3632 355 3694 post
387 3633 616 3680 mortem
651 3625 908 3680 Willelmi
934 3626 1150 3681 comitis
1180 3626 1271 3696 qui
1303 3626 1420 3695 ipso
1465 3641 1610 3682 anno
1657 3627 1810 3681 obiit.

232 3712 308 3766 De
332 3713 730 3768 habitatoribus
758 3728 886 3770 vero
911 3714 1082 3783 ipsius
1108 3715 1311 3786 oppidi,
1342 3715 1601 3786 aliquanti
1626 3715 1813 3771 clerici

231 3800 312 3853 vel
343 3800 467 3855 laici
492 3801 771 3857 venientes
800 3803 866 3856 ad
906 3803 1314 3859 conversionem
1352 3804 1723 3860 monachicam
1755 3807 1807 3859 in

231 3891 336 3947 hoc
383 3896 717 3948 monasterio
743 3934 764 3958 ,
805 3895 1068 3952 dederunt
1115 3896 1406 3952 facultates
1451 3914 1578 3954 snas
1620 3908 1811 3955 sancto

231 3985 525 4052 protectori
551 3995 736 4041 nostro
755 3986 1334 4066 Benigno,jAliquanti,
1359 3989 1648 4047 offerentes
1672 3991 1812 4049 illos

231 4088 382 4143 suos,
409 4077 658 4133 similiter
687 4079 1026 4136 contulerunt
1063 4081 1129 4135 de
1159 4081 1320 4136 rebus
1337 4082 1477 4148 suis;
1514 4082 1656 4139 inter
1679 4099 1814 4154 quos

232 4173 388 4232 pater
402 4181 647 4224 meusme
659 4167 911 4235 offerens,
922 4171 1159 4242 exceptis
1170 4170 1289 4225 aliis
1302 4172 1482 4238 rebus,
1500 4173 1815 4230 deditsecus

304 4277 381 4347 (6)
416 4277 576 4334 Plura
609 4281 676 4335 de
709 4281 811 4336 hoc
855 4281 1052 4338 Ottone
1097 4283 1367 4339 habentur
1409 4285 1465 4340 in
1498 4284 1619 4341 Vita
1665 4287 1809 4342 beati

231 4343 499 4425 Guillelmi
531 4351 864 4406 Diviouensis
889 4392 904 4415 ,
947 4368 1066 4422 quae
1109 4356 1234 4409 data
1258 4364 1344 4410 est
1372 4356 1424 4409 in
1452 4355 1620 4425 priori
1653 4356 1810 4425 hujus

235 4417 414 4470 δωρηιί
444 4435 506 4486 pa
516 4431 614 4475 rte.

304 4485 382 4558 (5)
417 4485 473 4542 ια
501 4488 696 4546 factum
728 4500 812 4546 est
841 4507 983 4546 anno
1028 4492 1196 4559 1038,
1241 4504 1299 4549 ut
1325 4511 1391 4550 ex
1423 4493 1613 4552 charta
1644 4512 1706 4553 ea
1735 4497 1803 4553 de

1037 4877 1817 5004 HALINARDI

1843 1615 1893 1676 Β

1919 361 2188 418 solutione
2221 380 2417 422 census
2461 367 2587 422 data
2634 377 2719 424 est
2747 378 2934 439 postea
2962 386 3025 426 ea
3054 376 3409 432 conventione
3439 389 3498 434 ut

1917 452 2008 522 qui
2039 468 2156 506 eam
2181 461 2392 511 teneret
2413 457 2768 528 quadraginta
2806 475 2902 517 sex
2932 460 3133 521 solidos
3169 465 3318 521 omni
3353 481 3498 523 anno

1915 542 2266 612 persolveret.

1989 637 2076 691 42.
2111 637 2402 708 Aliquanto
2427 653 2570 711 post,
2596 654 2869 700 transacto
2895 654 3166 717 tempore,
3203 649 3346 706 idem
3382 667 3497 707 me-

1919 740 2161 787 moratus
2186 748 2370 789 comes
2399 734 2695 791 Rainaldus
2715 737 2866 806 juxta
2893 740 3192 806 castellum,
3221 743 3494 799 Vesullum

1919 823 2145 890 dictum,
2182 825 2331 880 dedit
2374 827 2655 884 ecclesiam
2705 830 2758 885 in
2809 833 3015 887 honore
3059 837 3234 891 sancti
3277 834 3495 908 Georgii

1918 927 2208 982 sacratam,
2235 928 2292 973 ut
2318 919 2387 975 ibi
2417 931 2822 979 construeretur
2849 929 3256 993 monasterium,
3288 939 3341 986 ct
3365 946 3497 1000 qua-

1921 1015 2044 1062 tuor
2091 1010 2337 1064 monachi
2400 1011 2596 1067 ibidem
2647 1015 3110 1072 constituerentur
3158 1022 3248 1090 qui
3277 1061 3289 1084 ,
3345 1022 3493 1076 utnni

1922 1108 2162 1170 tempore
2204 1102 2315 1159 Deo
2343 1106 2642 1162 servientes
2661 1148 2676 1170 ,
2716 1121 3007 1165 exorarent
3037 1127 3135 1182 pro
3167 1113 3352 1182 requie
3378 1115 3496 1168 ani-

1919 1210 2129 1249 marum
2157 1197 2327 1265 patris
2357 1199 2462 1263 sui,
2493 1214 2554 1254 ac
2585 1202 2793 1264 matris,
2836 1201 3152 1272 fratrisque,
3193 1221 3257 1261 ac
3288 1223 3384 1276 pro
3409 1222 3498 1261 se-

1919 1287 2151 1356 metipso
2177 1291 2435 1359 omnique
2465 1293 2760 1360 parentela.
2789 1292 2946 1346 Dedit
2974 1295 3038 1348 ad
3071 1310 3257 1349 eorum
3288 1299 3498 1366 stipen-

1918 1379 2005 1432 dia
2049 1380 2235 1435 vineas
2263 1391 2318 1434 et
2349 1391 2521 1437 terras
2545 1425 2559 1441 .
2595 1384 2674 1438 vel
2705 1385 3063 1456 quodcunque
3110 1385 3208 1441 fttit
3247 1401 3496 1444 necessa-

1922 1472 2092 1536 rium;
2142 1473 2492 1541 piscationem
2535 1477 2754 1546 insuper
2791 1495 2912 1532 eum
2945 1479 3272 1547 hominibus,
3305 1483 3394 1552 qui
3429 1481 3497 1536 de

1923 1564 2023 1618 hoc
2051 1565 2357 1621 ministerio
2381 1568 2482 1622 sibi
2521 1571 2848 1624 serviebant.
2890 1570 3025 1627 Huic
3054 1573 3331 1628 donationi
3360 1589 3497 1644 pra:-

1920 1671 2046 1711 seus
2068 1656 2169 1712 fuit
2204 1670 2531 1716 memoratus
2562 1663 2993 1735 archiepiscopus
3025 1663 3200 1738 Hugo;
3245 1667 3498 1737 deditque

1916 1762 2016 1816 per
2048 1749 2320 1815 baculum,
2348 1767 2508 1822 quem
2546 1754 2688 1808 ferre
2717 1771 2875 1810 manu
2906 1756 3132 1823 solebat,
3162 1758 3334 1813 altare
3361 1775 3498 1829 pra:-

1917 1839 2074 1895 dicta:
2101 1841 2340 1896 ecclesia:
2367 1845 2549 1899 abbati
2596 1844 2888 1908 Halinardo
2912 1889 2927 1913 ,
2971 1859 3023 1903 et
3070 1851 3140 1905 ob
3180 1852 3495 1906 memoriam

1918 1929 2076 1998 hujus
2107 1933 2184 1987 rei
2213 1944 2681 1990 comtnntavernnt
2728 1938 2908 2008 virgas
2951 1954 3096 1993 suas.
3148 1941 3497 1998 Burehardus

1917 2037 2131 2092 quoque
2186 2039 2370 2080 comes
2430 2027 2575 2081 dedit
2624 2028 2842 2096 locum,
2893 2029 3223 2089 Oﬂonisvilla
3268 2035 3492 2099 dictum,

1918 2115 2187 2184 quondam
2233 2118 2464 2172 nobilem
2510 2119 2778 2176 ahbaliam
2805 2164 2820 2187 ,
2860 2135 2914 2178 et
2959 2126 3010 2180 in
3066 2126 3272 2184 honore
3324 2131 3495 2185 sancti

1919 2198 2233 2277 Leodégarii
2301 2222 2708 2277 consecratam,
2765 2223 2929 2284 utque
2988 2219 3316 2273 monasticus
3365 2221 3497 2274 ordo

1919 2299 2118 2354 ibidem
2158 2312 2516 2370 repararetur,
2547 2304 2861 2372 deprecatus
2887 2314 2968 2360 est
2993 2307 3205 2362 enixius
3230 2323 3497 2365 memora-

1921 2403 2032 2448 tum
2064 2394 2312 2451 abbatem
2350 2395 2720 2454 llalinardum.

1992 2485 2079 2541 13.
2121 2487 2225 2542 Sed
2255 2495 2308 2542 et
2346 2488 2632 2559 Rotgcrius
2663 2493 2912 2548 dominus
2942 2497 3127 2563 castri,
3159 2500 3301 2569 quod
3329 2516 3496 2555 voca-
3571 2529 3574 2534 -

1921 2586 2009 2631 tur
2026 2575 2558 2648 Wangionumrivus,
2583 2581 2866 2638 ecclesiam
2890 2600 2917 2638 a
2941 2595 3094 2654 patre
3121 2603 3218 2643 suo
3237 2587 3492 2654 Widone,

1922 2668 1975 2723 in
2004 2669 2263 2739 honorem
2285 2661 2471 2726 sancti
2516 2671 2772 2742 Stephani
2814 2687 3203 2743 consmtctam,
3233 2696 3293 2734 ea
3323 2681 3498 2736 inten-

1922 2759 2324 2832 tionelargitus
2354 2765 2805 2834 est,nl,expulsis
2830 2769 3391 2832 canonicis,monachi
3422 2772 3495 2827 ibi

1920 2851 2316 2907 collocarentur
2338 2853 2403 2907 ad
2435 2855 2776 2931 serviendum
2804 2857 2912 2912 Deo
2935 2859 3021 2912 die
3047 2868 3332 2930 noctuque.
3365 2859 3497 2914 flai-

1843 2966 1890 3029 ρ
1924 2943 2113 3000 ητιΙιΙιιε
2141 2945 2301 2999 etiam
2345 2960 2596 3014 possesor
2623 2947 2786 3002 castri
2814 2989 2828 3013 ,
2867 2950 3008 3018 quod
3047 2949 3333 3006 Castellion
3366 2951 3499 3006 dici-

1921 3042 2028 3100 tur,
2060 3035 2134 3099 ad
2167 3035 2372 3091 obitum
2416 3037 2643 3093 veniens
2687 3053 2750 3094 ac
2793 3054 3012 3094 sumens
3042 3042 3282 3096 habiturn
3313 3057 3498 3096 mona-

1920 3127 2154 3192 chicum,
2187 3128 2332 3184 dedit
2375 3137 2697 3199 potestatem
2728 3131 2912 3186 Sancti
2939 3131 3136 3187 Juliani
3162 3150 3282 3187 cum
3317 3134 3496 3188 omni-

1919 3218 2018 3273 bus
2047 3221 2113 3274 ad
2140 3235 2258 3275 eam
2288 3223 2680 3292 pertinentibus
2712 3227 2870 3281 terris
2903 3236 2959 3280 et
3001 3227 3302 3297 mancipiis,
3336 3237 3498 3299 atque

1917 3307 2142 3364 ecclesia
2172 3311 2339 3379 ipsius
2368 3314 2541 3368 sancti
2573 3315 2778 3368 nomini
2823 3317 2999 3370 dicata
3025 3356 3041 3381 ,
3083 3318 3170 3370 ubi
3199 3318 3355 3387 petiit
3384 3334 3498 3372 mo-

1918 3400 2119 3455 nachos
2149 3403 2402 3456 constitui
2430 3444 2445 3468 ,
2484 3405 2574 3474 qui
2611 3421 2707 3475 pro
2731 3407 2847 3475 ejus
2873 3406 3049 3460 anima
3078 3412 3144 3462 ac
3173 3417 3494 3464 cmterorutn

1917 3489 2150 3545 fidelium
2181 3505 2470 3548 exorarent
2500 3495 2662 3550 Deum
2695 3497 2794 3566 (5).
2837 3496 3009 3552 Simili
3057 3499 3215 3553 modo
3240 3498 3496 3554 Albertus

1915 3593 2098 3634 comes
2124 3579 2378 3636 Metensis
2413 3583 2558 3637 dedit
2580 3583 2792 3646 villam,
2825 3599 2985 3654 quam
3021 3586 3207 3640 dicunt
3242 3585 3497 3643 Wlferei-

1915 3678 2145 3733 curtem,
2184 3685 2306 3726 cum
2339 3673 2622 3743 mancipiis
2650 3676 2934 3745 utriusque
2982 3690 3165 3732 sexus.
3216 3677 3333 3746 Ipse
3377 3679 3496 3748 qui-

1915 3764 2035 3819 dem
2063 3765 2117 3819 in
2146 3764 2255 3819 vita
2284 3781 2380 3820 sua
2409 3769 2538 3820 dare
2565 3767 2847 3837 disposuit,
2871 3768 2965 3822 sed
2988 3783 3052 3824 eo
3077 3778 3288 3824 mortuo
3309 3768 3496 3825 Girar-

1918 3855 2016 3910 dus
2037 3854 2142 3910 dux
2169 3855 2309 3911 filius
2327 3856 2443 3926 ejus
2465 3857 2775 3927 adimplevit
2799 3857 2896 3929 (6).
2929 3857 3145 3913 Necnon
3167 3867 3223 3913 et
3245 3868 3494 3914 matrona

1918 3946 2184 4014 quaedam,
2205 3945 2487 4017 Letgardis
2510 3948 2747 4011 nomine,
2761 3964 2914 4004 soror
2932 3947 3206 4003 Lambcrti
3228 3947 3492 4017 episcoyi,

1920 4036 2064 4091 dedit
2091 4037 2399 4104 ecclesiam,
2431 4039 2590 4092 sitam
2624 4040 2676 4093 in
2703 4039 2826 4093 villa
2855 4039 2998 4093 dicta
3031 4038 3156 4106 lslo,
3187 4055 3350 4111 super
3376 4038 3493 4094 Mu-

1921 4145 2035 4184 sam
2061 4128 2282 4184 ﬂuvium
2332 4130 2384 4183 in
2416 4130 2673 4184 comitatu
2707 4130 3123 4186 Bassiniaceusi.

1917 4304 1976 4344 re
1995 4289 2118 4343 data
2149 4296 2318 4358 patet,
2343 4303 2504 4357 quam
2535 4287 2823 4350 Perardus,
2851 4303 2972 4358 curn
2996 4286 3115 4341 aliis
3138 4284 3486 4358 donationum

1917 4359 2005 4414 hic
2034 4356 2448 4413 memoratarum
2477 4360 2694 4412 exhibet
2723 4359 2774 4411 in
2807 4374 2902 4412 sua
2930 4356 3279 4413 Collectione.

2010 4430 2064 4499 6)
2104 4430 2258 4483 Anno
2289 4429 2445 4493 1055,
2479 4444 2545 4482 ex
2577 4429 2760 4483 charta
2789 4429 2931 4499 apud
2955 4427 3272 4483 Perardum.

2607 4679 3477 4708 ’,ω

1907 4875 2686 5005 EPISTOLIE.
