4044 5290
572 316 712 374 1347

1532 317 1890 377 ποιιοΑΝυδ
1927 314 2428 376 LEMOVICENSIS
2459 315 2851 376 EPISCOPUS.

3695 323 3824 382 1348

568 431 694 496 tori,
720 445 936 490 moon
967 431 1129 490 unico
1153 430 1523 490 Romanorum
1550 429 1672 488 duci
1716 425 1982 497 Eiouoco.
2017 443 2148 487 suus
2174 428 2222 494 Α
2251 427 2510 500 dulgeatis
2556 427 2817 502 quidquid
2862 428 3200 502 negligentia:
3241 431 3296 488 in
3342 432 3494 491 vobis
3548 438 3821 493 contraxi.

566 525 943 583 ttomiuetenus
964 523 1132 580 abbas
1151 522 1426 580 conlinute
1453 521 1726 578 ﬁdelitatis
1754 522 2053 578 servitium.

635 617 784 685 Quos
824 631 967 671 verae
1011 616 1291 672 charitatis
1339 617 1602 672 connexio
1645 615 1804 686 ligat,
1856 612 2146 685 longinqua

561 703 803 761 locorum
861 706 1034 776 spatia
1086 719 1422 776 nequaquam
1475 713 1731 775 separant
1777 711 2149 775 :quapropter

562 794 871 850 celsitudini
921 806 1114 850 vestra:
1159 803 1404 849 notescat
1451 809 1568 860 me,
1617 793 1746 850 licet
1794 795 2144 864 longinquum

561 900 813 954 corpore,
839 894 1023 940 mente
1039 893 1216 940 tamen
1237 893 1293 940 et
1311 885 1502 954 spiritu
1523 885 1675 940 vobis
1694 900 1909 954 semper
1927 887 2142 950 adesse;

561 985 616 1029 et
642 989 747 1028 non
770 975 946 1029 solum
973 975 1258 1046 meipsum,
1277 975 1370 1030 sed
1392 985 1448 1030 et
1465 974 1766 1031 confratres
1787 992 1937 1032 meos
1959 985 2148 1032 sancto

562 1063 804 1134 Benigno
824 1064 1012 1119 sedulo
1033 1065 1350 1129 servientes,
1371 1065 1478 1119 imo
1495 1065 1658 1120 etiam
1685 1065 1855 1136 ipsum
1877 1063 2146 1120 seniorem

561 1165 812 1209 nostrum
845 1155 1074 1211 salutem
1111 1165 1346 1211 vestram
1375 1157 1428 1212 iu
1455 1159 1600 1213 omni
1642 1158 2000 1229 prosperitate
2025 1173 2148 1213 san-

561 1245 669 1300 ctis
703 1246 1039 1300 oratiOaibus
1075 1246 1255 1302 fovere
1295 1248 1730 1318 prmsentialiter,
1762 1263 1869 1318 quo
1913 1264 2000 1304 me
2039 1266 2146 1306 non

564 1335 937 1392 immemorem
975 1336 1358 1394 beneficiorum
1392 1348 1694 1394 vestrorum
1733 1340 1840 1394 vita
1869 1341 2066 1396 comite
2093 1341 2146 1397 in

563 1427 812 1499 proximo
853 1427 1121 1482 habebitis
1162 1429 1215 1482 in
1249 1429 1530 1483 servitium
1577 1438 1836 1485 vestrum.
1877 1430 2145 1485 Cancrum

565 1519 818 1588 quoniam
845 1519 896 1572 in
919 1520 1074 1574 vobis
1093 1520 1318 1576 multum
1341 1522 1684 1588 conﬁdimus,
1706 1523 1965 1594 quidquid
1991 1523 2148 1578 nobis

562 1609 841 1673 acciderit,
858 1609 1180 1666 ilducialiter
1207 1611 1621 1668 manifestautes
1643 1614 1984 1684 deposcimus
2002 1626 2083 1678 ut,
2097 1615 2144 1669 si

565 1701 762 1770 aliquis
793 1712 977 1758 noster
999 1703 1206 1758 vicinus
1225 1703 1450 1758 aemulus
1473 1705 1674 1774 aliquid
1699 1705 1996 1760 machinari
2019 1722 2144 1761 con-

2250 517 2492 590 Namque
2519 520 2563 575 si
2602 519 2882 588 Dominus,
2913 521 3054 590 quod
3100 522 3281 578 facere
3319 532 3512 594 potens
3544 534 3656 581 est.
3695 543 3829 586 nra-

2249 619 2456 665 sentcm
2491 609 2623 665 mihi
2666 610 2831 665 vitam
2870 614 3227 678 concesserit.
3253 629 3413 670 omne
3446 616 3553 671 mei
3583 618 3827 674 studium

2248 714 2430 755 vestro
2457 699 2720 772 profectui
2752 702 2966 758 assidue
2995 704 3316 772 invigilabit.
3350 707 3429 760 Ad
3459 708 3578 762 bmc
3608 709 3677 764 de
3705 710 3830 765 sub.

2249 791 2521 848 stitueudo
2569 793 2700 848 mihi
2737 803 2953 863 pastore
2993 793 3148 850 ﬁdele
3192 797 3261 851 do
3312 799 3464 853 vobis
3503 799 3828 867 consilium;

2249 881 2413 937 nolite
2436 883 2690 953 deinceps
2724 883 2862 938 sicut
2889 883 3151 940 hactenus
3176 887 3276 941 bac
3316 887 3382 942 de
3414 903 3582 946 causa
3612 889 3830 947 diversa

2249 978 2303 1025 et
2331 980 2516 1027 extera
2555 971 3069 1042 perlustrarehloca;
3112 976 3208 1030 sed
3242 978 3536 1047 prtemissls
3577 978 3831 1049 precibus

2251 1071 2413 1132 atque
2447 1061 2666 1132 jejuuiis
2707 1062 3102 1134 Omnipoteutis
3142 1068 3480 1123 clementiam
3525 1069 3826 1138 deposcite,

2255 1164 2315 1208 ut
2338 1155 2427 1224 qui
2456 1165 2646 1225 potens
2671 1165 2756 1211 cst
2783 1157 3046 1212 suscitare
3074 1157 3212 1214 ﬁlios
3236 1159 3466 1214 Abt-aha:
3489 1175 3557 1214 ex
3591 1163 3749 1216 vobis
3777 1177 3832 1216 se

2249 1244 2470 1316 dignum
2495 1245 2748 1316 praeﬁciat
2769 1246 3066 1316 praelatum.
3099 1249 3230 1305 Huic
3251 1259 3427 1305 autem
3443 1250 3622 1305 cilicio
3639 1267 3832 1306 secun-

2251 1338 2375 1393 dum
2404 1340 2559 1409 hujus
2591 1335 2848 1410 temporis
2874 1340 3183 1410 qualitatem
3215 1341 3438 1398 idoneus
3465 1356 3586 1397 esse
3617 1343 3834 1398 videtur

2251 1426 2373 1482 \‘in.
2397 1428 2718 1498 praepositus
2743 1447 2755 1482 :
2784 1443 2943 1499 quem
2970 1429 3014 1484 si
3038 1430 3104 1486 ad
3133 1429 3184 1485 id
3212 1430 3536 1500 prmlaturze,
3563 1440 3626 1485 ut
3654 1447 3831 1501 spero,

2249 1536 2358 1576 non
2399 1522 2687 1590 potueritis
2720 1521 2956 1585 ﬂectere,
2995 1537 3114 1578 sum
3153 1523 3298 1578 enim
3351 1524 3505 1579 testis
3550 1539 3671 1580 ειιω
3713 1540 3834 1577 con-

2251 1610 2560 1666 scientiae...
2602 1611 2790 1667 hortor
2837 1613 2966 1667 mihi
3009 1613 3322 1670 succedere.
3365 1612 3608 1668 Tandem
3652 1615 3833 1669 omnia

2253 1715 2446 1756 vero...
2486 1699 2621 1755 velle
2659 1711 2714 1756 et
2746 1703 3049 1772 disponere.
3093 1703 3172 1757 Ad
3211 1703 3326 1757 lucc
3362 1701 3477 1765 tibi,
3509 1703 3836 1757 chori-sime

566 1799 650 1846 tra
679 1791 859 1847 locum
891 1802 1136 1848 nostrum
1180 1794 1321 1864 apud
1353 1795 1629 1851 dominum
1670 1812 1860 1867 papam
1891 1797 2143 1864 voluerit,
2181 1781 2226 1842 Β
2258 1789 2421 1846 Ροηοί
2446 1791 2770 1856 Senescalle,
2795 1793 3080 1864 omnigena
3110 1791 3354 1862 supplico
3377 1804 3537 1860 prece
3563 1801 3836 1861 quatenus

568 1895 691 1947 vos,
731 1883 873 1938 sicut
913 1882 1050 1938 bene
1077 1886 1323 1954 potestis,
1364 1886 1463 1942 bos
1500 1886 1618 1942 ﬁeri
1660 1887 2010 1958 prohibeatis.
2043 1888 2151 1945 Nos

568 1972 714 2027 enim
760 1974 895 2028 nihil
933 1973 1189 2042 injustum
1230 1977 1483 2047 petimus,
1528 1979 1624 2034 sed
1659 1979 1936 2047 antiquam
1979 1979 2150 2052 legem

568 2061 672 2118 loci
701 2065 871 2120 nostri
893 2065 1098 2122 salvam
1122 2066 1466 2137 insepultam,
1490 2083 1652 2139 quam
1681 2068 1866 2124 iunixe
1885 2079 2153 2125 conantur

570 2155 890 2225 transferre,
913 2158 1180 2214 volumus.
1203 2160 1294 2216 Sic
1321 2161 1472 2216 vobis
1488 2161 1757 2232 quondam
1785 2169 1967 2228 notus,
1994 2162 2154 2219 modo

566 2248 751 2304 notior
789 2258 989 2316 exstet,
1033 2264 1194 2322 quem
1234 2252 1372 2307 bene
1411 2252 1456 2308 si
1495 2267 1679 2317 cures.
1712 2267 1811 2308 nos
1847 2251 2017 2311 facies
2044 2271 2155 2311 me-

569 2352 770 2393 mores.

1127 2431 1463 2490 EPISTOLA
1502 2433 1587 2488 Ill.

945 2562 973 2599 Δ
983 2560 1013 2597 υ
1051 2559 1342 2602 οΑΝοΝιεοε
1381 2563 1480 2603 ως
1491 2563 1774 2603 υυθιειηεες.

1103 2655 1283 2726 (Circa
1321 2672 1410 2711 an.
1456 2657 1639 2729 1051.)
1873 2735 1876 2742 λ

779 2763 900 2821 ϐαι.
928 2767 1146 2834 Christ,
1174 2778 1305 2825 tom.
1334 2768 1418 2828 IV.
1453 2769 1711 2842 append.,
1740 2787 1858 2843 pag.
1895 2771 1984 2845 8.]
2037 2824 2040 2828 .

643 2873 990 2934 llutmnnus
1036 2879 1291 2950 indignus
1328 2881 1617 2954 cpiscopus
1655 2882 1892 2940 dominis
1935 2882 2158 2955 Lugdu-

570 2967 830 3022 nensibus
851 2971 1126 3026 canonicis
1153 2973 1460 3030 orationum
1483 2973 1820 3044 suﬂ'ragium.

652 3058 858 3114 Vestra:
880 3060 1207 3120 fraternitati
1235 3074 1421 3120 notum
1455 3067 1547 3122 fiat
1570 3083 1655 3122 me
1677 3068 1857 3124 carnis
1876 3069 2151 3140 ergastulo

2251 1881 2520 1938 bonorum
2555 1897 2797 1937 meorum
2822 1891 3028 1953 partem
3056 1883 3116 1936 Β.
3142 1883 3437 1953 Stephano,
3461 1892 3683 1952 partem
3714 1897 3837 1938 vero

2249 1971 2614 2028 Athanacensi
2646 1974 2976 2028 monasterio
3004 1989 3102 2042 pro
3131 1988 3262 2028 mea:
3289 1974 3484 2028 anima:
3514 1973 3702 2028 salute
3746 1975 3837 2028 tri-

2248 2063 2405 2129 buas.
2439 2079 2558 2117 sum
2588 2062 2733 2118 enim
2776 2063 2879 2118 illis
2919 2063 3143 2118 multum
3174 2063 3406 2118 debitor.
3446 2063 3621 2120 Porro
3667 2065 3836 2120 cccle-

2250 2151 2386 2209 siam
2419 2153 2485 2207 de
2515 2152 2672 2208 \‘eisa
2700 2154 3234 2211 omnibus-interdico
3256 2164 3313 2208 ut
3333 2171 3490 2211 nemo
3512 2155 3584 2210 ibi
3609 2156 3834 2220 habitet.

2251 2242 2334 2298 vel
2363 2242 2588 2310 laboret,
2613 2252 2705 2298 aut
2731 2244 2968 2299 divinum
2994 2260 3130 2315 Opus
3160 2243 3321 2301 faciat
3350 2254 3549 2316 praeter
3575 2248 3826 2300 Athana.

2251 2335 2452 2399 censis.
2506 2338 2676 2390 donec
2717 2336 2958 2391 eamdem
3003 2336 3289 2392 ecclesiam
3332 2346 3388 2392 et
3433 2347 3609 2392 terras
3659 2337 3835 2406 quiete

2255 2427 2566 2496 possideant
2593 2428 2735 2480 sicut
2760 2427 3049 2484 llotbertus
3078 2427 3184 2484 illis
3205 2428 3477 2484 convenit.
3502 2429 3716 2484 Deinde
3743 2431 3833 2498 ipsi

2257 2519 2322 2574 Β.
2353 2535 2448 2589 per
2476 2519 2636 2575 ﬁdem
2667 2536 2828 2590 quam
2853 2522 2995 2576 .mihi
3033 2522 3318 2592 spopondit
3343 2523 3540 2576 mando
3567 2531 3836 2591 quatenus

2256 2618 2379 2664 octo
2409 2610 2688 2664 unciarum
2729 2611 2848 2664 auri
2887 2611 3249 2675 medietatem,
3289 2626 3522 2681 quarum
3568 2611 3705 2665 mihi
3747 2611 3836 2664 ob-

2257 2700 2450 2755 noxius
2474 2709 2556 2754 est
2597 2699 2658 2754 Β.
2691 2699 2968 2768 Stephano
2999 2709 3055 2755 ct
3095 2699 3320 2754 alteram
3368 2701 3837 2756 Athanaccnsibus

2257 2805 2358 2860 pro
2391 2804 2530 2844 mea
2555 2789 2926 2860 redemptione
2965 2805 3058 2846 seu
3099 2793 3271 2862 gratia
3314 2790 3528 2846 oﬂ’erat.
3573 2791 3836 2846 interdico

2259 2880 2425 2934 etiam
2453 2887 2508 2934 et
2535 2880 2936 2938 anathematizo
2969 2883 3290 2937 auctoritate
3319 2881 3414 2935 Dei
3457 2880 3639 2940 Patris
3666 2882 3836 2936 omni-

2258 2975 2518 3047 potentis,
2548 2985 2603 3032 et
2630 2976 2694 3030 B.
2726 2975 2868 3032 Petri
2901 2977 3252 3047 omniumque
3291 2985 3614 3032 sanctorum
3639 2993 3834 3032 necnon

2264 3080 2422 3130 mea,
2465 3073 2528 3121 ut
2571 3080 2733 3120 nemo
2775 3066 3084 3121 contrarius
3124 3064 3325 3120 cxistat
3370 3065 3838 3120 Atbauaceusibus

580 3152 888 3206 cxnendum
915 3153 968 3207 in
995 3157 1264 3225 proximo.
1287 3166 1616 3228 quapropter
1639 3159 2010 3215 absentialiter
2029 3175 2161 3229 pm.
2187 3140 2232 3206 C
2263 3165 2486 3226 propter
2519 3154 2803 3226 pecuniam
2844 3151 3150 3211 Judaeon
3196 3152 3398 3209 ibidem
3444 3155 3650 3210 dudum
3687 3154 3837 3209 inter-

582 3254 711 3295 seus
754 3240 1030 3300 solotcnus
1062 3245 1309 3318 supplico
1337 3248 1696 3302 communiter
1733 3249 2043 3306 miserando
2073 3249 2156 3304 in-

2267 3250 2557 3305 lectorum.
2589 3247 2789 3304 Valete.

589 3437 3824 3491 Μ

1932 3627 2100 3672 ANNO
2140 3627 2371 3672 DOMINI
2407 3628 2545 3672 ML“
2558 3656 2568 3673 .

1585 3800 2772 4012 WJORDANUS
2855 3737 2858 3739 λ

1242 4015 2294 4216 LEMOvICENSIS
2380 4061 3188 4252 EPISCOPQS.

1579 4479 2086 4574 NOTITIA
2154 4442 2836 4576 HISTORICA.
3198 4511 3234 4544 μ

1590 4686 1682 4740 (Ex
1724 4685 1898 4742 Gallia
1923 4685 2244 4750 Christiana.
2267 4696 2398 4743 tom.
2430 4686 2517 4751 IV,
2545 4702 2666 4760 pag.
2690 4685 2838 4741 5H.)

3178 4644 3242 4690 Α

2015 4881 2420 4905 ψ

659 5021 929 5066 ruat-2.2m
955 5023 1020 5066 Α»
1047 5020 1226 5066 Lor-nn
1271 5021 1399 5066 InL-
1435 5021 1502 5066 dp.
1529 5021 1744 5066 [πνοῆς
1765 5022 1843 5066 uti
1870 5022 2065 5066 Ιρυίιιιι·
2115 5031 2168 5064 οι
2199 5027 2205 5064 i

2273 5007 2421 5064 ut”;
2448 5021 2663 5064 Αρδικῖι
2716 5023 2864 5062 alin.
2888 5025 3144 5064 nimim-pm
3175 5025 3214 5062 Β
3260 5021 3524 5062 ςιοηιιειηῖ
3551 5021 3845 5062 tina-ladani-

3875 4127 3979 4164 ,μη

3791 4174 3969 4191 ’ν’-ὀ
