4044 5290
273 235 407 297 1319

1550 221 1821 281 NOTITIA
1873 219 2254 280 HISTOBICA.

3400 215 3536 275 1350

283 355 344 415 8.
374 348 630 410 Martialis
657 346 1051 419 imposuerunt.
1084 342 1306 402 Interim
1340 341 1634 400 Gauslinus
1659 341 1857 396 Bituri-
1881 345 1934 405 Α
1961 338 2228 411 synodum
2252 336 2392 408 apud
2422 335 2760 408 Lemovices,
2803 334 2858 389 In
2885 347 2990 408 qua
3023 333 3208 391 eadem
3246 348 3414 394 causa
3443 335 3530 392 di.

279 429 453 503 censis
479 437 938 508 archiepiscopus,
971 434 1190 507 indigne
1217 433 1399 488 ferens
1423 432 1568 502 quod
1614 430 1803 485 fuisset
1829 444 1861 485 a

278 533 514 592 Jordano
564 536 904 598 contemptus
949 524 1052 596 (ab
1098 525 1216 596 ipso
1262 523 1404 580 enim
1456 537 1556 578 suo
1619 520 1863 576 videlicet

280 617 694 690 metropolitano
737 614 998 690 debuerat
1040 613 1338 683 ordinari).
1383 610 1608 669 collecta
1657 609 1862 684 synodo

280 725 465 767 coram
497 707 734 763 Roberto
760 718 904 774 rege,
947 683 1032 758 cui
1061 710 1265 773 septem
1297 701 1688 771 archiepiscOpi
1739 713 1861 755 cum

281 796 632 867 suﬂ'raganeis
655 793 926 865 episcopis
947 789 1254 856 adfuerunt,
1279 798 1444 846 totum
1473 788 1860 845 Lcmoviciuum

281 886 814 946 excommunicauit...
844 885 1114 953 ipsumque
1137 881 1436 937 Jordanum
1465 881 1530 935 ab
1558 881 1722 950 ofﬁcio
1748 878 1863 949 epi-

277 977 474 1048 scopali
501 975 789 1046 prohibuit.

349 1067 690 1124 Causabatur
715 1063 986 1120 .Iordanus
1016 1062 1248 1120 vitanda:
1275 1060 1520 1118 simoniae
1545 1073 1730 1124 causa,
1762 1059 1864 1115 im-

279 1159 602 1233 posilionem
633 1173 923 1222 manuum,
957 1171 1056 1226 pro
1101 1169 1207 1226 qua
1245 1153 1536 1218 Gauslinus
1578 1153 1864 1223 pecuniam

279 1249 587 1317 requirebat
627 1247 696 1301 ab
749 1246 854 1300 alio
887 1247 1108 1315 petitam
1140 1254 1195 1300 et
1235 1252 1531 1314 acceptam.
1577 1238 1862 1298 Nihilomi-

281 1356 383 1396 nus
431 1347 634 1402 tamen,
680 1346 737 1391 ut
786 1335 1165 1398 satisfaceret,
1211 1333 1371 1389 nudis
1415 1334 1640 1404 pedibus
1681 1334 1864 1390 sedem

278 1427 668 1486 Biturieensem
708 1427 862 1492 adiit,
913 1443 1040 1482 cum
1079 1436 1294 1483 centum
1341 1425 1553 1482 clericis
1579 1433 1635 1480 et
1678 1440 1866 1480 mona-

279 1523 438 1582 cbis.
490 1517 743 1575 omnibus
789 1518 1036 1573 similiter
1085 1514 1426 1572 discalceatis
1474 1515 1716 1586 pedibus.
1766 1513 1864 1570 Cui

280 1609 719 1682 archiepiscOpus
773 1623 894 1663 cum
941 1609 1088 1663 clero
1139 1605 1353 1664 obviam
1400 1606 1579 1670 venit,
1628 1614 1686 1661 et
1727 1620 1864 1676 quos

279 1700 426 1772 prius
453 1699 738 1768 ligavcrat,
771 1711 864 1753 eos
900 1695 1194 1752 honoriﬁce
1222 1695 1497 1751 adducens
1540 1695 1790 1751 absolvit.

347 1792 447 1846 An.
486 1790 646 1854 1024,
692 1789 865 1860 pridie
901 1786 1083 1844 Nonas
1111 1786 1363 1853 Martias,
1397 1786 1582 1842 indict.
1613 1803 1723 1852 vn,
1763 1804 1860 1859 ap-

279 1885 528 1957 probavit
569 1883 940 1939 fundationem
986 1881 1135 1937 cellae
1180 1880 1247 1936 de
1296 1878 1600 1946 Liziniaco,
1641 1887 1863 1935 auctore

283 1975 508 2048 Hugone
543 1977 609 2031 de
651 1973 926 2030 Liziniaco
971 1972 1088 2026 viro
1138 1969 1492 2026 nobilissimo.
1543 1969 1685 2024 Ante
1735 1984 1862 2039 pro-

281 2065 570 2123 lectionem
617 2063 1125 2136 Jerosolymitanam
1167 2060 1436 2117 dedicavit
1470 2062 1861 2116 monasterium

283 2159 347 2214 de
373 2157 592 2215 Arnaco
620 2156 673 2211 in
700 2169 808 2226 quo
831 2153 1062 2224 quiescit
1087 2166 1283 2223 corpus
1309 2151 1366 2206 S.
1397 2150 1654 2214 Pardulli,
1686 2151 1864 2206 Idibus

281 2249 446 2315 Julii,
500 2263 645 2303 anno
695 2247 989 2302 Dominicze
1037 2252 1425 2300 incarnationis
1473 2241 1632 2297 1028.
1681 2241 1868 2296 Adfuit

281 2338 454 2395 Guido
489 2337 558 2394 de
603 2335 864 2392 Turribus
912 2335 1109 2390 nobilis
1154 2333 1442 2399 Lcmovim,
1483 2345 1603 2386 cum
1641 2345 1866 2385 venera-

281 2430 373 2486 bili
403 2429 631 2500 conjuge
661 2427 908 2499 Engalsia
935 2426 1066 2500 [al.,
1095 2423 1373 2496 Emallia],
1416 2432 1470 2478 et
1500 2423 1766 2476 Adcmaro
1799 2421 1866 2479 de

279 2515 459 2576 Loron
487 2517 801 2592 [Learum],
833 2503 1250 2583 Geraro,’EboIo
1274 2513 1666 2571 Condrurnensi
1697 2513 1864 2571 fratre

279 2607 689 2676 Arcbambaldi,
752 2609 1072 2680 cognomine
1132 2605 1365 2660 Chamba
1427 2605 1674 2675 putrida,
1739 2619 1863 2660 cum

283 2700 533 2757 Adenaro
587 2701 694 2755 tilio
733 2698 994 2756 Guidouis
1047 2695 1410 2762 vicecomitis,
1457 2703 1680 2750 auctore
1723 2692 1864 2750 Gau-

284 2791 423 2845 frido
450 2792 692 2848 Vosiensi
723 2792 776 2846 in
804 2790 1003 2848 Chron.
1039 2804 1158 2861 cap.
1189 2789 1243 2845 9.

352 2881 555 2938 Eodem
586 2896 727 2943 anno
763 2889 1078 2937 consecrata
1123 2887 1208 2936 est
1250 2877 1474 2935 basilica
1518 2877 1716 2949 regalis
1747 2875 1866 2934 Sal-

282 2973 488 3028 vatoris
534 2971 836 3028 Lemovicte
869 2987 938 3027 xv
983 2970 1103 3026 Kal.
1151 2969 1462 3027 Decembris
1499 2971 1568 3025 ab
1612 2970 1861 3026 undecim

279 3061 601 3134 praesulibus
621 3074 638 3117 :
658 3062 993 3120 Gothofredo
1020 3062 1427 3133 archiepiscopo
1456 3063 1859 3134 Burdegalensi,
1890 3032 1935 3096 ο

275 3153 519 3209 Jordano
543 3153 934 3221 Lemovicensi,
965 3150 1618 3222 IsembertoPictaviensi,
1639 3152 1864 3213 Rohoue

279 3244 698 3315 Engolismensi,
728 3244 964 3301 Arnaldo
992 3242 1426 3311 Petraroniensi,
1461 3243 1624 3300 Petro
1653 3241 1862 3299 Gerun-

283 3335 462 3399 densi,
493 3334 783 3391 Deusdedit
807 3335 1156 3400 Cadurcensi,
1185 3345 1292 3391 etc.
1327 3335 1486 3390 Anno
1525 3335 1656 3390 IO5I
1689 3333 1862 3388 adfuit

276 3425 512 3481 concilio
557 3425 908 3483 Bituricensis
951 3425 1281 3498 provinciae,
1324 3425 1629 3482 Lemovieis
1661 3425 1866 3491 habito,

279 3513 339 3568 in
369 3530 478 3586 quo
503 3524 684 3571 actum
717 3526 801 3574 cst
829 3517 895 3572 de
947 3515 1008 3572 S.
1037 3515 1299 3572 Martialis
1337 3516 1660 3587 apostolatu,
1706 3532 1866 3586 quem

283 3603 342 3659 in
367 3603 588 3663 Patrum
621 3617 762 3664 cmtu
793 3608 1181 3680 propugnavit;
1225 3610 1438 3666 tametsi
1476 3611 1626 3678 prius
1669 3611 1868 3679 episto-

281 3695 392 3750 lam
441 3701 731 3771 scripserat
771 3701 842 3756 ad
892 3698 1234 3756 Benedictum
1263 3717 1458 3772 papam
1494 3701 1607 3758 Vlll
1653 3703 1720 3758 de
1758 3718 1863 3756 non

279 3792 619 3846 accensendo
652 3791 908 3861 apostolis
945 3791 1048 3846 hoc
1078 3800 1284 3847 sancto.
1327 3792 1407 3846 Ex
1445 3792 1530 3848 his
1573 3807 1702 3849 vero
1745 3805 1865 3863 qua:

278 3870 553 3936 Jordauus
589 3882 642 3936 in
691 3881 916 3954 praefato
959 3881 1189 3937 concilio
1236 3885 1542 3953 peroravit,
1602 3882 1864 3938 discimus

281 3977 430 4023 anno
466 3970 603 4028 I029
627 4013 642 4040 ,
683 3972 765 4027 vel
806 3971 985 4042 potius
1023 3969 1159 4027 1028
1198 3972 1438 4029 habitam
1487 3972 1655 4028 fuisse
1698 3972 1859 4030 aliam

1958 437 2198 500 sceptata
2226 436 2281 484 et
2302 425 2542 495 iudicata
2579 425 2694 495 jam
2729 423 2924 490 fuerat,
2955 423 3040 483 cui
3073 427 3187 494 ipse
3216 425 3424 482 aderat.
3461 425 3535 482 De

1958 519 2062 574 hoc
2092 517 2150 573 S.
2176 518 2437 575 Martialis
2461 518 2767 588 apostolatu
2785 515 3021 573 Joannes
3043 515 3204 572 XVIII
3231 515 3368 588 [al.,
3391 515 3512 571 XIX
3529 560 3543 580 .

1958 608 2036 665 re!
2063 607 2198 680 XX]
2231 608 2448 678 scripsit
2476 607 2542 664 ad
2571 606 2886 672 Jordanum,
2927 606 3128 661 docens
3155 621 3248 663 eos
3275 606 3545 672 insanire,

1958 701 2049 772 qui
2082 702 2224 756 hunc
2250 710 2496 756 sanctum
2526 699 2826 769 apostolum
2859 707 3137 767 negarent.

2027 793 2087 848 In
2118 792 2348 848 concilio
2380 791 2508 848 anni
2541 791 2671 846 1051
2710 790 2979 846 Jordanus
3002 789 3179 860 palam
3215 789 3541 848 declamavit

1959 884 2016 940 in
2047 884 2246 940 milites
2270 885 2361 955 qui
2388 900 2474 941 res
2503 883 2798 940 sanctuarii
2831 882 3302 952 deprmdabantur,
3332 893 3387 939 et
3410 900 3540 955 pau-

1960 987 2118 1043 peres
2168 973 2571 1045 opprimebant;
2625 982 2812 1028 contra
2855 987 2992 1042 quos
3034 971 3148 1027 hzcc
3192 974 3538 1028 anathemata

1961 1063 2297 1136 protulerunt
2325 1064 2554 1119 Patres:
2592 1083 2610 1115 ι
2645 1061 3190 1118 Εςςοηηηυιιίοθπιιιε
3234 1063 3354 1118 illos
3403 1063 3533 1118 mili-

1964 1164 2111 1210 tes...
2136 1155 2406 1212 maledicti
2436 1155 2537 1226 ipsi
2584 1163 2640 1210 ct
2670 1154 2945 1225 adjutores
2968 1167 3154 1209 eorum
3193 1155 3246 1211 in
3295 1155 3494 1211 malum
3521 1174 3534 1209 :

1962 1251 2244 1307 maledicta
2271 1266 2421 1306 arma
2447 1265 2633 1306 eorum
2657 1257 2711 1305 et
2734 1249 2923 1304 caballi
2955 1248 3193 1304 illorum.
3225 1250 3391 1306 Erunt
3418 1267 3540 1306 cum

1963 1342 2094 1399 Cain
2119 1341 2420 1407 fratricida,
2447 1351 2502 1397 et
2527 1357 2651 1397 cum
2678 1340 2814 1395 Juda
2846 1341 3176 1396 traditore...
3209 1350 3262 1396 et
3292 1341 3434 1397 sicut
3461 1344 3544 1396 hze

1962 1432 2195 1488 lucerna:
2219 1431 2636 1503 exstinguuntur
2664 1431 2719 1485 in
2749 1427 2919 1486 oculis
2944 1430 3164 1495 vesn'is,
3189 1431 3260 1483 ita
3290 1430 3542 1500 gaudium

1963 1537 2149 1578 eorum
2178 1521 2548 1592 cxstinguetur
2597 1521 2648 1574 iu
2696 1527 2987 1587 conspectu
3027 1529 3336 1574 sanctetqu
3383 1535 3546 1589 auge.

1963 1614 2160 1678 lorum,
2196 1612 2301 1667 nisi
2349 1621 2474 1667 ante
2517 1619 2742 1666 mortem
2805 1609 2872 1665 ad
2919 1609 3342 1671 satisfactionem
3384 1621 3546 1678 atque

1894 1692 1939 1752 Β
1967 1703 2404 1760 emendationem
2447 1702 2564 1757 sive
2609 1701 2982 1771 ptenitentiam
3035 1702 3252 1773 dignam
3297 1701 3548 1757 venerint
3593 1703 3596 1706 ’

1963 1795 2017 1851 in
2037 1793 2302 1864 judicium
2334 1793 2572 1863 episcopi
2600 1794 2707 1848 sui.
2729 1811 2748 1844 ι

2031 1884 2186 1940 Anno
2217 1884 2464 1953 sequenti
2493 1883 2763 1938 Jordanus
2794 1882 3046 1938 convenit
3069 1883 3247 1938 adhuc
3275 1882 3341 1936 ad
3377 1897 3542 1952 syno-

1965 1977 2091 2031 dum
2165 1974 2554 2029 Pictaviensem
2613 1982 3093 2028 commemoratam
3159 1973 3214 2025 in
3277 1971 3547 2025 Chronico

1965 2066 2316 2122 Malliacensi.
2354 2067 2512 2120 Anno
2539 2063 2675 2119 1047
2705 2065 2842 2118 facta
2874 2062 3254 2138 estjlcdicatio
3280 2060 3338 2114 S.
3363 2061 3547 2115 Mariae

1966 2157 2324 2212 Santonensis
2367 2172 2397 2209 a
2443 2154 2690 2224 plurimis
2731 2153 3033 2224 episcopis,
3077 2152 3219 2206 inter
3252 2165 3388 2220 quos
3423 2148 3545 2204 Jer-

1964 2248 2136 2303 danus
2174 2254 2504 2301 recensctur.
2549 2245 2706 2299 Anno
2756 2242 2893 2297 1043
2935 2239 3105 2295 adfuit
3148 2237 3542 2308 consecrationi

1962 2337 2203 2394 ecclesia:
2247 2335 2585 2392 Usercicnsfs
2634 2349 2755 2389 cum
2811 2331 3053 2398 Geraldo
3083 2329 3544 2399 Petragorieens‘,

1968 2438 2025 2484 ct
2055 2418 2342 2483 Guillehno
2375 2425 2762 2498 lingelismensi
2794 2423 3093 2494 cpiscOpis;
3128 2430 3361 2490 tuaeque
3394 2422 3550 2476 testis

1964 2501 2427 2573 ftiirdoﬁa'tioriis
2476 2514 2632 2570 facta:
2680 2515 2808 2569 huic
2861 2513 3110 2569 coenobio
3165 2511 3234 2565 ah
3281 2509 3546 2580 Aalberga

1961 2620 2153 2668 vocata
2181 2609 2409 2664 Bouasia
2443 2607 2876 2674 sanctimoniali,
2908 2617 2964 2662 et
3010 2606 3118 2659 ﬁlio
3158 2606 3274 2674 ejus
3311 2604 3540 2658 Bosoue.

1963 2691 1967 2694 ’
2034 2703 2114 2759 Ex
2148 2701 2422 2758 chartario
2456 2701 2697 2758 ecclesia:
2729 2699 3130 2758 Lemoviccusis
3160 2696 3356 2767 deseri;
3377 2698 3546 2752 simus

1963 2793 2205 2863 ejusdem
2231 2795 2467 2865 episcopi
2499 2794 2708 2852 litteras
2724 2788 3545 2865 ψιίιηιειιιιιιιερεοηΐθιει5.διαο
3647 2839 3666 2848 ,

1962 2887 2144 2956 phano
2175 2885 2243 2940 ad
2282 2885 2689 2949 Communium;
2727 2884 2886 2939 inviis
2917 2891 3097 2939 autem
3145 2881 3396 2953 leguntur
3431 2880 3550 2952 ejus

1964 2987 2249 3050 parentum
2279 2976 2514 3032 nomina.
2569 2975 2646 3030 Ex
2677 2975 2866 3030 eodem
2915 2972 3192 3030 chartario
3257 2971 3545 3026 habuimus

1967 3067 2298 3124 concordiam
2329 3067 2516 3124 initam
2547 3066 2686 3122 inter
2712 3080 2833 3122 eutn
2862 3072 2918 3120 et
2948 3062 3276 3119 Willehnum
3305 3060 3550 3116 Pictam-

1970 3175 2088 3216 rum
2119 3159 2394 3236 comitem.
2421 3155 2644 3213 Jordani
2683 3171 2832 3211 mors
2877 3169 3018 3210 anno
3069 3153 3205 3210 1052
3265 3150 3539 3208 tribuitur.

1970 3251 2227 3324 Sepultus
2265 3258 2348 3306 est
2374 3249 2426 3304 in
2460 3249 2563 3305 divi
2590 3247 2874 3320 Augustini
2905 3238 3122 3316 templo.

2036 3343 2337 3399 Ademarus
2385 3339 2716 3397 Cabonensis
2740 3339 2791 3395 ei
2823 3347 2879 3392 et
2926 3337 3110 3392 multis
3139 3346 3250 3390 tum
3279 3334 3550 3405 episcopis

1977 3440 2089 3488 tum
2151 3430 2438 3487 abbatibus
2489 3429 2771 3500 epistolam
2824 3427 3090 3484 dedicavit
3145 3424 3545 3495 'apologeticam

1969 3536 2068 3592 pro
2099 3519 2404 3591 apostolatu
2437 3518 2494 3574 S.
2533 3517 2819 3584 Martialis,
2872 3533 3013 3570 anno
3043 3507 3227 3582 1029,
3248 3529 3407 3584 quem
3439 3511 3554 3566 Ma-

1968 3613 2224 3670 billonius
2256 3612 2426 3668 edidit
2466 3621 2599 3666 tom.
2633 3609 2698 3665 IV
2737 3608 2960 3674 Annal.,
3001 3608 3054 3662 in
3100 3605 3434 3677 appendice;
3481 3619 3549 3658 ex

1971 3718 2036 3759 ea
2065 3714 2247 3758 autem
2275 3701 2534 3758 discimus
2579 3716 2687 3756 non
2727 3698 2900 3755 solum
2940 3713 3142 3752 annum
3187 3711 3296 3769 quo
3344 3695 3542 3764 scripta

1969 3802 2074 3859 est,
2106 3793 2201 3849 sed
2228 3795 2390 3848 etiam
2419 3807 2527 3862 quo
2571 3791 2751 3847 habita
2785 3797 2869 3844 est
2899 3787 3047 3860 prior
3077 3787 3314 3859 synodus
3347 3784 3546 3839 Lemo-

1968 3881 2202 3937 viccnsis
2233 3897 2330 3952 pro
2356 3880 2648 3936 asset-endo
2673 3879 2775 3932 hoc
2805 3874 3133 3948 apostolatu,
3155 3872 3362 3932 scilicet
3391 3871 3546 3927 l028.

303 4177 2818 4206 Ww

1325 4370 1845 4464 JORDANI
1920 4363 2503 4458 EPISTULA

399 4602 490 4666 Ad
523 4602 938 4668 Benedictum
975 4603 1114 4664 Vlll
1160 4603 1516 4664 Romanum
1539 4599 1933 4681 pontiﬁcem,
1954 4580 2093 4674 icui,
2133 4593 2437 4688 defuncto
2471 4591 2845 4662 Benedicto.
2879 4598 3262 4668 responsum
3291 4576 3467 4641 dedit

1674 4719 1962 4781 Joannes.
1988 4717 2180 4778 XIX.

931 5000 938 5006 .
1004 4925 1251 5005 (Vide-in
1278 4925 1482 4981 JOANNE
1521 4914 1761 4991 XIX,'ad
1792 4940 1859 4977 an

1964 4925 2074 4990 155,
2099 4920 2420 4989 Ραιτυιοσὶω
2442 4929 2566 4973 tom.
2609 4911 2830 4980 CXLI.)
2898 4886 2901 4888 ’
