4044 5290
556 313 688 369 (δεδι

1404 311 1690 368 JORDANI
1727 303 2225 368 LEMOVICENSIS
2264 311 2565 370 EPISCOPI
2597 312 3003 370 DIPLOIIATA.

3677 311 3806 367 135!

841 521 3800 546 Μ

1206 674 1810 791 JORDANI
1853 789 1862 798 ,
1900 676 2151 789 ΒΙΡῙ

2226 582 2716 790 ΟΜΑΤᾸ
2797 678 3126 793 DUO.

895 888 1056 963 (Call.
1083 889 1276 945 Christ.
1309 901 1438 946 tom.
1470 890 1528 955 ll,
1555 891 1824 961 Appeml.,
1853 906 1970 961 pag.
2010 890 2132 955 l7l,
2162 890 2287 956 172,
2317 907 2384 946 ex
2421 891 2693 948 chartario
2721 884 2974 948 Ecclesiae
3006 893 3449 966 Lemovicensis.)

1319 1153 1362 1209 Ι.

541 1250 752 1306 Littera:
779 1249 1005 1305 lordani
1049 1247 1428 1317 Lemovicensis
1451 1247 1695 1317 episcopi,
1727 1245 1914 1316 quibus
1957 1247 2124 1301 multa

891 1319 1092 1388 confert
1130 1317 1357 1386 capitulo
1399 1316 1772 1372 Lemoviceust'.

610 1432 667 1487 ln
721 1431 939 1486 nomine
988 1439 1188 1484 sancta:
1216 1439 1271 1485 et
1321 1429 1610 1486 individua:
1664 1429 1965 1495 Trinitatis,
2027 1445 2125 1501 ego

539 1519 838 1587 Jordanus,
895 1523 992 1577 Dei
1045 1523 1218 1592 gratia
1271 1521 1571 1577 Lemovica:
1619 1522 1764 1576 sedis
1817 1513 2122 1594 episc‘opus,

539 1614 791 1670 humana:
848 1614 1158 1686 fragilitatis
1213 1614 1567 1668 considerans
1623 1613 1945 1678 casum,de
2003 1629 2124 1670 meo

539 1710 718 1764 alodio
772 1709 914 1778 quod
962 1706 1303 1762 hrercditario
1335 1706 1464 1759 mihi
1503 1705 1781 1767 successit,
1819 1720 1914 1774 pro
1949 1720 2124 1760 reme-

540 1799 632 1854 dio
660 1801 856 1854 anima:
892 1815 1023 1854 mea:
1068 1807 1462 1868 parentumque
1508 1812 1750 1853 meorum
1782 1797 2020 1852 Marbodi
2068 1806 2123 1852 et
2153 1835 2162 1852 κ

540 1892 856 1963 OJolgardae
911 1891 1096 1946 uxoris
1142 1888 1280 1959 ejus,
1317 1899 1374 1944 et
1434 1890 1575 1960 patri
1617 1904 1740 1945 meo
1791 1888 2023 1945 Geraldo
2067 1899 2123 1944 et

539 1997 708 2036 uxore
739 1981 1055 2053 Odolgardm
1090 1981 1232 2034 dono
1263 1988 1427 2049 atque
1458 1981 1698 2036 concedo
1750 1979 1808 2035 8.
1841 1981 2122 2051 Stephano

538 2073 606 2128 ad
663 2074 846 2127 sedem
908 2072 1214 2128 Lemovicze
1289 2071 1542 2137 civitatis,
1598 2079 1654 2124 et
1707 2070 1774 2124 ad
1830 2069 2122 2124 canonicos

540 2168 780 2238 ejusdem
811 2168 956 2224 sedis
1005 2169 1056 2222 in
1113 2167 1327 2222 alodum
1361 2167 1414 2222 in
1455 2168 1764 2222 communia
1809 2168 1876 2222 ad
1903 2167 2123 2222 canoni-

537 2274 652 2324 cos,
685 2259 802 2315 sine
829 2260 1070 2315 omnium
1103 2257 1384 2314 hominum
1415 2257 1866 2325 contradictione,
1917 2260 2123 2314 scilicet

538 2350 760 2408 castello
793 2367 932 2405 novo
965 2360 1166 2406 turrem
1213 2348 1546 2420 superiorem
1578 2349 1837 2422 etﬂquod
1881 2351 2123 2407 domnio-

539 2459 610 2496 no
657 2443 806 2513 vulgo
843 2443 1038 2496 dicitur
1076 2441 1296 2513 donjon]
1337 2442 1427 2497 ubi
1475 2441 1656 2506 sedet,
1703 2451 1758 2496 et
1795 2441 1984 2496 domos
2011 2482 2026 2508 ,
2071 2449 2125 2496 et

2156 1161 2205 1220 Α
2235 1156 2396 1210 modo
2445 1165 2590 1211 esset
2642 1154 2840 1210 factum
2887 1153 2980 1227 [Γ.⁹
3026 1155 3422 1230 ΐθοιυηιεμίηεε
3465 1157 3736 1216 electione
3762 1171 3816 1215 et

2232 1247 2352 1312 sine
2382 1246 2612 1301 consilio
2637 1245 2694 1301 S.
2727 1245 2987 1316 Stephani
3023 1250 3429 1314 canonicorum,
3460 1258 3517 1305 et
3541 1266 3664 1307 sine
3685 1266 3812 1307 corr.

2231 1336 2350 1390 silio
2371 1336 2614 1391 Aimirici
2659 1337 2726 1392 de
2757 1334 2948 1402 Niolio,
2975 1352 3097 1392 cum
3144 1355 3246 1394 uno
3290 1340 3399 1394 ﬁlio
3421 1355 3540 1402 suo,
3568 1340 3618 1396 si
3654 1342 3816 1396 virus

2229 1426 2353 1486 erit,
2404 1423 2487 1478 vel
2535 1435 2780 1480 mortuus
2819 1425 3004 1490 fuerit,
3071 1443 3192 1483 cum
3241 1428 3450 1485 duobus
3499 1431 3617 1485 suis
3665 1430 3814 1492 ﬁliis.

2227 1515 2478 1570 similiter
2531 1531 2655 1571 cum
2711 1515 2921 1572 duobus
2972 1517 3093 1573 liliis
3153 1519 3365 1574 Alduini
3418 1521 3485 1575 de
3533 1519 3819 1576 Nobiliaco

2225 1606 2271 1660 si
2301 1606 2405 1661 vivi
2435 1615 2612 1673 erunt;
2648 1607 2694 1661 si
2722 1608 2918 1662 mortui
2947 1617 3071 1662 sunt
3094 1624 3213 1664 cum
3231 1611 3455 1665 consilio
3479 1610 3693 1665 illorum
3723 1613 3817 1682 qui

2225 1706 2410 1752 tenent
2448 1698 2581 1754 istas
2627 1708 2802 1754 turres
2857 1700 2925 1755 de
2969 1700 3143 1757 Niolio
3172 1711 3227 1758 et
3264 1703 3329 1758 de
3353 1701 3654 1758 Nobiliaco.
3684 1704 3818 1758 Pro-

2226 1795 2348 1855 pter
2374 1790 2934 1844 commendamentum
2963 1791 3220 1861 episc0pi,
3247 1792 3362 1847 haec
3388 1793 3586 1849 electio
3614 1809 3722 1848 non
3749 1797 3820 1849 sit

2224 1879 2366 1934 facta
2391 1889 2613 1950 propter
2642 1881 2850 1936 lucrum
2876 1892 3167 1950 terrenum,
3204 1900 3378 1955 neque
3402 1896 3627 1957 propter
3648 1887 3820 1942 alien:-

2217 1967 2309 2038 jus
2336 1970 2652 2035 amicitiam,
2681 1973 2774 2027 sed
2798 1973 2863 2028 ad
2893 1975 3118 2029 salutem
3147 1977 3205 2030 S.
3230 1975 3488 2047 Stephani
3513 1979 3820 2033 Lemovicat

2223 2061 2386 2125 sedis,
2429 2061 2535 2116 illis
2564 2063 2895 2130 scientibus;
2923 2074 2979 2120 et
3022 2065 3110 2120 ille
3137 2067 3421 2136 episeopus
3464 2071 3558 2138 qui
3593 2069 3815 2122 venerit

2225 2163 2345 2223 post
2373 2151 2666 2208 Jordanum
2698 2155 3030 2225 episcopum,
3081 2156 3246 2211 faciat
3274 2157 3435 2212 talem
3462 2159 3816 2214 securitatem

2223 2251 2280 2297 et
2323 2243 2632 2298 firmitatem
2677 2244 2891 2314 qualem
2936 2244 3063 2302 fecit
3101 2245 3379 2302 Jordanus
3427 2249 3735 2317 episcopus,
3764 2257 3821 2302 et

2224 2333 2307 2387 sui
2341 2343 2736 2399 antecessores,
2774 2337 2842 2391 ad
2874 2339 3165 2392 canonicos
3210 2336 3268 2392 S.
3316 2337 3576 2408 Stephani
3609 2339 3678 2393 de
3701 2338 3822 2407 epi-

2225 2432 2448 2493 scopatu
2471 2435 2524 2480 et
2546 2424 2614 2480 de
2635 2427 2940 2480 commttnia
2989 2427 3202 2481 illorum
3231 2443 3245 2488 ;
3275 2437 3368 2481 aut
3415 2427 3576 2481 talem
3603 2428 3816 2483 securi-

539 2537 658 2590 illas
685 2536 957 2605 pleiduras
979 2551 1099 2605 qua:
1134 2535 1201 2590 ad
1252 2549 1426 2589 meam
1478 2535 1749 2605 pertinent
1779 2533 2122 2599 divisionem,
2154 2516 2200 2576 Β
2229 2523 2395 2570 “item
2426 2515 2638 2585 quam“
2673 2517 2772 2586 ίρδί
2803 2517 2945 2572 ῖηιθτ
2986 2533 3044 2574 se
3091 2519 3370 2590 9108973“,
3398 2530 3452 2574 ει
3475 2521 3595 2575 Sim?
3617 2519 3816 2575 Ῐοτάα·

541 2635 754 2694 pratnm
813 2627 1095 2695 superiore
1148 2625 1214 2679 ad
1255 2623 1481 2688 fontem,
1538 2622 1728 2677 silvam
1758 2638 1878 2691 qua:
1925 2621 2126 2676 dicitur

538 2717 724 2784 Serra,
779 2725 1028 2785 quartam
1085 2724 1292 2785 partem
1368 2713 1583 2783 capella:
1631 2714 1690 2768 S.
1744 2713 2018 2769 Michaelis
2072 2722 2128 2770 et

541 2806 600 2859 S.
643 2806 884 2874 Quintini
925 2822 1046 2861 cum
1071 2807 1216 2861 omni
1269 2814 1415 2862 terra
1461 2821 1582 2876 qua:
1608 2805 1674 2861 ad
1702 2805 1960 2876 capellam
2007 2821 2130 2875 per-

537 2898 758 2964 tinent,
809 2907 977 2954 curta:
1036 2898 1102 2953 de
1151 2897 1413 2952 Cursatea
1465 2898 1608 2952 sicut
1680 2905 1765 2951 est
1829 2896 1896 2951 de
1946 2895 2127 2950 fevum

539 2989 754 3044 cornitis
804 2986 1178 3043 Pictaviensis.
1236 2987 1354 3057 ipse
1397 2985 1703 3041 Willelmus
1731 3000 1913 3041 comes
1958 2994 2128 3039 totum

545 3077 692 3129 illum
726 3076 903 3131 fevum
933 3076 1084 3129 dedit
1122 3076 1251 3129 mihi
1283 3076 1336 3129 in
1389 3075 1606 3130 alodum
1638 3083 1792 3128 extra
1838 3075 2131 3144 episcopa-

547 3181 684 3223 tum.
738 3169 794 3225 Si
849 3169 972 3239 quis
1019 3184 1147 3223 vero
1179 3170 1319 3224 hanc
1364 3167 1728 3238 supradictam
1783 3166 2129 3221 donationem

541 3261 952 3323 contradixerit,
1000 3269 1091 3313 aut
1148 3257 1482 3313 calumniare
1529 3257 1780 3321 voluerit,
1838 3256 2128 3311 anathema

541 3352 632 3415 sit,
661 3359 866 3406 etcum
911 3351 1120 3405 Dathan
1169 3357 1224 3405 et
1266 3348 1470 3404 Abiron
1504 3349 1556 3402 in
1589 3346 1861 3403 infernum
1915 3347 2134 3401 demer-

544 3457 610 3513 εει
620 3451 724 3497 tur.

635 3531 860 3604 Signum
908 3530 1136 3586 ’Jordani
1207 3530 1482 3600 episcopi,
1542 3529 1650 3600 qui
1686 3529 1827 3584 hanc
1883 3529 2126 3583 chartam

544 3621 781 3678 ﬁrmavit
805 3631 858 3676 et
874 3623 1114 3677 scribere
1133 3620 1313 3689 jussit.
1334 3619 1456 3676 H330
1483 3621 1670 3675 charta
1693 3619 1835 3676 facta
1851 3629 2129 3676 estmense

544 3710 861 3778 Februario,
911 3721 1168 3780 regnante
1216 3709 1453 3766 llenrico
1505 3724 1632 3780 rege
1669 3708 2022 3771 Francorum.
2077 3719 2131 3764 ct

539 3799 838 3856 ‘Guillelmo
865 3800 1000 3855 duce
1030 3799 1444 3868 Aquitanorum.

1293 3911 1357 3965 ll.

545 3998 836 4056 Concordia
867 4001 1180 4074 inita__i_u_t_er
1209 4001 1506 4074 Jordanum
1551 4004 1847 4074 episcopum
1884 3987 2122 4059 Lemovi-

675 4087 897 4136 censent,
921 4082 969 4126 et
999 4070 1320 4125 Willelmum
1345 4072 1584 4126 comitem
1610 4070 1814 4126 Pictavi
1823 4091 2016 4128 ensem.

613 4161 897 4218 Credimus
923 4176 1032 4218 non
1058 4160 1226 4217 latere
1255 4161 1458 4232 peritos
1486 4164 1676 4233 prisca:
1704 4165 2123 4230 constitutionis.

543 4252 687 4321 quod
715 4268 956 4308 summus
983 4251 1162 4324 opifex
1204 4252 1367 4307 totius
1405 4253 1698 4308 creatiouis
1723 4268 1786 4308 ea
1819 4253 2125 4310 conditione

547 4341 679 4413 legis
705 4343 964 4399 fabricam
1014 4343 1264 4398 eﬂiciavit
1308 4343 1562 4409 hominis,
1614 4353 1881 4413 quatenus
1913 4344 2126 4398 cunctis

548 4447 802 4505 praeesset
831 4437 1191 4491 animantibus
1229 4449 1347 4505 quae
1383 4445 1667 4491 moventur
1693 4436 1746 4490 in
1789 4437 1965 4491 terris.
1994 4435 2123 4490 0m-

548 4540 646 4583 nes
695 4528 939 4582 homines
965 4538 1177 4582 natura
1220 4529 1452 4598 aequales
1497 4532 1702 4598 genuit,
1729 4530 1821 4584 sed
1859 4530 2124 4599 amplilica

550 4615 647 4672 Dei
672 4615 1042 4685 dispositione,
1080 4631 1200 4671 cum
1241 4631 1465 4687 qnzeque
1512 4633 1610 4672 suo
1623 4616 1733 4687 juri
1779 4617 2020 4687 subjecta
2050 4628 2130 4671 te-

548 4720 680 4763 nere
707 4705 990 4777 quivisset,
1019 4721 1126 4759 non
1159 4714 1348 4760 natura
1399 4707 1862 4772 accommodaute,
1913 4709 2003 4763 sed
2036 4724 2126 4762 va-

548 4799 725 4854 riante
752 4800 1066 4854 meritorum
1091 4798 1303 4862 ordine,
1330 4797 1466 4852 alios
1485 4797 1606 4854 aliis
1629 4799 1784 4868 culpa
1808 4799 2124 4870 postposuit.

547 4890 662 4945 lmo
689 4904 864 4962 reges,
892 4889 1141 4955 comites,
1181 4888 1440 4959 praesules
1463 4887 1584 4942 aliis
1629 4887 1934 4944 hominibus
1956 4889 2128 4943 domi-

551 4981 730 5034 nando
751 4993 982 5048 prmesse
1003 4985 1305 5050 coeperunt,
1334 4976 1475 5033 sicut
1500 4975 1632 5032 dicit
1665 4975 1989 5033 Psalmista:
2021 4975 2129 5032 Int-

549 5069 768 5104 nnceu'ole'
797 5070 1027 5104 Ιιηηιὸηοο
1056 5084 1208 5104 συνιιο
1243 5068 1415 5104 ρηηδΙιο
1442 5076 1621 5104 anthr:-
1644 5063 1796 5104 “3...:
1841 5082 1858 5104 l
1875 5081 1943 5104 ετ
2108 5081 2119 5088 ⁸

2224 2606 2419 2664 Comes
2460 2607 2760 2665 Willelmus
2813 2625 2935 2664 cum
2997 2610 3232 2667 Jordano
3277 2613 3533 2682 episcopo
3580 2623 3636 2667 et
3691 2628 3817 2668 cum

2225 2703 2503 2758 canonicis
2544 2702 2603 2759 S.
2634 2705 2891 2776 Stephani
2941 2707 3044 2762 tale
3087 2708 3275 2763 habuit
3324 2719 3654 2764 conventum
3692 2724 3816 2764 cum

2220 2791 2552 2863 iuramento,
2585 2803 2644 2847 ut
2671 2795 2736 2848 de
2762 2796 3070 2866 episcopatu
3109 2797 3238 2852 nihil
3264 2796 3421 2851 daret
3445 2814 3548 2852 nec
3575 2801 3816 2853 minora-

2229 2890 2331 2946 ret,
2362 2896 2460 2935 nec
2493 2897 2621 2937 suus
2673 2897 2958 2939 successor
2998 2886 3088 2954 qui
3148 2895 3266 2955 post
3299 2902 3418 2940 eum
3456 2887 3716 2952 veniret;
3755 2898 3812 2941 et

2228 2969 2272 3024 si
2304 2970 2370 3024 de
2411 2970 2519 3025 hoc
2555 2981 2824 3025 conventu
2864 2975 3282 3046 congregatione
3319 2975 3501 3030 Sancti
3549 2977 3811 3046 Stephani

2227 3058 2370 3113 male
2399 3060 2676 3127 minasset,
2709 3070 2763 3116 et
2787 3061 2838 3114 in
2871 3061 3223 3130 'adjutorium
3267 3062 3406 3118 inl'ra
3432 3079 3487 3118 ιι
3531 3065 3650 3119 dies
3679 3081 3809 3120 con-

2230 3157 2312 3204 tra
2349 3148 2472 3204 illos
2501 3151 2747 3204 homines
2789 3166 2894 3206 non
2928 3151 3120 3207 fuisset
3147 3153 3236 3223 qui
3279 3153 3418 3210 male
3445 3149 3726 3220 fecisSent,
3754 3171 3816 3212 ac

2229 3242 2646 3310 congregatione
2697 3241 2882 3296 Sancti
2932 3243 3193 3312 Stephani
3244 3245 3303 3298 ut
3355 3254 3537 3300 essent
3585 3245 3814 3301 absoluti

2229 3330 2370 3400 quod
2402 3331 2453 3384 in
2482 3346 2575 3385 sua
2607 3331 2864 3386 ﬁdelitate
2898 3348 3000 3386 non
3031 3342 3255 3398 starent,
3293 3332 3452 3401 hujus
3485 3334 3564 3389 rei
3597 3343 3818 3405 propter

2229 3419 2577 3488 adjutorium,
2599 3435 2784 3476 comes
2809 3420 3112 3477 Willelmus
3145 3423 3293 3478 dedit
3337 3425 3554 3479 obsides
3592 3426 3815 3480 Aimiri~

2229 3526 2350 3566 cum
2381 3511 2449 3566 de
2495 3511 2762 3578 Roncnm,
2791 3512 3068 3567 Alhertum
3121 3514 3188 3569 de
3231 3513 3465 3580 Canibo;
3519 3524 3577 3569 et
3631 3516 3680 3571 si
3728 3517 3813 3571 isti

2231 3602 2429 3656 mortui
2468 3601 2692 3667 fuerint,
2741 3603 2875 3658 alios
2921 3601 2975 3658 in
3011 3603 3185 3659 locum
3241 3603 3453 3660 illorum
3500 3615 3816 3661 restaurent

2235 3699 2442 3744 tantum
2465 3690 2825 3756 valentes;et
2875 3699 3094 3762 propter
3141 3703 3464 3748 conventum
3511 3701 3568 3748 et
3595 3694 3814 3750 electio-

2232 3798 2368 3854 nem.
2407 3781 2747 3853 episcopatus
2785 3783 2874 3838 isti
2919 3793 3045 3838 sunt
3103 3785 3359 3841 obsides:
3401 3784 3708 3842 Willelmns
3751 3788 3816 3841 de

2157 3861 2202 3922 C
2234 3871 2404 3938 Roca,
2454 3872 2770 3929 Guillelmus
2813 3875 2878 3929 de
2922 3874 3137 3940 Kartes,
3164 3875 3278 3946 Ugo
3313 3875 3380 3932 de
3425 3875 3667 3940 Lacella,
3713 3876 3815 3932 Ge-

2230 3967 2412 4022 raldus
2453 3968 2521 4022 de
2551 3967 2797 4032 Volvent,
2855 3968 2994 4022 filius
3022 3968 3329 4034 Raimundi,
3362 3969 3550 4024 Vivian
3594 3969 3662 4023 de
3689 3968 3815 4024 Breo

2229 4059 2399 4122 rlerio,
2431 4059 2624 4114 Petrus
2649 4059 2717 4114 de
2742 4059 2895 4114 Niort
2919 4077 2933 4125 ;
2963 4069 3020 4116 et
3043 4060 3088 4114 si
3115 4059 3308 4130 aliquis
3331 4060 3541 4116 illorum
3570 4070 3817 4116 mortuus

2228 4149 2411 4216 fuerit,
2457 4151 2592 4205 infra
2629 4152 2934 4221 quindecim
2956 4151 3092 4218 dies,
3135 4153 3178 4208 si
3228 4167 3411 4207 comes
3459 4151 3814 4208 Pictaviensis

2228 4243 2569 4298 submonitus
2621 4243 2804 4307 fuerit,
2858 4252 3230 4309 restauretnr;
3299 4254 3354 4299 et
3407 4243 3495 4300 ille
3567 4245 3816 4315 quileos

2230 4327 2619 4397 submonuerit,
2674 4334 2927 4388 damnum
2991 4350 3096 4388 non
3162 4334 3356 4400 habet;
3401 4342 3455 4389 et
3505 4335 3550 4390 si
3602 4336 3677 4388 ita
3711 4349 3813 4388 non

2229 4423 2458 4477 attendit
2494 4422 2631 4476 infra
2671 4438 2736 4477 av
2782 4423 2899 4477 dies
2936 4432 3216 4493 postquam
3252 4423 3539 4479 submoniti
3591 4423 3813 4487 fuerint,

2231 4529 2286 4583 in
2322 4513 2613 4569 Castellum
2657 4513 2716 4568 S.
2761 4513 3020 4582 Stephani
3071 4528 3132 4568 se
3192 4515 3407 4568 mittant
3460 4514 3613 4569 intus
3656 4511 3814 4588 [forte

2230 4601 2397 4675 quod]
2429 4601 2669 4657 clausum
2694 4611 2778 4658 est
2816 4617 2970 4657 muro
2993 4611 3046 4656 et
3075 4601 3277 4658 fossato
3311 4602 3429 4657 sine
3469 4603 3616 4658 malo
3661 4604 3809 4669 inge-

2231 4690 2344 4756 nio,
2372 4699 2428 4745 et
2460 4690 2586 4747 inde
2621 4705 2728 4744 non
2779 4699 2978 4745 exeant
3025 4690 3145 4746 sine
3189 4689 3528 4746 absolutione
3577 4691 3814 4760 quinque

2231 4780 2553 4838 clericorum
2568 4780 2658 4852 qui
2688 4789 2814 4835 sunt
2835 4779 3117 4835 obsides...
3143 4780 3395 4834 comitem
3417 4778 3809 4836 Pictaviensem

2233 4870 2278 4924 si
2309 4869 2414 4923 vivi
2439 4877 2583 4933 sunt,
2611 4878 2665 4924 et
2691 4870 2736 4924 si
2765 4869 2963 4924 mortui
2991 4877 3141 4935 sunt,
3178 4878 3398 4938 prapter
3417 4867 3807 4923 absolutionem

2231 4974 2417 5016 eorum
2443 4961 2534 5030 qui
2555 4960 2812 5015 honorem
2844 4958 2992 5014 illum
3041 4967 3244 5023 tenent,
3279 4971 3401 5011 cum
3427 4956 3658 5011 consilio
3682 4955 3810 5010 alio-

2235 5065 2352 5104 rum:
2388 5051 2627 5104 eui-mne
2652 5050 2974 5104 clericorum
3005 5048 3097 5104 cui
3128 5057 3255 5103 sunt
3295 5047 3347 5100 in
3377 5046 3518 5103 loco.
3560 5053 3617 5100 et
3635 5045 3702 5098 ad
3728 5059 3810 5097 sa-
