4044 5290
184 348 314 406 ὶῑὸῑ
353 337 358 342 ’

1205 339 1386 396 ACTA
1429 336 1721 394 CONClLll
1765 331 2266 390 LEMOVICENSIS
2305 329 2367 385 ll.

3302 323 3440 378 1354

201 495 3438 547 __________________________________________..____..___________

357 651 778 786 ACTA
869 652 1558 786 CONCILII
1652 651 1771 777 Li

1871 643 2816 780 MOVICENSIS
2908 642 3026 772 ΙΙ
3117 614 3244 764 ω.

972 887 1152 948 Anno
1191 888 1369 960 1031,
1402 883 1501 946 die
1531 886 1609 948 18
1637 881 1931 946 Novemb.
1971 881 2083 943 sub
2112 879 2400 944 Jordano
2431 877 2656 941 habiti.

255 1054 310 1110 In
340 1069 447 1126 quo
472 1053 654 1126 agitur
682 1053 749 1110 de
777 1053 1079 1126 apostolatu
1112 1049 1172 1107 S.
1201 1050 1490 1126 Martialis
1512 1060 1569 1106 et
1616 1047 1800 1126 multis
1827 1047 1894 1102 ad
1923 1046 2272 1126 disciplinam
2302 1045 2692 1126 Spectantibus:
2722 1041 3166 1126 Intermiseentur
3204 1039 3449 1126 ejusdem

187 1113 401 1182 Jordaiii
426 1113 789 1194 alli'tcutiones
812 1113 881 1179 'ad
912 1124 1103 1194 Patres
1131 1123 1343 1194 synodi,
1372 1121 1719 1194 sciliceL;__l-
1749 1117 2004 1194 Narratio
2032 1113 2210 1194 brevis
2241 1120 2306 1173 de
2332 1113 2511 1172 'rebus
2557 1116 2726 1194 gestis
2749 1116 2803 1170 in
2834 1113 3450 1194 synodoﬁemovicensi

190 1179 309 1248 anni
350 1193 516 1259 1028;
555 1194 614 1249 2°
640 1179 867 1247 Humilia
899 1194 951 1247 in
984 1193 1101 1247 haec
1127 1179 1292 1246 viarba
1322 1179 1482 1246 Lucas
1513 1210 1525 1244 :
1555 1188 1732 1244 Filius
1779 1188 2005 1242 hominis
2035 1189 2169 1243 venit
2207 1203 2441 1258 quwrere
2467 1196 2515 1240 et
2543 1179 2746 1241 salvan
2781 1179 2921 1258 quod
2955 1185 3223 1254 perierat;
3255 1184 3312 1237 5°
3337 1179 3450 1236 elo-

193 1265 331 1336 gium
359 1265 816 1320 monasteriorum
843 1263 1095 1318 ditecesis
1125 1260 1554 1317 Lemovicensis.

1223 1375 1400 1448 (Apud
1431 1374 1602 1431 Labb.
1627 1371 1832 1428 Concil.
1859 1379 1971 1426 tom
2003 1372 2095 1438 IX,
2125 1373 2229 1429 col.
2253 1371 2402 1444 869.)

811 1639 1049 1696 SESSIO
1085 1640 1126 1693 l.

449 1732 718 1788 Celebrate
748 1747 838 1786 xw
864 1729 1136 1784 Kalendas
1166 1728 1484 1785 Decembris.

257 1827 479 1882 Factum
509 1836 593 1881 est
616 1826 708 1880 illo
739 1835 981 1893 tempore
1009 1832 1068 1876 ιιι
1104 1821 1198 1875 Dei
1227 1829 1357 1876 nutu
1387 1821 1439 1875 in
1471 1820 1764 1877 festivitate

190 1920 545 1977 dedicationis
593 1917 778 1989 templi
835 1915 1047 1970 Domini
1109 1914 1440 1980 Salvatoris,
1486 1917 1630 1985 quod
1680 1923 1766 1970 est

196 2030 284 2068 ιιν
331 2013 607 2068 Kalendas
647 2009 977 2074 Decembris,
1010 2017 1432 2077 congregaretur
1477 2007 1765 2062 concilium

189 2103 326 2172 apud
369 2102 559 2156 urbem
607 2099 972 2155 Lemovieam.
1024 2098 1141 2167 Ipsa
1185 2098 1368 2168 itaque
1413 2096 1766 2173 dedicationis

191 2195 292 2255 die,
323 2208 536 2247 summo
564 2205 720 2245 mane
741 2198 1109 2245 convenerunt
1132 2204 1322 2242 omnes
1342 2188 1502 2242 simul
1529 2188 1766 2258 episcopi

190 2295 308 2336 cum
355 2280 685 2352 presbyteris
719 2289 773 2333 et
811 2277 1158 2342 diaconibus,
1207 2277 1260 2331 in
1300 2276 1586 2331 ecclesiam
1625 2276 1766 2330 beati

189 2371 604 2442 protomartyris
636 2368 918 2439 Stephani.
951 2367 1082 2422 Erat
1109 2375 1288 2420 autem
1332 2368 1521 2420 eadem
1548 2365 1768 2420 basilica

190 2473 409 2532 pr0ptcr
436 2463 802 2518 coadunatum
837 2459 1126 2515 concilium
1155 2457 1388 2514 solemni
1421 2473 1571 2513 more
1595 2457 1769 2528 pridie

190 2561 398 2616 ornata,
429 2551 568 2606 sicut
595 2558 649 2604 et
675 2548 905 2605 ecclesia
954 2547 1251 2603 Salvatoris
1295 2547 1530 2612 Domini,
1568 2549 1621 2601 in
1659 2561 1768 2616 qua

189 2640 555 2695 anniversaria
588 2639 942 2694 dedicationis
977 2637 1238 2694 festivitas
1267 2637 1338 2691 ab
1379 2638 1525 2692 omni
1573 2637 1768 2692 Lemo—

189 2733 390 2786 vicensi
440 2733 639 2802 populo
688 2732 791 2787 rite
842 2730 1236 2786 celebrabatur.
1286 2730 1530 2785 Fuerunt
1587 2731 1770 2801 itaque

191 2823 461 2894 dispositae
487 2824 541 2879 in
587 2824 804 2879 modum
836 2837 1049 2877 coronae
1079 2824 1237 2877 sedes
1283 2822 1660 2901 episcoporum
1710 2822 1769 2878 in

191 2919 379 2973 eadem
421 2926 610 2972 Sancta
643 2916 1010 2971 Letnovicensi
1039 2916 1286 2978 ecclesia,
1339 2901 1458 2984 qua!
1487 2926 1572 2971 est
1595 2915 1769 2987 prima

1790 1643 1840 1701 Α
1869 1648 2030 1702 nunt,
2072 1655 2150 1694 res
2182 1637 2477 1693 sanctuarii
2498 1640 2818 1708 pervadunt,
2849 1657 3105 1711 pauperes
3146 1641 3275 1694 mihi
3308 1657 3451 1695 com-

1866 1731 2052 1785 missos
2098 1741 2145 1786 et
2196 1730 2447 1784 Ecclesiae
2501 1732 2765 1785 ministros
2803 1734 3066 1802 afﬂigunt,
3114 1742 3160 1787 et
3209 1749 3324 1797 me,
3359 1735 3452 1803 qui

1866 1835 2046 1874 eorum
2090 1829 2270 1890 pastor
2315 1836 2459 1882 sum,
2491 1821 2556 1874 de
2598 1837 2726 1890 pace
2769 1823 2956 1876 audire
3000 1822 3205 1876 nolunt.
3248 1821 3453 1878 Omnes

1869 1913 2108 1982 episcopi
2157 1929 2279 1967 uno
2311 1927 2406 1967 ore
2437 1912 2730 1968 dixerunt:
2779 1933 2796 1965 ι
2853 1913 2956 1980 Qui
2984 1913 3277 1968 conturbat
3314 1929 3448 1979 vos,

1869 2004 2107 2074 portabit
2145 2003 2441 2074 judicium,
2489 2004 2797 2073 quicunque
2840 2013 2924 2059 est
2965 2003 3080 2068 ille;
3123 2005 3342 2074 dignum
3367 2013 3455 2060 est

1869 2096 2014 2150 enim
2049 2103 2106 2149 ut
2146 2095 2310 2162 tales;
2357 2095 2448 2164 qui
2476 2095 2632 2150 vobis
2659 2096 2934 2150 contraire
2981 2106 3348 2165 przesumunt,
3382 2097 3452 2154 ab

1869 2184 2124 2241 Ecclesiae
2155 2184 2536 2239 communione
2563 2186 2930 2240 abscidantur.
2977 2185 3112 2241 Nam
3143 2187 3453 2258 quicunun

1869 2274 2022 2328 vobis
2050 2274 2298 2328 subditos
2328 2272 2679 2336 conturbant,
2717 2289 2814 2329 vos
2844 2275 3196 2342 conturbant;
3228 2277 3319 2346 qui
3349 2292 3450 2332 au-

1870 2372 1980 2419 tem
2018 2378 2117 2418 vos
2156 2365 2516 2429 conturbant,
2567 2363 2842 2420 Christum
2886 2367 3239 2432 conturbant,
3289 2367 3450 2436 cujus

1869 2456 1988 2509 vice
2033 2453 2274 2524 episcopi
2305 2455 2570 2525 legatione
2611 2455 2928 2526 ltittgutttur.
2973 2457 3204 2526 Ideoque
3254 2457 3452 2512 divinae

1869 2555 1926 2600 et
1962 2544 2271 2612 apostolicae
2309 2547 2600 2600 severitate
2634 2544 2988 2602 districtionis
3027 2548 3171 2619 digni
3207 2557 3355 2613 sunt;
3396 2556 3452 2604 et

1869 2649 1902 2689 a
1942 2643 2130 2688 nostro
2157 2634 2388 2689 concilio
2415 2633 2562 2703 justo
2592 2637 2936 2690 anathemate
2975 2637 3262 2708 plectendi,
3311 2652 3453 2708 quo-

1871 2741 2043 2796 usque
2070 2726 2346 2781 fructuose
2371 2727 2683 2796 paenitendo
2715 2728 3059 2798 resipiscant.
3094 2747 3112 2781 ι

1943 2818 2096 2875 Tunc
2142 2818 2448 2886 Odolricus,
2483 2821 2797 2875 monasterii
2833 2822 3306 2878 reverentissimus
3352 2837 3451 2893 pa-

1871 2919 1978 2974 ter,
2007 2911 2198 2975 sacris,
2245 2919 2302 2965 ut
2337 2911 2491 2980 juxta
2519 2913 2830 2982 pontilicem
2878 2913 3182 2977 residebat,
3209 2915 3454 2968 vestibus

187 3011 428 3064 omnium
473 3009 824 3064 ecclesiarum
855 3007 1064 3062 Gallina.
1113 3007 1183 3061 At
1229 3007 1317 3062 ubi
1344 3016 1558 3062 oratum
1582 3017 1686 3073 est,
1716 3007 1845 3068 etB
1874 3013 2138 3067 ornatus,
2181 3005 2233 3058 in
2266 3019 2463 3060 corona
2513 3004 2888 3075 episcoporum
2930 3021 3260 3077 exsurgens,
3308 3007 3453 3063 facto

188 3101 446 3156 sederunt
489 3101 762 3169 episcopi,
807 3100 931 3154 data
978 3099 1047 3154 ab
1092 3100 1478 3155 archidiacono
1519 3100 1770 3168 lectione,

187 3186 459 3244 Jordanus
485 3189 722 3258 pontifex
751 3188 827 3242 ait
854 3205 869 3243 :
898 3188 1084 3244 Gratia
1122 3190 1304 3243 divina
1340 3190 1651 3258 inspirante,
1678 3207 1773 3246 vo-

189 3280 394 3332 catione
420 3288 601 3331 nostra
643 3279 867 3348 episcopi
904 3289 1183 3348 prtesentes
1209 3280 1277 3333 ad
1309 3288 1542 3333 nostrum
1574 3281 1772 3349 suffra-

188 3373 356 3440 gium,
393 3370 458 3424 de
491 3371 880 3441 quibuscunque
905 3386 1040 3440 opus
1065 3371 1249 3440 fuerit,
1298 3370 1506 3441 dignati
1540 3382 1660 3425 sunt
1691 3386 1778 3427 ve-

193 3466 326 3529 nire,
354 3479 463 3534 qua
489 3462 554 3516 de
583 3479 637 3518 re
666 3463 900 3517 omnium
928 3472 1184 3528 vestrum,
1210 3461 1540 3518 dilectissimi
1573 3461 1771 3528 clerici,

194 3553 531 3606 admonemus
564 3562 618 3604 ut
643 3554 696 3606 in
717 3553 814 3605 hoc
838 3562 1020 3605 sancto
1057 3551 1275 3604 concilio
1305 3552 1570 3605 veritatem
1597 3551 1774 3605 nullus

193 3643 418 3695 scienter
445 3641 686 3704 ocrultet,
735 3640 910 3694 nullus
941 3642 1126 3694 timore
1154 3649 1246 3692 aut
1282 3640 1483 3708 favore,
1521 3640 1627 3694 sive
1656 3656 1775 3694 mu-

195 3749 334 3796 nere,
358 3734 463 3788 sive
485 3735 628 3798 odio,
653 3743 845 3788 rectam
867 3731 1169 3802 perturbare
1187 3743 1475 3802 prwsumat
1487 3734 1772 3804 justitiam.

196 3821 272 3876 De
302 3825 487 3878 ordine
515 3826 772 3893 siquidem
804 3836 981 3878 nostro
1019 3824 1071 3876 in
1107 3823 1287 3892 primis
1324 3823 1642 3894 loquendum
1677 3835 1772 3888 est,

197 3923 249 3966 ut
269 3930 386 3984 qua:
414 3914 720 3984 corrigenda
755 3925 906 3978 sunt,
940 3912 1049 3968 Deo
1082 3913 1398 3981 opitulante,
1421 3915 1770 3982 corrigantur.

196 4013 243 4056 et
297 4005 566 4074 superﬂua
607 4014 943 4068 resecentur,
991 4004 1210 4072 probata
1255 4020 1371 4056 vero
1409 4004 1474 4058 ab
1535 4004 1775 4059 omnibus

197 4095 626 4158 corroborentur,
669 4103 924 4164 quatenus
952 4094 1089 4145 inter
1114 4109 1207 4146 nos
1242 4092 1417 4146 unitas
1448 4094 1592 4162 pacis
1619 4093 1776 4161 firma

197 4194 518 4248 permaneat.
561 4183 772 4238 Scimus
819 4183 958 4237 enim
998 4183 1122 4252 quia
1162 4182 1216 4236 in
1255 4182 1496 4237 scissuris
1528 4183 1774 4237 mentium

204 4268 336 4324 Deus
369 4288 472 4324 non
497 4281 592 4336 est,
625 4281 673 4324 et
709 4270 852 4324 Deus
891 4272 1090 4324 unitate
1114 4271 1340 4338 gaudet;
1373 4280 1421 4324 et
1451 4269 1530 4322 illi
1549 4272 1775 4339 gratiam

1872 3094 2112 3160 silentio,
2161 3094 2297 3150 dixit
2326 3095 2567 3166 pontiﬁci
2600 3113 2614 3150 :
2655 3114 2674 3149 ι
2711 3096 3005 3168 Rogamus,
3038 3099 3240 3168 Optime
3273 3101 3454 3170 ponti-

1874 3185 2001 3252 fex,
2033 3187 2397 3242 reverentiam
2443 3187 2650 3242 ordinis
2691 3186 2892 3253 vestri,
2940 3196 3001 3242 ut
3043 3189 3359 3260 priusquam
3386 3190 3454 3244 de

1873 3277 2212 3348 quibuspiam
2249 3277 2583 3343 conferatur,
2620 3279 2845 3348 quaestio
2882 3278 3138 3334 Ecclesiae
3169 3290 3362 3335 vestra:
3388 3281 3454 3335 de

1875 3367 2184 3438 apostolatu
2229 3368 2378 3424 beati
2412 3367 2676 3424 Martialis
2721 3370 3018 3440 prudenter
3061 3372 3338 3438 ventilata,
3364 3374 3456 3429 hic

1873 3459 2170 3515 secundum
2215 3461 2458 3530 regulam
2505 3462 2756 3516 veritatis
2795 3477 2981 3531 pacem
3033 3465 3273 3519 inveniat
3311 3464 3454 3520 :hac

1874 3549 2017 3604 enim
2043 3549 2316 3618 praecipue
2341 3551 2406 3603 de
2429 3565 2487 3604 re
2509 3563 2611 3620 ego
2632 3558 2688 3603 et
2715 3565 2812 3604 vos
2833 3551 3117 3606 concilium
3141 3554 3244 3608 hoc
3270 3567 3458 3623 aggre-

1875 3652 2004 3709 gare
2050 3639 2382 3693 curavimus.
2427 3638 2565 3693 Ecce
2606 3639 2884 3694 vobiscum
2937 3641 3110 3696 sancti
3156 3651 3455 3711 praesentes
3519 3665 3528 3672 -

1874 3727 2110 3798 episcopi
2149 3728 2203 3781 in
2243 3728 2461 3783 nomine
2493 3727 2729 3799 Spiritus
2775 3731 2945 3786 sancti
2977 3733 3206 3799 adsunt,
3240 3749 3367 3789 ecce
3398 3734 3454 3790 in

1875 3817 2074 3872 divinis
2101 3826 2155 3872 et
2183 3817 2534 3873 saecularibus
2569 3819 2850 3890 scripturis
2876 3823 3070 3877 eruditi
3096 3833 3293 3894 praesto
3329 3835 3459 3880 sunt

1874 3908 2079 3979 plures.
2114 3907 2254 3964 Ecce
2291 3909 2600 3980 quicunque
2639 3910 2795 3968 nobis
2826 3915 3200 3970 contradicere
3241 3916 3355 3970 vult
3387 3918 3456 3972 de

1875 3999 1980 4054 bac
2007 4014 2086 4066 re,
2119 4015 2223 4069 qua
2256 4000 2474 4055 beatum
2516 4001 2812 4059 Martialem
2841 4004 3155 4075 proﬁtemur
3182 4024 3300 4064 esse
3327 4025 3458 4080 apo-

1875 4087 2093 4153 stolum,
2123 4097 2178 4144 et
2209 4090 2527 4146 memoriam
2559 4092 2608 4145 ei
2647 4091 2846 4162 ubique
2894 4095 2947 4148 in
2993 4097 3192 4154 divinis
3234 4111 3456 4169 aposto-

1876 4178 2034 4234 licam
2072 4180 2421 4248 esbibemus,
2452 4197 2574 4236 cum
2607 4181 2800 4238 ﬁducia
2848 4195 3008 4240 exeat
3046 4201 3228 4242 coram
3268 4188 3451 4256 vobis,

1876 4281 1931 4327 et
1957 4282 2050 4326 aut
2081 4274 2370 4328 mendaces
2412 4289 2510 4328 nos
2543 4280 2639 4344 pe‘r
2665 4276 2929 4353 rationem
2960 4279 3231 4344 ostendat,
3275 4290 3331 4334 et
3357 4297 3456 4336 nos

198 4359 309 4428 ejus
329 4344 593 4415 merentur
617 4362 829 4426 habere,
863 4361 954 4431 qui
981 4377 1036 4414 se
1062 4359 1126 4413 ab
1157 4361 1373 4415 invicem
1400 4377 1494 4428 per
1515 4371 1775 4415 sectarum
1805 4371 1850 4431 ο
1880 4362 2113 4418 libenter
2140 4365 2188 4420 ei
2217 4365 2655 4434 acquiescamus;
2693 4347 2821 4429 aut,’
2847 4369 2990 4438 quod
3036 4368 3147 4425 Deo
3179 4385 3336 4439 opem
3374 4372 3459 4426 fe-

199 4450 450 4504 scandala
488 4467 592 4505 non
633 4451 893 4505 dividunt.
943 4449 1003 4504 Si
1046 4450 1166 4520 quis
1204 4466 1322 4505 vero
1361 4451 1426 4504 de
1462 4452 1638 4520 aliquo
1676 4450 1776 4504 sibi

200 4540 384 4594 dubius
410 4557 522 4595 esse
558 4543 782 4609 videtur,
804 4555 895 4595 aut
916 4541 1049 4611 forte
1071 4541 1136 4595 de
1158 4557 1468 4612 quacunque
1490 4558 1543 4596 re
1564 4552 1778 4596 cit-(eros

203 4642 347 4700 putat
377 4634 829 4704 repreliensibiles,
858 4643 1008 4688 exeat
1038 4634 1093 4688 in
1129 4634 1390 4698 medium,
1421 4644 1469 4688 et
1499 4633 1654 4688 libere
1691 4634 1775 4686 di-

202 4730 304 4784 cat,
329 4731 382 4774 ut
413 4731 504 4775 aut
532 4723 714 4777 doceat
739 4731 830 4777 aut
861 4723 1132 4788 doceatur,
1167 4730 1216 4776 et
1248 4721 1519 4792 derogatio
1551 4721 1777 4790 confun-

201 4813 358 4866 datur
381 4815 445 4869 de
471 4815 802 4884 fraternitate
825 4815 1099 4871 Ecclesiar.
1127 4815 1356 4886 Ideoque
1383 4816 1467 4868 hic
1494 4817 1548 4870 in
1570 4815 1777 4870 nomine

201 4901 327 4955 Iesu
373 4908 677 4977 congregati
716 4922 829 4961 esse
869 4909 1132 4971 videmur,
1169 4904 1398 4975 qualiter
1426 4905 1638 4974 justitia
1678 4905 1778 4960 sibi

204 4989 335 5045 inter
367 5009 460 5047 nos
486 4995 659 5050 locum
689 4997 942 5061 inveniat,
969 5005 1016 5052 et
1042 4995 1240 5065 injusta
1262 4995 1630 5063 exploduntur.

273 5078 513 5151 Cumque
542 5087 607 5142 de
633 5086 828 5142 divinis
867 5087 1094 5143 strictim
1123 5095 1267 5140 esset
1293 5086 1646 5155 disputatum,
1675 5086 1778 5142 ite-

209 5181 322 5198 Dlsm
356 5173 593 5198 ..Α-σεο--
628 5179 693 5198 ,9.
737 5196 742 5197 γ
786 5177 1016 5198 “-Ι-μ.η-
1072 5177 1234 5198 --η-13-
1273 5193 1348 5198 η--

1881 4461 2033 4506 rente
2063 4453 2365 4518 credimus,
2410 4469 2633 4509 veraces
2663 4470 2761 4510 nos
2786 4455 3058 4524 inveniat,
3087 4465 3141 4512 et
3172 4459 3457 4515 veritatem

1879 4560 2003 4599 cum
2033 4561 2166 4616 pace
2219 4546 2498 4617 suscipiat.
2546 4547 2731 4604 Toties
2773 4565 2871 4606 vos
2917 4551 3228 4620 rogavimus
3275 4547 3459 4610 ut'ﬁr-

1881 4637 2041 4690 miter
2069 4636 2122 4690 in
2152 4638 2402 4693 omnibus
2434 4638 2678 4695 ecclesiis
2701 4649 2756 4694 et
2784 4644 3128 4700 monasteriis
3150 4661 3249 4715 per
3267 4645 3461 4701 Lemo-

1881 4726 2117 4781 vicinum
2147 4729 2458 4784 statueretis
2502 4729 2643 4785 hanc
2676 4731 2941 4801 regulam,
2972 4735 3139 4791 toties
3159 4737 3462 4790 excusastis

1884 4817 1937 4871 id
1967 4831 2064 4872 vos
2105 4818 2330 4874 minime
2353 4834 2511 4890 agere
2536 4821 2694 4887 velle,
2725 4837 3008 4894 quousque
3034 4834 3157 4894 post
3176 4825 3462 4894 epistolam

1883 4919 2036 4974 papae
2063 4904 2287 4962 Joannis
2310 4907 2364 4962 in
2393 4909 2622 4965 concilio
2651 4911 2793 4980 apud
2835 4911 2976 4968 hanc
3014 4913 3200 4968 sedem
3243 4930 3409 4972 causa
3435 4930 3466 4969 a

1885 4984 2435 5065 comprovincialibus
2479 4999 2750 5069 episcOpis
2795 5002 3104 5068 audiretur,
3149 5009 3206 5057 et
3250 5004 3471 5076 dignum

1889 5095 1945 5142 et
1958 5086 2166 5157 justum
2197 5095 2360 5156 atque
2384 5088 2705 5142 rationabile
2731 5087 2850 5143 ﬁeri
2875 5107 2975 5161 per
2997 5089 3351 5161 antiquorum
3383 5107 3479 5147 au-
