4044 5290
509 260 688 347 ἰεκε

1499 286 1853 344 JOBDANUS
1895 283 2398 342 LEMOVICENSIS
2435 284 2837 345 EPISCOPUS.

3663 281 3805 337 £356

545 402 731 458 iterum
767 415 799 452 α
848 396 1065 453 consilio
1099 396 1414 453 Bituricensi
1434 438 1450 464 ,
1494 400 1551 455 in
1589 417 1692 470 quo
1733 417 1847 454 mea
1889 417 1974 455 vos
2012 401 2117 454 vice
2145 400 2191 459 Α
2221 414 2382 455 nemo
2404 402 2779 458 contradicere
2803 399 2982 469 aliqua
3009 399 3216 455 ratione
3236 406 3411 470 potest
3435 397 3541 454 illis
3566 397 3663 469 qui
3685 398 3805 469 ejus

545 492 723 563 fuistis
762 492 813 543 in
849 491 1016 561 capite
1055 491 1214 562 hujus
1249 491 1579 558 Novembris,
1618 495 1809 564 absque
1835 492 2117 564 prtesentia

543 599 657 637 mea
680 583 951 639 nrobatttm
976 592 1050 638 est
1073 593 1124 638 et
1149 583 1505 638 collaudatum
1543 595 1696 656 atque
1717 586 2082 655 conﬁrmatum
2098 624 2111 648 ,

541 688 617 725 stc
642 671 757 726 volo
782 681 838 726 ut
863 672 1017 726 modo
1032 682 1290 742 prtesente
1321 688 1401 728 me
1432 674 1484 726 in
1507 674 1604 728 hac
1627 684 1809 729 sancta
1834 673 1954 728 sede
1982 673 2117 726 beati

546 761 810 815 Martialis
838 762 1158 832 dijudicetur
1177 763 1326 832 jaste
1354 772 1399 816 et
1423 764 1689 828 canonice,
1714 772 1771 817 ut
1800 780 1892 831 per
1911 765 2116 816 tertiam

540 851 697 905 istaut
720 852 1085 907 auctoritatem
1109 861 1271 905 totum
1294 852 1518 907 scltisma
1538 852 1602 907 tle
1626 854 1768 908 omni
1790 851 2116 906 Lemovicino

539 941 781 1010 deinceps
816 942 1034 996 tollatur
1065 944 1233 998 edicto
1277 952 1471 999 nostri:
1504 945 1855 1000 auctoritatis.
1888 943 1957 997 In
1989 958 2116 996 eon-

545 1041 864 1101 spectuergo
895 1034 1247 1101 episcoporum
1270 1033 1363 1102 ﬁat
1386 1034 1704 1088 examinatio
1726 1035 1790 1089 de
1813 1032 2113 1104 apostolatu

539 1114 672 1176 be‘ati
701 1120 986 1188 Martialis,
1009 1132 1184 1177 utrum
1205 1138 1322 1177 vere
1346 1124 1410 1177 sit
1441 1124 1708 1192 apostolus
1732 1139 1803 1177 an
1826 1138 1948 1176 non.

606 1212 688 1264 Ad
730 1213 845 1266 haec
881 1212 1124 1283 apprime
1147 1211 1395 1267 eruditus
1423 1212 1640 1281 quidam
1681 1211 1987 1266 Aniciensis
2026 1225 2115 1266 ec-

537 1304 715 1360 clesiae
760 1305 1054 1359 canonicus
1107 1311 1161 1357 et
1205 1303 1494 1373 presbyter
1540 1302 1859 1372 Engelricus
1926 1316 2113 1356 coram

538 1408 857 1464 exsurgens,
885 1393 963 1447 ait
994 1411 1006 1446 :
1041 1411 1060 1444 ι
1083 1393 1207 1447 Ideo
1226 1392 1437 1456 inﬁnita
1467 1392 1804 1447 indoctorum
1836 1392 2113 1469 hominum

535 1483 821 1539 multitudo
848 1483 1173 1538 contradicit
1198 1497 1321 1538 eum
1350 1496 1471 1539 esse
1495 1482 1822 1552 apostolum,
1853 1482 1977 1553 quia
2007 1496 2113 1537 non

533 1582 620 1629 est
665 1589 804 1628 unus
848 1574 915 1628 de
959 1573 1272 1638 duodecim;
1315 1582 1370 1627 et
1416 1572 1543 1626 dum
1594 1571 1788 1627 crebro
1827 1570 2113 1627 duodecim

534 1665 852 1735 discipulos,
897 1664 983 1721 vel
1013 1665 1292 1721 duodecim
1334 1664 1585 1720 sedentes
1629 1679 1798 1734 super
1826 1663 2112 1718 duodecim

2217 492 2533 546 memoriam
2561 494 2741 562 potius
2768 492 2835 546 de
2858 490 3099 559 apostolo
3119 491 3326 561 eligunt
3355 505 3537 561 agere.
3572 508 3593 542 ι

2285 579 2367 634 Ad
2417 581 2532 636 haec
2570 582 2789 651 quidam
2843 581 3143 636 litterarum
3191 582 3430 651 peritus,
3480 582 3804 637 monasterii

2217 666 2596 724 Masciacensis
2639 669 2802 724 Pater
2842 670 3169 732 Azenerius,
3216 686 3513 740 exsurgens
3560 672 3617 726 in
3667 687 3803 726 con-

2217 770 2399 830 spectu
2428 762 2824 833 episcOporum,
2857 764 3218 817 testimonium
3247 764 3539 832 perhibuit,
3568 765 3757 818 dicens
3781 781 3796 817 :

2222 868 2241 901 ι
2274 849 2409 916 Quia
2438 852 2579 906 inter
2607 852 2991 921 grammaticos
3031 853 3260 906 detritus
3283 867 3412 922 ego,
3440 863 3495 907 et
3521 862 3713 922 postea
3743 854 3797 907 in

2217 941 2435 1011 palatio,
2474 958 2746 1011 nunquam
2776 942 2827 996 in
2860 944 3058 998 nostris
3099 944 3444 998 monasteriis
3475 960 3574 1013 per
3621 945 3799 999 Fran-

2216 1031 2376 1096 ciam,
2422 1031 2742 1098 Martialem,
2790 1034 2877 1102 qui
2910 1033 3048 1087 hanc
3077 1034 3306 1103 primam
3349 1034 3643 1090 ecclesiam
3671 1046 3801 1091 ante

2215 1139 2404 1179 omnes
2462 1123 2649 1180 Galliae
2695 1124 2955 1178 ecclesias
2999 1124 3297 1189 dedicavit,
3341 1123 3519 1179 audiri
3567 1125 3802 1179 recitare

2216 1212 2318 1267 nisi
2344 1230 2463 1267 cum
2489 1214 2609 1267 aliis
2645 1213 2930 1283 apostolis;
2963 1223 3015 1268 et
3041 1214 3254 1279 merito,
3281 1216 3404 1284 quia
3429 1215 3543 1284 ipse
3571 1217 3801 1285 papulas

2214 1302 2399 1358 Galli:e
2440 1304 2647 1374 primus
2684 1305 2737 1358 in
2774 1304 2988 1359 Christo
3027 1302 3152 1359 Jesu
3189 1320 3286 1373 per
3315 1305 3669 1376 Evangelium
3700 1320 3796 1375 ge-

2214 1391 2350 1446 nuit.
2377 1390 2445 1445 At
2469 1400 2778 1461 postquam,
2801 1390 3021 1459 jubente
3049 1408 3171 1463 rege
3194 1393 3452 1461 Roberto,
3479 1399 3532 1448 in
3559 1394 3677 1449 solo
3704 1393 3799 1447 Bi-

2215 1482 2472 1537 turicensi
2523 1482 2834 1537 monasterii
2867 1483 2983 1553 ejus
3009 1483 3377 1551 praelationem
3428 1487 3647 1553 suscepi
3676 1524 3695 1549 ,
3724 1485 3795 1539 ibi

2214 1572 2447 1644 primum
2494 1571 2655 1626 aliam
2702 1573 2765 1627 de
2793 1573 2894 1627 hac
2923 1588 2981 1628 re
3020 1573 3310 1629 indebitam
3343 1574 3795 1629 consuetudinem

2214 1662 2422 1731 reperi,
2452 1677 2613 1732 quam
2657 1677 2779 1717 mox
2812 1663 3104 1732 amputari.
3152 1663 3288 1730 Quia
3320 1679 3443 1718 mox
3477 1664 3530 1717 in
3574 1679 3644 1718 eo
3666 1679 3795 1734 pro-

531 1730 693 1813 sedes
714 1752 971 1833 audiunt,
1002 1765 1190 1827 putant
1221 1756 1374 1812 multi
1405 1755 1609 1810 nullum
1637 1730 1757 1811 esse
1783 1755 2109 1826 apostolum,
2146 1730 2190 1790 Β
2216 1730 2336 1822 prio
2363 1730 2483 1822 quo
2499 1753 2790 1833 Deuseum
2833 1730 2999 1823 gradu
3024 1754 3221 1823 posuit,
3251 1754 3355 1809 hoc
3384 1762 3470 1809 est
3498 1754 3640 1807 inter
3664 1730 3797 1823 apo-

534 1848 779 1917 exceptis
846 1848 1175 1913 duodecim;
1223 1862 1325 1902 nec
1392 1847 1527 1902 alios
1588 1848 1926 1918 septuaginta
1976 1846 2111 1900 duos

533 1934 721 2010 putant
744 1933 907 1993 fuiSse
934 1938 1224 2009 apostolos,
1256 1936 1351 1993 sed
1377 1944 1582 1992 tantum
1605 1935 1923 2005 simpliciter
1951 1935 2113 1991 disci-

531 2031 706 2102 pulos.
754 2031 860 2086 Sed
902 2040 1091 2086 contra
1136 2031 1253 2085 haec
1275 2028 1548 2085 deferatur
1591 2028 1644 2083 in
1690 2028 1977 2084 concilium
2018 2042 2113 2083 ve-

535 2126 707 2174 strum
737 2110 881 2174 illius
906 2119 1203 2173 auctoritas
1230 2119 1330 2172 viri
1354 2118 1447 2188 qui
1492 2116 1659 2172 Vetus
1686 2126 1741 2171 et
1766 2116 1974 2173 Novum
2014 2115 2112 2171 'l'e-

533 2218 857 2265 stamentum
891 2209 957 2264 de
983 2207 1207 2264 llebrteo
1236 2217 1290 2264 et
1312 2207 1500 2264 Graeco
1523 2208 1574 2261 in
1601 2207 1849 2263 Latinum
1882 2207 2111 2263 ﬁdeliter

536 2300 843 2371 transtulit,
873 2304 962 2375 qui
993 2318 1273 2359 sacrorum
1300 2303 1635 2358 voluminum
1683 2303 1959 2373 expositor
1985 2302 2106 2368 fuit,

528 2395 598 2451 de
633 2394 784 2463 cujus
823 2394 1146 2451 auctoritate
1185 2394 1433 2449 dubitare
1478 2394 1783 2464 quempiam
1814 2393 1964 2448 nefas
1995 2401 2106 2459 est,

530 2502 656 2543 cum
702 2487 844 2541 inter
889 2500 1079 2541 omnes
1106 2476 1377 2540 doctores
1403 2523 1419 2550 ,
1449 2492 1569 2554 post
1598 2482 1886 2554 apostolos,
1922 2481 2111 2537 fortior

538 2578 787 2633 columna
822 2577 1078 2632 Ecclesia:
1101 2577 1193 2632 sit.
1240 2595 1259 2629 ι

604 2669 757 2724 Tunc
802 2668 978 2725 delato
1024 2678 1075 2723 et
1113 2675 1451 2738 perscrutato
1496 2667 1713 2731 codice,
1743 2673 2107 2720 commentum

530 2760 842 2837 Hieronymi
871 2776 1032 2830 super
1056 2759 1295 2830 Epistola
1325 2758 1391 2812 ad
1431 2756 1648 2813 Galatas
1670 2758 1847 2828 legere
1873 2753 2110 2827 episcopi

531 2851 776 2906 fecerunt
801 2867 983 2906 coram
1024 2865 1107 2916 se,
1140 2850 1229 2905 ubi
1275 2848 1633 2919 Hieronymus
1682 2849 1892 2912 scribit,
1922 2847 2111 2901 dicens

538 2942 790 3013 (HIEBON.
823 2943 878 2996 in
921 2952 1074 3011 caput
1102 2957 1118 2994 1
1159 2940 1227 2993 ad
1268 2936 1469 3009 Galal.)
1500 2957 1512 2992 :
1552 2959 1568 2991 ι
1601 2937 1753 3004 Quod
1784 2946 1984 2999 autem,
2018 2950 2109 2991 ex-

533 3036 704 3103 ceptis
730 3030 1035 3098 duodecim,
1068 3032 1287 3102 quidam
1326 3041 1585 3085 vocentur
1612 3030 1859 3100 apostoli,
1891 3028 2021 3082 illud
2055 3028 2108 3082 in

533 3108 693 3177 causa
729 3133 841 3184 .est,
881 3136 1070 3176 omnes
1095 3122 1188 3189 qui
1237 3119 1519 3175 Dominum
1551 3119 1603 3173 in
1648 3133 1812 3173 carne
1842 3119 2108 3181 viderant,

532 3224 589 3268 et
617 3229 738 3268 cum
774 3208 1379 3283 postea‘praxdicabant,
1412 3209 1579 3264 fuisse
1608 3209 1882 3280 apostolos
1929 3207 2112 3278 appel-

533 3303 697 3367 latos,
724 3313 780 3357 ut
806 3300 934 3357 illud
970 3301 1121 3367 Pauli
1151 3320 1163 3355 :
1206 3299 1360 3355 Visus
1394 3309 1468 3355 est
1492 3299 1598 3354 illis
1628 3300 1887 3364 undecim,
1921 3299 2111 3353 deinde

528 3396 676 3450 visus
709 3404 783 3450 est
829 3394 1048 3458 Jacobo,
1094 3393 1286 3448 deinde
1330 3392 1581 3462 apostolis
1620 3391 1856 3446 omnibus
1891 3389 1941 3461 (1
1984 3388 2107 3444 Cor.

533 3486 649 3557 xv),
700 3485 752 3541 id
779 3496 863 3541 est
891 3486 1231 3557 septuaginta
1271 3483 1514 3548 duobus,
1548 3482 1638 3555 qui
1670 3481 1779 3537 bini
1810 3498 1839 3536 a
1888 3481 2113 3537 Domino

532 3576 601 3631 ad
632 3576 1038 3647 praedicandum
1065 3576 1211 3631 missi
1243 3583 1389 3630 sunt.
1416 3573 1550 3629 Nam
1578 3583 1634 3629 et
1657 3572 1746 3627 alii
1777 3572 1950 3629 abhis
1975 3588 2113 3642 quos

532 3668 795 3722 Dominus
824 3666 987 3737 elegit
1011 3667 1243 3721 ordinati
1272 3673 1399 3721 sunt
1425 3662 1682 3735 apostoli,
1707 3664 1848 3719 sicut
1888 3665 1958 3719 ad
1988 3662 2112 3718 Phi-

532 3756 804 3830 Iippenses
833 3759 910 3813 ait
934 3775 949 3813 :
984 3757 1353 3812 Necessarium
1376 3756 1668 3811 existimavi
1693 3754 2110 3824 Epaphroditum

535 3848 938 3903 commilitonem
965 3864 1161 3914 meum,
1193 3857 1421 3902 vestrum
1453 3856 1627 3900 autem
1661 3844 1953 3915 apostolum
1988 3845 2110 3898 mit-

536 3945 642 3990 tere
671 3936 740 3990 ad
768 3953 853 3991 vos
874 3933 1102 4008 (Philip.
1138 3936 1220 4006 ιι).
1245 3934 1318 3989 Et
1360 3936 1428 3989 ad
1453 3934 1766 3991 Corinthios
1807 3934 1874 3987 de
1915 3932 2112 3988 talibus

542 4028 806 4083 scribitur
833 4046 845 4081 :
878 4027 995 4083 Sive
1032 4027 1257 4098 apostoli
1306 4025 1640 4081 ecclesiarum
1668 4026 1723 4080 in
1763 4024 1988 4096 gloriam
2017 4023 2111 4077 Dei

535 4106 626 4190 (Il
664 4118 789 4174 Cor.
818 4118 960 4190 vni).
993 4117 1134 4175 Silas
1179 4132 1394 4190 quoque
1423 4125 1479 4173 et
1524 4115 1694 4174 Judas
1742 4116 1811 4172 ab
1854 4112 2112 4186 apostolis

542 4210 772 4279 apostoli
802 4210 1064 4265 nominati
1094 4220 1236 4265 sunt.
1275 4230 1294 4263 ι
1405 4258 1411 4265 .
1608 4214 1609 4217 “

612 4299 678 4353 Ει
721 4298 998 4369 subiunxit
1024 4288 1091 4355 ad
1117 4300 1231 4355 haec
1257 4298 1589 4369 Engelricus,
1633 4298 1818 4353 dicens
1844 4314 1860 4354 :
1889 4315 1907 4349 ι
1951 4295 2007 4351 Si
2037 4295 2109 4349 illi

2211 1843 2399 1909 stolos,
2428 1859 2621 1898 nomen
2648 1831 2701 1897 ἒι
2728 1845 3039 1898 motnoriam
3065 1846 3180 1915 ejus
3209 1845 3453 1915 ascripsi.
3478 1844 3613 1899 Nam
3641 1847 3791 1911 olim,

2212 1940 2499 2002 antequam
2517 1933 2766 1987 monachi
2795 1933 3033 1988 habitum
3058 1935 3404 2003 susciperem,
3429 1935 3580 2000 dum,
3604 1935 3795 1991 Hiero-

2210 2022 2472 2093 solymam
2524 2022 2915 2093 proﬁciscens,
2966 2026 3106 2094 apud
3151 2026 3677 2095 Constantinopolim
3735 2027 3788 2080 in

2210 2114 2430 2169 basilica
2480 2115 2692 2171 Sanctae
2744 2115 2981 2185 Sophim,
3012 2116 3249 2172 Sab‘bato
3290 2116 3667 2181 Pentecostes,
3704 2132 3793 2171 so-

2210 2205 2370 2261 lemni
2405 2207 2719 2263 interessem
2750 2208 2951 2275 ollicio,
2980 2208 3199 2263 memini
3225 2226 3309 2264 me
3332 2208 3548 2263 audisse
3583 2208 3637 2263 in
3664 2208 3791 2262 lita-

2210 2295 2316 2350 niis
2361 2294 2565 2351 Graecis
2610 2295 2908 2351 Martialem
2972 2296 3115 2352 inter
3156 2296 3290 2351 alios
3338 2297 3613 2367 apostolos
3668 2308 3790 2366 post

2210 2380 2491 2443 duodecim
2523 2387 2691 2445 fuisse
2720 2405 2749 2447 a
2785 2389 2992 2444 Graecis
3016 2390 3440 2459 pronuntiatum.
3476 2409 3495 2442 ι

2278 2475 2361 2530 Ad
2406 2475 2520 2531 haec
2547 2476 2827 2533 Odolricus
2851 2479 3119 2549 explicare
3154 2480 3337 2549 coepit,
3369 2480 3553 2535 dicens
3582 2497 3596 2533 :
3627 2499 3646 2531 ι
3676 2479 3786 2534 Διι-

2210 2566 2363 2621 diant
2405 2582 2505 2623 nte-
2533 2569 2817 2638 pontiﬁces
2858 2578 2911 2623 et
2961 2573 3202 2626 seniores
3234 2572 3323 2640 qui
3370 2586 3552 2625 coram
3586 2577 3783 2624 astant.

2211 2656 2362 2723 Quod
2415 2657 2677 2714 Martialis
2728 2674 2941 2730 semper
2974 2660 3041 2717 ab
3072 2663 3390 2732 antiquitate
3439 2663 3491 2715 in
3544 2661 3787 2730 pluribus

2211 2748 2645 2804 doctissimorum
2677 2750 2812 2805 locis
2842 2753 3217 2820 pronuntiatus
3245 2753 3315 2806 sit
3337 2753 3634 2821 apostolus,
3658 2749 3785 2803 mihi

2211 2854 2433 2895 necesse
2464 2855 2573 2894 non
2600 2849 2683 2896 est
2720 2841 3019 2905 testiﬁcari,
3052 2857 3119 2895 ne
3149 2844 3284 2896 forte
3331 2841 3666 2895 adulatorius
3701 2839 3789 2908 ju-

2212 2931 2360 2986 dicer
2384 2930 2538 2985 testis
2582 2946 2681 3000 pro
2709 2930 2825 3000 ejus
2864 2931 3117 2987 Ecclesia:
3157 2932 3434 3004 regimine.
3467 2932 3681 2985 Adsunt
3719 2932 3786 2983 ab

2214 3022 2452 3077 externis
2478 3021 2631 3087 locis,
2662 3023 2753 3092 qui
2778 3037 2843 3077 ex
2884 3023 2985 3078 hoc
3030 3037 3214 3078 verum
3243 3022 3371 3077 dent
3409 3038 3594 3078 coram
3639 3022 3789 3077 vob's

2218 3113 2599 3168 testimonium.
2631 3112 2748 3168 Non
2792 3121 2969 3168 tamen
3013 3123 3095 3167 est
3126 3113 3253 3168 mihi
3286 3112 3577 3168 tacendum
3625 3112 3783 3180 quod,

2212 3204 2426 3272 quando
2454 3202 2567 3271 jam
2595 3203 2755 3272 longe
2800 3203 2926 3256 olim
2969 3203 3108 3272 apud
3164 3202 3552 3258 monasterium
3605 3200 3785 3255 Sancti

2211 3290 2484 3347 Benedicti
2517 3293 2570 3346 in
2621 3291 2852 3347 Francia
2895 3307 2992 3363 per
3037 3292 3219 3363 plures
3249 3308 3417 3347 annos
3443 3292 3653 3346 artibus
3690 3291 3790 3344 im-

2213 3381 2408 3438 buerer
2435 3381 2786 3449 liberabibus,
2832 3399 3092 3439 annosam
3138 3384 3453 3438 monasterii
3492 3383 3669 3453 legem
3708 3398 3789 3436 re-

2211 3473 2351 3543 peri,
2371 3472 2668 3529 Martialem
2692 3474 2746 3529 in
2773 3474 2976 3530 litaniis
3002 3490 3123 3532 cum
3146 3474 3266 3530 aliis
3292 3474 3634 3545 pronuntiari
3664 3487 3790 3543 apo-

2213 3562 2385 3619 stolis.
2434 3562 2594 3618 Pater
2620 3563 2760 3619 illius
2787 3563 2890 3620 loci
2935 3565 3086 3621 Abbo
3111 3563 3529 3620 ﬂorentissimus
3554 3564 3791 3633 philoso-

2211 3657 2361 3728 phia,
2393 3672 2549 3727 quem
2580 3657 2734 3713 multi
2762 3667 3000 3713 vestrum
3028 3666 3311 3722 noverunt,
3350 3666 3406 3713 et
3428 3657 3579 3712 omni
3609 3656 3789 3710 divina

2212 3758 2268 3808 et
2294 3752 2538 3806 sccdulari
2579 3751 2904 3806 auctoritate
2937 3750 3096 3804 totius
3117 3747 3363 3803 Francia:
3405 3746 3666 3817 magister
3709 3744 3788 3799 fa-

2213 3842 2569 3906 mosissimas,
2599 3854 2653 3896 et
2682 3841 3021 3912 postmodum
3050 3838 3226 3910 gladio
3251 3836 3617 3907 persecutoris
3650 3849 3793 3887 mar-

2215 3936 2353 4007 tyrio
2395 3944 2684 3989 coronatus
2729 3934 2868 4002 apud
2920 3931 3257 3994 \‘asconiam,
3285 3928 3413 3998 quid
3441 3929 3508 3982 de
3548 3924 3792 3980 Martiale

2164 4025 2517 4095 -scripserit,
2562 4024 2704 4094 quod
2752 4024 2821 4078 de
2868 4037 2935 4077 eo
2986 4019 3356 4076 testimonium
3427 4017 3790 4088 perhibuerit,

2214 4117 2370 4187 hujus
2398 4117 2547 4172 urbis
2568 4116 2714 4172 clero
2736 4123 2920 4170 notum
2951 4122 3053 4169 est.
3083 4108 3444 4180 Exstitit'post
3466 4124 3593 4163 eum
3622 4108 3791 4176 ipsius

2212 4207 2524 4264 monasterii
2546 4216 2701 4276 pater
2725 4214 2834 4259 tum
2860 4202 3259 4274 grandmvitate,
3288 4209 3398 4254 tum
3423 4211 3647 4269 genere,
3667 4210 3808 4273 cura

2212 4299 2520 4369 eloquentia
2546 4309 2601 4352 et
2648 4294 2949 4364 disciplinis
2995 4292 3303 4347 liberalibus
3342 4290 3545 4349 clarus,
3591 4301 3657 4342 ac
3702 4287 3795 4340 de-

536 4389 629 4459 qui
656 4389 707 4444 in
737 4404 904 4445 carne
935 4390 1218 4444 Dominum
1248 4388 1510 4453 videntes,
1540 4402 1679 4444 eum
1712 4397 1893 4458 postea
1919 4386 2111 4458 prmdi-
2142 4397 2190 4457 υ
2217 4409 2363 4448 mum
2391 4393 2600 4447 levatus
2640 4390 2892 4445 Biturica
2919 4387 3031 4443 sedi
3054 4381 3605 4454 archiepiscopustﬁ).
3638 4376 3791 4447 Quod

531 4489 748 4552 \cantes,
779 4481 1006 4550 apostoli
1052 4489 1199 4547 sunt,
1225 4491 1429 4550 quanto
1480 4481 1649 4551 magis
1678 4480 1938 4535 Martialis
1986 4493 2112 4548 apo-

537 4570 712 4633 stolus
740 4579 845 4637 est,
869 4573 961 4641 qui
988 4570 1197 4625 Domini
1228 4571 1283 4625 in
1314 4586 1477 4626 carne
1500 4569 1793 4641 discipulus
1822 4569 1947 4635 fuit,
1975 4576 2028 4621 et
2059 4568 2110 4621 in

536 4663 924 4735 praedicatione
962 4661 1229 4716 maximus
1254 4660 1531 4716 lahorator
1559 4661 1773 4716 exstitit
1802 4670 1857 4716 et
1891 4659 2115 4715 fructiﬁ-

540 4752 715 4825 Cator,
766 4760 840 4814 ita
885 4768 942 4813 ut
987 4755 1159 4812 Gallia
1199 4755 1410 4825 signum
1458 4754 1530 4808 sit
1587 4753 1917 4824 apostolatus
1959 4751 2115 4823 ejus?

543 4852 659 4906 Scit
684 4851 860 4906 omnis
901 4846 1189 4918 Aquitania
1236 4843 1537 4898 Martialem
1566 4859 1687 4899 esse
1716 4843 1953 4913 primum
1997 4840 2117 4896 illu-

546 4922 868 4997 minatorem
897 4938 1101 5004 Galliae,
1138 4935 1224 4990 cui
1266 4932 1642 4989 contradicere
1692 4931 1871 4985 nullus
1916 4938 2114 5000 potest.

539 5032 677 5087 Cum
723 5047 850 5101 ergo
880 5027 1175 5099 discipulus
1202 5022 1417 5080 Domini
1447 5022 1516 5077 sit
1545 5022 1689 5077 sicut
1727 5031 1784 5076 et
1824 5019 2113 5089 Cleophas,

530 5126 767 5168 mnam,
803 5132 1014 5168 nni-tam
1063 5120 1343 5168 occiduam
1391 5117 1605 5168 sianum
1654 5113 1983 5168 apostolatus
2020 5112 2116 5166 ha-

2215 4482 2578 4539 testimonium
2609 4491 2797 4535 sancto
2840 4478 2934 4533 Dei
2959 4476 3234 4548 perhibuit
3260 4474 3367 4536 ille.
3399 4471 3554 4526 multi
3585 4486 3654 4524 ex
3699 4483 3795 4523 no-

2214 4573 2344 4627 stris
2373 4578 2653 4626 novcrunt.
2690 4569 2876 4622 Adhuc
2905 4568 3047 4621 enim
3091 4565 3305 4619 vivente
3354 4575 3482 4631 rege
3529 4559 3790 4621 Roberto,

2213 4677 2337 4716 cum
2364 4669 2676 4715 antecessor
2706 4673 2857 4711 meus
2884 4655 3033 4725 [iugo
3078 4654 3130 4708 in
3179 4652 3378 4723 palatio
3408 4649 3458 4704 ei
3501 4648 3648 4717 apud
3696 4645 3793 4699 Pa-

2218 4750 2377 4805 risios
2400 4750 2679 4805 assisterct
2712 4762 2834 4800 cum
2869 4743 3213 4799 multitudine
3244 4740 3503 4795 nobilium
3530 4747 3589 4791 et
3609 4739 3795 4790 docto-

2218 4856 2359 4906 rum,
2397 4838 2677 4894 altercatio
2729 4837 2868 4889 iuter
2909 4833 3150 4887 Francos
3180 4841 3234 4886 et
3267 4827 3690 4883 Lemmicenses
3728 4822 3792 4876 de

2217 4944 2276 4983 re
2323 4926 2631 4997 huiusmodi
2682 4939 2866 4980 coram
2900 4935 3024 4991 rege
3078 4920 3193 4975 ﬁeri
3239 4917 3404 4987 erepit
3433 4932 3446 4968 :
3478 4923 3535 4969 et
3571 4928 3675 4981 ego
3719 4909 3788 4963 ibi

2220 5025 2347 5071 tunc
2381 5031 2615 5086 praesens
2644 5011 2884 5067 interfui.
2935 5009 3196 5065 Dicebant
3226 5008 3314 5061 isti
3342 5023 3357 5058 :
3401 5022 3419 5057 ¢
3446 5004 3560 5058 Vos
3595 4997 3788 5056 Franci

2223 5126 2243 5160 ι
2287 5124 2394 5163 non
2443 5116 2590 5163 recte
2638 5105 2831 5168 facitis,
2862 5105 2990 5168 quia
3035 5101 3330 5157 Martialem
3359 5112 3484 5152 cum
3535 5091 3788 5165 apostolis
