4044 5290
201 232 359 289 i557

1231 236 1414 294 ACTA
1451 237 1741 295 CONCILII
1780 237 2280 299 LEMOVICENSIS
2320 243 2384 300 ll.

3358 256 3493 312 i358

211 358 237 394 s
286 343 378 397 rei
420 342 723 413 partesnisi
746 342 1273 408 uniformesfuerint,
1297 347 1464 402 altera
1492 364 1618 418 pars
1642 349 1813 404 altera
1841 355 1888 412 Α
1920 370 1940 403 ι
1981 361 2064 409 est
2113 370 2142 408 a
2193 354 2422 414 Domino
2470 359 2558 415 die
2606 364 2937 422 ascensionis
2976 381 3088 424 suae
3123 370 3497 433 benedictione

211 449 236 485 s
284 445 463 504 parte
486 434 680 504 justior
706 443 812 500 est,
841 443 896 490 et
920 451 1138 491 necesse
1158 446 1241 490 est
1276 451 1335 491 ut
1381 454 1594 509 semper
1619 439 1818 509 justior

212 543 236 577 ς
289 526 682 580 rationabilior
739 525 886 599 [que]
931 528 1214 596 praevaleat
1251 544 1396 597 pars.
1448 530 1583 586 Nam
1628 547 1817 586 omnes

209 633 230 666 ε
280 616 383 684 qui
436 616 740 671 Martialem
772 618 915 672 inter
935 617 1275 674 confessores
1298 622 1669 686 pronuntiant,
1707 638 1813 677 non

210 723 233 756 s
287 709 446 761 bene
490 706 657 773 juste,
702 724 807 761 non
866 709 1002 763 bene
1047 709 1434 777 perspicaciter
1477 726 1636 780 agere
1681 713 1813 767 inihi

208 812 230 844 ι
285 796 594 859 videmur;
627 796 713 850 ille
753 795 894 850 enim
942 796 1111 864 magis
1156 805 1240 851 est
1290 799 1454 853 sortis
1506 802 1813 869 apostolica:

210 901 233 933 ε
283 900 442 938 unus
481 901 643 954 quam
684 888 848 941 sortis
872 887 1264 941 confessorum.
1302 890 1505 944 Idcirco
1537 907 1642 946 non
1675 891 1813 946 bene

207 990 229 1021 ι
284 984 453 1026 recte
484 982 649 1043 agunt
672 973 758 1042 qui
790 990 983 1029 nomen
1016 976 1128 1044 ejus
1158 975 1411 1031 auferunt
1438 978 1503 1031 de
1528 992 1593 1032 eo
1624 979 1676 1032 iit
1705 993 1811 1046 quo

205 1080 227 1113 ι
280 1062 446 1118 Deus
474 1080 598 1118 eunt
627 1065 801 1135 posuit
826 1066 1016 1136 gradu.
1058 1076 1113 1120 et
1138 1076 1343 1136 ponunt
1383 1069 1472 1122 ubi
1516 1068 1657 1123 Deus
1703 1086 1807 1124 non

205 1169 228 1203 s
279 1154 506 1223 posuit.
533 1154 719 1208 Potius
748 1165 832 1211 est
856 1156 1155 1224 apostolico
1188 1157 1254 1210 de
1293 1159 1505 1228 agmine
1536 1174 1696 1229 quam
1742 1160 1809 1215 de

207 1261 228 1294 s
276 1242 696 1311 confessorum,
726 1245 818 1315 qui
866 1255 987 1316 post
1018 1255 1285 1317 martyres
1312 1256 1459 1313 sunt,
1483 1250 1643 1303 serie.
1700 1249 1809 1306 Uti-

206 1350 228 1384 s
279 1347 397 1402 que
442 1335 491 1389 si
538 1335 679 1404 regis
710 1335 801 1405 qui
853 1334 1005 1390 adest
1046 1350 1241 1391 nomen
1278 1352 1384 1391 non
1432 1337 1573 1393 inter
1599 1354 1806 1410 regum,

205 1442 229 1477 ε
279 1425 384 1478 sed
415 1425 681 1480 comitum
709 1426 1077 1497 subiectorum
1123 1428 1384 1484 vocabula
1433 1430 1637 1485 diceret
1662 1432 1806 1500 quis,

205 1530 237 1565 ς
271 1521 376 1567 aut
426 1515 666 1569 rusticus
714 1515 1007 1581 diceretur,
1036 1526 1129 1572 aut
1182 1519 1474 1574 malevolus
1504 1511 1647 1591 regis
1678 1538 1806 1577 con-

205 1618 228 1652 ι
275 1610 550 1672 temptor.
608 1604 673 1658 Et
716 1605 761 1659 si
793 1606 1142 1674 simplicitate
1190 1609 1392 1662 rustica
1422 1609 1473 1663 id
1522 1609 1696 1673 lieret,
1725 1610 1799 1665 nil

207 1710 228 1743 ι
278 1705 612 1749 moveretur
638 1712 731 1749 rex
763 1699 965 1762 animo,
1007 1698 1102 1752 sed
1145 1690 1428 1754 rusiicitati
1468 1699 1625 1755 facile
1653 1702 1802 1771 igno-
1833 1677 1878 1735 Β

206 1801 228 1833 ι
279 1794 509 1847 sceret;
545 1785 588 1839 si
622 1800 750 1840 vero
786 1801 892 1839 non
921 1786 1263 1854 simpliciter,
1306 1789 1421 1843 sed'
1438 1791 1803 1860 contemptive

209 1891 230 1923 ι
282 1873 593 1936 diceretur,
628 1890 732 1928 non
759 1875 982 1929 dubium
1011 1875 1139 1944 quin
1168 1876 1309 1945 regis
1338 1877 1552 1933 animus
1587 1879 1652 1932 ad
1699 1879 1803 1933 ira-

204 1981 226 2013 ι
278 1965 551 2020 cundiam
583 1981 680 2034 pro
729 1974 1038 2036 contemptu
1063 1981 1162 2021 suo
1193 1970 1597 2026 accenderetur.
1650 1970 1803 2038 Quod

205 2071 226 2104 α
276 2054 323 2108 si
361 2053 417 2108 in
456 2056 548 2108 tali
595 2056 893 2110 intentione
936 2064 1275 2124 contemptor
1295 2058 1636 2125 persisteret,
1678 2076 1802 2116 sen-

204 2161 227 2194 s
282 2145 524 2199 tentiam
541 2157 727 2199 contra
743 2160 800 2199 se
816 2161 912 2215 pro
933 2144 1197 2200 malevolo
1218 2153 1527 2214 contemptu
1549 2148 1797 2213 sentiret,

207 2251 230 2285 ι
277 2251 385 2293 nec
419 2243 631 2290 tantum
662 2252 778 2301 rex,
808 2244 1066 2305 quantum
1091 2234 1288 2289 subditi
1315 2238 1545 2291 comites
1585 2236 1703 2303 ejus
1746 2245 1801 2291 et

207 2342 226 2375 ι
276 2325 567 2394 principes
617 2335 673 2379 et
710 2327 867 2380 amici
903 2326 954 2379 in
978 2332 1401 2395 contemptorem
1435 2326 1555 2380 irati
1584 2325 1793 2380 fierent.

207 2430 228 2463 ε
278 2412 501 2469 Revera
532 2415 637 2469 scit
661 2416 837 2469 omnis
866 2415 982 2469 haec
1011 2416 1159 2486 regio
1192 2414 1318 2483 quia
1359 2413 1446 2468 ille
1481 2415 1799 2483 prtedicator

207 2522 227 2555 ι
279 2506 598 2575 Aquitania:
645 2506 712 2561 de
743 2508 914 2576 gradu
963 2522 1067 2560 non
1115 2505 1508 2573 confessorum,
1538 2508 1629 2577 qui
1672 2517 1798 2578 post

207 2615 227 2649 ι
280 2609 564 2669 martyres
600 2611 743 2664 sunt,
782 2600 876 2656 sed
929 2600 1316 2668 apostolorum,
1364 2600 1455 2669 qui
1503 2610 1627 2655 ante
1657 2617 1798 2656 mar-

208 2705 229 2739 s
284 2696 444 2759 tyres
467 2699 612 2753 sunt,
638 2691 842 2745 existit.
886 2690 997 2760 Ego
1026 2698 1230 2753 autem,
1276 2690 1320 2745 si
1357 2705 1557 2745 nomen
1589 2691 1705 2759 ejus
1731 2691 1797 2745 de

206 2793 228 2827 ι
275 2778 587 2846 apostolico
623 2779 810 2833 ordine
840 2779 1130 2843 auferrem,
1186 2778 1429 2834 timerem
1469 2788 1527 2832 ut
1559 2780 1793 2848 apostoli

205 2886 227 2918 ε
276 2869 433 2923 Petri
463 2881 516 2924 et
545 2869 769 2923 aliorum
823 2870 1245 2939 indignationem
1278 2871 1379 2925 hac
1425 2870 1477 2924 in
1510 2886 1570 2925 re
1614 2872 1794 2927 incur-

205 2974 225 3008 ο
276 2973 491 3023 rerem,
515 2958 605 3027 qui
638 2958 765 3013 olim
808 2958 861 3011 in
889 2958 1109 3020 mundo,
1139 2967 1195 3013 et
1217 2975 1360 3014 nunc
1396 2960 1448 3013 in
1489 2960 1648 3025 cmlo,
1681 2962 1794 3017 col-

204 3061 225 3095 s
269 3046 458 3115 legam
483 3056 536 3100 et
561 3047 800 3102 sodalem
822 3063 979 3102 suum
1006 3047 1308 3105 Martialem
1333 3052 1648 3121 prwclarum
1664 3069 1792 3108 con-

203 3152 223 3185 s
274 3137 495 3189 socium
527 3153 624 3205 per
646 3138 835 3193 sedilia
866 3139 1168 3207 apostolica
1191 3140 1411 3197 habent.
1437 3141 1502 3196 Et
1530 3144 1574 3198 si
1596 3159 1793 3198 nomen

205 3243 227 3275 ι
276 3225 405 3295 ejus
433 3236 795 3293 permutarem
825 3226 879 3281 in
916 3243 1039 3282 eum
1068 3228 1370 3300 catalogum
1398 3246 1505 3300 quo
1543 3243 1792 3288 sanctum

205 3331 227 3364 ε
273 3313 661 3382 Benedictum,
686 3326 737 3371 et
768 3315 1056 3383 Hilarium,
1088 3331 1142 3373 et
1160 3318 1451 3375 Martinum
1476 3324 1789 3392 pronuntio,

207 3420 229 3455 ε
274 3416 576 3459 metuerem
607 3407 822 3475 quidem
850 3409 984 3462 iram
1013 3407 1071 3463 S.
1101 3407 1393 3476 Benedicti,
1421 3421 1475 3466 et
1498 3411 1706 3476 Hilarii,
1737 3423 1793 3469 et

207 3510 229 3544 ι
275 3492 501 3547 Martini
548 3504 602 3549 et
652 3494 879 3550 aliorum
917 3498 1215 3561 incurrere,
1245 3497 1335 3566 qui
1378 3513 1501 3553 eum
1548 3501 1600 3554 in
1650 3502 1790 3558 cmlo

207 3596 228 3632 ι
277 3579 520 3650 gaudent
542 3582 731 3636 ordine
759 3584 1054 3651 apostolico
1082 3583 1311 3639 radiare.
1344 3585 1456 3641 Illic
1479 3587 1620 3640 nulla
1648 3589 1788 3644 invi-

210 3683 233 3719 ι
274 3670 389 3735 dia,
445 3670 647 3726 nullum
705 3671 931 3742 litigium
980 3673 1122 3726 inter
1166 3683 1388 3730 sanctos
1433 3691 1554 3732 esse
1592 3688 1786 3748 petest,

209 3775 231 3809 ο
277 3760 406 3828 quia
439 3770 626 3832 regnat
661 3762 713 3817 in
745 3763 993 3818 omnibus
1022 3763 1202 3819 unitas
1237 3766 1537 3832 charitatis,
1568 3778 1623 3824 et
1647 3770 1789 3840 quod

210 3864 231 3897 ι
272 3847 471 3919 singuli
503 3864 599 3918 per
630 3866 688 3905 se
714 3856 817 3905 neti
845 3852 1076 3918 habent,
1108 3869 1205 3923 per
1242 3855 1557 3912 charitatent
1590 3859 1641 3912 iit
1672 3875 1789 3914 om-

209 3952 230 3985 s
273 3937 437 3992 nibus
465 3938 684 4005 habent,
734 3941 822 3995 tibi
871 3949 957 3996 est
998 3943 1138 3997 Deus
1178 3944 1359 3998 omnia
1413 3946 1468 4000 iit
1516 3947 1784 4004 omnibus.

210 4046 230 4079 ι
274 4027 543 4086 Nimirum
569 4033 613 4086 si
643 4032 731 4087 alii
757 4034 981 4104 apostoli
1017 4042 1163 4100 sunt,
1209 4038 1454 4106 exceptis
1481 4038 1784 4107 duodecim,

209 4132 229 4166 ‹
275 4118 421 4173 sicut
454 4128 510 4174 et
533 4120 734 4192 absque
761 4123 922 4178 dubio
966 4132 1131 4177 sunt:
1164 4124 1252 4178 ille
1290 4126 1476 4195 utique
1512 4127 1786 4195 apostolus

210 4225 231 4258 ι
277 4220 381 4273 est,
413 4213 503 4282 qui
541 4228 701 4269 omne
730 4215 928 4270 donum
973 4215 1268 4285 gratiarum
1316 4233 1345 4271 a
1395 4220 1622 4274 Domino
1662 4235 1783 4275 cum

210 4316 229 4349 ε
279 4300 400 4355 aliis
439 4302 716 4358 duodecim
756 4304 964 4373 accepit
1003 4305 1276 4375 apostolis.
1316 4304 1478 4361 Certe
1525 4307 1785 4365 Martialis

211 4408 229 4441 ι
273 4408 380 4447 non
406 4403 677 4460 estnunc,
723 4411 821 4450 nec
855 4400 960 4449 erit
982 4396 1139 4464 alius,
1173 4410 1330 4466 quam
1358 4397 1484 4452 olim
1514 4400 1633 4468 quis
1659 4399 1781 4468 fuit,

218 4499 235 4533 ι
270 4494 325 4538 et
374 4487 468 4555 qui
505 4486 623 4552 fuit,
665 4488 899 4558 ipseest
940 4504 1104 4553 nunc,
1146 4498 1202 4544 et
1238 4491 1351 4560 ipse
1405 4506 1618 4561 semper
1656 4495 1778 4550 erit.

212 4588 231 4620 ε
270 4574 490 4631 Amicus
523 4577 614 4633 Dei
644 4577 761 4643 fuit,
792 4579 995 4632 amicus
1024 4579 1115 4633 Dei
1146 4590 1247 4645 est,
1290 4582 1494 4638 amicus
1525 4583 1619 4638 Dei
1655 4587 1780 4641 erit.

214 4677 233 4710 ι
276 4661 563 4734 Apostolus
601 4666 721 4733 ftiit,
757 4669 1112 4738 apostolatum
1158 4671 1316 4725 habet
1358 4674 1506 4743 (nam
1541 4674 1783 4745 signacu-

214 4767 232 4800 ι
276 4752 385 4809 lum
416 4759 749 4827 apostolatus
765 4759 881 4829 ejus
901 4761 1072 4817 Gallia
1099 4762 1231 4834 est),
1263 4765 1488 4834 apostoli
1520 4766 1781 4823 honorent

216 4856 234 4890 ι
277 4841 328 4896 in
371 4845 508 4900 coelo
560 4849 613 4901 in
662 4858 925 4905 aeternum
975 4850 1213 4906 habebit.
1272 4854 1561 4923 Apostolus
1607 4853 1781 4912 ofﬁcio

216 4947 236 4983 ι
276 4931 391 5002 fuit,
429 4940 701 5005 apostolus
733 4946 817 4994 est
847 4942 1299 5008 remuneratione,
1345 4944 1622 5015 apostolus
1675 4947 1782 5002 erit

218 5035 238 5069 ι
281 5020 332 5076 in
379 5037 638 5084 aeternum
684 5029 850 5101 gloria
895 5038 950 5085 et
990 5033 1215 5087 honore.
1251 5032 1347 5087 Est
1383 5036 1671 5091 carnaliter
1712 5036 1782 5093 de

219 5126 238 5158 ο
275 5126 462 5178 genere
484 5116 732 5184 Abrahae,
763 5125 846 5172 est
879 5120 1173 5190 discipulus
1205 5121 1438 5189 Domini,
1477 5134 1560 5181 est
1602 5140 1632 5179 a
1673 5124 1779 5183 Pe.

217 5212 239 5246 ς
281 5206 359 5253 tro
401 5201 724 5272 baptizatos,
769 5205 984 5263 Christo
1018 5206 1268 5276 jubente,
1295 5219 1381 5265 est
1407 5213 1582 5270 eidem
1622 5213 1782 5274 Petro

1924 458 1942 491 ‹
1983 444 2271 513 episcopali
2310 449 2689 516 sanctificatus,
2721 462 2804 508 est
2845 455 2898 509 in
2939 455 3064 512 Sion
3095 460 3150 513 in
3181 461 3267 516 die
3301 464 3496 523 Pente-

1923 546 1943 580 ι
1989 541 2165 587 costes
2209 535 2412 604 Spiritu
2438 551 2626 595 sancto
2672 545 2924 612 repletus,
2966 551 3204 608 omnium
3253 558 3495 624 gentium

1921 637 1941 671 ι
1989 620 2228 691 loquelas
2253 628 2421 694 novit,
2448 632 2696 701 gentibus
2720 635 2837 689 istis
2859 639 3099 695 occiduis
3127 620 3493 704 testiinonium

1921 727 1939 760 ς
1985 711 2078 765 Dei
2106 714 2209 769 vivi
2240 717 2413 772 attulit
2436 721 2664 789 primus,
2691 730 3102 789 resurrectionis
3124 732 3319 791 Christi
3351 738 3491 795 invi-

1919 818 1939 851 s
1979 812 2100 858 ctus
2135 808 2342 863 exstitit
2389 813 2558 865 testis.
2596 814 2825 888 ideoque
2864 819 3037 889 ipsum
3082 827 3398 884 cruciﬁxum
3437 840 3489 888 et

1918 909 1939 943 ι
1983 898 2428 954 resurrectionem
2460 902 2511 957 in
2545 909 2928 968 resuscitandis
2950 912 3246 975 exstinctis
3277 936 3489 994 semper

1917 1001 1936 1034 ι
1984 994 2171 1040 testem
2219 986 2466 1048 barbaris
2514 998 2856 1068 prteferebat,
2899 1005 3123 1063 dicens:
3166 1009 3236 1066 In
3283 986 3491 1071 nomine

1917 1093 1936 1127 ι
1980 1077 2210 1144 Domini,
2240 1100 2390 1154 quem
2412 1087 2589 1143 λιιάωὶ
2612 1094 2998 1163 cruci/iurant,
3024 1111 3073 1152 et
3094 1103 3245 1157 tertia
3285 1106 3370 1160 die
3413 1124 3491 1162 re-

1917 1184 1936 1218 t
1980 1172 2203 1224 surrexit
2223 1191 2256 1227 a
2278 1177 2519 1242 mortuis,
2542 1184 2737 1251 surgite
2756 1187 2845 1255 qui
2866 1192 3057 1243 mortui
3074 1191 3282 1261 jacett's.
3311 1196 3486 1268 Ipsam

1914 1277 1934 1310 ‹
1981 1261 2409 1321 testiﬁcatiouem
2446 1266 2563 1335 Dei,
2591 1271 2706 1341 ejus
2733 1290 2923 1332 nomen
2958 1295 3210 1339 resonare
3238 1261 3482 1344 videtur:

1911 1367 1936 1404 ι
1979 1351 2239 1412 Martialis
2275 1358 2472 1430 quippe
2510 1362 2892 1434 interpretatur
2925 1370 3110 1429 σηιξεο
3152 1379 3368 1434 nomine
3410 1391 3484 1435 te-

1912 1458 1932 1493 (
1972 1443 2293 1512 stimonium,
2325 1449 2441 1505 sive
2467 1454 2610 1507 testis
2646 1456 2784 1523 vitm,
2832 1458 2931 1528 vel,
2977 1464 3121 1520 sicut
3156 1467 3247 1522 alii
3278 1470 3483 1538 volunt,

1911 1555 1930 1587 ι
1974 1537 2137 1593 virtus
2159 1539 2491 1611 immortalis,
2517 1548 2642 1617 quia
2668 1549 2986 1621 discipulum
3018 1554 3214 1616 virtute
3242 1577 3484 1622 resurre-

1910 1642 1930 1674 ‹
1974 1628 2168 1683 ctionis
2212 1632 2279 1686 de
2317 1643 2491 1691 morte
2518 1646 2639 1706 post
2669 1655 2762 1694 sex
2811 1642 2927 1698 dies
2959 1644 3105 1701 Petri
3125 1649 3363 1707 bacterio
3405 1661 3484 1707 ta-

1910 1733 1928 1765 ι
1973 1726 2118 1773 ctum
2164 1734 2444 1791 resurgere
2482 1724 2639 1792 fecit;
2685 1730 2798 1785 sive
2844 1733 3004 1789 virtus
3053 1737 3479 1807 immortalitatis,

1909 1825 1930 1858 ‹
1971 1807 2073 1864 hoc
2114 1820 2197 1867 est
2234 1817 2569 1883 prazdicator,
2607 1819 2690 1875 vel
2730 1824 2883 1878 testis
2907 1826 3047 1883 illius
3071 1831 3161 1900 qui
3186 1845 3281 1886 rex
3307 1849 3482 1889 saecu-

1909 1896 2146 1952 t‘lorum
2200 1902 2521 1960 immortalis
2568 1908 2711 1965 solus
2762 1910 2925 1969 habet
2980 1896 3478 1989 immortalitatem.

1907 2004 1926 2037 ι
1968 1986 2196 2057 ideoque
2239 1993 2553 2051 testiﬁcator
2590 2002 2999 2057 resurrectionis
3035 2004 3236 2063 Christi
3272 1986 3480 2069 exstitit

1906 2098 1926 2130 ί
1968 2079 2310 2139 invincibilis.
2346 2085 2511 2140 Plane
2533 2089 2587 2145 si.
2605 2092 2877 2157 apostolus
2905 2095 3081 2151 nullus
3107 2109 3211 2165 est,
3239 2104 3479 2172 exceptis

1906 2184 1925 2216 t
1968 2166 2270 2236 duodecim,
2322 2174 2461 2227 sicut
2496 2174 2760 2233 Ehionitze
2791 2181 3027 2238 haeretici
3068 2166 3388 2255 praedicant,
3422 2201 3481 2267 et

1905 2274 1925 2308 ι
1971 2258 2121 2314 nefas
2158 2272 2239 2317 est
2280 2266 2518 2335 cogitare
2565 2268 2688 2339 (ipsi
2735 2272 2877 2327 enim
2926 2275 3129 2333 nullum
3173 2258 3477 2351 apostolum

1904 2363 1923 2397 ι
1972 2350 2236 2418 recipiunt
2268 2365 2464 2424 praeter
2490 2358 2791 2426 duodecim,
2823 2373 2877 2419 et
2905 2363 3127 2422 Paulum
3173 2374 3474 2441 repudiant,

1904 2454 1923 2487 ι
1965 2441 2091 2508 quia
2136 2457 2241 2499 non
2286 2456 2369 2501 est
2415 2449 2480 2503 de
2521 2451 2827 2519 duodecim,
2873 2458 3015 2513 sicut
3041 2458 3184 2517 Beda
3226 2464 3281 2519 in
3309 2464 3474 2521 Com—

1903 2546 1922 2579 t
1965 2534 2227 2588 meutario
2271 2550 2433 2606 super
2481 2539 2718 2598 Marcum
2772 2547 2946 2619 dicit),
2993 2567 3123 2622 ergo
3174 2554 3373 2613 Paulus
3419 2570 3473 2616 et

1903 2637 1922 2670 ι
1963 2618 2239 2679 Barnabas
2280 2642 2386 2682 non
2430 2640 2555 2685 sunt
2579 2636 2826 2704 apostoli,
2857 2618 2999 2708 quod
3025 2618 3214 2712 putare
3255 2648 3467 2706 demen-

1901 2728 1920 2760 ι
1967 2710 2053 2765 tite
2077 2722 2179 2766 est.
2225 2713 2331 2771 Nos
2370 2716 2564 2774 Franci
2611 2740 2815 2781 morem
2853 2710 3225 2804 quem—patres
3276 2741 3471 2807 nostri,

1901 2818 1920 2851 ι
1966 2803 2056 2870 qui
2095 2805 2253 2872 primi
2294 2812 2678 2868 monasterium
2710 2817 2767 2871 S.
2796 2803 3067 2879 Benedicti
3096 2841 3195 2882 suo
3225 2803 3473 2903 magiste-

1901 2907 1920 2940 ‹
1965 2891 2045 2945 rio
2080 2893 2478 2966 inuormarunt,
2526 2903 2684 2972 plena
2726 2908 2881 2965 nobis
2931 2914 3141 2971 ratione
3182 2891 3471 2978 subnixum

1818 3008 1865 3070 ο
1900 3000 1919 3032 ‹
1966 2984 2306 3042 tradiderunt
2330 2989 2397 3045 de
2419 2993 2520 3048 hac
2545 3010 2626 3061 re,
2659 3007 2831 3054 ratum
2854 3016 3256 3065 conservamus.
3282 3010 3467 3079 _Quis-

1899 3088 1918 3122 ι
1961 3074 2082 3143 quis
2108 3092 2205 3131 nos
2236 3078 2412 3135 hacin
2440 3098 2497 3137 re
2521 3084 2716 3142 imitari
2746 3091 2998 3160 voluerit,
3030 3110 3234 3154 rectam
3266 3074 3468 3158 verita-

1899 3182 1918 3216 ι
1965 3168 2031 3223 tis
2058 3169 2266 3261 ‘lineam
2307 3176 2526 3231 tenebit.
2564 3196 2583 3229 ι
2627 3179 2742 3248 Quo
2786 3197 3055 3254 perorato,
3109 3192 3469 3264 archiepisco-

1890 3274 1992 3330 pus
2020 3248 2204 3329 tacuit,
2231 3275 2287 3321 et
2316 3282 2409 3323 rex
2439 3285 2563 3324 cum
2587 3273 2734 3328 omni
2774 3276 3031 3348 dignitate
3068 3248 3385 3340 clericorum
3409 3296 3467 3342 et

1890 3351 2190 3421 principunt
2237 3358 2327 3426 qui
2369 3359 2473 3413 sibi
2511 3363 2855 3431 assistebant,
2889 3370 3034 3426 dicta
3077 3375 3465 3449 archiepiscopi

1891 3442 2225 3500 collaudavit.
2265 3447 2374 3503 Nos
2418 3460 2594 3505 autem
2620 3456 2709 3510 ubi
2749 3461 2977 3528 regressi
3009 3476 3195 3518 sumus
3221 3442 3289 3521 ad
3324 3442 3467 3525 hanc

1892 3535 2102 3600 urbem,
2123 3537 2225 3591 hac
2250 3539 2316 3593 de
2336 3553 2394 3593 re
2417 3541 2625 3598 codices
2645 3545 2895 3615 antiquos
2923 3548 3025 3604 loci
3048 3555 3213 3608 nostri
3243 3559 3462 3626 perqui-

1890 3641 2011 3683 rere
2035 3627 2317 3684 confestim
2339 3633 2669 3701 curavimus,
2714 3646 2770 3691 et
2808 3639 3114 3699 innumeros
3155 3655 3265 3701 tam
3297 3663 3468 3717 penes

1888 3735 1988 3775 nos
2006 3736 2165 3791 quain
2184 3737 2283 3793 per
2299 3721 2537 3782 diversas
2549 3727 2849 3798 Aquitaniae
2867 3736 3126 3794 ecclesias
3142 3739 3463 3810 invenimus,

1890 3812 2186 3872 Martialem
2211 3819 2469 3892 habentes
2489 3823 2750 3893 scriptum
2771 3829 3093 3897 apostolum.
3138 3831 3193 3886 ltt
3224 3834 3464 3904 antiquis

1886 3907 2052 3961 etiam
2101 3907 2465 3982 Martyrologii
2526 3912 2888 3974 voluminibus
2930 3920 3068 3977 duos
3116 3923 3232 3994 ejus
3296 3926 3462 3982 disci-

1886 4001 2063 4071 pulos,
2097 4002 2439 4071 Alpinianum
2461 4006 3036 4080 etAustriclinianum,
3075 4017 3306 4085 scriptos
3341 4033 3463 4075 esse

1886 4093 2061 4148 adhuc
2101 4097 2400 4163 reperimus
2449 4101 2739 4166 apostolos.
2797 4102 2888 4159 Sic
2931 4106 3126 4179 quippe
3169 4108 3362 4179 legitur
3403 4113 3461 4167 in

1885 4185 2264 4242 vetustissimis
2295 4186 2612 4259 quibusdam
2637 4208 2650 4244 :
2675 4188 2857 4248 Pridie
2879 4192 3145 4251 Kalendas
3169 4197 3324 4267 Julii,
3357 4217 3454 4255 ua-

1886 4276 2008 4333 talis
2064 4281 2231 4334 sancti
2284 4280 2549 4338 Hartialis
2598 4286 2896 4356 Aquitania!
2952 4290 3179 4346 doctoris
3225 4304 3276 4348 et
3328 4310 3457 4365 apo-

1883 4370 2035 4437 stoli,
2093 4388 2212 4426 cum
2264 4375 2464 4430 duobus
2517 4378 2764 4447 apostolis
2817 4381 3227 4440 Austricliuiano
3268 4396 3316 4441 et
3368 4389 3460 4441 Αι-

1883 4464 2097 4534 piniano
2126 4506 2141 4529 ,
2202 4484 2425 4537 quorum
2478 4471 2583 4523 vita
2640 4473 2804 4541 signis
2859 4483 2907 4527 et
2955 4476 3224 4541 miraculis
3271 4480 3449 4534 admo-

1883 4557 2009 4611 dum
2032 4558 2246 4627 eﬂ'ulsit.
2274 4558 2353 4615 Ne
2379 4561 2648 4618 miremini
2668 4573 2849 4619 autem
2878 4568 3019 4636 quod
3045 4569 3100 4622 in
3128 4578 3307 4624 vestro
3329 4586 3459 4627 con-

1885 4648 2010 4704 cilio
2038 4651 2404 4705 testimonium
2433 4652 2533 4708 hoc
2553 4654 2770 4723 protuli,
2804 4657 3227 4712 reverentissimi
3257 4674 3458 4727 praesu-

1882 4740 1981 4807 les,
2013 4742 2167 4809 quasi
2195 4741 2341 4812 ipsos
2368 4732 2669 4814 discipulos
2687 4744 2804 4813 ejus
2833 4748 3050 4802 recitari
3077 4746 3304 4801 velimus
3331 4763 3481 4818 apo-t

1882 4832 2228 4889 stolos:ltoc
2279 4835 2424 4891 enim
2473 4836 2764 4902 nolumus;
2790 4849 2861 4890 ne
2904 4835 3147 4898 vilescat,
3202 4844 3263 4889 ut
3309 4838 3464 4891 aiunt

1881 4924 2124 4994 quidam,
2153 4938 2348 4980 nomen
2368 4926 2742 4996 apostolicum,
2766 4925 2814 4980 si
2833 4934 2916 4980 tot
2926 4923 3200 4994 apostolos
3224 4925 3469 4982 Ecclesia

1879 5017 2144 5087 proferat,
2179 5032 2303 5079 cum
2335 5019 2439 5072 hoc
2465 5018 2532 5071 de
2569 5018 2685 5086 ipso
2712 5014 2956 5069 Martiale
2986 5014 3262 5069 nonnullis
3288 5016 3471 5090 ingra-

1884 5115 1997 5163 tum
2023 5121 2145 5162 esse
2167 5108 2427 5164 sciamus.
2452 5107 2653 5162 Verum
2701 5107 2820 5162 hac
2859 5107 3066 5164 idcirco
3105 5103 3370 5179 diximus,
3415 5117 3477 5164 ut

1880 5201 1972 5272 qui
2016 5208 2312 5269 praesentes
2355 5201 2410 5256 in
2451 5199 2685 5255 concilio
2731 5207 2881 5265 sunt,
2929 5194 3088 5253 facile
3137 5201 3481 5266 perpendam
