4044 5290
590 296 728 353 1559

1512 260 1871 349 tenuamus
1910 284 2412 345 Lenovtcrrtsrs
2449 285 2841 346 EPISCOPUS.

587 411 837 482 tiquitate
867 404 1100 473 majores
1146 400 1597 457 monasteriorum
1645 415 1741 471 per
1786 399 2168 456 Lemovicense
2197 397 2247 456 Δ
2279 413 2297 446 t
2342 398 2791 454 existimaverunt
2847 398 3123 456 vindicare
3180 403 3528 471 apostolicum
3591 419 3790 471 nomen,

584 502 781 567 solum,
816 508 876 554 ut
899 495 1222 566 impleamus
1244 493 1373 550 illud
1392 495 1763 565 propheticum
1792 512 1805 549 :
1839 495 1988 549 State
2014 509 2170 562 super

584 610 717 659 etas,
747 593 1059 660 interrogate
1087 587 1151 643 de
1194 568 1389 641 semitis
1429 585 1642 640 Domini
1672 586 1922 656 antiquis,
1952 585 2168 656 qumrite

584 700 704 755 quae
730 682 795 737 sit
820 682 903 736 uin
934 688 1097 744 recta,
1125 688 1174 733 et
1211 676 1474 733 ambulate
1510 678 1566 733 in
1608 695 1669 733 ea
1700 678 1834 749 (Jer.
1866 676 1964 747 νι).
1990 675 2169 731 Testi-

587 777 782 832 ﬁcatur
807 773 962 830 nobis
985 773 1148 828 Pater
1170 771 1480 827 monasterii
1495 770 1823 835 Tutelensis,
1846 770 1994 839 quia,
2024 779 2169 838 post-

583 880 747 935 quam
793 864 908 935 ipse
964 862 1117 918 locus
1172 860 1426 916 fundatus
1469 867 1555 915 est
1615 859 1945 930 temporibus
1990 856 2166 914 Caroli

583 956 840 1027 Augusti,
870 962 1187 1011 consuetum
1222 969 1438 1024 semper
1465 953 1663 1009 retinet
1706 968 1911 1009 morem
1962 969 2167 1008 mamo-

590 1047 745 1101 randi
776 1045 1040 1101 Martialis
1074 1044 1325 1115 apostoli.
1362 1064 1382 1098 ι

651 1137 863 1192 lnterea
907 1136 1072 1190 Pa’ter
1116 1136 1429 1192 monasterii
1476 1135 1931 1193 Solemniacensis
1980 1134 2165 1191 Geral-

582 1226 682 1282 dus
733 1212 1051 1282 solemniter
1086 1227 1139 1281 in
1190 1227 1421 1282 concilio
1463 1228 1727 1290 residens,
1779 1228 1950 1281 sacris
2001 1227 2163 1281 indu-

580 1318 778 1373 mentis
803 1328 1045 1384 ornatus,
1069 1318 1145 1372 ait
1168 1334 1347 1375 coram
1372 1319 1622 1373 omnibus
1648 1336 1659 1372 :
1696 1339 1713 1371 ι
1746 1318 2165 1389 Antiquissimos

580 1408 797 1463 codices
847 1409 961 1463 scio
1007 1423 1173 1479 penes
1225 1424 1353 1474 nos,
1411 1410 1844 1478 antiquissimum
1902 1409 2165 1464 habentes

587 1500 973 1566 testimonium,
1006 1498 1301 1553 Martialem
1331 1513 1450 1554 esse
1479 1500 1776 1569 apostolum
1809 1501 1876 1555 ab
1926 1498 2177 1569 antiquis‘

585 1591 963 1661 praedicatum.
1009 1591 1230 1656 Verum,
1262 1600 1536 1647 crescente
1561 1592 1815 1661 paulatim
1843 1591 2162 1662 negligentia

580 1681 1069 1761 ecclesiasticorum
1116 1682 1378 1748 virorum,
1427 1698 1547 1736 cum
1600 1681 1701 1737 alia
1752 1698 1966 1752 quoque
2006 1686 2159 1736 ‘rccta
2192 1723 2237 1782 Β

585 1771 875 1841 coepissent
904 1770 1208 1839 depravari,
1243 1771 1345 1825 hoc
1392 1772 1554 1825 etiam
1600 1772 1950 1841 depravatum
1997 1780 2080 1826 est
2129 1787 2160 1825 a

574 1858 901 1927 junioribus,
928 1870 984 1914 ιιι
1004 1858 1113 1929 jam
1139 1874 1243 1914 non
1270 1870 1553 1915 vocaretur
1581 1862 1877 1930 apostolus,
1905 1862 2028 1930 quia
2056 1877 2159 1915 non

579 1957 700 2003 erat
739 1965 877 2004 unus
904 1952 968 2004 de
1015 1949 1279 2005 duodecin
1328 1949 1475 2021 (nam
1521 1951 1673 2004 multi
1728 1951 1993 2020 hodieque
2055 1964 2161 2004 non

578 2038 941 2104 advertentes,
992 2038 1215 2093 Paulum
1255 2048 1307 2093 et
1357 2039 1657 2095 Barnabam
1699 2048 1892 2110 putant
1937 2054 2054 2096 esse
2098 2039 2163 2094 de

578 2127 922 2199 duodecim),
975 2129 1200 2199 ideoque
1243 2140 1619 2199 permutarunt
1664 2130 1781 2201 ejus
1829 2146 2021 2185 nomen
2070 2122 2164 2200 per

577 2216 796 2273 litanias
822 2220 888 2274 de
920 2219 1110 2275 ordine
1132 2220 1426 2291 apostolico
1457 2221 1507 2274 in
1535 2220 1911 2277 confessorum
1942 2223 2159 2277 seriem.

578 2309 858 2381 salumque
882 2312 1082 2366 bonum
1103 2312 1381 2376 habentes,
1406 2314 1498 2367 sed
1527 2328 1631 2367 non
1661 2315 1953 2368 secundum
1981 2314 2160 2369 scien-

577 2403 728 2466 tiam,
760 2410 1018 2471 putaruut
1046 2410 1335 2472 patronum
1364 2418 1521 2457 suum
1558 2403 1753 2458 melius
1778 2403 2056 2468 honorari,
2116 2404 2159 2458 si

574 2506 683 2547 non
712 2491 957 2546 ultimum
982 2491 1374 2561 apostolorum,
1406 2491 1501 2547 sed
1524 2492 1760 2562 primum
1786 2491 2160 2547 confessorum

578 2582 842 2647 dicerent,
870 2582 1099 2652 ideoque
1130 2599 1225 2654 per
1254 2582 1370 2652 ejus
1413 2593 1563 2655 gesta
1612 2584 1665 2637 in
1718 2584 1985 2655 aliquibus
2032 2584 2164 2640 locis

576 2669 938 2726 confessorem
967 2687 1091 2726 eum
1118 2672 1471 2742 scripserunt.
1510 2671 1641 2726 Nam
1695 2673 1747 2729 in
1781 2674 2161 2729 vetustissimis

576 2758 854 2815 codicibus
880 2760 1161 2830 probatum
1192 2768 1275 2815 est
1308 2761 1409 2816 hoc
1439 2762 1660 2818 minimo
1703 2778 1802 2833 per
1844 2762 1959 2833 ejus
2012 2773 2158 2833 gesta

576 2854 858 2924 scriptum.
892 2853 1005 2908 llac
1029 2854 1096 2909 de
1122 2868 1181 2907 re
1204 2853 1504 2909 consultius
1539 2864 1624 2911 est
1669 2870 1791 2910 cum
1837 2870 1933 2926 per
1980 2856 2160 2911 omnia

578 2946 743 3002 scribi
793 2946 1119 3017 apostolum,
1150 2962 1313 3015 quam
1366 2949 1675 3018 pontiﬁcem
1727 2948 1842 3005 sive
1887 2948 2159 3004 confesso-

577 3049 715 3102 rem,
749 3039 873 3106 quia
912 3038 1084 3092 sancti
1110 3037 1339 3106 apostoli
1371 3039 1462 3108 qui
1488 3040 1725 3110 episcopi
1771 3041 2011 3105 fuerunt,
2044 3042 2159 3097 sive
2186 3047 2236 3117 ο

581 3125 746 3180 occisi
772 3125 888 3179 sive
914 3140 1017 3180 non
1042 3125 1206 3180 occisi
1241 3125 1437 3195 gladio,
1478 3126 1669 3184 Omnes
1710 3138 1766 3183 et
1795 3129 2078 3199 pontiﬁces
2105 3139 2158 3184 et

578 3215 921 3271 confessores
945 3206 1227 3281 vocantur,
1255 3215 1381 3271 dum
1414 3216 1643 3286 apostoli
1690 3227 1973 3283 vocantur,
2024 3232 2161 3288 pon-

579 3304 750 3359 tifices
776 3313 956 3360 autem
988 3314 1045 3360 et
1072 3306 1411 3361 confessores
1438 3305 1707 3361 innumeri
1736 3316 1881 3374 sunt,
1912 3308 2003 3378 qui
2031 3323 2160 3377 apo-

575 3393 699 3449 stoli
724 3409 829 3449 non
861 3403 1006 3449 sunt.
1037 3393 1096 3450 Si
1128 3403 1312 3451 autem
1344 3395 1396 3450 in
1426 3397 1842 3453 consecratione
1865 3398 2158 3469 episcopali

576 3486 860 3557 cpiscopus
892 3495 1119 3542 vocatur
1154 3486 1452 3556 apostolus,
1500 3488 1591 3542 ubi
1640 3488 1878 3543 dicitur:
1911 3487 2159 3545 Urbanus

576 3591 648 3642 os,
677 3576 941 3645 apostolus
968 3575 1163 3632 Christi
1187 3594 1264 3642 es,
1303 3578 1372 3632 sit
1406 3574 1644 3631 Ecclesia
1684 3588 1854 3632 mater
1898 3588 2010 3644 tua,
2053 3580 2161 3633 sint

573 3666 798 3737 apostoli
827 3670 1019 3737 fratres
1039 3671 1134 3732 tui,
1157 3668 1480 3740 apostolatus
1510 3669 1588 3723 tui
1611 3670 1833 3740 gradum
1860 3671 2157 3725 custodiant

576 3757 767 3827 angeli,
799 3768 1004 3828 quanto
1038 3761 1211 3830 magis
1245 3760 1335 3815 ille
1373 3760 1647 3831 apostblus
1683 3769 1765 3817 est
1794 3761 1887 3831 qui
1932 3763 2001 3818 ab
2039 3763 2159 3833 ipso

576 3846 810 3901 Domino
840 3849 1038 3904 missus
1069 3859 1122 3905 et
1147 3858 1514 3913 consecratus,
1540 3859 1596 3905 et
1625 3859 1898 3919 potestate
1946 3861 2159 3921 aposto-

576 3935 701 3999 lica,
737 3937 896 3994 id-est
924 3938 1124 4006 ligandi
1158 3948 1212 3996 et
1238 3940 1505 4007 solvendi,
1528 3950 1613 3996 est
1662 3942 2016 3999 sublimatus?
2052 3944 2158 3999 Sed

576 4028 630 4082 in
658 4031 948 4085 concilium
973 4041 1235 4098 vestrum,
1259 4048 1292 4089 ο
1318 4034 1598 4103 prtesules,
1632 4035 1815 4091 veniat
1837 4037 2160 4093 Ambrosius

579 4116 1014 4186 Mediolanensis,
1045 4120 1203 4177 fortis
1248 4121 1501 4179 columna
1545 4124 1825 4192 Ecclesiae;
1878 4124 2161 4180 audiamus

570 4209 691 4278 eius
715 4226 878 4280 super
914 4211 1016 4266 hac.
1044 4227 1103 4267 re
1128 4213 1531 4268 auctoritatem.
1570 4215 1721 4270 Tunc
1747 4215 1927 4272 delato
1973 4215 2160 4271 codice

575 4285 717 4356 1ectu
741 4321 770 4356 ιι
802 4311 886 4358 εει
913 4303 965 4358 in
992 4306 1386 4360 commentario
1401 4321 1568 4377 super
1594 4307 1834 4379 Epistola
1864 4307 1931 4362 ad
1962 4305 2152 4361 'l’imo-
2182 4328 2190 4337 ί

2276 507 2294 540 ι
2340 490 2568 560 ideoque
2593 491 2708 545 haec
2731 490 2837 545 duo
2884 484 3100 545 nomina
3146 493 3218 546 ita
3262 493 3403 549 inter
3429 510 3487 549 se
3515 496 3790 570 diviserunt,

2275 596 2294 628 ι
2341 587 2399 631 ιιι
2422 578 2653 646 majores
2676 579 2984 635 sacerdotes
3004 591 3324 637 vocarentur
3346 584 3577 654 episcopi
3598 595 3785 658 tantum,

2274 686 2293 718 ι
2340 670 2577 724 minores
2611 684 2743 724 vero
2773 671 3082 726 sacerdotes
3113 672 3412 744 presbyteri
3460 675 3699 731 duntaxat
3718 694 3789 747 ap-

2273 779 2292 811 ι
2333 761 2686 832 pellarentur.
2725 762 2782 817 Si
2820 763 2984 833 igitur
3013 764 3086 819 illi
3116 764 3352 836 episcopi
3391 767 3787 838 quondam‘post

2272 870 2292 905 ι
2338 852 2608 922 apostolos
2623 855 2820 909 virtute
2844 854 3121 925 signorum
3149 855 3407 924 apostolis
3431 856 3524 925 qui
3547 855 3786 913 Dominum

2273 959 2292 994 ι
2337 943 2583 997 viderant
2628 940 2914 997 inferiores
2959 944 3294 999 vocabantur
3339 945 3582 1015 apostoli,
3620 955 3785 1016 quanto

2272 1052 2292 1084 ι
2335 1033 2507 1101 magis
2538 1032 2629 1087 ille
2656 1033 2931 1102 apostolus
2957 1046 3061 1100 est,
3118 1044 3171 1090 et
3202 1035 3328 1105 jure
3371 1035 3632 1106 apostolus
3662 1052 3789 1091 voca-

2271 1142 2290 1175 ι
2329 1124 2512 1187 batur,
2540 1124 2630 1194 qui
2660 1140 2690 1178 a
2718 1124 2945 1178 Domino
2975 1139 3133 1181 omne
3158 1127 3358 1181 donum
3390 1128 3666 1199 gratiarum
3692 1145 3785 1183 cum

2271 1231 2291 1265 ι
2335 1214 2676 1269 consortibus
2722 1215 2835 1269 suis
2883 1216 3110 1284 accepit,
3142 1225 3196 1271 et
3236 1219 3287 1270 in
3320 1216 3516 1271 virtute
3538 1219 3784 1285 signorum,

2270 1321 2289 1355 ι
2337 1315 2588 1374 tanquam
2619 1321 2746 1360 vere
2770 1308 3064 1375 apostolus,
3095 1319 3400 1379 praepotens
3423 1308 3552 1364 fuit?
3593 1328 3611 1360 ι

2335 1395 2580 1467 Cumque
2611 1399 2816 1463 sileret,
2847 1400 2983 1455 dixit
3011 1402 3201 1456 Petrus
3246 1403 3467 1472 quidam
3512 1404 3785 1475 presbyter:

2272 1503 2292 1538 ι
2337 1486 2449 1542 Hoc
2473 1489 2611 1543 idem
2644 1491 2986 1546 testiﬁcatnm
3017 1502 3101 1547 est
3131 1503 3257 1548 ante
3290 1497 3393 1551 hos
3439 1496 3613 1566 plures
3651 1512 3787 1552 annos

2267 1593 2296 1632 a
2332 1580 2691 1649 chembaldo
2736 1592 2888 1652 patre
2933 1586 3250 1641 monasterii
3298 1586 3647 1643 Milbecettsis.
3683 1588 3786 1643 Nam

2266 1684 2386 1722 cum
2412 1684 2530 1733 vos,
2560 1685 2592 1723 ο
2620 1673 2921 1727 venerande
2959 1673 3222 1742 pontifex,
3254 1675 3309 1729 in
3361 1678 3462 1731 hac
3500 1677 3693 1732 basilica
3717 1694 3787 1746 per

2267 1757 2657 1813 hebdomadam
2690 1757 3038 1841 ljentecostes
3063 1761 3112 1815 in
3141 1774 3319 1817 vestra
3356 1765 3576 1835 synodo,
3622 1776 3787 1820 astante

2266 1847 2605 1903 multitudine
2635 1850 2993 1913 sacerdotum,
3026 1851 3360 1918 resideretis,
3404 1854 3651 1910 allocutus
3685 1855 3787 1909 estis

2265 1940 2556 2007 synodum,
2585 1940 2771 1994 dicens
2799 1958 2813 1994 :
2843 1939 3010 1995 Nobis
3049 1944 3220 1996 nescio
3247 1960 3367 2014 quia
3399 1947 3591 2000 novitas
3633 1948 3687 2000 de
3712 1963 3786 2015 pa-

2265 2038 2412 2081 trono
2444 2038 2621 2083 nostro
2648 2029 2893 2084 Martiale
2921 2041 3035 2085 orta
3064 2041 3157 2095 est,
3187 2033 3316 2086 mihi
3337 2035 3466 2089 satis
3492 2036 3614 2088 dura
3638 2047 3677 2089 et
3693 2052 3786 2105 ςταε

2263 2120 2353 2173 vis.
2388 2118 2489 2172 Alii
2518 2121 2820 2174 memoriam
2843 2121 2956 2192 ejus
2981 2120 3046 2176 de
3066 2124 3324 2193 apostolo,
3349 2123 3443 2180 alii
3466 2127 3527 2180 de
3546 2128 3786 2194 confessam

2264 2219 2455 2278 agunt;
2488 2209 2582 2262 alii
2611 2220 2869 2264 testantur
2891 2227 3010 2264 eunt
3060 2228 3170 2266 esse
3210 2214 3526 2282 apostolum,
3570 2214 3653 2269 alii
3687 2208 3784 2269 coa-

2262 2297 2553 2368 postulunt;
2577 2299 2703 2371 quid
2725 2317 2864 2370 ergo,
2894 2300 3105 2371 fratres,
3126 2303 3192 2368 .in
3219 2305 3319 2359 hoc
3359 2306 3588 2360 sentitis!
3622 2307 3681 2360 At
3716 2305 3785 2360 ille

2266 2404 2601 2449 memoratus
2625 2395 2934 2450 veneranda
2963 2398 3187 2465 canitie,
3215 2402 3469 2457 doctrina
3495 2412 3548 2458 et
3590 2404 3784 2458 moribus

2262 2482 2529 2552 egregius,
2554 2484 2834 2539 confestim
2859 2484 3176 2543 admirando
3198 2491 3418 2561 signare
3440 2508 3497 2548 se
3515 2496 3785 2564 cmpitsigno

2264 2572 2460 2637 crucis,
2494 2581 2548 2626 et
2573 2573 2649 2627 sic
2688 2574 2894 2644 primus
2926 2578 3229 2644 respondit:
3251 2600 3268 2631 ι
3291 2579 3423 2635 Tale
3446 2598 3688 2651 nunquam
3712 2599 3783 2635 au-

2272 2677 2291 2711 t
2325 2658 2432 2714 divi
2473 2660 2632 2731 quale
2662 2678 2824 2719 nunc.
2865 2663 3022 2739 Certe
3049 2666 3272 2722 auribus
3304 2670 3474 2735 meis,
3511 2685 3543 2724 o
3569 2671 3781 2739 pontifex,

2269 2765 2288 2799 ι
2331 2749 2587 2821 majorem
2617 2751 2873 2807 inducitis
2900 2740 3229 2811 novitatem:
3257 2758 3313 2813 ln
3357 2770 3541 2816 nostro
3569 2761 3780 2829 siquidem

2267 2858 2286 2892 ι
2325 2842 2673 2909 monasterio,
2700 2853 2755 2899 et
2782 2844 2835 2898 in
2858 2849 3067 2902 caeteris
3092 2848 3145 2902 iu
3195 2852 3394 2919 quibus
3417 2868 3447 2905 ιι
3470 2852 3672 2922 pueritia
3692 2865 3780 2906 mea

2267 2950 2286 2983 ι
2324 2947 2493 3002 usque
2558 2935 2719 2989 modo
2758 2951 2857 3005 per
2913 2936 3300 2995 Bituricensem
3356 2951 3416 2997 et
3470 2943 3780 2998 'l‘urouensem

2267 3040 2286 3071 ι
2322 3023 2627 3091 provincias
2677 3035 3029 3083 conversatus
3052 3027 3150 3093 lui,
3177 3045 3460 3101 nunquam
3487 3033 3649 3088 audivi
3675 3030 3782 3085 Mar-

2267 3130 2287 3163 t
2328 3111 2504 3167 tialem
2543 3113 2761 3170 recitari
2792 3116 2898 3171 nisi
2936 3132 3058 3172 cum
3086 3119 3209 3175 aliis
3251 3123 3529 3190 apostolis.
3568 3142 3586 3175 ι
3611 3122 3778 3178 Interea

2259 3202 2312 3258 in
2344 3204 2573 3261 concilio
2610 3206 2720 3273 illo,
2751 3223 2873 3263 cum
2906 3209 3123 3279 quidam
3150 3226 3217 3266 ex
3245 3212 3460 3270 clericis
3486 3211 3780 3270 Petrocorias

2258 3293 2410 3349 urbis
2429 3309 2551 3349 cum
2593 3303 2746 3366 patre
2784 3299 3099 3355 monasterii
3128 3298 3575 3358 Solemniacensis
3597 3301 3780 3357 alterca-

2259 3390 2427 3452 retur,
2448 3391 2505 3440 et
2539 3384 2744 3441 diceret
2772 3400 2788 3440 :
2820 3405 2839 3439 ι
2882 3388 3081 3444 Eodem
3106 3392 3266 3446 modo
3289 3403 3540 3448 sanctum
3566 3392 3777 3446 Frontum

2264 3492 2284 3527 ι
2317 3490 2607 3545 possumus
2627 3476 2812 3532 dicere
2833 3478 3134 3546 apostolum
3165 3496 3180 3547 ;
3217 3500 3236 3534 ι
3268 3481 3357 3537 ille
3387 3497 3563 3537 coram
3578 3480 3779 3536 omnibus

2258 3564 2339 3618 sic
2365 3564 2414 3619 ei
2470 3565 2790 3636 respondit:
2826 3584 2845 3618 ι
2876 3566 3055 3637 Tace,
3106 3570 3365 3641 inquam,
3405 3572 3601 3636 frater;
3628 3568 3779 3624 melius

2263 3673 2283 3708 ι
2318 3666 2402 3711 εει
2428 3663 2487 3711 ιιι
2511 3656 2671 3713 sileas
2703 3675 2716 3711 :
2743 3658 2869 3729 quia
2908 3660 3126 3729 quando
3179 3678 3278 3718 nos
3323 3663 3380 3718 in
3422 3663 3613 3720 scholis
3639 3657 3777 3730 magi-

2264 3764 2285 3800 ι
2314 3755 2553 3803 strorum
2580 3748 2682 3804 mel
2715 3761 2771 3805 et
2799 3748 2885 3804 lac
2899 3750 3241 3818 bibebamus,
3278 3763 3334 3808 tu
3373 3754 3542 3810 solam
3585 3750 3778 3807 rumina-

2265 3857 2284 3891 ι
2320 3839 2416 3895 bas
2444 3838 2643 3896 fabam.
2670 3839 3006 3912 Scripturam
3038 3844 3104 3899 de
3141 3856 3332 3903 sancto
3384 3847 3580 3902 Fronto
3604 3858 3774 3903 novam.

2269 3943 2289 3980 ι
2316 3928 2469 3998 cujus
2510 3939 2565 3984 tu
2619 3933 2944 3987 auctoritate
2989 3933 3208 4001 niteris,
3268 3936 3599 3993 Gauzbertus
3633 3943 3779 3990 noster

2265 4035 2285 4070 ι
2327 4019 2498 4074 edidit
2526 4020 2660 4076 lucri
2698 4036 2885 4088 causa,
2909 4024 2998 4093 qui
3027 4024 3128 4079 sub
3158 4025 3317 4093 hujus
3343 4026 3629 4084 Lemurica:
3666 4022 3777 4079 sellis

2266 4127 2288 4164 ι
2321 4112 2573 4184 episcopo
2598 4112 2905 4184 Hildegario
2919 4117 3371 4189 chrorepiscopus
3420 4120 3567 4175 nobis
3589 4115 3773 4172 exstitit.

2266 4221 2287 4255 ι
2328 4202 2443 4270 Qua
2473 4214 2652 4260 autem
2668 4206 2887 4277 ratione
2915 4207 3003 4263 ille
3042 4218 3219 4278 potest
3245 4225 3366 4267 esse
3416 4209 3670 4281 apostolus
3704 4206 3773 4274 qui

2268 4312 2288 4348 ι
2326 4296 2575 4367 indigena
2622 4296 3081 4355 Petracoricensis
3125 4299 3277 4355 fuit?
3321 4300 3566 4357 Profecto
3597 4298 3639 4354 si
3664 4295 3772 4350 ibis

574 4390 781 4456 theum,
829 4392 918 4447 ubi
968 4394 1285 4452 Ambrosius
1331 4396 1463 4454 dicit
1510 4397 1631 4471 (3):
1668 4417 1689 4452 ι
1740 4399 1922 4454 Primo
1969 4380 2235 4471 itaque!)
2264 4403 2282 4438 α
2316 4400 2482 4458 puero
2510 4387 2822 4457 psalterium
2848 4388 3064 4456 didicit.
3095 4390 3236 4446 sicut
3271 4390 3325 4445 in
3351 4391 3467 4461 eius
3508 4382 3787 4463 ιςθειῑειίιιιὶαΔ

582 4504 604 4539 ι
647 4488 919 4543 nascentis
932 4488 1184 4547 Ecclesia:
1200 4499 1440 4562 tempore
1464 4506 1654 4548 omnes
1672 4493 1971 4565 presbyteri
1987 4507 2151 4549 voca-

581 4598 603 4633 σ
647 4579 851 4635 bantur
874 4582 1106 4654 episcOpi
1136 4584 1248 4639 sive
1268 4584 1590 4657 presbyteri,
1620 4596 1674 4642 et
1696 4600 1884 4642 omnes
1911 4570 2170 4659 episcopi.

581 4690 601 4723 ι
643 4673 976 4728 vocabantur
1018 4671 1242 4730 confuse
1296 4684 1353 4730 et
1392 4676 1693 4754 presbyteri
1732 4676 1852 4732 sive
1872 4677 2147 4746 episcopi;

542 4752 550 4758 ’
581 4778 602 4813 ι
645 4761 775 4816 ἰιειιι
801 4778 990 4820 omnes
1008 4764 1245 4835 episcopi
1266 4752 1600 4820 vocabantur
1619 4767 1869 4837 apostoli.
1893 4768 2002 4822 Cur
2024 4781 2174 4837 ergo;

580 4871 601 4904 ι
644 4869 790 4909 nunc
814 4855 1048 4912 discreta
1068 4868 1196 4912 sunt
1220 4857 1339 4911 haec
1381 4851 1666 4923 vocabula,
1704 4866 1765 4912 ιιι
1796 4859 1908 4929 jam
1945 4856 2153 4928 episco-

581 4963 602 4996 ι
642 4945 698 5016 pi
755 4962 861 5003 non
906 4958 1167 5004 vocentur
1211 4947 1464 5020 apostoli,
1519 4963 1627 5005 nou
1679 4950 2007 5022 presbyteri,
2053 4950 2149 5006 sed

580 5054 609 5087 «ι
650 5039 1018 5093 tantummodo
1045 5038 1304 5110 episcopi,
1331 5046 1387 5094 et
1410 5041 1714 5113 pcesbyteri
1763 5048 1887 5096 ante
1927 5041 2147 5096 ordina-

582 5140 604 5166 ε
647 5125 847 5166 ﬁlms-In
875 5127 1232 5166 anicnnnalans
1264 5144 1370 5166 nnn
1424 5142 1689 5166 vnnanlnn
1730 5132 1965 5166 anicnnni
2045 5131 2147 5166 nini

2260 4495 2280 4530 ι
2314 4487 2420 4544 tur,
2444 4488 2499 4533 et
2524 4480 2597 4535 ibi
2626 4480 2855 4537 clericus
2888 4490 2972 4536 est
2996 4479 3200 4546 factus;
3227 4481 3337 4551 jam
3370 4483 3440 4537 ibi
3466 4476 3772 4538 sacerdotium

2258 4597 2278 4623 ι
2315 4581 2372 4626 ει
2394 4570 2778 4629 Cbristianitas
2795 4582 2932 4640 erat,
2959 4571 3049 4629 ubi
3072 4572 3268 4629 scholae
3306 4574 3679 4642 Scripturarum
3716 4562 3775 4618 di-

2260 4680 2280 4715 t
2312 4663 2582 4732 vinarum,
2614 4665 2705 4720 ubi
2752 4664 3046 4719 clericatus
3087 4665 3222 4719 ordo
3271 4673 3409 4720 erat.
3442 4660 3647 4733 Legitur
3678 4664 3771 4710 eum

2260 4773 2281 4806 ι
2320 4756 2497 4825 potius
2519 4756 2798 4811 eremitam
2827 4756 3029 4811 vixisse
3068 4769 3230 4824 quam
3272 4755 3591 4826 episcopum.
3624 4748 3773 4804 Dicere

2259 4865 2278 4898 ι
2310 4848 2486 4903 nescis
2528 4863 2648 4918 qua:
2672 4847 2821 4916 signa
2859 4845 2949 4901 ille
2983 4855 3237 4918 operatus
3264 4854 3378 4912 est,
3413 4854 3472 4899 ut
3516 4834 3771 4897 Petracori-

2257 4956 2275 4988 ι
2305 4952 2494 4993 censes
2513 4947 2869 4994 converteret.
2898 4935 3084 4994 Potius
3114 4936 3204 4992 ille
3234 4951 3330 4994 eos
3368 4937 3477 4992 Dco
3510 4925 3770 5000 acquisivit,

2255 5048 2274 5081 ‘
2313 5028 2402 5099 (ιυί
2429 5044 2643 5085 omnem
2692 5028 3040 5098 Aquitaniam
3081 5044 3205 5084 cum
3262 5027 3530 5098 Stephano
3572 5016 3772 5093 principe

2256 5136 2276 5166 α
2312 5119 2606 5166 Galliarum
2633 5119 2696 5166 ad
2725 5119 2883 5166 ﬁdem
2927 5121 3111 5166 traxit-
3143 5118 3326 5166 Nomm
3370 5118 3608 5166 anlus.
3633 5115 3771 5166 necne
