4044 5290
229 277 361 343 1361

1181 276 1365 335 ACTA
1399 276 1689 336 CONCILII
1724 278 2228 340 LEMOVICENSIS
2266 280 2331 340 ll.

3334 288 3489 344 ηδτ

234 414 255 450 ι
290 392 379 450 Illi
399 398 571 446 autem
592 388 810 460 profecti
857 388 1271 459 pradicamant
1321 389 1528 460 ubique,
1575 388 1799 444 Domino
1824 395 1876 454 Α
1904 389 2172 460 longiores
2209 392 2404 449 faciam
2452 405 2567 457 vos,
2606 407 2643 447 ο
2687 391 3024 448 venerabiles
3060 391 3252 450 Patres
3282 395 3376 464 qui
3419 397 3472 453 iu

233 500 253 538 ο
282 488 584 551 cooperante
618 518 634 544 ,
684 487 733 532 et
764 492 1053 531 sermonem
1086 478 1425 547 conﬁrmante
1470 480 1797 549 sequentibus

235 591 256 626 ο
293 570 452 641 signis
483 566 678 638 (Marc.
715 567 848 637 xvi).
878 567 1167 636 Apostolus
1197 569 1375 623 nullus
1410 566 1529 631 fuit,
1568 569 1671 623 nisi
1705 569 1798 638 qui

234 683 253 718 ι
286 678 317 717 a
341 658 643 716 Jerusalem
681 658 955 728 prolectus
975 666 1083 722 est,
1113 658 1325 713 dicente
1353 659 1488 714 Isaia
1518 676 1532 714 :
1565 658 1644 713 De
1667 657 1801 716 .Sion

232 772 253 806 ι
285 752 441 808 exibit
466 750 571 815 lex,
602 759 648 804 et
672 749 881 803 verbum
907 749 1118 803 Domini
1146 749 1210 802 de
1225 749 1522 804 Jerusalem
1543 748 1681 819 (Isa.
1708 748 1795 821 it).

235 864 253 896 ι
286 843 522 911 Itemque
548 840 811 895 Dominus
832 841 943 895 ait:
975 840 1258 911 Oportebat
1279 840 1547 897 Christum
1570 844 1705 914 pali,
1750 854 1801 899 et

235 955 253 987 ι
286 935 571 1006 ρνιτάἱεατε
584 934 637 987 in
653 934 861 988 nomine
873 934 986 1005 ejus
999 935 1348 1005 penitentiam
1379 947 1425 991 et
1450 937 1804 992 remissionem

234 1045 252 1077 ι
284 1037 613 1095 peccatorum
643 1026 698 1080 in
725 1041 899 1081 omnes
924 1037 1122 1098 gentes,
1150 1028 1449 1094 incipientes
1471 1029 1534 1082 ab
1560 1027 1808 1084 Hieroso-

236 1134 254 1165 ι
287 1113 781 1185 lyma(Lne.xxrv).
814 1115 1028 1171 Etalibi
1058 1116 1215 1172 dicit:
1242 1114 1407 1172 Erilis
1426 1118 1552 1173 milii
1577 1127 1728 1172 testes
1750 1119 1808 1173 in

236 1223 254 1257 ι
279 1204 657 1271 lerusalem,et
680 1207 736 1261 in
760 1206 1126 1274 omniludtca,
1143 1219 1189 1261 et
1203 1207 1535 1274 Samaria,et
1558 1224 1717 1279 usque
1737 1208 1807 1261 ad

235 1311 254 1345 α
282 1294 523 1348 ultimum
565 1305 720 1349 terra:
750 1295 890 1365 (Act.
929 1294 991 1365 i).
1039 1296 1139 1352 Ubi
1170 1307 1354 1353 autem
1382 1305 1467 1352 est
1506 1296 1657 1353 locus
1716 1297 1808 1353 ubi

234 1401 254 1435 ι
292 1382 530 1439 Frontus
556 1383 846 1456 Georgium
875 1385 1073 1455 legitur
1097 1387 1430 1443 suscitasse?
1472 1387 1643 1441 Porro
1668 1387 1811 1458 apud

237 1492 258 1525 ι
292 1472 413 1528 Else
438 1484 776 1529 monstratur
796 1489 1011 1546 semper
1035 1476 1186 1533 locus
1206 1478 1295 1533 ubi
1321 1477 1581 1534 Martialis
1594 1478 1810 1536 Austri-

234 1582 253 1617 ε
295 1564 592 1621 cliuianum
626 1567 926 1622 suscitavit.
960 1567 1221 1625 Martinus
1247 1570 1581 1625 Turonensis
1607 1578 1811 1625 tantam

233 1671 254 1706 ι
286 1665 404 1725 post
433 1656 708 1726 apostolos
734 1657 962 1727 gratiam
1005 1674 1033 1712 a
1074 1657 1183 1713 Deo
1211 1658 1408 1729 legitur
1443 1659 1728 1724 habuisse,
1755 1666 1813 1712 ut

1898 481 2002 537 hoc
2044 482 2319 537 interestis
2359 480 2621 548 concilio,
2668 481 2771 537 hoc
2818 490 3025 537 tantum
3079 483 3316 540 breviter
3357 499 3477 556 per-

1899 571 2183 642 stringam,
2211 569 2337 641 quia
2365 584 2640 640 nunquam
2678 583 2849 641 usque
2878 571 2955 625 ad
2984 572 3128 627 hunc
3151 571 3473 629 hodiernum

1901 660 2064 725 diem,
2094 660 2187 731 qui
2215 668 2300 716 est
2322 659 2511 731 quinta
2536 657 2893 727 Sabbati(x1v
2918 658 3043 715 Kal.
3070 660 3365 729 Decembr.,
3399 662 3479 733 {s-

1900 753 1981 807 ria
2006 753 2082 823 v),
2110 750 2286 807 lactus
2309 760 2394 809 est
2419 751 2556 806 liber
2584 749 2638 805 in
2669 758 2779 806 toto
2808 753 2940 807 orbe
2971 758 3262 818 terrarum,
3294 753 3386 824 qui
3423 754 3481 810 in

1903 842 2093 901 ordine
2115 842 2479 912 apostolorum
2524 855 2621 912 per
2665 841 2885 897 litanias
2911 842 3110 897 habeat
3148 842 3350 913 scripta
3383 860 3483 899 no-

1903 934 2054 1002 mina
2092 932 2300 997 Fronti,
2339 930 2636 996 Saturnini,
2684 931 2947 1003 Dionysii,
2988 931 3211 996 Juliani,
3250 933 3481 991 Austro-

1905 1018 2093 1083 monii,
2121 1016 2323 1082 Ursini,
2353 1030 2525 1085 neque
2551 1016 2801 1079 aliorum,
2829 1017 2920 1087 qui
2951 1026 3074 1086 post
3098 1015 3394 1073 Martialem
3425 1019 3483 1074 in

1906 1107 2132 1163 Galliam
2166 1114 2459 1171 venerunt,
2491 1104 2742 1170 Patrum;
2786 1104 3049 1162 Martialis
3090 1120 3220 1161 vero
3261 1120 3503 1172 nantem-
3548 1156 3552 1160 Α

1906 1207 1969 1252 ιιι
1998 1196 2110 1268 jam
2142 1196 2273 1264 dixi,
2309 1205 2364 1251 et
2403 1196 2458 1251 in
2494 1195 2871 1253 vetustissimis
2901 1198 3207 1268 Aquitania;
3228 1208 3285 1255 et
3314 1198 3488 1256 Fran-

1911 1290 2029 1356 ciaz,
2063 1304 2164 1345 nec
2195 1304 2301 1344 non
2331 1296 2385 1342 et
2419 1286 2712 1357 Hispaniae,
2742 1287 2857 1342 sive
2892 1287 3119 1345 aliarum
3149 1289 3390 1359 gentium
3422 1288 3488 1345 li-

1911 1380 2056 1445 bris,
2109 1394 2207 1449 per
2265 1380 2576 1434 innumeras
2628 1377 2844 1434 litanias
2896 1394 3018 1435 cum
3066 1380 3188 1438 aliis
3231 1380 3512 1451 apostolis~

1913 1468 2227 1538 inscriptum
2265 1466 2615 1537 compcritur.
2657 1467 2898 1538 Denique
2925 1469 3018 1539 qui
3054 1484 3180 1527 eum
3211 1470 3266 1526 in
3289 1470 3493 1527 duode-

1913 1560 2018 1617 cim
2063 1558 2431 1630 apostolorum
2476 1559 2620 1615 serie
2659 1573 2756 1629 per
2779 1558 3051 1616 Cononem
3079 1561 3258 1617 missae
3297 1569 3355 1618 et
3392 1575 3490 1633 per

1916 1653 2022 1707 alia
2050 1652 2165 1709 loca
2207 1651 2561 1721 scripserunt,
2603 1651 2745 1706 sicut
2785 1651 3030 1719 Paulum,
3071 1661 3127 1708 et
3166 1652 3490 1717 Barnabam,

233 1763 253 1798 ι
300 1746 463 1800 trium
498 1726 835 1803 mortuorum
882 1747 1171 1802 suscitator
1197 1726 1370 1803 ﬁeret.
1406 1748 1662 1818 Discipuli
1693 1747 1812 1818 ejus
1842 1726 1885 1786 Β
1913 1743 2135 1811 Lucam,
2191 1750 2250 1798 et.
2294 1742 2557 1810 Marcum,
2607 1749 2664 1797 et
2706 1740 3024 1813 Cleopbam,
3065 1759 3173 1800 non
3211 1743 3397 1814 utique
3440 1744 3498 1799 id

232 1852 254 1886 ι
289 1834 479 1889 orbem
502 1836 1047 1903 lustrassedicuntur,
1081 1837 1125 1891 si
1146 1852 1307 1907 quem
1334 1836 1476 1893 forte
1508 1836 1808 1908 tuncjuve-

236 1944 255 1976 ι
290 1940 409 1980 nem
431 1925 679 1981 invenire
707 1928 1007 1996 potuissent
1026 1927 1080 1983 in
1103 1929 1455 1985 suscitatione
1477 1929 1636 1984 trium
1668 1943 1811 1985 mor-

232 2033 254 2068 ι
300 2026 521 2073 tuorum
552 2017 780 2074 Martino
806 2019 1059 2085 similem,
1093 2035 1192 2075 uec
1216 2021 1459 2077 invenire
1487 2014 1825 2091 potuerunt.

234 2122 255 2156 ι
298 2104 392 2162 Dic
426 2105 614 2173 nobis,
651 2106 836 2171 frater,
885 2123 1022 2177 quos
1051 2116 1340 2179 martyres,
1371 2124 1508 2179 quos
1538 2110 1813 2166 confesso—

236 2213 255 2247 Ι
302 2211 407 2260 res,
437 2212 579 2265 quas
616 2197 854 2269 virgines
886 2197 1058 2270 legisti
1089 2208 1210 2269 post
1236 2200 1510 2269 apostolos
1539 2200 1678 2255 ultra
1705 2209 1816 2257 tres

238 2304 257 2338 ι
302 2298 544 2345 mortuos
591 2290 924 2346 suscitasse?
967 2290 1232 2347 Nimirum
1287 2293 1391 2347 hac
1443 2293 1497 2347 in
1550 2306 1610 2347 re
1650 2293 1814 2349 etiam

237 2394 256 2428 ι
302 2378 566 2435 Martialis
586 2382 890 2436 ostenditur
930 2398 1056 2438 vere
1082 2382 1356 2454 apostolus
1387 2398 1528 2448 esse,
1558 2398 1623 2439 eo
1649 2384 1813 2454 quod,

238 2486 255 2519 ι
303 2478 363 2524 ut
392 2470 615 2525 multam
640 2471 749 2526 Deo
769 2471 1123 2544 gentilitatem
1154 2473 1475 2542 acquireret,
1500 2482 1556 2528 ut
1583 2472 1815 2529 fructum

238 2572 258 2606 ι
302 2556 593 2627 plurimum
639 2559 873 2624 all’erret,
925 2574 1021 2615 sex
1085 2571 1328 2618 mortuos
1376 2571 1628 2632 tauquam
1694 2577 1819 2617 vere

239 2664 257 2697 ι
304 2649 581 2716 apostolus
624 2650 922 2705 suscitavit.
973 2649 1077 2706 Sex
1130 2652 1275 2722 ipsos
1314 2661 1554 2708 mortuos
1584 2652 1636 2706 in
1668 2653 1821 2707 testi-

238 2752 258 2787 ι
306 2739 549 2792 inanium
594 2740 839 2794 veritatis
886 2756 1171 2811 possumus
1218 2744 1503 2799 ostendere
1534 2745 1587 2798 in
1624 2745 1820 2813 quibus

240 2841 259 2875 ι
299 2825 487 2893 jacent
534 2831 909 2883 monumentis.
971 2830 1446 2887 Austriclinianum
1496 2834 1718 2903 quippe,
1765 2842 1820 2887 et

240 2930 260 2965 s
306 2914 477 2969 lilium
510 2915 711 2979 Nervae,
747 2917 985 2987 duosque
1013 2919 1276 2983 idolorum,
1323 2923 1626 2991 pontiﬁces,
1657 2933 1819 2993 atque

238 3019 261 3053 α
305 3003 636 3074 armigerum
683 3005 961 3074 Stephani,
999 3015 1053 3060 et
1088 3007 1253 3061 lilium
1284 3010 1503 3064 Arcadii
1575 3011 1820 3065 novimus

238 3110 258 3145 ι
304 3091 399 3147 ubi
436 3092 780 3161 quiescentes
827 3105 1139 3164 exspectent
1184 3099 1638 3153 resurrectionem
1681 3115 1822 3154 mor-

236 3201 257 3236 ι
305 3191 544 3238 tuorum.
579 3183 782 3239 Prsater
808 3185 906 3240 hos
933 3187 1215 3241 suscitavit
1237 3187 1492 3258 puellam,
1523 3204 1643 3260 qua:
1667 3190 1822 3260 quasi

237 3291 259 3326 ι
305 3282 521 3329 mortua
555 3273 693 3330 facta
727 3286 848 3331 erat
872 3276 1124 3332 dilaniata
1153 3292 1183 3332 a
1211 3277 1491 3333 deetuonio.
1548 3278 1680 3333 ltem
1725 3294 1823 3347 pe-

240 3382 260 3417 t
305 3379 406 3420 nes
451 3363 829 3420 Mauritaniam
878 3366 1133 3437 Oppidum
1177 3368 1527 3436 maritimum,
1574 3369 1664 3438 qui
1700 3377 1825 3423 ante

243 3475 262 3510 ι
307 3461 473 3528 pedes
500 3459 618 3531 ejus
642 3461 791 3531 quasi
830 3461 1023 3516 mortui
1052 3459 1327 3530 iacebant,
1375 3471 1434 3516 ut
1474 3470 1702 3517 cunctus
1731 3475 1825 3531 po.

244 3566 263 3600 ι
308 3548 469 3618 pulus
511 3558 752 3605 mortuos
789 3564 884 3605 eos
925 3555 1196 3617 crederet,
1240 3567 1433 3607 novem
1475 3552 1635 3608 simul
1680 3552 1829 3607 viros

245 3655 265 3689 ι
312 3640 616 3695 suscitavit.
659 3638 947 3695 Veritatem
972 3642 1111 3708 dico,
1137 3657 1241 3696 non
1268 3642 1530 3709 lllCllllOl‘;
1557 3643 1657 3697 nisi
1685 3641 1828 3695 Mar-

246 3746 269 3782 s
315 3730 459 3785 tialis
488 3733 557 3787 ab
587 3747 652 3787 eo
681 3732 770 3802 qui
800 3732 1075 3802 discipulis
1099 3733 1212 3788 suis
1240 3742 1556 3804 potestatem
1587 3744 1829 3789 mortuos

247 3840 267 3875 ι
312 3812 610 3901 suscitandi
651 3827 888 3895 tradidit,
927 3836 1131 3881 tantam
1166 3829 1439 3898 signorum
1468 3829 1698 3900 gratiam
1728 3829 1827 3885 ha-

248 3931 268 3966 c
314 3913 489 3981 heret,
535 3931 641 3971 non
686 3926 884 3972 tantam
926 3919 1067 3973 caelo
1106 3919 1458 3990 gentilitatem
1504 3921 1832 3992 acquireret.

251 4020 271 4055 ι
314 4004 535 4061 Talibus
560 4008 727 4078 signis
748 4008 959 4063 barbari
983 4008 1139 4063 facile
1164 4020 1386 4079 potuere
1413 4010 1570 4065 fidem
1596 4020 1653 4065 et
1675 4011 1832 4066 Chri-

253 4112 273 4146 ι
318 4096 389 4151 sti
426 4096 623 4151 nomen
652 4099 947 4169 suscipere.
997 4099 1107 4155 Nos
1154 4111 1331 4156 autem
1383 4102 1478 4168 ita,
1528 4103 1637 4159 Deo
1674 4119 1832 4174 opem

253 4203 273 4236 ι
318 4186 550 4253 ferente,
584 4188 637 4242 in
664 4188 901 4245 Ecclesia
936 4192 1200 4261 catholica
1227 4202 1535 4250 constantes
1565 4210 1750 4250 sumus
1776 4203 1834 4250 et

254 4294 273 4327 ι
318 4278 497 4343 solidi,
527 4290 604 4346 ut,
636 4282 882 4350 quamvis
908 4284 1088 4336 omnia
1119 4285 1232 4339 haec
1246 4285 1471 4354 apostoli
1496 4284 1671 4341 ollicio
1696 4286 1834 4342 Mar-

1911 1846 2155 1911 agereut,
2181 1837 2287 1895 nisi
2309 1850 2432 1893 eum
2456 1851 2583 1893 vere
2604 1837 2907 1908 apostolum
2931 1837 3134 1894 scirent
3152 1853 3291 1903 esse,
3317 1839 3384 1893 de
3405 1837 3503 1893 illo

1913 1928 2124 1985 scilicet
2158 1928 2346 1983 ordine
2394 1942 2503 1999 quo
2553 1927 2805 1984 dicuntur
2854 1942 2975 1985 esse
3019 1928 3250 2000 apostoli
3298 1927 3499 1983 Paulus

1913 2025 2076 2088 atque
2117 2016 2415 2073 Barnabas.
2444 2034 2466 2069 ι

1981 2107 2066 2162 Ad
2107 2108 2226 2164 hmo
2268 2123 2336 2163 ex
2378 2105 2591 2162 clericis
2627 2106 3141 2177 Engolismensibus,
3185 2108 3280 2179 qui
3320 2117 3501 2165 tamen

1914 2196 2097 2252 minus
2130 2197 2375 2251 eruditus
2408 2203 2549 2260 erat,
2590 2195 2808 2265 quidam
2858 2210 2918 2252 se
2960 2197 3231 2267 opposuit,
3269 2197 3455 2254 dicens
3478 2215 3496 2252 :

1920 2303 1940 2336 ι
1973 2285 2031 2340 Si
2046 2299 2241 2341 nomen
2267 2283 2528 2339 Martialis
2555 2282 2889 2340 inveniretur
2918 2284 2972 2342 in
2987 2287 3213 2345 Actibus
3231 2286 3506 2358 apostolo-

1916 2392 2060 2443 rum,
2098 2375 2366 2434 sulliceret
2402 2375 2578 2432 nobis.
2604 2395 2626 2429 ι

1987 2467 2085 2523 Cui
2128 2482 2251 2522 mox
2280 2467 2500 2539 quidam
2528 2468 2771 2545 eruditus
2805 2485 2874 2527 ex
2908 2470 3040 2540 ipsis
3075 2470 3501 2541 Engolismensi-

1919 2560 2020 2615 bus
2066 2559 2317 2626 clericis,
2355 2560 2446 2631 qui
2485 2568 2612 2615 tune
2648 2561 2717 2616 ab
2754 2562 3062 2634 Engolisma
3095 2578 3220 2619 cum
3255 2563 3508 2633 episcopo

1919 2654 2144 2710 llolioue
2169 2655 2235 2708 ad
2260 2654 2544 2710 concilium
2574 2663 2812 2719 venerat,
2841 2656 3099 2723 obviam,
3124 2656 3459 2726 reSpondens
3483 2652 3504 2691 ³

1924 2762 1944 2795 ι
1966 2742 2230 2812 Atljurare
2244 2743 2523 2813 episcopos
2539 2744 2592 2798 in
2607 2744 2835 2800 concilio
2860 2746 2964 2800 isto
2979 2747 3281 2801 audivimus
3294 2760 3360 2802 ne
3379 2747 3505 2814 quis

1920 2819 2154 2890 scienter
2192 2834 2280 2890 hic
2327 2843 2504 2890 taceat
2554 2836 2876 2901 veritatem;
2929 2838 3158 2908 ideoque
3197 2838 3264 2893 de
3309 2838 3412 2892 hac
3445 2853 3506 2893 re

1922 2942 2030 2980 non
2059 2925 2231 2980 audeo
2279 2925 2407 2994 quin
2462 2925 2556 2981 tibi
2597 2940 2781 2981 coram
2835 2926 3088 2982 omnibus
3128 2928 3506 2998 respondeam.

1923 3013 2149 3069 Nomina
2188 3014 2539 3085 septuaginta
2581 3014 2808 3071 duorum
2838 3030 2940 3071 nec
2986 3016 3041 3070 in
3075 3015 3384 3087 Evangeliis
3406 3031 3510 3073 nec

1924 3106 1978 3160 in
2025 3105 2250 3161 Actibus
2301 3104 2669 3175 apostolorum
2719 3104 3087 3172 inveniuntur,
3136 3114 3193 3161 et
3246 3105 3510 3163 Martialis

1922 3199 2110 3270 procul
2154 3198 2316 3254 dubio
2358 3213 2497 3254 unus
2543 3206 2627 3254 est
2655 3198 2724 3253 de
2757 3198 2867 3253 illis
2912 3197 3252 3268 septuaginta
3277 3198 3509 3254 duobus.

1923 3290 2148 3359 Quando
2172 3300 2352 3346 autem
2380 3288 2674 3360 discipulus
2700 3288 2847 3344 Pauli
2888 3288 3063 3346 Lucas
3090 3289 3258 3346 Actus
3292 3297 3511 3360 aposto-

1924 3381 2096 3436 lorum
2143 3383 2379 3452 scripsit,
2422 3381 2535 3449 jam
2581 3391 2707 3435 ante
2755 3380 2974 3451 triginta
3026 3395 3200 3437 annos
3248 3380 3513 3437 Martialis

1925 3473 2065 3542 apud
2118 3471 2461 3541 Aquitaniam
2510 3476 2646 3524 erat.
2698 3467 2892 3524 Tacuit
2938 3469 3116 3525 Lucas
3162 3470 3229 3526 de
3274 3471 3512 3525 adventu

1925 3561 2072 3616 Petri
2102 3561 2152 3615 in
2206 3560 2572 3627 Antiochiam,
2623 3559 2795 3613 tacuit
2847 3559 2916 3613 de
2970 3559 3204 3614 adventu
3253 3558 3397 3613 Petri
3440 3559 3510 3613 ad

1928 3653 2116 3709 urbem
2146 3650 2392 3705 Romani.
2423 3648 2480 3704 Si
2508 3647 2622 3703 haec
2645 3647 2751 3702 duo
2795 3656 3042 3717 tangeret
3067 3648 3251 3718 plene,
3280 3658 3338 3704 et
3363 3647 3512 3702 Mar-

1929 3744 2110 3797 tialem
2138 3757 2243 3797 non
2281 3740 2611 3810 exprimeret
2657 3738 2996 3803 nominatim,
3038 3738 3185 3809 juste
3209 3738 3510 3794 mirareris.

1930 3833 2129 3888 Verum
2157 3832 2284 3902 quia
2312 3829 2504 3885 Petrus
2533 3829 2586 3882 in
2610 3828 2975 3894 Antiochiam,
3007 3830 3201 3886 dehinc
3228 3829 3294 3885 ad
3321 3829 3509 3884 urbem

1928 3920 2158 3978 Romam
2208 3936 2329 3975 cum
2360 3918 2601 3974 Martiale
2634 3919 2801 3985 venit,
2829 3928 2885 3973 et
2927 3919 3162 3988 primum
3189 3918 3511 3985 Antiochiae,

1930 4014 2125 4070 dehinc
2147 4013 2334 4068 Romae
2357 4012 2640 4081 episcopus
2664 4011 2820 4077 sedit,
2843 4019 2899 4065 et
2923 4011 3327 4080 quatuordeeim
3354 4011 3512 4067 annis

1932 4116 2058 4160 ante
2095 4104 2320 4159 Paulum
2362 4112 2625 4158 venerunt
2667 4102 2892 4157 Romam
2923 4102 3117 4157 Petrus
3145 4110 3200 4158 et
3247 4102 3517 4158 condisci-

1932 4195 2087 4266 pulus
2115 4194 2232 4262 ejus
2254 4193 2538 4258 Martialis,
2565 4200 2621 4248 et
2643 4190 2815 4247 Lucas
2843 4193 2908 4247 tle
2929 4192 3014 4246 his
3035 4192 3168 4247 nihil
3195 4192 3348 4256 dixit,
3380 4190 3535 4249 nihil

1933 4297 2019 4342 est
2047 4287 2188 4357 quod
2218 4286 2434 4341 mireris
2479 4283 2560 4338 vel
2604 4284 2835 4339 dubites.
2879 4281 2938 4338 Si
2981 4284 3125 4339 enim
3164 4294 3384 4355 preptcr
3410 4284 3516 4340 hoc

255 4384 276 4419 ι
324 4368 471 4422 tialis
520 4372 712 4441 egerit,
760 4371 905 4427 nullo
945 4382 1123 4429 tamen
1156 4384 1314 4443 pacto
1371 4390 1493 4430 eum
1536 4375 1834 4432 fateremur
1861 4385 1911 4447 ι)
1937 4377 2171 4440 dubitas,
2215 4375 2368 4446 quasi
2404 4371 2665 4430 Martialis
2706 4374 2773 4428 de
2829 4382 3068 4446 tempore
3117 4375 3518 4445 praedicationis

255 4477 277 4512 ι
319 4461 643 4530 apostolum,
676 4463 776 4518 hoc
818 4473 904 4519 est
944 4463 1178 4536 legatum
1213 4465 1331 4531 Dei,
1384 4467 1488 4523 nisi
1528 4468 1632 4523 hoc
1670 4468 1836 4523 etiam

256 4567 277 4602 ι
321 4550 388 4603 ab
418 4551 656 4622 antiquis
688 4554 929 4622 patribus
958 4554 1156 4609 nostris
1196 4563 1342 4610 esset
1376 4565 1832 4627 praeoccupatum.

258 4655 279 4690 ι
320 4637 435 4695 Nisi
482 4642 624 4696 enim
666 4658 790 4699 vere
826 4643 1031 4714 legatus
1078 4645 1275 4701 Christi
1319 4658 1493 4711 esset,
1534 4649 1639 4704 hoc
1678 4659 1761 4703 est
1804 4662 1836 4702 a

259 4747 279 4782 ι
321 4731 538 4788 Christo
568 4735 763 4791 missus
788 4735 854 4790 ad
883 4737 1299 4806 praedicandum,
1333 4752 1606 4808 nunquam
1630 4737 1837 4809 antiqui

260 4839 281 4875 ι
324 4823 454 4878 olim
502 4840 625 4881 eum
685 4825 987 4883 faterentur
1029 4843 1151 4884 esse
1201 4830 1527 4898 apostolum,
1564 4844 1837 4900 nunquam

261 4931 281 4967 ι
326 4931 522 4971 nomen
553 4918 670 4988 ejus
703 4935 828 4975 cum
876 4920 1180 4976 nominibus
1210 4920 1436 4975 aliorum
1469 4923 1835 4993 apostolorum

262 5023 282 5060 ι
326 5007 485 5062 nobis
523 5010 822 5067 scriberent
867 5012 1343 5079 pronuntiandum.
1398 5009 1551 5070 Hanc
1593 5028 1707 5069 rem
1741 5028 1838 5068 an-

265 5112 284 5124 .
330 5096 463 5124 0:4‘nn:
499 5100 707 5124 ΑΛ-Ιξλιιη
740 5114 765 5124 ι.
803 5096 1023 5124 D........:-
1081 5100 1143 5124 ιι..
1179 5098 1426 5124 [Hann-.2-
1488 5119 1507 5124 -
1551 5112 1696 5124 -Α-⁴ι.-
1739 5103 1804 5124 Α..

1937 4465 2150 4523 Domiui
2179 4481 2286 4522 non
2309 4466 2492 4529 fuerit,
2514 4471 2680 4534 ‘gesta
2704 4463 2822 4534 ejus
2851 4479 2957 4519 non
2995 4465 3204 4532 credis;
3232 4475 3289 4520 et
3314 4467 3518 4523 idcirc‘o

1935 4558 2131 4615 merito
2155 4559 2372 4614 brutum
2398 4557 2596 4612 animal
2623 4556 2911 4627 reputaris,
2951 4557 2997 4612 si
3047 4564 3128 4613 tot
3156 4573 3222 4612 ac
3254 4565 3434 4614 tantos
3459 4566 3519 4614 et

1938 4649 2091 4711 tales,
2123 4648 2313 4704 Patres
2356 4646 2719 4711 doctissimos,
2760 4654 2817 4700 et
2850 4647 3082 4717 priscos,
3116 4655 3173 4703 et
3206 4646 3520 4711 moderuos,

1937 4741 2027 4812 qui
2056 4740 2173 4810 ejus
2200 4746 2349 4809 gesta
2388 4752 2597 4795 smnma
2646 4739 2955 4794 reverentia
2993 4746 3050 4793 et
3089 4743 3442 4802 susceperunt
3467 4746 3525 4790 et

1937 4832 2260 4903 suscipiunt,
2290 4839 2514 4885 nutasse
2564 4829 2668 4885 hac
2697 4828 2753 4883 in
2809 4842 2871 4883 re
2912 4824 3221 4885 arbitraris.
3253 4825 3406 4890 Quod
3432 4838 3528 4879 au-

1940 4934 2048 4979 tem
2078 4939 2109 4977 a
2137 4923 2457 4993 quibusdam
2488 4920 2688 4976 dudum
2718 4919 2933 4987 audivi,
2970 4928 3199 4975 necesse
3217 4922 3301 4968 est
3318 4914 3575 4985 mibiin,

1938 5017 2045 5072 hoc
2067 5012 2294 5070 concilio
2324 5011 2588 5082 proferre.
2619 5006 2881 5064 Nonnulli
2941 5008 3113 5069 enim,
3150 5002 3338 5057 nescio
3367 5012 3565 5057 utrum,

2044 5118 2065 5124 -
2109 5117 2169 5124 -_
2204 5100 2336 5124 ραι...
2416 5100 2703 5124 -..μνη-ι..-
2725 5092 3056 5124 Illa-nat...“
3105 5100 3221 5124 nam
3247 5086 3407 5124 “‘nm
3431 5090 3559 5124 vuln.
