4044 5290
538 304 541 305 ν
572 231 709 288 ἔδω

1491 234 1848 295 JORDANUS
1886 236 2387 298 LEMOVICENSIS
2426 238 2822 304 EPISCOPUS.

3686 251 3826 305 i338

564 348 750 422 jussit.
795 347 897 404 Alii
943 359 1121 408 autem
1174 352 1321 407 illum
1371 353 1760 410 adolescentem
1812 360 2158 429 suspicantur
2183 366 2232 425 Α
2260 360 2561 417 duodecim.
2602 363 2785 433 ltaque
2832 363 2947 420 illos
2982 367 3210 422 conveni
3250 365 3497 431 Graecos,
3540 369 3831 427 sciscitans

569 457 694 499 esse
722 442 980 499 Joannem
1009 445 1413 515 evangelistam.
1447 445 1538 501 Sic
1584 456 1763 501 autem
1800 449 2013 506 Marcus
2039 452 2153 506 ait:

573 532 722 589 Tunc
759 534 1001 604 discipuli
1044 552 1222 590 omnes
1243 536 1421 590 relicto
1465 553 1525 591 eo
1551 537 1814 607 fugerunt.
1846 540 2157 597 Adolescens

571 633 746 677 autem
770 626 984 694 quidam
1006 626 1317 696 sequebatur
1350 642 1468 679 eum
1512 627 1733 681 amictus
1763 629 1981 684 sindone
2004 647 2157 700 super

570 715 737 778 nudo,
759 724 807 767 et
833 724 1106 769 tenuerunt
1132 733 1270 769 eunt.
1292 717 1357 769 At
1381 715 1487 781 ille,
1516 717 1707 786 rejecta
1732 719 1970 784 sindone,
1986 721 2158 775 nudus

567 802 803 875 profugit
833 807 897 858 ab
936 806 1009 860 eis
1036 805 1231 877 (Marc.
1257 806 1393 878 x1v).
1428 807 1502 862 De
1532 822 1636 878 qua
1662 825 1720 863 re
1752 810 1803 864 iu
1829 820 2159 866 commenta-

569 896 657 949 rio
678 910 840 965 super
863 895 1103 953 Marcum
1135 897 1281 952 Beda
1307 898 1439 953 dicit
1470 899 1546 969 (4)
1572 918 1585 953 :
1625 919 1643 951 ο
1698 901 1792 955 llic
1819 902 2154 967 adolescens,

576 1006 596 1037 ι
642 989 757 1043 sive
798 987 1052 1054 Joannes,
1120 991 1235 1045 sive
1290 990 1427 1045 alius
1469 992 1694 1061 qttilibet
1740 994 1894 1047 nobis
1944 995 2158 1063 ignotus

576 1094 596 1129 ι
641 1078 859 1147 proprio
905 1079 1119 1134 nomine
1158 1078 1342 1145 fuerit,
1388 1092 1597 1136 certum
1639 1094 1722 1137 cst
1753 1085 1876 1153 quia
1902 1101 2154 1155 magnum

577 1187 597 1220 ι
644 1171 846 1226 amoris
885 1171 1131 1227 ardorem
1194 1172 1249 1227 in
1304 1173 1587 1228 Dominum
1638 1176 1903 1231 habuerit.
1953 1197 1971 1228 ι
2022 1177 2154 1231 ltem

571 1260 663 1314 alii
686 1261 976 1331 opinantur
996 1262 1293 1317 Martialem
1334 1262 1500 1335 fuisse
1528 1265 1672 1318 illum
1698 1266 2011 1335 discipulum
2039 1269 2153 1337 qui,

570 1354 868 1407 secnndum
907 1352 1193 1420 Joannem,
1245 1362 1406 1409 notus
1456 1362 1574 1408 erat
1621 1356 1882 1423 ponlilici,
1926 1366 1980 1411 et
2021 1357 2157 1411 dixit

569 1441 830 1507 ostiarite,
853 1449 910 1496 et
938 1442 1236 1497 introduxit
1262 1442 1478 1497 Petrum
1504 1459 1519 1507 ;
1572 1439 1713 1511 quod
1745 1445 1846 1499 hac
1875 1444 1940 1499 de
1963 1460 2021 1500 re
2043 1445 2157 1515 opi-

569 1542 793 1598 nantur,
820 1534 946 1603 quia
987 1533 1053 1589 de
1082 1534 1247 1589 nobili
1280 1528 1447 1589 fuiSse
1490 1535 1682 1604 legitur
1721 1550 1937 1606 genere,
1968 1552 2031 1591 ac
2060 1552 2157 1605 per

568 1626 676 1680 hoc
699 1620 947 1693 cognitus
994 1609 1255 1695 pontilici.
1307 1623 1413 1678 Alii
1460 1633 1640 1678 autem
1687 1626 1791 1680 hoc
1830 1634 2052 1696 negant,
2096 1632 2157 1679 et

571 1725 827 1771 asserunt
856 1694 1031 1786 ipsum
1059 1714 1378 1785 discipulum
1403 1714 1568 1770 fuisse
1597 1714 1879 1770 Joannem.
1907 1694 2160 1785 Augttsli-
2189 1694 2233 1753 Β

572 1819 678 1860 nus
705 1819 834 1859 vero
887 1805 941 1859 in
988 1796 1379 1861 commentario
1407 1820 1573 1873 super
1622 1804 1722 1858 hac
1756 1820 1815 1858 re
1837 1794 2109 1875 sic‘ait(5)
2140 1819 2156 1858 :

578 1914 600 1947 σ
645 1894 929 1951 Nescimus
967 1897 1088 1966 quis
1115 1898 1216 1951 iste
1260 1892 1556 1965 discipulus
1605 1895 1766 1950 fuerit
1792 1905 1951 1951 notus
1975 1895 2157 1965 ponti-

576 2005 598 2037 ι
644 1985 752 2040 fici.
804 1984 919 2041 Non
967 1987 1109 2042 enim
1163 2001 1449 2056 possumus
1494 1984 1763 2041 allirmare
1808 1984 1955 2039 illum
1994 1983 2161 2041 fuisse

578 2092 600 2123 ο
643 2074 931 2142 Joannem,
959 2078 1083 2147 quia
1109 2077 1368 2142 Joannes,
1400 2076 1704 2147 ubicunque
1748 2091 1806 2132 se
1834 2092 2164 2132 commemo-

578 2184 598 2216 ι
643 2176 749 2231 rat,
776 2168 880 2223 hoc
909 2168 1113 2238 adjicit,
1144 2184 1295 2238 quem
1325 2166 1572 2239 diligebat
1594 2165 1752 2221 Iesus
1785 2165 1964 2238 (Joan.
2005 2166 2157 2239 xm);

578 2271 600 2305 ι
646 2255 733 2309 hic
775 2271 903 2312 vero
944 2256 1332 2325 prmlertuittit.
1388 2273 1408 2308 ι
1460 2255 1609 2310 Alios
1660 2271 1875 2325 quoque
1919 2256 2026 2309 vidi
2068 2256 2160 2325 qui

573 2344 935 2415 opinabantur
953 2345 1249 2400 Martialem
1282 2345 1453 2414 ipsum
1483 2359 1601 2399 esse
1632 2345 1912 2399 Matthiam
1938 2353 1992 2399 et
2014 2345 2162 2399 simi-

575 2433 803 2489 litudine
848 2434 1083 2489 nominis
1130 2448 1162 2488 a
1218 2433 1401 2503 lingua
1448 2433 1837 2502 Aquitanorum
1880 2434 1953 2489 ita
2005 2432 2161 2491 facile

572 2526 806 2596 cepisse
836 2526 1041 2592 vocari,
1092 2526 1209 2582 sive
1238 2534 1523 2597 propterea
1564 2527 1705 2594 quod
1742 2541 1847 2581 non
1886 2527 2042 2582 facile
2079 2527 2163 2580 in-

571 2617 790 2670 venitur
820 2617 910 2671 ubi
940 2630 1135 2687 corpus
1172 2616 1316 2686 jacet
1361 2615 1619 2670 Matthiae.
1665 2616 1778 2686 Ego
1828 2626 2010 2670 autem
2066 2630 2163 2685 pro

573 2717 726 2763 certo
754 2716 908 2762 teneo
933 2708 1075 2777 quod
1100 2707 1147 2763 si
1177 2722 1281 2763 non
1313 2706 1451 2761 alius
1477 2716 1620 2761 esset
1650 2705 1921 2771 Matthias,
1948 2716 2002 2761 et
2026 2706 2163 2760 alius

576 2798 863 2864 Martialis,
890 2808 1115 2870 uterque
1140 2807 1250 2854 tam
1277 2800 1329 2853 in
1360 2799 1558 2854 nostris
1584 2815 1745 2869 quam
1785 2799 1838 2853 in
1861 2798 2157 2869 Anglorum

576 2891 754 2961 gentis
773 2890 927 2945 libris
952 2892 1174 2945 minime
1196 2891 1247 2945 in
1268 2891 1458 2945 ordine
1479 2890 1838 2959 apostolorum
1867 2897 2010 2944 esset
2034 2888 2164 2943 scri-

576 2990 720 3052 ptus.
736 2980 840 3034 Per
859 2981 1073 3035 litanias
1088 2982 1351 3050 siquidem
1369 2990 1701 3036 vetustorum
1717 2980 2044 3035 voluminum
2058 2982 2165 3032 An-

578 3069 805 3141 gligente
824 3070 1016 3139 gentis,
1039 3084 1158 3138 qua:
1186 3069 1308 3123 fidei
1333 3069 1692 3124 rudimentum
1707 3068 2165 3124 etecclesiasticas

580 3159 949 3214 institutiones
976 3174 1006 3213 a
1048 3159 1308 3229 Gregorio
1351 3174 1488 3229 papa
1524 3161 1787 3229 percepit,
1810 3160 2061 3215 Matthias
2109 3169 2166 3214 et

582 3253 865 3315 Martialis,
894 3262 1121 3323 uterque
1145 3269 1268 3307 cum
1313 3252 1434 3307 aliis
1458 3251 1714 3320 apostolis
1742 3252 2033 3321 inscriptus
2063 3252 2162 3307 ha-

579 3346 760 3402 betur.
782 3344 1018 3400 Proinde
1044 3360 1150 3401 non
1172 3345 1454 3413 ignorabat
1476 3342 1769 3412 Gregorius
1785 3358 1889 3399 non
1915 3343 2162 3399 eumdem

580 3447 705 3491 esse
733 3433 1009 3489 Matthiam
1038 3434 1130 3504 qui
1178 3442 1232 3488 et
1260 3432 1578 3488 Martialem.
1609 3433 1720 3505 Ego
1771 3443 1950 3489 autem
1979 3447 2164 3503 quem-

580 3522 709 3578 dam
756 3521 1006 3578 Graecum
1052 3523 1282 3592 peritum
1337 3522 1705 3594 interrogans,
1759 3522 1923 3577 didici
1978 3523 2047 3577 ab
2090 3536 2156 3576 eo

586 3614 872 3671 Matthiam
929 3614 1199 3670 Armeniae
1248 3613 1441 3668 Minori
1487 3614 1845 3684 praedicasse,
1887 3622 1943 3669 et
1993 3613 2065 3667 ibi
2109 3612 2163 3667 in

583 3721 721 3777 pace
760 3708 1046 3778 migrasse.
1092 3705 1198 3761 Sed
1246 3704 1482 3760 libenter
1516 3710 1608 3758 ‘me
1647 3705 1831 3759 audiat
1864 3719 2019 3760 sacer
2057 3704 2164 3758 Pa-

588 3807 732 3855 trum
762 3807 1077 3855 conventus.
1115 3797 1258 3851 Ante
1289 3797 1388 3851 hos
1422 3797 1603 3866 plures
1642 3811 1814 3851 annos
1849 3799 2066 3866 quidam
2097 3810 2165 3851 ex

585 3891 939 3947 fratribus‘de
964 3897 1147 3946 monte
1172 3887 1324 3945 Sinai
1355 3888 1409 3943 in
1434 3888 1571 3951 hanc
1596 3896 1803 3959 partem
1829 3888 2168 3949 advenerunt

585 3982 869 4038 occiduam
921 3982 1016 4036 Dei
1066 3984 1383 4052 disponente
1437 3992 1602 4048 nutu,
1647 3983 1888 4036 moribus
1937 3996 2163 4052 graves,

589 4073 838 4129 doctrina
866 4074 1149 4129 catholicae
1175 4073 1299 4129 fidei
1340 4073 1687 4143 proﬂuentes,
1718 4075 1829 4128 vita
1858 4087 1956 4143 per
1982 4072 2164 4127 omnia

532 4224 537 4227 ,
574 4164 835 4231 honesti,
867 4166 1147 4235 utriusque
1187 4164 1382 4235 linguae
1415 4166 1606 4237 periti;
1638 4166 1751 4235 qui,
1788 4180 1911 4221 cum
1941 4164 2031 4219 diu
2069 4179 2165 4218 no.

587 4256 796 4312 biscum
833 4257 1153 4327 Eugolismte
1193 4256 1421 4312 fuissent
1450 4264 1827 4325 exspectantes
1865 4254 2164 4324 principem

2256 462 2436 507 utrum
2466 452 2768 511 Orientales
2800 456 3095 511 Martialem
3136 468 3375 513 nossent.
3418 459 3545 527 Qui,
3577 460 3723 515 alter
3752 462 3833 515 εί-

2258 557 2437 610 meon,
2476 543 2612 599 alter
2640 547 2855 600 nomine
2882 546 3125 610 Gosmas.
3151 563 3386 602 consono
3413 566 3510 604 ore
3541 548 3835 621 responde-

2258 641 2403 696 runt,
2434 632 2678 689 dicentes
2702 649 2717 687 :
2754 652 2772 685 ι
2807 633 3000 704 Utique
3023 635 3315 691 Martialem
3341 640 3593 693 novimus
3620 652 3836 710 apostoo

2262 742 2282 774 ι
2317 722 2450 787 lum,
2482 740 2647 778 unum
2690 725 2755 779 de
2786 727 3123 796 septuaginta
3155 728 3379 783 duobus.
3411 749 3428 781 ι
3469 730 3686 796 Quibus
3712 747 3832 785 cum

2258 813 2597 869 diceremus:
2626 834 2644 866 ι
2665 815 2946 871 Nescimus
2965 826 3160 885 praeter
3179 818 3458 873 duodecim
3481 821 3790 890 apostolos;
3811 842 3830 873 ι

2259 903 2726 973 interrogaverunt
2749 920 2875 959 nos:
2906 925 2923 955 ι
2944 906 3252 972 Habetisne,
3278 908 3547 977 inquiunt,
3581 927 3680 980 per
3707 912 3838 966 istas

2262 1010 2282 1045 t
2315 994 2672 1049 occidentales
2720 994 2989 1050 Ecclesias
3037 998 3416 1068 evangelistam
3456 996 3695 1064 Lucam,
3744 1001 3836 1069 qui

2262 1101 2281 1133 ι
2318 1082 2505 1137 scribit
2531 1083 2664 1138 alios
2683 1086 3019 1157 septuaginta
3036 1086 3171 1142 duos
3191 1103 3311 1143 esse
3329 1087 3528 1144 electos
3552 1105 3584 1142 a
3610 1091 3838 1144 Domino

2263 1188 2281 1221 ‹
2318 1180 2440 1241 post
2465 1172 2745 1228 duodecim
2774 1176 3080 1244 apostolos?
3104 1197 3123 1230 ι
3151 1176 3358 1232 Etcum
3394 1178 3710 1236 diceremus
3736 1181 3839 1234 uti-

2257 1278 2362 1332 que
2392 1263 2599 1328 baberi,
2632 1267 2724 1319 scd
2756 1265 2873 1320 illos
2916 1269 3247 1338 septuaginta
3295 1272 3430 1324 duos
3462 1285 3495 1325 a
3536 1271 3702 1326 nobis
3730 1286 3838 1325 non

2257 1352 2404 1406 credi
2429 1352 2593 1407 fuisse
2616 1354 2907 1423 apostolos,
2931 1357 3022 1410 sed
3046 1366 3251 1411 tantum
3277 1359 3588 1428 discipulos,
3611 1359 3687 1413 illi
3716 1375 3837 1429 pro-

2259 1440 2402 1494 tinus
2448 1455 2547 1495 nos
2591 1440 2885 1513 fugientes,
2918 1453 2975 1500 et
3016 1445 3169 1516 signo
3198 1448 3375 1502 crucis
3411 1462 3469 1502 se
3504 1448 3838 1513 munientes,

2255 1540 2535 1599 cmperunt
2559 1531 2812 1589 detestari
2837 1550 3018 1590 vocem
3054 1530 3312 1604 nostram,
3343 1539 3619 1595 dicentes:
3658 1558 3678 1591 ι
3715 1539 3838 1594 Dis-

2261 1638 2282 1672 α
2316 1620 2493 1676 cedite
2543 1623 2726 1693 procul
2756 1640 2786 1678 a
2826 1625 3003 1690 nobis,
3028 1626 3232 1692 miseri,
3261 1628 3387 1697 quia
3414 1630 3655 1691 barretici
3681 1631 3835 1696 estis,

2266 1729 2284 1761 ι
2320 1726 2443 1766 cum
2467 1728 2571 1767 non
2609 1716 2830 1770 creditis
2851 1717 3029 1771 verbis
3057 1717 3289 1784 Domini,
3327 1719 3556 1775 dicentis
3584 1723 3653 1775 ad
3678 1722 3798 1775 illos
3818 1738 3836 1774 :

2266 1816 2286 1850 ι
2318 1798 2546 1865 lte,ecce
2562 1819 2652 1873 ego
2665 1805 2811 1859 mitto
2835 1821 2921 1859 vos
2941 1808 3072 1859 sicut
3096 1824 3256 1876 agnos
3269 1808 3405 1861 inter
3423 1808 3573 1878 lupos
3597 1808 3755 1878 (Luc.
3775 1809 3837 1878 ι).

2266 1909 2285 1944 ι
2323 1891 2438 1947 Non
2465 1894 2685 1950 creditis
2712 1910 2834 1952 esse
2864 1897 3132 1967 apostolos
3157 1898 3275 1955 illos
3296 1914 3431 1970 quos
3454 1900 3565 1969 ipse
3590 1901 3842 1955 incarna-

2266 2000 2286 2035 ι
2325 1993 2410 2038 tus
2457 1984 2714 2041 Dominus
2761 1985 2828 2040 ad
2872 1988 3272 2061 praedicandum
3315 1989 3497 2043 misit?
3544 1989 3839 2044 Duodecim

2267 2092 2285 2125 ε
2325 2075 2472 2131 misit
2495 2075 2671 2141 binos,
2695 2084 2749 2131 et
2775 2086 2958 2145 postea
2985 2077 3331 2133 nihilominus
3358 2080 3513 2133 binos
3534 2079 3682 2132 misit
3704 2079 3839 2133 alios

2267 2182 2286 2214 ι
2323 2165 2658 2235 septuaginta
2706 2166 2858 2221 duos.
2903 2165 3078 2222 Grtcci
3119 2183 3332 2238 semper
3374 2167 3583 2222 Latinis
3625 2169 3842 2238 sapien-

2268 2271 2286 2304 ι
2327 2254 2494 2309 tiores
2524 2255 2760 2320 fuerunt,
2784 2264 2840 2311 et
2869 2256 3161 2327 Scriptura:
3182 2258 3494 2313 Latinorum
3521 2275 3589 2314 ex
3617 2259 3838 2315 Graeco-

2267 2364 2285 2397 t
2320 2363 2503 2401 corum
2553 2347 2701 2402 fonte
2749 2349 3003 2402 derivata:
3048 2360 3195 2404 sunt.
3238 2350 3533 2404 Martialem
3588 2351 3837 2420 proinde,

2268 2453 2285 2485 ι
2324 2448 2480 2501 quem
2511 2448 2607 2488 nos
2632 2434 2881 2495 dicimus.
2904 2435 2931 2491 ὁ
2963 2434 3103 2509 ἅγιος
3126 2439 3449 2513 Μαρτιάλιος,
3483 2453 3613 2492 γει-θ
3639 2438 3840 2493 scimus

2268 2540 2285 2571 ι
2323 2537 2441 2576 esse
2486 2539 2650 2576 unum
2694 2525 2760 2578 de
2802 2525 2907 2580 illis
2946 2527 3283 2597 septuaginta
3325 2529 3534 2581 duobus
3576 2529 3671 2598 qui
3715 2544 3837 2582 cum

2267 2630 2286 2664 ‹
2325 2613 2487 2668 Petro
2534 2614 2880 2670 Occidentem
2923 2617 3078 2686 petiit
3117 2620 3184 2671 ad
3224 2618 3659 2686 prmdicandum,
3691 2618 3840 2685 cujus

2269 2719 2287 2752 ι
2326 2712 2496 2771 gesta,
2530 2711 2580 2757 et
2625 2704 2864 2758 omnium
2909 2707 3245 2775 septuaginta
3287 2706 3541 2772 duorum,
3574 2708 3629 2761 iu
3662 2719 3841 2760 monte

2268 2812 2287 2845 ι
2327 2793 2475 2848 Sinai
2513 2794 2563 2848 in
2594 2794 2805 2864 eloquio
2832 2807 3016 2849 nostro
3046 2796 3331 2851 habemus.
3366 2816 3385 2847 ι
3420 2796 3533 2851 lloc
3562 2812 3664 2866 ego
3692 2796 3841 2851 testi-

2265 2888 2447 2939 monio
2476 2900 2505 2937 a
2527 2884 2731 2940 Graecis
2761 2897 2979 2955 accepto
3012 2887 3147 2955 coepi
3173 2902 3379 2942 mecum
3404 2889 3568 2942 multa
3601 2888 3838 2953 volvere,

2267 2983 2341 3038 et,
2373 2977 2587 3031 curiose
2626 2978 2965 3046 antiquorum
2994 2976 3321 3032 voluminqu
3353 2995 3553 3033 arcana
3594 2980 3836 3040 rimatus.

2267 3066 2606 3136 frequentius
2660 3067 2956 3124 Martialem
3013 3070 3414 3137 comperiebam
3470 3072 3539 3124 ab
3605 3071 3840 3140 antiquis

2264 3158 2670 3227 pronuntiatum
2713 3173 2833 3213 esse
2874 3158 3192 3228 apostolum.
3229 3159 3598 3214 Animadverti
3630 3174 3841 3228 quoque

2264 3248 2487 3304 Paulum
2522 3258 2579 3305 et
2626 3250 2964 3312 Barnabam.
3007 3249 3175 3305 Silam
3208 3259 3263 3305 et
3310 3250 3679 3315 Timotheum,
3725 3264 3841 3304 esse

2265 3342 2556 3411 apostolos,
2610 3356 2716 3395 non
2752 3340 2819 3394 de
2871 3340 3172 3404 duodecim,
3225 3356 3332 3396 non
3375 3342 3442 3397 de
3492 3342 3829 3411 septuaginta

2264 3431 2492 3487 duobus.
2584 3431 2839 3502 Perspexi
2936 3433 3061 3503 quia
3104 3436 3109 3441 ’
3146 3433 3459 3489 Timotheus
3549 3434 3844 3503 discipulus

2263 3522 2415 3579 Pauli
2479 3540 2510 3578 a
2584 3523 2911 3595 Hieronymo
2986 3525 3183 3579 dicitur
3253 3524 3551 3594 apostolus.
3633 3524 3845 3578 Marcus

2264 3614 2427 3669 etiam
2462 3621 2517 3669 et
2550 3612 2742 3680 Lucas,
2773 3612 2915 3669 Silas
2955 3624 3117 3684 atque
3156 3613 3466 3680 Onesimus,
3506 3623 3563 3668 et
3603 3613 3695 3667 alii
3723 3613 3840 3682 qui-

2266 3707 2389 3762 dam
2412 3721 2509 3776 per
2535 3716 2746 3761 veteres
2769 3707 3067 3776 scripturas
3090 3705 3341 3761 dicuntur
3370 3705 3624 3775 apostoli,
3652 3714 3709 3758 ct
3738 3718 3847 3757 me-

2264 3799 2435 3853 moria
2466 3798 2571 3853 illis
2599 3798 2891 3868 apostolica
2926 3799 3233 3855 exhibetur.
3274 3794 3383 3861 Sic,
3408 3796 3519 3850 Deo
3550 3793 3845 3856 revelaute,

2264 3896 2511 3960 patenter
2531 3886 2831 3957 intelligere
2852 3887 2991 3956 ccepi
3018 3900 3147 3941 vere
3183 3884 3330 3940 illum
3364 3897 3485 3938 esse
3513 3881 3843 3954 apostolum,

2263 3981 2381 4050 qui,
2411 3994 2609 4050 genere
2639 3978 2922 4044 Henricus,
2954 3977 3163 4032 Domini
3197 3975 3512 4047 discipulus,
3547 3973 3762 4029 Domini
3795 3974 3845 4026 in

2264 4086 2417 4126 coena
2445 4070 2710 4133 minister,
2754 4068 2965 4123 Domini
3006 4057 3362 4122 insulllatione
3402 4065 3610 4135 Spiritu
3656 4071 3847 4117 sancto

2263 4160 2526 4231 repletus,
2552 4175 2582 4213 a
2612 4159 2838 4214 Domino
2867 4165 3134 4227 potestate
3175 4154 3372 4225 ligandi
3404 4164 3568 4223 atque
3605 4150 3847 4207 solvendi

2252 4252 2602 4313 sublimatus,
2633 4265 2661 4302 a
2691 4248 2917 4303 Domino
2949 4248 3017 4299 ad
3056 4245 3454 4315 praedicandum
3480 4242 3706 4302 missus,
3736 4239 3847 4293 fru-

590 4348 847 4414 civitatis,
880 4360 934 4404 ει
963 4350 1158 4406 litteris
1188 4348 1392 4406 caecis
1416 4359 1473 4405 et
1496 4348 1704 4403 Latinis
1737 4363 1830 4404 eos
1863 4348 2168 4403 videremus
2192 4352 2245 4412 ι)
2271 4342 2536 4396 ctilicator
2557 4340 2825 4395 maximus
2851 4338 2903 4391 in
2930 4335 3103 4390 ollicio
3124 4333 3451 4405 apostolatus
3475 4333 3718 4387 existere
3747 4343 3849 4381 me-

592 4439 661 4494 ad
692 4454 923 4510 unguem
957 4441 1211 4507 imbutos,
1239 4457 1401 4512 super
1430 4441 1533 4495 hac
1556 4428 1616 4494 re
1647 4442 1984 4509 interrogare
2007 4453 2167 4494 cura-

596 4529 777 4585 vimus
805 4544 916 4584 eos.
948 4531 1026 4585 Eo
1058 4540 1294 4600 tempore
1327 4532 1439 4588 haec
1481 4533 1664 4602 regula
1697 4532 1761 4587 de
1795 4530 2023 4601 apostoli
2053 4544 2170 4585 me-

599 4622 770 4675 moria
794 4621 848 4675 in
875 4622 979 4675 hac
1002 4622 1133 4675 urbe
1161 4621 1627 4691 frequentabatur,
1654 4631 1969 4693 recuperata
1993 4620 2171 4690 Potius

588 4727 757 4781 quam
801 4713 981 4783 primo
1018 4713 1294 4780 inchoata,
1330 4714 1634 4768 viventibus
1676 4729 1801 4784 rege
1847 4712 2084 4768 Roberto
2118 4720 2175 4765 et

596 4802 873 4859 Gauzleno
928 4804 1257 4860 Bituricensi
1329 4804 1755 4875 archiepiscopo.
1817 4805 1930 4873 Ego
1993 4810 2172 4856 autem

597 4892 922 4965 Eugolisma:
948 4897 1180 4968 positus,
1210 4894 1301 4950 ubi
1327 4895 1492 4950 etiam
1523 4894 1591 4949 ab
1617 4896 1834 4950 ineunte
1862 4902 2019 4948 :ctate
2047 4892 2178 4945 edu-

600 4994 755 5039 catus
793 5001 936 5050 sum,
976 4985 1102 5039 dum
1145 4987 1286 5039 inter
1324 4985 1461 5039 alios
1502 4985 1656 5054 quasi
1697 4983 1897 5038 sciolus
1939 4981 2173 5045 viderer,

602 5079 728 5126 ante
754 5088 943 5127 omnes
975 5084 1029 5126 et
1067 5088 1230 5143 super
1255 5088 1445 5128 omnes
1474 5073 1601 5128 huic
1629 5086 1761 5126 sane
1798 5068 1996 5139 regulae
2024 5082 2179 5135 repu-

602 5160 859 5228 gnabam,
888 5170 1087 5230 putans
1113 5175 1234 5217 esse
1267 5176 1464 5215 vanum
1496 5170 1553 5216 et
1581 5160 1801 5225 falsum,
1828 5160 1944 5213 sive
1979 5170 2043 5210 ex
2073 5153 2180 5210 ela-

603 5249 752 5290 Iinnn
780 5250 1125 5290 dupondium
1185 5251 1309 5290 nisi:
1340 5250 1637 5290 llnrtinlnm
1680 5248 1963 5290 nrrrlipham
1997 5246 2048 5290 in
2076 5244 2179 5290 hac

2272 4434 2410 4497 ruit;
2444 4440 2499 4486 et
2540 4431 2681 4485 hanc
2718 4427 2955 4497 regulam
2997 4423 3393 4486 rationabilem,
3424 4430 3479 4475 et
3510 4416 3847 4473 auctoritatis

2275 4523 2617 4590 antiquorum
2671 4518 2913 4588 plenam,
2961 4527 3014 4571 et
3067 4515 3161 4569 Dei
3202 4513 3474 4567 voluntate
3501 4511 3844 4579 inspiratam,

2273 4612 2531 4679 deinceps
2568 4608 2827 4677 judicavi,
2858 4617 2914 4661 et
2944 4621 3013 4685 ex
3044 4619 3111 4660 eo
3150 4603 3439 4658 defendere
3475 4602 3606 4653 totis
3644 4600 3846 4651 viribus

2274 4700 2440 4770 carpi,
2471 4699 2613 4768 quod
2642 4698 2769 4752 totis
2790 4696 2998 4750 viribus
3026 4702 3150 4747 ante
3179 4694 3432 4762 ignorans
3461 4687 3844 4758 persequebar.

2274 4795 2411 4851 Nam
2447 4802 2503 4848 et
2539 4792 2822 4863 episcopus
2864 4797 3048 4842 noster
3077 4781 3501 4857 Engolismensis
3538 4779 3724 4849 litigo,
3771 4776 3848 4831 vir

2276 4886 2636 4954 undequaque
2663 4880 3029 4942 doctissiums,
3073 4877 3164 4945 qui
3203 4884 3328 4929 ante
3370 4873 3467 4927 hos
3494 4868 3847 4940 quadraginta

2278 4990 2450 5031 annos
2478 4973 2752 5044 migravit,
2783 4969 2937 5039 citius
2977 4972 3421 5033 successor_ante
3462 4962 3566 5016 bos
3600 4971 3846 5030 quatuor-

2278 5065 2452 5121 dccim
2482 5077 2653 5118 annos
2690 5068 2773 5116 est
2803 5060 3107 5123 defunctus,
3149 5057 3203 5110 in
3233 5054 3463 5124 quadam
3493 5064 3589 5106 sua
3623 5048 3848 5103 editione

2279 5153 2346 5208 de
2372 5150 2618 5206 Martiale
2651 5150 2766 5204 haec
2800 5147 3010 5203 locutus
3034 5153 3158 5200 est:
3202 5162 3220 5195 ι
3250 5142 3378 5205 lllis,
3408 5138 3609 5208 inquit,
3651 5145 3846 5203 tempo-

2287 5260 2307 5290 ι
2344 5242 2496 5290 ribus
2522 5240 2712 5290 civitas
2738 5236 3019 5290 Lemovica
3043 5241 3169 5287 ante
3196 5244 3382 5287 omnes
3402 5237 3458 5281 et
3485 5240 3653 5290 super
3672 5233 3847 5278 omnes
