4044 5290
250 285 388 347 1566

1260 292 1443 358 ACTA
1482 296 1772 359 conatui
1811 296 2309 357 LEMOVICENSIS
2345 294 2412 381 ιι.

3338 284 3495 373 ιδσσζ

257 424 277 461 ι
313 403 447 463 meis
466 412 552 462 est
579 404 875 466 destinatus
900 408 1332 481 apostolus.Qui,
1367 412 1492 467 dum
1517 413 1584 468 ad
1613 410 1803 467 Burdi-
1831 418 1884 478 Α
1914 431 1932 465 ι
1979 411 2285 482 episcopum
2320 409 2527 464 videret
2570 423 2705 479 puer
2747 404 3028 472 macerari,
3071 403 3235 474 cmpit
3262 402 3475 459 timere.

257 515 277 549 ι
311 496 487 568 galam
528 498 719 553 urbem
761 500 828 554 ad
862 501 1259 571 praedicandum
1289 502 1620 558 Vascouibus
1648 502 1813 574 proti-

255 607 275 643 c
308 588 632 657 cisceretur,
678 595 962 669 transitum
1003 610 1099 664 per
1137 595 1407 650 civitatem
1452 596 1813 666 Engolismam

256 704 273 738 ι
314 683 519 739 habuit.
563 681 629 737 Et
678 683 768 737 diu
819 683 928 739 illic
974 686 1310 749 demoratus,
1356 675 1831 756 Engolismensem'

254 793 272 827 ι
312 773 565 845 populum
599 774 665 828 ad
706 773 869 828 Deum
901 775 1076 830 vivum
1116 776 1408 842 convertit,
1445 777 1665 847 ejusque
1706 776 1835 862 βτί-ρ

254 884 271 916 ι
311 877 458 921 ωυω
485 864 793 933 episcopum
825 866 1042 920 nomine
1068 864 1384 930 Ausonium,
1412 881 1479 921 ex
1509 868 1619 937 ipsa
1645 866 1835 936 patria}

254 972 272 1005 ι
312 955 624 1021 oriundum,
661 969 820 1023 quem
850 956 961 1024 ipse
986 955 1375 1024 baptizaverat,
1402 956 1689 1010 ordinavit.
1722 973 1742 1007 ι
1827 990 1830 994 λ

321 1046 390 1100 Et
421 1060 543 1100 cum
583 1042 803 1115 quidam
840 1062 907 1101 ex
930 1047 1162 1101 concilio
1188 1048 1470 1103 dicerent:
1504 1067 1522 1099 ι
1557 1047 1665 1103 Cur
1682 1048 1835 1103 ὐἱον

252 1137 460 1205 nysius,
503 1137 594 1205 qui
626 1136 780 1207 longe
820 1147 941 1206 post
980 1136 1276 1192 Martialem
1306 1139 1359 1192 in
1396 1138 1622 1194 Galliam
1651 1139 1818 1205 venit,

254 1226 307 1280 in
336 1226 476 1281 libro
512 1225 743 1281 Aetuum
770 1228 1134 1296 apostolorum
1164 1229 1497 1295 nominatur,
1526 1244 1645 1284 cum
1677 1228 1821 1283 Mar-

254 1315 398 1369 tialis
415 1316 729 1370 nominatim
754 1332 859 1370 non
885 1317 955 1371 ibi
975 1317 1367 1386 exprimitur?»
1394 1317 1484 1372 Ille
1506 1319 1820 1387 respondit:

259 1426 278 1458 α
314 1406 451 1474 Quia
494 1407 780 1479 Dionysius
819 1407 1035 1479 gentilis
1072 1408 1365 1478 discipulus
1411 1407 1558 1463 Pauli
1600 1409 1731 1475 fuit,
1769 1403 1832 1466 et‘

254 1497 432 1553 Lucas
465 1514 649 1553 comes
673 1498 819 1554 Pauli
852 1507 993 1565 erat,
1025 1500 1116 1569 qui
1152 1500 1205 1554 in
1242 1499 1334 1554 illo
1365 1500 1501 1554 libro
1531 1500 1648 1571 plus
1675 1510 1826 1572 gesta

253 1587 430 1653 Pauli,
454 1604 573 1658 qua:
600 1589 753 1657 vidit,
782 1597 1019 1645 enarrat.
1051 1588 1158 1645 Sed
1188 1590 1256 1645 de
1301 1588 1607 1645 nominibus
1639 1605 1825 1646 eorum

252 1678 343 1746 qui
380 1688 508 1734 tunc
545 1680 597 1734 in
631 1681 1013 1749 przedicatione
1039 1678 1358 1747 ﬂoruerunt,
1386 1680 1512 1750 quid
1554 1680 1709 1736 nobis
1742 1661 1842 1736 veli

1918 522 1938 557 ι
1981 502 2131 557 Tuuc
2156 510 2374 558 sanctus
2421 499 2742 556 Laurentius
2779 498 3136 555 corroborans
3160 497 3335 552 relatis
3362 494 3480 563 ejus
3532 516 3535 519 ν

1890 591 1939 645 ἰ
1982 591 2284 657 infantiam,
2336 591 2414 646 ait
2452 593 2520 647 ad
2576 607 2739 647 eum:
2782 589 3055 655 Marcelle,
3097 589 3310 663 genitor
3360 597 3482 665 tuus

1921 700 1940 734 ι
1977 681 2176 752 Εεθθε
2204 682 2375 737 noluit
2420 680 2693 738 Christum
2722 682 2966 747 credere,
3018 696 3145 761 nam
3192 686 3364 734 mater
3392 687 3484 743 tua

1922 788 1942 823 ι
1987 770 2318 837 Marcellina,
2345 779 2400 826 et
2420 772 2615 827 fratres
2650 772 2725 826 tui
2755 771 3075 825 Saturninus
3099 776 3151 824 et
3175 766 3483 837 Dionysius.

1914 863 1942 914 ’c
1982 860 2204 932 jubeute
2230 870 2419 917 sancto
2451 861 2725 917 Clemente
2752 877 2886 932 papa
2909 861 3059 916 urbis
3087 860 3291 925 Romae,
3320 859 3485 928 parti-

1924 970 1944 1005 ι
1988 952 2089 1007 bus
2111 949 2423 1017 Galliarum,
2450 962 2509 1006 ut
2531 953 2598 1006 ad
2627 952 2788 1006 ﬁdem
2808 950 3169 1006 Christianam
3198 958 3383 1021 gentes
3410 948 3488 1002 in.

1924 1060 1946 1097 σ
1991 1042 2483 1107 struerent,directi
2512 1050 2653 1097 sunt.
2678 1041 2823 1097 Vade
2848 1042 2917 1096 ad
2937 1057 3052 1107 eos,
3077 1051 3134 1096 ut
3162 1056 3266 1095 non
3298 1053 3488 1110 pereas

1926 1151 1945 1186 ‹
1992 1133 2045 1187 in
2082 1147 2244 1187 manu
2294 1133 2462 1187 Decii.
2496 1151 2516 1186 ι
2566 1132 2633 1188 Ει
2673 1132 2815 1188 infra
2862 1133 3090 1189 dicitur:
3142 1151 3161 1184 ‹
3210 1131 3489 1187 Profectus

1928 1243 1949 1280 ι
1992 1225 2273 1280 Marcellus
2301 1239 2424 1280 cum
2449 1226 2735 1281 Anastasio
2764 1228 3133 1284 commilitone
3160 1225 3490 1292 Christiano,

1928 1336 1947 1370 ι
1993 1326 2051 1379 ut
2078 1317 2182 1371 iret
2213 1316 2299 1371 ubi
2324 1325 2439 1372 erat
2464 1316 2636 1373 frater
2668 1334 2796 1373 suus
2836 1318 3161 1375 Saturninus
3188 1319 3490 1389 episcopus,

1931 1429 1949 1463 ι
1994 1409 2238 1481 pervenit
2262 1424 2431 1481 usque
2479 1410 2549 1465 ad
2568 1411 3044 1484 Argentomagum,
3072 1412 3182 1479 ubi,
3211 1428 3241 1467 a
3266 1410 3496 1483 praeside

1933 1517 1951 1552 ι
1998 1499 2438 1570 comprehensus,
2483 1499 2771 1571 inquisitus
2807 1510 2893 1557 est
2938 1501 3079 1557 unde
3103 1511 3266 1566 esset,
3307 1508 3401 1556 aut
3429 1500 3498 1555 de

1932 1606 1952 1641 ι
1996 1603 2100 1659 qua
2128 1589 2404 1660 provincia
2431 1588 2515 1644 vel
2554 1589 2774 1644 civitate
2814 1591 2921 1646 huc
2964 1590 3218 1656 venisset,
3250 1605 3382 1661 puer
3415 1603 3498 1644 re-

1934 1697 1953 1732 ι
1992 1674 2240 1747 spondit:
2271 1679 2611 1736 Christianus
2631 1696 2769 1746 sum,
2801 1680 2868 1736 ab
2898 1680 3029 1737 urbe
3063 1681 3232 1737 Roma
3257 1681 3416 1746 exivi,
3443 1689 3503 1737 et

252 1743 643 1824 controversae
663 1769 748 1823 vel
778 1768 1025 1825 utilitatis
1059 1770 1290 1840 attingat
1343 1743 1451 1825 non
1487 1769 1671 1835 video,
1704 1785 1826 1826 cum
1854 1743 1903 1803 Β
1937 1787 1957 1821 ι
1999 1743 2231 1838 propero
2278 1769 2347 1825 ad
2390 1770 2662 1826 civitatem
2708 1743 2979 1837 Tolosam,
3029 1770 3119 1826 ubi
3163 1769 3359 1826 fratres
3397 1743 3503 1827 mei

250 1858 441 1927 plures
463 1859 810 1914 nominentur
830 1860 925 1925 ibi,
950 1860 1033 1915 vel
1059 1861 1112 1914 in
1135 1859 1387 1930 Epistolis
1406 1859 1580 1928 Pauli,
1603 1877 1831 1932 quorum

254 1951 574 2005 memoriam
599 1950 654 2004 in
681 1950 1067 2007 festivitatibus
1095 1951 1317 2007 minime
1348 1952 1618 2007 novimus.
1648 1952 1723 2007 De
1747 1950 1836 2006 Ja-

252 2056 384 2097 sone
422 2041 513 2096 illo
542 2043 765 2112 antiquo
798 2041 1081 2112 discipulo,
1111 2042 1177 2096 de
1210 2041 1457 2112 Philippo
1482 2038 1829 2114 evangelista,

252 2132 320 2187 de
345 2132 559 2203 Apollo,
592 2133 656 2188 de
686 2133 957 2203 Epaphra,
988 2134 1103 2189 sive
1132 2133 1199 2187 de
1240 2132 1362 2189 aliis
1400 2133 1472 2188 ibi
1512 2135 1833 2189 nominatim

254 2224 566 2293 expressis,
592 2238 701 2278 nos
740 2222 958 2293 quidem
993 2237 1181 2278 eorum
1227 2221 1557 2277 mentionem
1589 2237 1686 2292 per
1723 2222 1836 2276 sin-

253 2312 403 2381 gula,
428 2313 675 2383 quamvis
703 2312 1008 2383 speciatim,
1038 2314 1153 2367 sive
1174 2310 1483 2366 nesciamus
1537 2311 1650 2365 sive
1676 2311 1835 2365 omit-

257 2410 459 2466 tamus,
496 2401 572 2456 illi
606 2408 782 2455 tamen
821 2402 1023 2473 pepuli,
1054 2402 1252 2472 quibus
1280 2401 1494 2471 patroni
1534 2401 1644 2456 dati
1686 2411 1835 2470 sunt,

255 2501 468 2547 eertum
492 2500 577 2547 est
604 2494 919 2548 memoriam
950 2508 1138 2548 eorum
1162 2508 1268 2548 non
1300 2492 1536 2562 segniter
1562 2493 1833 2548 venerari.

257 2584 418 2651 Nam,
457 2584 561 2640 etsi
603 2584 864 2641 Martialis
898 2585 1161 2640 memoria
1200 2587 1339 2655 apud
1360 2584 1618 2655 quasdam
1648 2592 1838 2654 gentes

259 2693 438 2732 annua
468 2678 750 2750 speciatim
785 2692 893 2733 non
920 2686 1129 2748 agatur,
1171 2677 1328 2732 nobis
1364 2684 1543 2731 tamen
1572 2675 1836 2731 Occiden-

259 2767 477 2835 talibus,
519 2768 609 2839 qui
655 2768 773 2839 ejus
809 2767 1045 2822 adventu
1088 2765 1371 2821 illuminati
1415 2781 1601 2821 sumus
1628 2764 1837 2821 caelesti

260 2857 529 2921 claritate,
554 2858 643 2927 qui
663 2871 785 2912 eum
812 2855 865 2910 in
889 2856 1028 2911 coelo
1045 2863 1098 2908 et
1122 2864 1266 2909 terra
1292 2862 1576 2924 patronum
1600 2853 1839 2909 occiduis

261 2950 512 3022 gentibus
533 2963 651 3003 esse
672 2948 894 3011 scimus,
925 2962 1030 2999 non
1056 2944 1273 3015 ignobili
1299 2943 1673 2999 recordatione
1695 2959 1838 2998 sem-

260 3056 361 3111 per
404 3054 506 3109 pro
548 3036 1041 3108 Opportunitatibus
1090 3034 1336 3089 habenda
1377 3043 1464 3089 est
1497 3035 1831 3104 gaudiorum.

261 3129 435 3183 Porro
456 3137 636 3181 autem
668 3128 734 3183 de
760 3127 1013 3197 Dionysio
1039 3126 1385 3196 Areopagita,
1415 3126 1506 3195 qui
1539 3126 1590 3180 in
1616 3126 1841 3181 Actibus

260 3217 629 3288 apostolorum
651 3214 1003 3287 memoratur,
1029 3225 1221 3286 putare
1251 3217 1492 3271 solebam
1522 3219 1695 3288 ipsum
1723 3230 1845 3272 esse

261 3309 354 3379 qui
378 3309 434 3363 in
455 3298 683 3363 Galliam
707 3324 829 3363 cum
858 3307 1079 3363 Rustico
1105 3316 1159 3363 et
1184 3308 1495 3363 Eleutherio
1518 3316 1640 3378 post
1656 3309 1845 3365 deces-

260 3411 387 3452 sum
421 3397 785 3469 apostolorum
825 3397 970 3453 Petri
1006 3409 1059 3453 et
1104 3398 1255 3454 Pauli
1289 3408 1345 3453 et
1385 3397 1646 3455 Martialis
1678 3400 1842 3464 venit,

261 3488 442 3545 donec
473 3505 646 3560 nuper
680 3492 907 3562 contigit
937 3492 1069 3547 mihi
1109 3492 1332 3548 fortuito
1360 3492 1539 3563 legere
1567 3507 1847 3548 commen-

264 3580 469 3636 tarium
507 3582 665 3636 Beda:
705 3597 869 3651 super
896 3582 1032 3638 libro
1067 3583 1299 3638 Actuum
1337 3585 1721 3653 apostolorum,
1754 3584 1847 3640 ubi

267 3670 346 3725 ita
376 3672 636 3744 scriptum
663 3682 749 3729 est
773 3673 952 3743 (BEDA
980 3675 1038 3728 in
1064 3674 1177 3728 Act.
1210 3675 1353 3746 xvn)
1379 3690 1396 3729 :
1426 3676 1713 3746 Dionysius
1746 3676 1848 3733 iste

268 3762 605 3835 Areopagita
631 3764 747 3836 ipse
775 3775 857 3820 est
881 3766 971 3835 qui
1002 3774 1187 3835 postea
1210 3764 1611 3822 Corinthiorum
1640 3767 1849 3837 episco-

269 3866 370 3920 pus
400 3854 595 3920 factus,
619 3856 1006 3927 gloriosissime
1036 3856 1335 3911 Ecclesiam
1365 3857 1528 3922 rexit,
1554 3866 1609 3913 et
1632 3858 1850 3928 eloquio

269 3943 457 3999 clarus
485 3946 685 4001 multos
712 3946 880 4002 libros
908 3947 975 4001 ad
1002 3946 1290 4002 utilitatem
1324 3947 1581 4003 Ecclesiae
1610 3949 1847 4020 scripsit.

270 4059 341 4070 -—
362 4031 534 4102 Hujus
556 4035 797 4106 Dionysii
823 4034 1183 4107 Hieronymus
1204 4035 1257 4091 ln
1278 4036 1551 4092 Chronico
1576 4051 1674 4093 suo
1699 4051 1850 4093 men-

273 4121 478 4177 tionem
519 4123 725 4179 faciens
750 4125 886 4180 dixit
915 4123 991 4194 (6)
1020 4143 1033 4179 :
1069 4145 1088 4179 ‹
1117 4127 1406 4198 Dionysius
1443 4127 1850 4183 Corinthiorum

278 4224 300 4258 ι
338 4211 646 4280 episcopus,
669 4212 885 4282 eloquio
906 4213 1105 4279 clarus,
1125 4217 1225 4270 sub
1242 4217 1517 4274 Antonino
1542 4217 1723 4274 ﬂoruit
1750 4219 1851 4273 im-

280 4315 305 4348 «η
340 4310 612 4368 peratore,
636 4317 743 4371 quo
767 4310 1008 4373 tempore
1020 4304 1350 4376 Polycarpus
1370 4306 1666 4378 discipulus
1691 4307 1851 4364 Joan-

1937 1879 1957 1914 r
2003 1860 2328 1917 Saturninus
2382 1870 2437 1918 et
2468 1862 2759 1934 Dionysius
2812 1873 3237 1920 commorantur.
3276 1864 3373 1919 Cui
3401 1864 3507 1919 lle-

1939 1971 1957 2005 ‹
2000 1952 2195 2011 raclius
2223 1967 2424 2023 praeses
2446 1954 2524 2009 ait
2549 1972 2564 2008 :
2592 1953 2688 2010 Dic
2728 1953 2859 2008 mihi
2886 1942 3200 2011 vocabulum
3230 1957 3402 2026 patris
3423 1955 3505 2011 vel

1938 2060 1960 2096 ε
2004 2042 2196 2098 matris
2221 2052 2343 2098 tute.
2371 2043 2516 2098 Puer
2552 2043 2864 2114 respondit:
2890 2042 3052 2099 Pater
3097 2060 3252 2103 meus
3283 2044 3504 2116 ASgeas,

1940 2148 1960 2183 ι
2004 2140 2058 2186 et
2093 2140 2265 2186 mater
2290 2145 2409 2186 mea
2439 2130 2746 2188 Marcelline
2767 2133 3057 2203 nuncupati
3083 2144 3226 2190 sunt.
3259 2154 3279 2188 ι
3308 2165 3378 2174 -
3401 2134 3506 2190 Sed

1935 2221 1981 2278 si
2005 2210 2170 2278 velint
2210 2223 2469 2294 episcopi,
2508 2223 2625 2293 ipsa
2669 2224 2851 2294 passio
2884 2227 2940 2280 in
2979 2225 3266 2281 concilium
3317 2240 3505 2281 eorum

1935 2323 2112 2386 potest
2140 2315 2257 2370 sine
2287 2330 2436 2371 mora
2476 2314 2695 2371 deferri.
2742 2315 2867 2372 llaec
2914 2316 3042 2371 mihi
3074 2330 3178 2371 non
3199 2315 3510 2386 discrepare

1935 2405 2184 2460 videntur
2230 2419 2260 2459 a
2300 2405 2566 2475 scriptura
2613 2420 2733 2476 quae
2769 2419 2933 2475 penes
2973 2419 3072 2461 nos
3103 2404 3523 2475 Engolismazde

1936 2495 2173 2567 Dionysii
2196 2497 2362 2564 gestis
2389 2497 2635 2551 habetur.
2668 2495 2744 2551 lbi
2788 2496 2932 2550 enim
2977 2495 3171 2568 legitur
3225 2498 3366 2566 quod
3394 2496 3513 2573 Cle-

1937 2601 2090 2641 mens
2111 2588 2395 2656 quemdam
2424 2586 2725 2657 Philippum
2748 2586 3079 2643 ordinaverit
3103 2587 3432 2658 episcopum,
3458 2597 3515 2642 et

1936 2678 2206 2748 Hispania“:
2250 2678 2607 2734 destinaverit
2658 2678 2725 2733 ad
2778 2678 3215 2749 praedicandum;
3259 2679 3515 2750 Dionysio

1938 2782 2067 2822 vero
2096 2766 2246 2821 verbi
2271 2767 2435 2822 divini
2475 2766 2683 2822 semina
2727 2767 2974 2837 gentibus
3002 2767 3220 2821 tradidit
3259 2782 3517 2836 errogan-

1939 2860 2044 2924 da;
2077 2872 2237 2928 quem
2262 2860 2316 2913 in
2338 2858 2563 2914 Galliam
2584 2858 3047 2927 misit,sociosque
3061 2859 3109 2913 ei
3140 2858 3509 2918 Saturninum.

1941 2948 2306 3004 Marcellinum
2366 2958 2421 3005 et
2480 2949 2814 3015 Lucianum,
2885 2956 3045 3019 atque
3100 2948 3380 3004 Rusticum
3461 2958 3517 3006 et

1940 3040 2304 3095 Eleutherium
2354 3040 2615 3095 adhibuit.
2665 3039 2913 3106 Quicum
2959 3038 3117 3093 simul
3143 3040 3517 3111 pervenissent

1943 3130 2011 3184 ad
2057 3140 2271 3200 portum
2319 3129 2717 3185 Arelatensium
2755 3127 3012 3193 civitatis,
3072 3126 3415 3184 Marcellinus
3464 3126 3518 3183 in

1944 3221 2254 3299 Hispaniam
2270 3222 2421 3288 abiit,
2438 3222 2758 3277 Saturninus
2778 3228 2956 3276 autem
2978 3219 3224 3276 Tolosam
3250 3220 3520 3291 profectus

1943 3319 2045 3375 est,
2085 3320 2141 3366 et
2166 3311 2449 3382 Dionysius
2470 3328 2592 3368 cum
2619 3311 2840 3372 Rustico
2863 3325 2920 3371 et
2943 3313 3256 3373 Eleutherio
3272 3311 3520 3371 Parisios

1945 3400 2214 3455 adierunt.
2254 3400 2522 3456 Lucianus
2551 3416 2679 3457 vero
2703 3404 2988 3476 presbyter
3031 3404 3099 3458 ad
3144 3402 3521 3462 Belvacensem

1936 3491 2218 3560 profectus
2250 3498 2335 3546 est
2373 3491 2580 3546 urbem.
2626 3491 2872 3547 Julianus
2904 3491 3523 3561 quoque,Cenomaneu-

1947 3581 2041 3647 sis,
2074 3589 2133 3635 ut
2176 3581 2231 3634 in
2280 3581 2467 3659 gestis
2503 3579 2619 3648 ejus
2657 3581 2975 3652 reperimus,
2997 3593 3206 3652 genere
3246 3579 3525 3638 Romanus

1948 3671 2068 3727 fuit.
2095 3671 2419 3729 Saturninus
2445 3681 2647 3739 autem,
2673 3682 2732 3728 ut
2753 3673 2934 3744 passio
2958 3672 3074 3743 ejus
3103 3660 3259 3731 docet
3286 3682 3526 3743 tempore

1949 3763 2264 3819 Diocletiani
2293 3775 2348 3820 et
2368 3763 2699 3830 Maximiani,
2732 3765 2892 3820 Decio
2926 3763 3246 3821 Germanico
3277 3774 3334 3820 et
3359 3764 3526 3821 Grato

1949 3851 2277 3918 consulibus,
2306 3868 2501 3923 passus
2544 3861 2649 3908 est.
2679 3853 2878 3910 Verum
2922 3853 3205 3908 nonnullos
3248 3852 3408 3911 audio
3439 3851 3525 3904 iu-

1950 3944 2162 3999 terdum
2206 3957 2423 3998 movere
2475 3943 2743 4013 quomodo
2780 3958 2909 4005 non
2936 3932 3205 4012 discrepet
3229 3942 3355 3999 illud
3382 3940 3526 4010 quod

1950 4036 2090 4104 apud
2117 4035 2370 4092 Tolosam
2396 4045 2546 4108 gesta
2566 4035 2683 4104 ejus
2707 4036 2772 4092 de
2789 4044 3028 4106 tempore
3065 4046 3310 4102 narrant,
3340 4032 3525 4090 videli-

1951 4132 2035 4180 cet
2060 4125 2107 4181 si
2151 4126 2204 4179 in
2244 4132 2485 4197 tempore
2527 4125 2846 4181 Diocletiani
2882 4135 2937 4180 et
2966 4124 3299 4193 Maximiani,
3330 4140 3524 4180 consu‘

1949 4214 2059 4274 latu
2091 4214 2388 4271 veroDecii
2425 4215 2732 4271 Germanici
2760 4223 2816 4271 et
2841 4214 3016 4282 Grati,
3051 4215 3229 4286 primo
3277 4216 3520 4271 Tolosam

1951 4306 2189 4373 advenit,
2212 4306 2317 4372 vel,
2347 4306 2492 4377 quod
2520 4305 2702 4361 verius
2731 4319 2850 4360 esse
2871 4305 3004 4360 mihi
3028 4306 3258 4372 videtur,
3292 4314 3526 4376 tempore

279 4405 301 4439 ι
331 4391 418 4447 nis
446 4395 792 4464 evangelista:
820 4410 1014 4464 passus
1040 4406 1161 4453 est:
1195 4398 1296 4453 sub
1318 4399 1549 4471 Trajano
1577 4415 1729 4467 vero,
1755 4401 1848 4471 qui
1874 4412 1927 4473 ι)
1952 4396 2123 4463 Decii,
2154 4397 2448 4453 secundum
2474 4395 2781 4466 passionem
2825 4395 3121 4464 supradicti
3168 4392 3425 4458 Marcelli,
3476 4399 3532 4447 et

278 4495 302 4529 ι
331 4481 554 4548 quintus
578 4490 697 4552 post
723 4481 1111 4553 Vespasianum
1133 4486 1436 4556 imperavit,
1461 4487 1698 4544 Joannes
1718 4504 1847 4560 apo-

281 4583 300 4617 ι
337 4570 507 4627 stolus
543 4574 597 4626 in
628 4587 760 4642 pace
795 4574 1021 4644 quievit,
1054 4585 1109 4631 et
1136 4576 1387 4633 Clemens
1423 4594 1580 4648 papa,
1613 4579 1668 4633 in
1706 4594 1854 4636 mare

282 4674 310 4707 «η
338 4674 568 4726 mersus,
616 4665 881 4737 martyrio
909 4677 1202 4723 coronatus
1241 4679 1345 4724 est.
1380 4689 1401 4723 ι
1450 4671 1621 4741 Hujus
1655 4654 1853 4744 Diony-

277 4747 343 4801 sii
389 4749 684 4824 Gregorius
719 4757 772 4811 in
813 4758 1045 4825 quadam
1088 4758 1310 4815 humilia
1351 4762 1631 4830 meminit,
1670 4763 1854 4819 dicens

279 4835 551 4907 (Gnscon.
582 4848 764 4903 hausit.
794 4864 890 4903 xw
938 4851 995 4904 in
1035 4849 1272 4922 Evang.)
1302 4868 1317 4904 :
1370 4872 1389 4904 ι
1423 4853 1621 4909 Fertur
1656 4853 1854 4925 Diony-

286 4946 306 4981 ι
340 4936 455 4992 sius
490 4939 581 4995 ille
636 4942 891 5011 antiquus
935 4942 1262 4998 venerabilis
1309 4943 1472 4999 Pater
1524 4944 1855 5015 Areopagita

286 5039 307 5073 ι
339 5024 541 5096 dicere,
569 5032 713 5100 quod
751 5046 817 5086 ex
857 5031 1160 5087 minoribus
1199 5033 1514 5105 angelorum
1549 5034 1855 5108 agminibus

289 5119 607 5144 .l'-..2--l-
690 5126 1047 5144 ικι,Ακρο.
1122 5127 1134 5138 α
1197 5127 1279 5144 Νι
1341 5129 1523 5144 nunc-
1662 5127 1737 5144 ,I-
1817 5127 1829 5140 ι

1954 4485 2055 4541 sub
2089 4486 2327 4555 ipsorum
2366 4484 2690 4555 principium
2743 4491 2982 4552 tempore
3026 4498 3219 4555 passus
3263 4492 3527 4551 est,un-

1954 4578 2114 4633 modo
2148 4592 2177 4631 a
2205 4577 2365 4635 Petro
2387 4575 2625 4646 apostolo
2660 4576 2946 4647 episcopus
2987 4576 3265 4634 ordinatus
3286 4584 3341 4629 et
3370 4573 3530 4628 Toloc

1954 4681 2066 4720 sam
2099 4666 2291 4721 missus
2320 4667 2445 4725 est?
2474 4680 2705 4736 namque
2760 4682 2791 4719 a
2812 4666 3067 4738 passione
3094 4662 3156 4718 B.
3187 4662 3356 4728 Petri,
3386 4677 3531 4730 quae,

1955 4757 2248 4812 secundum
2287 4772 2477 4828 puram
2526 4738 2810 4812 veritatem
2871 4753 3205 4825 Hieronymi,
3258 4753 3533 4809 tricesimo

1956 4848 2185 4917 septimo
2230 4861 2260 4900 a
2314 4850 2714 4905 resurrectione
2772 4846 3011 4911 Domini,
3058 4845 3161 4897 hoc
3194 4850 3280 4898 est
3323 4843 3535 4898 decimo

1956 4944 2119 4998 tertio
2140 4940 2369 4998 Neronis
2411 4959 2576 5009 anno,
2606 4941 2838 5011 exstitit,
2876 4954 3054 5009 usque
3083 4938 3137 4991 in
3181 4937 3415 5006 primum
3442 4952 3541 4989 ano

1957 5050 2088 5091 num
2135 5033 2304 5100 Decii,
2347 5036 2567 5092 fuerunt
2609 5032 2737 5088 anni
2775 5044 3006 5087 numero
3052 5018 3175 5092 182,
3221 5035 3276 5083 et
3311 5043 3343 5081 a
3368 5027 3544 5100 primo

1962 5127 1998 5144 τι
2018 5141 2027 5144 -
2056 5126 2106 5143 νσὲ
2161 5140 2215 5144 -..
2240 5142 2251 5143 κ
2272 5140 2287 5144 -
2341 5141 2397 5144 ---
2500 5142 2503 5143 ν
2561 5123 2609 5144 2..
2670 5120 2903 5144 *—:_...--_-
3326 5132 3526 5144 Α-..ι-ιυυι
