4044 5290
557 239 693 296 1⁸567

1501 231 1856 294 JORDANUS
1890 227 2385 288 LEMOVICENSIS
2420 226 2815 284 EPISCOPUS.

3645 231 3786 288 £368

555 349 917 421 Aquitaniam,
943 349 1153 404 subtilis
1203 347 1479 418 inquisitio
1521 364 1552 403 a
1593 347 1802 404 clericis
1833 348 2007 411 ﬁeret,
2033 345 2122 400 ille
2148 347 2196 406 Α
2224 340 2433 396 dierum
2464 341 2808 410 temporalem
2833 348 3058 395 mortem
3076 341 3328 411 suscepit.
3351 341 3406 398 Si
3429 352 3615 398 autem
3631 344 3790 413 juxta

554 439 980 510 Eugolismensis
991 440 1221 494 clericus
1233 439 1496 508 adjunxit,
1511 439 1728 494 dicens:
1763 456 1782 490 ‹
1813 435 2124 509 Hieronymi

553 533 821 589 Chronica
854 549 973 601 qua:
995 532 1210 587 mentiri
1240 548 1344 587 non
1371 541 1566 604 potest,
1617 533 1662 587 si
1692 531 1883 602 placet,
1913 531 1964 585 in
1995 545 2125 585 cono

553 621 736 676 cilium
762 622 1056 686 deferatur,
1091 631 1148 698 et
1181 637 1342 692 super
1365 623 1465 677 hac
1511 623 1808 693 quzestione
1841 621 2125 691 diligenter

550 711 930 781 perspiciatur.
963 731 982 764 ι
1018 711 1202 781 ltaque
1227 723 1563 782 perscrutato
1588 713 1727 768 libro
1773 712 1984 768 locutus
2008 722 2119 767 est:

558 819 577 852 ι
611 800 781 863 Licet,
816 801 1084 871 inquiens,
1110 802 1250 856 Beda
1282 804 1333 857 in
1364 803 1750 860 commentario
1773 818 1935 874 super
1956 804 2122 858 Actus

552 895 918 963 apostolorum
962 897 1104 951 dicat
1139 895 1355 952 Petrum
1385 906 1576 968 quarto
1598 898 1802 954 Claudii
1849 915 1990 954 anno
2016 897 2122 954 Ro-

552 1001 695 1039 mam
720 989 954 1050 veuisse,
979 989 1624 1046 ettricesimononoauno
1637 991 2120 1061 postresurrectio-

551 1091 673 1130 nem
691 1075 901 1131 Domini
914 1093 1130 1146 passum
1143 1088 1488 1145 esse,tamen,
1503 1080 1795 1135 secundum
1811 1081 2120 1151 Hieronymi

549 1165 876 1221 Chronicam
912 1166 1180 1222 subtiliter
1203 1178 1564 1238 supputatam,
1591 1171 1662 1226 ita
1689 1172 1959 1226 invenitur
1979 1171 2121 1240 quod

533 1255 962 1311 'decimooctavo
977 1273 1119 1312 anno
1145 1257 1344 1314 Tiberii
1367 1261 1624 1315 Dominus
1654 1276 1844 1330 passus
1875 1270 2122 1331 est;post

550 1344 826 1400 Tiberium
864 1363 992 1402 vero
1018 1351 1258 1419 regnavit
1279 1349 1460 1414 Caius,
1483 1359 1537 1405 et
1558 1361 1676 1421 post
1700 1367 1822 1407 eum
1844 1352 2119 1420 Claudius,

550 1435 703 1504 cujus
732 1437 940 1507 imperii
989 1439 1224 1493 secundo
1254 1454 1395 1494 anno
1433 1450 1694 1496 venerunt
1720 1440 1944 1496 Romam
1974 1442 2122 1511 priu-

550 1541 678 1595 ceps
703 1527 1064 1596 apostolorum
1111 1527 1322 1592 Petrus,
1349 1537 1402 1582 et
1425 1529 1822 1600 condiscipulus
1844 1531 1956 1598 ejus
1984 1531 2122 1585 Mar-

551 1615 727 1682 tialis;
762 1616 930 1686 ipsius
966 1626 1144 1672 autem
1185 1615 1391 1672 Claudii
1422 1628 1614 1688 quarto
1642 1634 1782 1673 anno
1829 1619 2040 1674 Marcus
2065 1620 2118 1673 in

551 1705 809 1778 Egypto,
865 1707 1126 1762 Martialis
1181 1708 1232 1763 in
1281 1707 1475 1774 Gallia,
1515 1709 1799 1765 Dominum
1826 1711 2120 1779 prmdicare

552 1807 852 1867 coeperunt.
883 1799 1010 1852 Post
1039 1798 1340 1863 Claudium,
1381 1800 1470 1870 qui
1505 1800 1790 1870 imperavit
1833 1802 1990 1856 annis
2032 1803 2121 1868 l5,

551 1889 827 1943 mensibus
871 1890 926 1952 7,
975 1889 1167 1944 diebus
1213 1890 1307 1955 28,
1370 1891 1600 1960 suscepit
1635 1890 1759 1960 jura
1806 1891 2122 1960 principalia

550 1978 712 2046 Nero,
743 1979 1092 2035 nihilominus
1121 1980 1278 2036 annis
1310 1982 1396 2045 l3,
1427 1981 1697 2036 mensibus
1717 1982 1771 2046 7,
1802 1981 1989 2036 diebus
2012 1981 2119 2048 28;

549 2083 678 2122 nam
727 2068 794 2123 15
844 2068 1018 2138 plenis
1064 2070 1220 2125 annis
1266 2070 1530 2142 regnavit,
1582 2081 1637 2126 et
1690 2080 1883 2142 quarto
1916 2071 2126 2127 decimo

549 2159 831 2230 plusquam
864 2163 1040 2216 medio
1069 2173 1312 2240 mortuus
1345 2175 1445 2220 est.
1482 2163 1650 2235 Hujus
1677 2165 1889 2235 iruperii
1927 2166 2123 2234 primo,

550 2263 647 2303 rex
697 2249 989 2304 Galliarum
1039 2251 1347 2321 Stephanus
1397 2253 1623 2308 Romam
1655 2270 1776 2309 cum
1825 2255 2125 2324 legionibus

551 2336 827 2392 Gallorum
874 2340 938 2394 ad
970 2355 1092 2394 eum
1145 2343 1402 2410 perrexit,
1446 2344 1897 2413 quemadmodum
1930 2345 2126 2401 litteris

548 2443 647 2498 per
668 2430 976 2484 veredarios
1011 2431 1062 2485 ei
1106 2431 1281 2486 fuerat
1306 2431 1536 2501 jussum.
1569 2434 1742 2505 Ipsius
1771 2451 1985 2506 quoque
2020 2436 2126 2492 Ne-

550 2519 700 2573 ronis
729 2535 870 2574 anno
891 2521 1147 2587 secundo,
1172 2521 1368 2578 Paulus
1397 2525 1666 2592 apostolus
1700 2527 1950 2596 primitus
1981 2527 2128 2581 venit

550 2609 800 2678 Romam,
830 2613 931 2669 hoc
960 2623 1041 2670 est
1077 2625 1267 2686 quarto
1297 2617 1504 2674 decimo
1531 2635 1671 2675 anno
1692 2628 1811 2691 post
1839 2621 2123 2677 adventum

548 2708 610 2762 Β.
638 2709 784 2765 Petri
818 2727 833 2764 :
865 2713 1092 2766 necdum
1131 2714 1274 2767 enim
1307 2713 1481 2769 fuerat
1506 2714 1702 2770 Paulus
1729 2716 1934 2781 Ronan,
1959 2732 2128 2786 quan-

551 2798 621 2854 do
674 2800 981 2871 Stephanus
1029 2803 1093 2856 ad
1149 2803 1419 2858 Neronem
1457 2806 1730 2875 profectus
1785 2816 1885 2861 est.
1933 2807 2129 2862 Missus

549 2899 628 2944 est
653 2901 831 2946 autem
863 2894 1072 2947 vinctus
1101 2893 1324 2950 Romam
1357 2895 1553 2950 Paulus
1603 2912 1631 2949 a
1686 2896 1844 2952 Festo
1898 2898 2128 2966 prresiile

2224 430 2606 502 Hieronymum
2634 431 2825 486 Petrus
2857 431 3129 486 tricesimo
3157 433 3385 501 septimo
3429 450 3462 487 ει
3508 449 3793 492 resurrec-

2223 522 2368 577 tione
2384 521 2613 585 Domini,
2629 523 2728 576 hoc
2752 521 3054 577 estdeeimo
3067 524 3227 579 tertio
3247 524 3474 579 Neronis
3486 542 3684 594 passus
3708 539 3792 584 est

2223 625 2382 675 anno,
2402 612 2562 681 igitur
2577 610 2830 665 Martialis
2846 611 3003 666 Petro
3015 624 3246 681 quatuor
3258 615 3412 668 anuis
3427 618 3753 685 supervixit.
3769 637 3788 669 ι

2293 701 2417 758 Haec
2433 713 2484 756 et
2497 703 2582 768 his
2598 703 2790 756 similia
2805 703 2869 757 de
2889 705 3258 758 convenientia
3276 720 3544 759 annorum
3559 722 3687 761 cum
3709 724 3764 761 sa
3777 738 3795 747 -

2222 797 2494 852 tisfactum
2522 806 2684 863 esset,
2713 806 2766 852 et
2789 796 2874 851 ille
2899 795 3321 867 Eugolismensis
3345 797 3576 854 clericus
3598 802 3794 854 iterum

2221 887 2424 942 diceret
2444 889 2565 957 quia
2594 888 2727 942 nihil
2757 889 2950 943 mirum
2979 889 3021 942 si
3051 887 3344 942 Martialem
3375 887 3553 944 Lucas
3578 891 3796 946 nomine

2221 980 2437 1048 proprio
2452 995 2556 1032 non
2571 979 2839 1046 exprimit,
2855 996 2972 1032 cum
2990 979 3197 1033 illorum
3211 981 3546 1050 septuaginta
3565 982 3794 1035 duorum

2220 1071 2435 1124 nomina
2489 1055 2593 1124 non
2657 1070 2923 1136 ostendat,
2952 1079 3111 1139 atque
3169 1069 3314 1124 Petri
3360 1071 3684 1124 'adventum
3740 1071 3794 1123 in

2219 1159 2559 1213 Antiochiam
2587 1166 2641 1213 et
2690 1159 2913 1213 ltomam
2959 1160 3104 1213 nullo
3137 1159 3296 1216 modo
3333 1159 3562 1223 scribat,
3598 1159 3794 1214 iterum

2219 1250 2502 1306 Odolricus
2522 1249 2681 1305 Pater
2702 1251 2961 1305 allocutus
2974 1259 3054 1306 est
3085 1251 3397 1315 concilium,
3420 1251 3644 1304 dicens:
3676 1269 3694 1299 ι
3723 1248 3800 1303 Ne

2220 1341 2341 1412 quis
2373 1339 2510 1396 forte
2554 1357 2652 1396 nos
2705 1341 2848 1396 dicat
2890 1357 3028 1396 nunc
3058 1357 3254 1396 novum
3280 1342 3434 1396 fateri
3466 1341 3797 1411 apostolum,

2218 1441 2274 1487 et
2302 1431 2562 1488 hactenus
2592 1447 2698 1487 non
2729 1433 2971 1487 auditum
3000 1450 3013 1486 :
3043 1433 3110 1487 de
3138 1433 3469 1503 apostolatus
3513 1432 3632 1500 ejus
3654 1433 3799 1486 anti-

2220 1527 2443 1594 quitate,
2465 1540 2529 1579 eo
2558 1525 2698 1594 quod
2718 1523 2828 1592 jam
2856 1525 2984 1578 olim
3023 1535 3426 1595 prmoccupatus
3463 1524 3533 1578 ah
3558 1525 3802 1591 antiquis

2219 1628 2276 1674 ct
2300 1617 2614 1673 testiﬁcatus
2641 1615 2824 1681 fuerit,
2855 1617 3045 1671 iterum
3074 1617 3368 1686 perhibebo
3425 1616 3799 1669 testimonium

2227 1724 2435 1774 verum,
2484 1724 2517 1759 υ
2560 1705 2901 1761 venerabiles
2961 1707 3212 1778 episcopi.
3267 1707 3406 1761 Ecce
3463 1706 3573 1759 duo
3613 1719 3800 1759 sacer—

2225 1797 2379 1852 dotes
2430 1810 2492 1849 ex
2537 1795 2796 1849 fratribus
2850 1795 3050 1850 nostris
3102 1812 3284 1851 coram
3363 1795 3587 1857 adsunt,
3661 1809 3801 1862 quos

2223 1887 2350 1941 olim
2381 1887 2481 1941 hac
2512 1886 2626 1956 ipsa
2660 1886 2725 1940 de
2773 1901 2936 1941 causa
2967 1887 3020 1940 in
3052 1887 3385 1941 Britanniam
3434 1886 3584 1950 misi,
3612 1894 3670 1938 ut
3691 1887 3803 1937 An-

2223 1979 2432 2049 glorum
2480 1995 2508 2033 a
2557 1978 2842 2048 Gregorio,
2899 1988 2956 2032 ut
2989 1994 3134 2044 reor,
3171 1980 3443 2050 praelium
3495 1978 3672 2048 legem
3706 1993 3801 2030 au-

2225 2085 2412 2124 nosam
2439 2068 2745 2138 diligentius
2770 2080 3260 2137 perscrutarentur,
3293 2078 3347 2123 et
3368 2070 3515 2123 omni
3547 2067 3800 2122 submoto

2225 2162 2504 2216 mendacio
2523 2161 2590 2214 ad
2608 2174 2705 2214 nos
2728 2159 3010 2215 referrent.
3026 2161 3126 2228 Qui
3149 2177 3272 2216 cum
3301 2161 3366 2214 ad
3385 2159 3590 2231 Anglos
3612 2173 3802 2228 perve-

2226 2257 2453 2319 nissent,
2482 2266 2587 2309 tam
2612 2255 2666 2307 in
2699 2253 3094 2325 Martyrologiis
3121 2270 3308 2310 eorum
3329 2269 3489 2324 quam
3519 2254 3571 2305 in
3596 2251 3802 2304 litaniis

2225 2343 2524 2400 Martialem
2581 2343 2649 2398 ab
2705 2344 3029 2414 antiquitate
3087 2345 3430 2414 reperiebant
3494 2340 3799 2411 apostolum

2226 2436 2505 2504 scriptum.
2537 2435 2618 2488 Ad
2652 2434 2922 2504 quoddam
2949 2442 3127 2488 autem
3158 2446 3409 2503 magnum
3448 2431 3800 2486 devenientes

2225 2527 2633 2591 monasterium,
2683 2527 2734 2581 in
2773 2541 2878 2598 quo
2922 2525 3127 2597 primus
3169 2525 3465 2596 Anglorum
3515 2521 3800 2592 episcOpus

2227 2616 2528 2688 requiescit
2558 2633 2784 2685 corpore
2828 2616 3162 2686 Augustinus
3204 2617 3607 2684 (compererunt
3657 2607 3799 2661 enim

2228 2709 2302 2763 ibi
2349 2723 2454 2762 nou
2500 2706 2683 2760 haberi
2737 2704 2930 2758 librum
2973 2704 3037 2759 de
3076 2704 3284 2758 aclibus
3328 2701 3468 2755 beati
3494 2695 3799 2764 Martialis),

2225 2817 2323 2871 per
2373 2800 2589 2854 litanias
2645 2808 2822 2850 tamen
2868 2805 3027 2864 atque
3077 2791 3456 2864 Martyrologia
3511 2790 3569 2843 iu
3613 2787 3801 2841 eodem

2228 2893 2348 2947 loco
2374 2892 2698 2946 invenerunt
2721 2889 2968 2943 cmmlem
3001 2896 3284 2957 patronum
3339 2883 3559 2939 nomine
3589 2889 3807 2949 aposto—

550 2979 766 3047 Judaeze,
798 2983 922 3052 quia
946 2983 1210 3038 Caesarem
1243 2985 1625 3054 appellaverat.
1676 2986 1804 3041 Item
1835 3002 1978 3040 anno
2011 2986 2122 3056 pri-
2153 2999 2198 3061 ε
2232 2987 2334 3042 lico
2363 2986 2694 3040 decoratum.
2728 2981 2799 3035 At
2841 2996 2960 3034 cum
2993 2997 3020 3032 a
3045 2989 3200 3048 patre
3229 2973 3545 3031 monasterii
3589 2969 3804 3061 perqui-

553 3084 642 3122 mo
676 3070 901 3136 Tiberii,
944 3071 1180 3128 llerodcs
1213 3075 1483 3129 tetrarcha
1529 3077 1667 3144 apud
1703 3075 1917 3130 Iudaeos
1962 3075 2128 3143 coepit

555 3173 804 3228 regnare,
830 3161 920 3228 qui
947 3161 1190 3230 regnavit
1228 3178 1326 3231 per
1351 3178 1519 3216 annos
1544 3163 1634 3227 24,
1665 3163 1717 3218 id
1755 3171 1839 3216 est
1867 3176 2035 3231 usque
2060 3161 2128 3217 ad

554 3251 787 3318 primum
819 3266 1020 3304 annum
1070 3250 1183 3306 Caii
1239 3251 1513 3321 Caligulae,
1558 3254 1649 3322 qui
1711 3253 1811 3307 fuit
1849 3267 2129 3307 successor

555 3337 780 3402 Tiberii,
807 3338 906 3392 sub
930 3354 1036 3408 quo
1059 3338 1270 3394 llerodc
1294 3340 1550 3396 Dominus
1580 3357 1768 3410 passus
1795 3349 1897 3406 est,
1924 3340 2131 3411 fuitque

554 3427 726 3482 frater
751 3427 1024 3494 Archelai,
1062 3430 1112 3484 id
1143 3439 1226 3484 est
1262 3430 1402 3485 (ilius
1437 3431 1580 3486 illius
1622 3431 1848 3487 Herodis
1877 3433 1978 3487 sub
2022 3448 2130 3503 quo

554 3515 804 3573 Christus
839 3527 996 3573 natus
1020 3529 1121 3574 est.
1153 3519 1282 3574 Post
1329 3519 1593 3575 llerodem
1645 3537 1774 3576 vero
1804 3522 2131 3576 tetrarcham

555 3611 798 3679 regnavit
841 3610 1076 3680 Agrippa
1121 3611 1276 3666 annis
1331 3623 1558 3680 septem.
1615 3613 1734 3682 ipse
1787 3621 1870 3668 est
1893 3613 2132 3667 Herodes

555 3703 644 3768 qui
672 3699 928 3754 Iacobum
956 3701 1243 3766 occidit,et
1281 3700 1501 3756 Petrum
1527 3703 1949 3772 comprehendit;
1975 3713 2031 3756 et
2064 3701 2131 3755 ab

557 3790 748 3860 angelo
776 3806 1062 3860 percussus
1093 3801 1196 3847 est.
1247 3792 1412 3860 Cujus
1457 3793 1684 3847 llerodis
1736 3808 1879 3847 anno
1922 3793 2129 3861 quinto,

558 3882 662 3936 hoc
683 3882 988 3938 estClaudii
1017 3884 1243 3939 Caesaris
1263 3884 1520 3950 secumlo,
1550 3883 1742 3938 Petrus
1769 3892 1826 3938 et
1850 3883 2130 3949 Martialis,

558 3978 620 4025 ut
661 3970 774 4041 jam
823 3972 1088 4037 diximus,
1146 3974 1320 4042 primo
1375 3983 1640 4028 venerunt
1686 3973 1935 4027 Romam.
2006 3971 2136 4026 Post

557 4063 846 4134 Agrippam
865 4063 1150 4130 Herodem,
1178 4066 1418 4136 regnavit
1441 4065 1583 4120 ﬁlius
1605 4064 1721 4134 ejus
1742 4064 1880 4119 alter
1899 4063 2134 4133 Agrippa

559 4151 717 4205 anuis
743 4151 834 4218 26,
884 4153 986 4208 hoc
1015 4163 1096 4208 est
1136 4168 1306 4222 usque
1354 4153 1406 4208 in
1453 4155 1746 4210 secundum
1773 4167 1973 4208 annum
2010 4152 2137 4206 Ves-

559 4240 790 4310 pasiani,
837 4241 1054 4312 quando
1100 4239 1406 4297 Judreorum
1468 4257 1694 4314 regnum
1743 4241 1958 4296 defecit.
2009 4238 2138 4294 Post

2227 3085 2429 3140 rereut,
2469 3074 2710 3128 dicentes
2747 3089 2762 3124 :
2819 3089 2838 3121 ε
2894 3069 2966 3124 Ut
3009 3069 3136 3138 quid
3179 3065 3478 3121 Martialem
3525 3063 3580 3116 in
3613 3059 3806 3114 vestris

2233 3185 2252 3218 ι
2296 3165 2499 3219 litaniis
2543 3161 2847 3232 praedicatis
2875 3159 3197 3230 apostolum,
3241 3174 3360 3213 cum
3390 3155 3507 3224 ejus
3542 3163 3692 3224 gesta
3722 3152 3801 3206 di-

2235 3277 2252 3309 ι
2299 3257 2432 3310 catis
2481 3270 2584 3308 non
2633 3252 2820 3308 haberi
2869 3266 3036 3322 penes
3093 3249 3229 3306 vos?
3276 3267 3298 3309 υ
3356 3247 3445 3302 ille
3477 3244 3803 3315 respondit:

2235 3367 2252 3399 ι
2295 3346 2432 3414 Quia
2473 3346 2538 3398 ab
2575 3345 2682 3408 illo,
2714 3343 2907 3412 inquit,
2953 3351 3218 3412 tempore,
3261 3354 3370 3410 quo
3401 3339 3580 3408 primo
3626 3337 3681 3389 in
3710 3335 3804 3387 hac

2237 3456 2255 3489 ι
2301 3438 2560 3506 proviuca
2604 3434 2803 3489 Christi
2847 3448 3042 3486 nomen
3088 3431 3328 3485 auditum
3351 3436 3457 3490 est,
3505 3425 3808 3494 apatribus

2237 3547 2254 3579 ι
2299 3528 2402 3581 hoc
2449 3525 2648 3594 nostris
2691 3524 3038 3577 observatum
3081 3527 3185 3583 est,
3233 3532 3460 3588 quorum
3499 3515 3807 3569 nullatenus

2237 3635 2256 3668 ί
2300 3617 2584 3669 immutare
2609 3627 2894 3684 possumus
2945 3611 3303 3664 traditionem.
3352 3608 3569 3662 Scimus
3613 3605 3808 3675 quipje

2239 3723 2257 3756 ι
2304 3705 2553 3759 doctores
2582 3715 2794 3758 nostros
2821 3703 3029 3772 priores
3092 3703 3158 3755 de
3201 3699 3443 3769 Gregorii
3490 3695 3810 3766 proﬂuxisse

2239 3817 2258 3849 ι
2301 3797 2660 3866 magisterio;
2722 3805 2958 3848 attamen
2996 3795 3188 3862 smpius
3241 3796 3381 3846 inter
3412 3808 3511 3846 nus
3562 3792 3811 3846 conferre

2240 3905 2260 3938 σ
2307 3887 2604 3956 indagando
2636 3886 2869 3940 solemus
2894 3887 3013 3954 quis
3051 3888 3150 3939 iste
3199 3895 3280 3939 est
3325 3885 3603 3952 apostolus
3660 3883 3812 3951 cujus

2241 3997 2259 4028 ι
2307 3977 2624 4032 vocabulum
2664 3977 2715 4030 in
2747 3975 3048 4046 Evangeliis
3074 3985 3129 4029 et
3166 3975 3220 4029 in
3251 3975 3472 4028 Ictibus
3501 3974 3815 4042 apostolicis

2243 4087 2261 4119 ι
2308 4067 2526 4120 minime
2579 4066 2867 4118 iutucumr.
2913 4065 2980 4118 Et
3027 4063 3304 4131 quoniam,
3361 4073 3644 4132 gestorum
3699 4060 3814 4128 ejus

2245 4175 2263 4208 ι
2304 4157 2683 4211 auctoritatem
2735 4171 2842 4209 non
2899 4155 3184 4219 habentes,
3232 4153 3296 4208 de
3337 4167 3403 4208 eo
3455 4167 3566 4207 non
3619 4167 3814 4222 parum

2245 4266 2264 4299 ι
2307 4247 2708 4311 ιιεεεὶιδικιηιυε,
2747 4245 2866 4300 ideo
2897 4260 3090 4302 nomen
3119 4243 3236 4314 ejus
3261 4243 3451 4298 crebro
3479 4259 3511 4298 a
3547 4244 3818 4298 memoria

561 4329 825 4387 Neronem
849 4334 1046 4404 quippe
1070 4333 1356 4403 imperavit
1379 4333 1767 4403 Vespasianus,
1796 4331 1948 4402 cujus
1979 4332 2138 4386 tertio
2162 4331 2216 4391 D
2247 4357 2264 4390 ‹
2312 4338 2857 4408 apostolica-eradere
2895 4339 3234 4407 putabamus.
3273 4335 3379 4390 Sed
3430 4344 3655 4390 econtra
3693 4350 3815 4390 cum

564 4436 708 4475 anno
752 4423 959 4491 imperii
1004 4424 1263 4480 Martialis
1319 4427 1458 4494 apud
1515 4425 1856 4480 Lcmovicam
1908 4424 2134 4496 quievit.

566 4511 875 4581 Supervixit
912 4514 1075 4572 Petro
1114 4527 1347 4586 quatuor
1389 4519 1566 4573 annis.
1615 4518 1774 4573 Anno
1805 4517 1947 4572 enim
1998 4516 2066 4570 57
2107 4530 2137 4570 a

565 4605 963 4658 resurrectione
1010 4606 1249 4671 Domini,
1311 4615 1371 4660 ut
1408 4607 1518 4675 jam
1568 4609 1838 4674 diximus,
1887 4609 1990 4663 hoc
2055 4616 2141 4662 est

565 4690 777 4746 decimo
827 4693 984 4748 tertio
1021 4708 1163 4747 anno
1189 4693 1413 4749 Neronis
1439 4697 1672 4766 imperii,
1721 4697 1912 4750 Petrus
1949 4711 2140 4765 passus

565 4794 680 4847 est;
723 4793 778 4839 et
810 4801 953 4841 anno
979 4785 1392 4856 quadragesimo
1413 4796 1535 4856 post
1562 4788 2011 4842 resurrectionem
2045 4787 2141 4840 Do-

569 4874 722 4941 mini,
761 4877 864 4932 hoc
909 4886 992 4932 est
1052 4877 1213 4932 tertio
1271 4891 1412 4929 anno
1469 4875 1805 4946 Vespasiani,
1881 4877 2140 4933 Martialis

572 4979 881 5038 assumptus
925 4979 1028 5025 est.
1069 4967 1196 5024 Hzec
1243 4968 1423 5024 omnia
1479 4969 1553 5022 ita
1607 4969 1892 5040 diligenter
1937 4986 2139 5041 suppu-

569 5063 776 5122 tantur,
802 5067 880 5122 ut,
925 5059 969 5112 si
1015 5058 1306 5112 secundum
1348 5058 1608 5128 quosdam
1662 5059 1937 5113 tricesimo
1997 5072 2142 5112 nono

573 5160 716 5202 anno
738 5157 859 5218 post
881 5150 1330 5204 resurrectionem
1359 5149 1569 5204 Domini
1601 5147 1794 5208 Petrus
1822 5165 2012 5220 passus
2036 5157 2139 5212 est,

574 5252 702 5290 emo
722 5238 980 5290 Martialis
1011 5239 1170 5290 Petro
1189 5241 1486 5290 supervixit
1517 5257 1622 5290 uno
1649 5236 1856 5290 Ehenm
1885 5255 2024 5290 anno
2042 5279 2055 5288 .
2087 5245 2136 5288 2!

2246 4447 2264 4482 ι
2306 4431 2854 4484 animadverteremus
2899 4430 3023 4499 quia
3055 4428 3260 4498 antiqui
3301 4438 3484 4498 patres
3513 4429 3688 4483 nostri
3711 4443 3818 4482 non

2245 4540 2264 4573 ι
2312 4523 2582 4577 incassum
2615 4521 2758 4575 hunc
2805 4521 2958 4574 nobis
2991 4521 3328 4588 scripserunt
3370 4519 3707 4588 apostolum,
3735 4519 3816 4573 id-

2246 4633 2264 4668 c
2307 4616 2454 4671 circo
2493 4613 2638 4668 nullo
2666 4628 2800 4668 ausu
2838 4613 2955 4682 ejus
2990 4613 3307 4667 vocabulum
3335 4627 3367 4666 a
3405 4612 3550 4668 serie
3595 4621 3816 4681 aposto-

2246 4723 2264 4755 σ
2314 4704 2485 4760 lorum
2532 4703 2744 4758 abolere
2775 4701 3127 4756 audebamus.
3183 4701 3289 4757 Vos
3325 4712 3508 4757 autem
3543 4701 3816 4772 peregrini

2247 4813 2265 4843 ‹
2310 4793 2467 4856 Galli,
2513 4792 2602 4862 qui
2634 4793 2700 4846 de
2727 4792 2842 4864 ejus
2875 4791 3008 4845 estis
3035 4791 3362 4861 apostolatu,
3396 4792 3487 4862 qui
3520 4792 3682 4847 nobis
3705 4792 3818 4859 ejus

2247 4903 2266 4936 ι
2312 4893 2465 4938 actus
2500 4883 2815 4946 enuntiatis,
2839 4897 2869 4935 a
2898 4883 3098 4938 nostris
3125 4883 3379 4938 cordibus
3407 4883 3476 4938 de
3504 4897 3573 4938 eo
3602 4899 3814 4939 omnem

2248 4991 2268 5024 ι
2311 4973 2635 5028 omnimodis
2665 4973 3052 5028 dubitationem
3090 4972 3383 5044 abjecistis,
3419 4983 3474 5030 et
3530 4975 3640 5030 hac
3668 4975 3734 5029 de
3764 4989 3817 5029 re

2247 5077 2265 5110 ε
2311 5061 2508 5114 dudum
2547 5061 2874 5117 creberrime
2898 5061 3006 5116 Dco
3057 5063 3490 5133 supplicabamus
3515 5073 3698 5119 certos
3726 5080 3816 5119 nos

2248 5171 2267 5204 ι
2316 5155 2484 5208 reddi.
2522 5153 2628 5208 Nec
2669 5155 2720 5207 in
2753 5155 2982 5210 adventu
3015 5165 3198 5210 vestro
3224 5155 3463 5211 derelicti
3502 5172 3603 5226 spe
3637 5166 3813 5211 nostra

2249 5261 2268 5288 α
2314 5245 2720 5288 νίιΙριὴιινξίπιη
2782 5245 3156 5288 ascultandum
3210 5247 3364 5288 nnhie
3429 5255 3512 5288 per
3567 5247 3639 5286 rh-
3715 5256 3812 5286 tam
