4044 5290
309 243 446 302 1369

1321 245 1498 306 ACTA
1549 245 1837 305 CONCILII
1887 246 2387 305 LEMOVICENSIS
2420 248 2484 304 ll.

3413 244 3552 304 1370

293 361 436 418 Illud
473 374 687 432 quoque
718 358 848 416 mihi
895 361 1300 418 memorandum
1346 365 1595 432 estquod
1624 370 1751 418 ante
1779 362 1877 417 hos
1907 363 1951 422 Α
1985 378 2004 411 ι
2045 360 2385 429 septuaginta
2435 358 2642 416 duobus
2687 358 2885 416 dudum
2936 360 3140 429 fuerit,
3190 369 3246 416 et
3295 370 3416 432 post
3454 378 3552 434 per

293 463 509 524 septem
539 468 710 509 annos
737 453 812 525 (7)
842 469 938 510 rex
984 453 1278 525 Anglorum
1306 455 1428 510 duci
1473 454 1777 525 Aquitania:
1801 453 1878 524 (8)

289 543 503 612 regalia
557 555 784 604 munere
829 543 1023 610 misit,
1072 544 1339 613 simulque
1400 545 1637 600 codicem
1686 543 1881 597 litteris

291 632 482 688 aureis
509 633 790 703 scriptum,
819 632 872 688 in
898 650 1006 704 quo
1038 634 1253 688 nomina
1285 643 1594 689 sanctorum
1627 633 1879 688 distincta

290 733 409 774 cum
440 720 779 791 Imaginibus
805 723 1241 779 continebantur.
1271 723 1424 791 Quod
1474 723 1724 777 volumen
1765 719 1879 790 jam

287 805 424 865 olim
456 812 510 866 in
559 812 791 868 concilio
839 813 1162 876 Pictavensi,
1193 813 1318 868 dum
1369 814 1470 868 hac
1513 816 1702 868 eadem
1730 813 1795 868 de
1822 829 1880 870 re

285 905 524 969 quimstio
555 913 719 970 esset,
748 904 888 961 idem
919 907 1026 961 dux
1058 906 1378 968 Willelmus,
1411 906 1607 961 litteris
1631 906 1875 975 edoctus,

286 988 349 1046 ita
406 993 775 1048 testimonium
836 998 1174 1066 antiquitatis
1227 997 1568 1066 pontiﬁcibus
1620 997 1878 1054 ostendit.

281 1077 430 1138 Erat
459 1083 603 1137 enim
632 1083 701 1137 ibi
733 1083 995 1142 Martialis
1044 1087 1097 1140 in
1129 1087 1358 1141 aliorum
1389 1086 1753 1156 apostolorum
1795 1102 1878 1142 ca~

296 1173 474 1242 talogo
523 1174 755 1242 positus.
795 1176 895 1244 Qui
946 1177 1308 1246 peritissimus
1357 1177 1606 1246 princeps
1664 1176 1877 1232 dicebat

293 1263 705 1333 archiepiscopo
736 1265 1129 1337 Burdigalensi,
1160 1275 1216 1322 et
1239 1266 1360 1322 aliis
1403 1265 1494 1337 qui
1522 1266 1718 1321 ibidem
1748 1266 1876 1342 ade-

293 1362 415 1409 rant
456 1355 770 1426 episc0pis:
825 1376 844 1408 ι
901 1356 1204 1424 Conjicere,
1273 1358 1544 1428 inquiens,
1593 1372 1878 1426 possumus

296 1463 314 1495 ι
358 1459 518 1513 quam
548 1448 779 1518 egregiae
806 1450 1148 1504 auctoritatis
1171 1450 1240 1505 sit
1269 1450 1459 1505 beatus
1481 1448 1876 1519 Aquitanorum

294 1553 311 1586 ι
356 1545 642 1604 patronus.
701 1539 768 1593 de
804 1556 914 1608 quo
961 1540 1260 1612 Gregorius
1307 1541 1361 1596 in
1407 1541 1496 1596 illa
1543 1542 1626 1596 sui
1673 1542 1876 1599 laboris

293 1641 312 1673 ι
358 1635 519 1696 gente
550 1626 688 1682 hanc
716 1626 891 1699 legem
923 1631 1143 1684 tradidit
1165 1631 1579 1686 observandam.
1608 1630 1872 1687 Nimirum

294 1730 312 1764 ι
360 1715 738 1785 imperitorum
784 1728 867 1775 est
919 1721 1166 1776 dubitare
1203 1722 1285 1790 de
1329 1737 1434 1792 quo
1476 1731 1695 1777 sanctus
1737 1738 1872 1794 papa

293 1819 310 1850 σ
356 1801 652 1872 Gregorius
681 1821 786 1860 non
813 1807 1100 1862 dubitavit.
1135 1809 1339 1863 Videtis
1365 1823 1514 1872 ecce,
1540 1825 1574 1866 o
1610 1812 1872 1882 episcopi,

294 1909 312 1944 ι
361 1891 413 1946 in
457 1895 564 1948 hoc
590 1895 800 1961 codice,
834 1899 928 1966 qui
959 1900 1098 1968 apud
1125 1897 1327 1970 Anglos
1354 1901 1587 1970 scriptus
1609 1912 1714 1966 est,
1737 1918 1874 1973 pra:-

293 2000 312 2032 ‹
357 1985 670 2041 termissum
684 2002 804 2044 esse
817 1987 1187 2055 Timotheum,
1204 1998 1258 2044 et
1272 1989 1586 2058 Cleopbam,
1602 2001 1656 2047 et
1679 1993 1869 2060 Silam,

293 2090 312 2122 ο
358 2083 411 2128 et
436 2075 592 2138 alios,
609 2093 838 2146 quorum
864 2079 1080 2134 nomina
1099 2081 1151 2133 in
1167 2080 1488 2149 Evangeliis,
1508 2089 1561 2136 et
1584 2082 1872 2138 inActibus

293 2178 311 2212 ι
353 2165 667 2232 apostolicis
689 2167 803 2222 sive
857 2167 911 2221 in
939 2170 1181 2238 epistolis
1225 2169 1376 2224 Pauli
1420 2170 1692 2240 leguntur,
1737 2187 1872 2240 quos

292 2269 310 2302 ι
358 2255 631 2324 apostolos
656 2257 838 2314 dicitis
861 2269 1057 2330 praeter
1078 2261 1359 2315 duodecim
1385 2275 1534 2326 esse;
1561 2277 1665 2317 non
1692 2271 1869 2320 tamen

293 2361 312 2396 ι
355 2348 783 2413 praetermissum
809 2365 929 2404 esse
962 2350 1108 2403 illum
1136 2361 1379 2418 nostrum
1421 2362 1732 2421 patronum,
1777 2355 1868 2422 qui

290 2449 309 2483 ι
355 2435 566 2504 primus
599 2436 896 2494 Galliarum
932 2438 1032 2495 fuit
1071 2441 1379 2510 episcopus,
1409 2439 1560 2508 cujus
1591 2457 1785 2495 nomen
1816 2443 1870 2498 in

291 2539 310 2572 ι
357 2524 661 2596 Evangeliis
693 2529 972 2594 reticetur,
1028 2537 1086 2582 ut
1133 2529 1346 2585 scilicet
1398 2545 1527 2584 Vere
1574 2529 1722 2585 illum
1775 2533 1870 2588 Dei

290 2630 310 2663 ι
355 2613 525 2672 fuisse
555 2619 790 2675 sciamus
833 2619 1149 2690 discipulum
1198 2622 1251 2674 in
1283 2637 1466 2686 carne,
1495 2631 1549 2676 et
1587 2637 1708 2675 cum
1739 2623 1872 2678 duo-

290 2721 309 2756 (
356 2705 534 2760 decim
587 2707 861 2777 prioribus
914 2709 1101 2766 electis
1156 2709 1438 2778 discipulis
1498 2710 1789 2767 maximam
1837 2728 1869 2768 a

287 2811 306 2845 ι
355 2795 466 2851 Deo
503 2798 778 2868 accepisse
798 2800 1132 2867 apostolatus
1183 2802 1436 2870 gratiam,
1487 2802 1626 2855 hanc
1655 2813 1867 2871 gentem

286 2904 305 2938 ι
349 2890 628 2943 occiduam
658 2890 965 2960 possidendi
1002 2891 1212 2960 signum
1245 2892 1577 2960 apostolatus
1624 2893 1677 2946 in
1709 2903 1870 2949 aeter-

284 2993 305 3028 ι
355 2995 507 3032 ηιιιη.
544 2978 657 3032 lloc
695 2990 874 3032 autem
909 2980 962 3034 in
999 2980 1244 3036 Martiale
1276 2982 1392 3038 tieri
1423 2983 1689 3048 videmus,
1720 2984 1864 3053 quod
1890 3021 1936 3083 Ο

281 3086 302 3119 ε
348 3069 516 3122 etiam
548 3067 600 3122 in
648 3069 916 3133 Barnaba,
966 3069 1109 3124 Luca
1139 3083 1194 3126 et
1225 3071 1402 3126 Marco
1427 3081 1482 3128 et
1532 3073 1741 3144 antiqui
1777 3073 1861 3128 fa-

285 3172 304 3206 ι
353 3155 593 3223 ciebant,
622 3167 676 3214 et
701 3149 943 3213 moderni
972 3159 1232 3216 hactenus
1258 3160 1483 3217 faciunt.
1515 3162 1647 3217 Nam
1676 3169 1864 3218 eor'um

285 3261 305 3296 ι
356 3245 449 3299 alii
481 3247 799 3301 memoriam
854 3248 921 3304 de
949 3250 1370 3316 conlessoribus,
1408 3267 1513 3306 non
1549 3253 1614 3307 de
1644 3262 1865 3323 aposto-

283 3352 303 3387 ι
349 3333 438 3399 lis,
495 3345 682 3408 agunt,
719 3352 782 3391 ea
835 3345 1041 3393 tantum
1099 3356 1262 3396 causa
1319 3343 1576 3411 quianon
1627 3354 1754 3400 sunt
1798 3346 1866 3401 de

283 3442 302 3476 ι
350 3427 656 3493 duodecim,
691 3429 778 3482 alii
808 3439 986 3484 autem
1036 3430 1239 3485 rectius
1286 3432 1634 3498 arbitrantes,
1665 3449 1770 3488 non
1799 3437 1866 3490 de

282 3533 318 3582 ι,
349 3517 768 3582 confessoribus,
801 3520 894 3574 sed
945 3521 1012 3575 de
1057 3521 1313 3590 apostolis
1341 3538 1528 3577 eorum
1573 3532 1738 3594 agunt
1786 3541 1867 3580 re-

283 3628 303 3660 c
350 3612 744 3673 conlationem,
782 3626 985 3681 eosque
1032 3615 1306 3682 apostolos
1353 3615 1692 3684 pradicant;
1725 3615 1866 3672 'ideo

286 3719 305 3753 ι
350 3703 502 3772 quia,
559 3704 626 3758 de
675 3702 839 3758 lsrael
870 3718 1068 3773 genere
1117 3707 1411 3760 secundum
1457 3721 1679 3762 carnem
1740 3724 1865 3778 pro-

283 3810 304 3844 ι
349 3797 542 3860 creati,
571 3796 638 3851 ad
688 3796 1086 3865 praedicandum
1142 3797 1210 3866 ab
1245 3797 1363 3854 aliis
1396 3798 1656 3868 apostolis
1706 3799 1856 3854 missi

281 3902 304 3934 ι
347 3895 494 3941 ευηι.
525 3887 597 3942 lta
629 3899 687 3941 et
723 3888 813 3956 qui
849 3887 1106 3942 Martialis
1157 3888 1483 3943 mentionem
1537 3889 1603 3943 de
1650 3889 1862 3944 confes-

280 3993 301 4026 σ
344 3992 469 4034 sore
500 3985 688 4046 agunt,
713 3978 915 4033 idcirco
942 3993 1101 4046 agere
1123 3978 1392 4040 videntur.
1415 3978 1540 4048 quia
1567 3993 1672 4032 non
1703 3977 1866 4034 fuerit

280 4085 301 4120 ι
347 4084 486 4124 ιιηυε
501 4069 566 4125 de
582 4068 884 4123 duodecim.
910 4067 1011 4133 Qui
1043 4082 1172 4121 vero
1187 4069 1380 4136 cjnsde
1399 4067 1642 4137 apostolo
1670 4084 1851 4123 recor-

278 4175 299 4209 ι
347 4160 562 4222 dantur,
578 4159 781 4214 rectius
793 4165 1096 4220 autumant,
1109 4158 1258 4226 quia,
1273 4171 1581 4227 quanquam
1597 4173 1734 4214 unus
1748 4173 1859 4214 non.

215 4269 228 4284 κ
278 4269 299 4303 c
345 4251 1104 4320 sitdeduodeeim,exgeuere
1139 4257 1316 4302 tamen
1354 4249 1606 4315 Abrahae,
1653 4248 1756 4305 hoc
1778 4259 1861 4305 est

1987 466 2006 499 ι
2032 449 2449 503 constituentem
2473 447 2690 504 Petrum
2708 464 2846 503 unus
2862 450 2928 504 de
2951 447 3232 505 duodecim
3263 451 3546 509 exstiterit.

1985 557 2008 591 ‹
2042 537 2239 594 Verum
2265 540 2423 603 alter,
2454 555 2612 610 quem
2644 555 2764 595 sors
2794 540 2846 595 in
2893 541 3224 596 duodenario
3261 557 3364 596 non
3397 558 3550 599 acce-

1986 647 2008 682 ι
2043 630 2138 700 pi—t.
2181 629 2536 685 nihilominus
2557 639 2735 686 tamen
2778 632 2846 685 de
2885 647 3072 687 eorum
3122 632 3314 688 ordine
3335 634 3424 702 qui
3455 649 3552 688 ex-

1985 738 2010 772 ‹
2039 721 2212 790 ceptis
2239 721 2521 776 duodecim
2549 731 2728 787 erant,
2757 722 3032 792 apostolus
3077 724 3394 792 permansit.
3431 723 3552 792 Ipse
3642 741 3650 750 ‘

1986 828 2005 862 ι
2039 820 2120 865 est
2163 811 2306 866 enim
2348 822 2532 880 postea
2573 811 2749 866 dictus
2782 809 2946 868 Judas
2976 812 3280 881 apostolus,
3306 813 3393 882 qui
3426 822 3552 868 tuac

1985 917 2004 950 ι
2037 897 2233 969 Ioseph
2257 898 2442 955 Justus
2481 902 2596 956 sive
2624 901 2888 958 Barsabas
2916 901 3216 958 dicebatur.
3252 903 3369 971 Ipse
3399 903 3552 957 deni.

1985 1007 2005 1042 ι
2041 1003 2145 1058 que
2167 998 2250 1044 est
2277 991 2368 1058 qui
2413 1005 2536 1044 cum
2585 989 2691 1044 Sila
2739 991 2980 1059 apostolo
3025 992 3093 1046 ab
3125 992 3246 1046 aliis
3293 991 3550 1060 apostolis

1985 1094 2005 1128 ι
2043 1077 2238 1131 missus
2263 1086 2386 1131 est:
2421 1079 2562 1133 unde
2586 1078 2943 1149 Hieronymus
2980 1079 3176 1134 divina:
3221 1079 3353 1149 legis
3385 1080 3550 1133 inter-

1985 1184 2004 1219 r
2041 1180 2163 1236 pres
2207 1168 2438 1231 scribit,
2482 1169 2709 1224 dicens:
2740 1169 2881 1224 Silas
2929 1185 3144 1240 quoque
3184 1179 3236 1224 et
3276 1167 3443 1224 Judas
3482 1171 3550 1226 ab

1983 1276 2003 1312 ι
2036 1258 2296 1327 apostolis
2330 1260 2557 1329 apostoli
2589 1260 2838 1330 appellati
2882 1271 3026 1316 sunt.
3075 1261 3132 1316 Si
3180 1262 3249 1316 ab
3293 1262 3550 1330 apostolis

1983 1368 2002 1402 ι
2033 1349 2108 1404 illi
2133 1350 2384 1421 appellati
2409 1352 2634 1420 apostoli
2657 1362 2944 1421 sunt,ergo
2960 1368 3086 1408 vere
3107 1355 3334 1423 apostoli
3359 1363 3547 1421 erant;

1982 1463 2002 1496 ι
2035 1444 2242 1514 priores
2261 1444 2406 1498 enim
2437 1444 2664 1512 apostoli
2688 1460 2784 1500 eos
2808 1457 2944 1515 quos
2967 1447 3236 1510 apostolos
3261 1447 3547 1512 vocabant,

1981 1553 2001 1586 ι
2033 1550 2140 1590 non
2170 1535 2438 1590 incassum
2461 1535 2734 1605 apostolos
2763 1535 3183 1602 existimabant;
3219 1550 3318 1590 nec
3355 1535 3542 1606 appel-

1982 1642 2002 1676 ι
2034 1624 2254 1690 lassent,
2283 1625 2382 1680 nisi
2412 1634 2614 1680 essent.
2640 1624 2904 1680 Praeterea
2929 1625 3126 1680 Paulus
3155 1626 3424 1694 apostolus
3446 1664 3463 1691 ,
3493 1624 3546 1680 in

1907 1692 1947 1749 Β
1981 1732 2000 1765 ι
2035 1729 2143 1784 quo
2166 1715 2416 1770 Christus
2444 1713 2797 1782 loquebatur,
2837 1716 3081 1784 exceptis
3116 1716 3402 1779 undecim,
3443 1728 3549 1769 non

1978 1822 1998 1857 ‹
2033 1806 2325 1876 appellaret
2363 1807 2638 1876 apostolos
2661 1846 2676 1871 ,
2720 1806 2826 1862 nisi
2866 1822 2996 1863 vere
3030 1807 3260 1877 apostoli
3308 1807 3551 1876 exceptis

1979 1913 1998 1946 ι
2035 1897 2284 1951 undecim
2323 1905 2525 1952 essent.
2580 1895 2695 1951 Non
2747 1899 2801 1951 in
2845 1911 3042 1951 vanum
3085 1897 3320 1965 quippe,
3376 1911 3552 1966 neque

1979 2004 1997 2036 ι
2035 1985 2366 2041 mendaciter
2406 1985 2624 2054 aliquod
2661 1985 2886 2039 verbum
2933 1985 3146 2040 locutus
3190 1994 3273 2039 est
3310 1985 3545 2039 Paulus:

1979 2093 1998 2126 ι
2033 2076 2307 2145 Apparuit.
2335 2077 2531 2145 inquit,
2557 2077 3021 2140 undecim,deinde
3042 2075 3289 2144 apostolis
3312 2075 3547 2130 omnibus

1978 2184 1996 2217 ι
2033 2165 2084 2237 (I
2114 2166 2239 2220 Cor.
2282 2167 2397 2236 xv).
2436 2165 2562 2222 llaec
2594 2176 2816 2236 propter
2837 2168 3099 2237 quosdam
3122 2167 3341 2237 protuli,
3373 2168 3465 2238 qui
3491 2168 3543 2222 iu

1977 2274 1996 2310 ι
2029 2257 2264 2313 concilio
2302 2256 2525 2314 verbum
2567 2257 2867 2322 ventilant,
2901 2258 3181 2313 dicentes:
3213 2256 3350 2323 Quid
3377 2257 3545 2324 enim,

1976 2368 1995 2400 ε
2032 2349 2076 2402 si
2101 2347 2360 2402 Martialis
2389 2348 2664 2417 apostolus
2695 2359 2820 2403 tunc
2846 2357 2986 2412 erat,
3015 2347 3202 2418 utquid
3230 2347 3450 2402 minime
3479 2346 3535 2402 iu

1976 2456 1994 2489 ι
2025 2438 2197 2493 locum
2223 2437 2374 2492 Judaa
2398 2440 2700 2507 ponebatur
2722 2479 2738 2503 ,
2770 2441 2985 2509 quando
3019 2439 3274 2494 Mattliias
3311 2438 3548 2508 eligeba-

1975 2547 1995 2581 ε
2031 2529 2162 2582 tur?
2186 2527 2376 2582 Sciant
2405 2529 2587 2599 itaque
2614 2545 2720 2584 non
2748 2531 2922 2586 solum
2959 2529 3238 2584 Mattltiatn
3258 2569 3272 2593 ,
3301 2529 3394 2583 sed
3419 2543 3545 2584 cum

1976 2637 1995 2671 ο
2027 2634 2093 2674 eo
2121 2628 2175 2674 et
2199 2621 2490 2674 Barsabam
2526 2623 2594 2676 ab
2615 2621 2876 2691 apostolis
2899 2623 3101 2677 electos
3122 2631 3176 2676 et
3205 2630 3459 2685 statutos,
3489 2628 3546 2676 et

1975 2727 1995 2761 ι
2029 2710 2243 2766 occulta
2264 2719 2413 2766 sorte
2435 2710 2742 2778 Matthiam,
2764 2721 2824 2767 ut
2871 2713 2924 2767 in
2971 2712 3148 2768 locum
3182 2711 3332 2767 Judte
3364 2719 3544 2778 esset.

1975 2816 1996 2850 ι
2031 2809 2404 2868 assumptum;
2455 2810 2723 2870 quatenus
2771 2817 2878 2856 non
2925 2801 3036 2870 jam
3097 2802 3386 2864 undecim,
3445 2803 3545 2858 sed

1975 2905 1994 2940 ι
2038 2889 2322 2945 duodecim
2374 2891 2532 2960 primi
2591 2901 2758 2948 testes
2828 2893 3243 2949 resurremionis
3326 2893 3542 2949 Domini

1975 2996 1992 3030 ι
2026 2988 2207 3033 essent
2241 2997 2254 3032 :
2285 2979 2574 3035 Barsabam
2600 2997 2728 3038 vero
2751 2983 3045 3052 apostolico
3075 2983 3545 3040 nominenumine

1970 3086 1991 3121 ι
2027 3071 2302 3137 caruisse,
2349 3072 2474 3140 quia
2522 3072 2614 3128 alii
2658 3083 2855 3143 praeter
2898 3074 3181 3130 duodecim
3219 3073 3544 3144 jampridem

1971 3179 1990 3214 ι
2025 3164 2093 3218 ad
2142 3165 2481 3234 apostolatus
2532 3165 2768 3220 ollicium
2827 3166 3084 3221 destinati
3147 3165 3409 3232 fuerant,
3465 3166 3548 3221 di-

1972 3273 1991 3307 ι
2027 3265 2186 3310 cente
2219 3255 2445 3312 Domino
2476 3275 2489 3310 :
2521 3256 2605 3310 Ite
2631 3297 2646 3322 ,
2674 3275 2790 3312 ecce
2813 3275 2905 3328 ego
2928 3259 3075 3313 mitto
3102 3276 3187 3314 vos
3215 3259 3351 3314 sicut
3380 3274 3546 3327 agnos

1969 3362 1988 3395 ι
2026 3345 2160 3399 inter
2188 3345 2337 3414 lupos
2369 3346 2519 3417 (Luc.
2553 3347 2631 3416 χ).
2665 3347 2808 3402 Sane
2833 3350 2958 3416 quis
2997 3350 3197 3404 dixerit
3243 3349 3543 3405 Martialem

1971 3450 1989 3482 ι
2026 3449 2132 3488 non
2155 3433 2322 3490 fuisse
2347 3436 2758 3490 resurrectionis
2779 3437 2991 3491 Domini
3019 3439 3257 3492 testem?
3281 3438 3534 3506 Nunquid

1971 3541 1989 3574 ι
2029 3540 2134 3578 non
2163 3524 2450 3590 Barsabas,
2479 3528 2601 3595 quia
2631 3544 2768 3582 unus
2791 3537 2910 3582 erat
2940 3530 3006 3582 de
3031 3529 3371 3597 septuaginta
3401 3530 3537 3584 duo—

1970 3629 1988 3662 ι
2034 3611 2153 3676 bus,
2182 3613 2325 3667 sicut
2348 3622 2402 3668 et
2431 3614 2704 3677 Matthias,
2751 3616 2890 3670 sicut
2936 3617 3210 3688 apostolus
3238 3625 3364 3675 tunc
3397 3625 3540 3684 erat,

1970 3720 1989 3754 σ
2037 3702 2108 3757 ita
2137 3702 2685 3774 deinecpsapostolus
2713 3703 2847 3761 fuit?
2874 3705 3064 3762 Nonne
3085 3707 3196 3776 ipse
3223 3717 3326 3773 est,
3351 3718 3410 3762 ut
3427 3709 3539 3778 jam

1971 3811 1988 3844 ‹
2038 3793 2166 3856 dixi,
2210 3795 2299 3862 qui
2333 3810 2478 3849 nunc
2520 3795 2715 3850 dicitur
2753 3795 2918 3854 Judas
2965 3798 3235 3870 apostolus
3277 3816 3399 3855 cum
3433 3800 3542 3858 Sila

1970 3898 1989 3932 ι
2038 3882 2319 3951 apostolo?
2367 3883 2599 3950 Etenim,
2630 3889 3080 3955 quemadmodum
3110 3889 3361 3945 Matthias
3395 3891 3542 3959 prius

1969 3989 1988 4023 ‹
2033 3981 2150 4026 erat
2182 3973 2454 4042 apostolus
2483 3975 2548 4029 de
2575 3978 2916 4048 septuaginta
2945 3979 3175 4040 duobus.
3222 3980 3417 4034 debinc
3445 3996 3544 4034 au-

1968 4077 1990 4113 ί
2035 4070 2142 4117 tem
2159 4078 2294 4118 unus
2316 4063 2382 4118 de
2394 4062 2676 4120 duodecim
2703 4065 2822 4132 fuit,
2851 4067 2924 4120 ita
2949 4076 3004 4123 et
3023 4068 3305 4135 Barsabas,
3324 4079 3382 4124 ut
3410 4085 3542 4139 apo-

1969 4167 1988 4201 s
2034 4151 2203 4208 stolus
2227 4160 2362 4217 erat,
2389 4154 2665 4222 apostolus
2691 4157 3009 4224 permansit,
3037 4157 3162 4213 licet
3180 4175 3284 4214 non
3314 4161 3380 4214 de
3405 4161 3542 4214 duo-

1970 4258 1988 4292 ς
2030 4243 2224 4298 decim.
2262 4243 2464 4299 Eodem
2499 4245 2659 4300 modo
2703 4255 2759 4300 et
2785 4246 3068 4312 Martialis,
3110 4248 3152 4302 si
3181 4264 3318 4304 unus
3343 4249 3410 4305 de
3456 4265 3546 4305 se-

278 4359 298 4394 c
343 4346 410 4398 de
435 4343 582 4408 tribu,
599 4340 900 4412 Beniamin,
928 4349 1103 4400 ortus,
1158 4337 1446 4393 Dominum
1500 4339 1553 4393 in
1596 4352 1764 4394 carne
1785 4339 1864 4394 vi-

1974 4349 1992 4382 ι
2035 4333 2314 4403 ptuaginta
2342 4333 2553 4389 duobus
2575 4335 2692 4400 fuit,
2716 4350 2845 4405 ergo
2871 4346 2997 4391 tunc
3021 4345 3076 4392 et
3097 4337 3370 4406 apostolus
3397 4347 3541 4405 erat,

277 4449 298 4486 ε
342 4435 496 4498 dens,
543 4433 661 4503 ejus
717 4433 817 4487 fuit
862 4430 1178 4500 discipulus.
1227 4429 1403 4486 Omne
1448 4431 1611 4485 etiam
1658 4431 1861 4486 donum

279 4539 300 4574 c
343 4526 638 4594 gratiarum
702 4537 856 4612 cum’
893 4521 1175 4576 duodecim
1251 4535 1281 4574 a
1336 4519 1565 4576 Domino
1616 4520 1862 4590 accipere

277 4633 299 4666 ι
339 4618 657 4686 promeruit.
683 4617 758 4671 De
772 4623 970 4670 caetero
992 4627 1022 4668 a
1038 4613 1267 4668 Domino
1278 4628 1376 4683 per
1398 4613 1611 4668 beatum
1637 4611 1857 4668 Petrum

275 4724 298 4759 ι
339 4707 404 4761 ad
419 4708 819 4778 praedicandum
842 4705 1028 4761 Galliis
1054 4705 1255 4760 missus
1287 4712 1390 4769 est,
1419 4703 1506 4758 ubi
1529 4703 1677 4758 clara
1694 4703 1857 4758 habet

281 4815 302 4848 ο
349 4799 685 4868 apostolatus
707 4799 882 4868 signa:
906 4795 1307 4866 praedicationis
1333 4795 1530 4864 quippe
1547 4792 1854 4874 fructiﬁca-

283 4907 303 4941 ς
351 4892 426 4946 tio
447 4892 681 4946 maxima
716 4891 792 4945 illi
809 4890 951 4943 inter
972 4889 1116 4942 alios
1139 4887 1413 4952 apostolos
1436 4885 1712 4940 exstitisse
1733 4898 1857 4952 pro-

291 4997 312 5030 ‹
350 4980 538 5044 batur;
557 4980 844 5050 siquidem,
864 4987 1061 5047 praeter
1077 4978 1302 5032 Paulum
1325 4986 1375 5032 et
1401 4976 1519 5030 illos
1539 4973 1846 5041 duodecim,

338 5069 606 5094 ..A~‘:MI.-
645 5078 793 5094 ιιι-ιιι
823 5065 972 5094 ΑΛΑζΑ
995 5066 1353 5094 Ρ-ιιοΑΙεΩΛΛΛΑΔ
1383 5066 1546 5094 σείει-Μ
1578 5063 1822 5094 annoinln

1968 4439 1988 4473 ι
2034 4429 2092 4478 et
2118 4421 2334 4477 demum
2365 4422 2639 4492 apostolus
2664 4425 2983 4493 permansit,
3030 4425 3290 4481 translato
3317 4425 3541 4482 Matthia

1966 4527 1986 4562 ι
2033 4510 2089 4565 in
2124 4511 2522 4567 duodecimum.
2555 4509 2624 4566 Ut
2653 4523 2834 4569 autem
2865 4515 3083 4585 quidam
3127 4513 3227 4579 ait,
3266 4513 3542 4584 apostolus

1965 4619 1985 4654 ι
2029 4617 2137 4658 non
2168 4605 2378 4660 numeri
2411 4605 2505 4660 sed
2532 4603 2693 4660 officii
2721 4619 2913 4660 nomen
2946 4614 3049 4661 est.
3081 4604 3161 4660 Re
3201 4614 3380 4658 autem
3411 4620 3544 4660 vera

1965 4711 1984 4746 ι
2029 4691 2104 4746 illi
2132 4694 2321 4750 statuti
2351 4703 2479 4750 sunt
2504 4693 2610 4750 duo
2635 4695 2702 4747 ad
2751 4695 3105 4764 supplendqu
3150 4694 3541 4748 duodenarium

1965 4802 1984 4836 ι
2029 4784 2293 4848 ordinem,
2326 4786 2418 4855 qui
2451 4801 2481 4838 a
2519 4785 2839 4854 baptismate
2866 4785 3090 4840 Joannis
3118 4797 3286 4851 usque
3316 4782 3370 4838 in
3397 4783 3540 4838 diem

1965 4893 1984 4928 ‹
2029 4876 2364 4931 ascensionis
2400 4893 2562 4946 opera
2593 4877 2805 4930 Domini
2829 4878 3102 4939 viderant,
3133 4872 3388 4943 perfectae
3415 4884 3546 4930 aeta-

1964 4985 1982 5019 ι
2033 4966 2104 5020 tis
2127 4966 2442 5020 existentes.
2457 4967 2512 5020 Si
2537 4967 2678 5021 enim
2695 4967 2808 5034 ipse
2830 4966 3092 5022 Dominus
3113 4976 3216 5016 non
3238 4973 3370 5019 ante
3389 4965 3550 5022 trice-

1963 5076 1982 5094 ι
2033 5057 2228 5094 cina-Ini
2258 5056 2430 5094 mlnlic
2457 5065 2535 5094 net
2560 5071 2786 5094 nvnrcnc
2806 5060 3110 5094 nmllinnrn
3136 5069 3340 5094 annum
3382 5074 3553 5094 ηιισιη-
