4044 5290
528 244 664 301 15Ἰί

1483 242 1842 302 ιοιιωιςυε
1879 240 2378 305 LEMOVICENSIS
2413 246 2805 308 EPlSCOPUS.
3135 222 3210 291 τί..
3256 255 3394 293 λης

3637 253 3785 308 ίδἹίι

538 374 562 411 e
604 356 750 412 nime
774 354 828 411 in
864 354 1040 412 locum
1065 354 1215 411 Juda:
1249 357 1575 414 substitutus
1604 360 1783 421 fuerit,
1811 360 2109 430 praesertim
2139 365 2186 420 Α
2216 363 2415 417 tionem
2441 365 2773 431 recolebant,
2804 365 2976 421 donec
3000 363 3260 434 iuniores,
3291 367 3444 439 quasi
3471 366 3668 425 melius
3691 385 3787 428 ze-

524 465 560 500 .‹
603 460 726 501 cum
757 446 1060 501 anteriores
1084 446 1364 502 duodecim
1396 459 1563 504 testes
1607 450 1689 504 vel
1709 450 1975 519 grandaevi
2024 449 2107 504 vel

540 557 561 591 ι
605 537 857 609 perlecta:
884 547 1063 593 essent
1092 540 1287 605 aetatis,
1315 541 1402 596 hic
1433 550 1609 595 autem
1647 543 1882 595 nondum
1914 536 2108 610 imple-

540 648 562 681 ι
613 638 720 682 tam
746 630 990 698 corporis
1016 637 1230 684 artatem
1280 631 1540 686 haberet?
1586 630 1643 686 Si
1695 640 1872 685 autem
1918 629 2106 695 David,

537 739 563 773 ‹
606 734 728 775 cum
754 720 931 774 adhuc
973 729 1116 775 esset
1141 722 1477 784 adolescens,
1506 736 1537 775 a
1568 720 1795 775 Domino
1823 720 2027 776 electus
2054 720 2107 774 in

540 829 563 864 e
610 825 856 883 regnum,
892 818 946 865 et
977 825 1042 866 eo
1058 809 1284 879 jubente
1305 811 1712 867 consecratione
1744 812 1889 881 regia
1917 821 2110 866 unctus

540 918 560 953 ι
605 909 710 965 est,
759 909 936 955 tamen
975 916 1082 956 non
1139 910 1265 955 ante
1315 915 1544 972 regnare
1587 901 1753 970 cmpit
1798 916 1958 970 quam
2008 902 2108 956 tri-

541 1007 561 1041 ι
606 989 753 1061 ginta
822 992 1000 1045 aetatis
1047 991 1347 1060 compleret
1392 1006 1585 1057 annos,
1639 991 1767 1060 quid
1817 992 2011 1045 mirum
2062 992 2108 1047 si

539 1099 562 1136 ι
602 1081 862 1137 Martialis
890 1090 1048 1137 atate
1078 1082 1253 1138 adhuc
1290 1083 1603 1139 adolescens
1638 1084 1946 1138 unctionem
1978 1099 2108 1139 san-

540 1189 561 1223 (
606 1172 679 1226 eti
721 1170 954 1240 Spiritus
999 1172 1054 1227 in
1106 1181 1372 1242 potestate
1413 1172 1617 1243 ligandi
1648 1183 1813 1243 atque
1842 1174 2105 1241 solvendi,

540 1279 562 1314 ι
606 1270 662 1316 et
711 1269 907 1315 caetera
932 1260 1226 1333 gratiarum
1257 1262 1582 1317 charismata
1626 1262 1692 1315 ad
1722 1261 1954 1317 «illic-ium
1984 1278 2112 1334 apo-

541 1369 562 1401 σ
605 1348 854 1404 stolicum
885 1350 1241 1420 pertinentia,
1273 1364 1398 1405 cum
1425 1349 1544 1405 aliis
1577 1365 1607 1404 a
1644 1350 1871 1406 Domino
1902 1353 2112 1422 accepit

543 1456 562 1491 ι
603 1438 897 1509 apostolis?
928 1436 1027 1493 Ubi
1062 1436 1174 1506 jam
1204 1438 1348 1493 enim
1374 1438 1621 1508 pervenit
1644 1440 1942 1510 utintegra:
1967 1450 2113 1496 esset

538 1547 561 1580 ί
606 1528 801 1593 aetatis,
833 1528 938 1583 hoc
966 1536 1049 1583 est
1091 1542 1356 1582 annorum
1393 1528 1637 1599 triginta,
1668 1541 1765 1597 per
1791 1528 1933 1584 beati
1963 1528 2109 1586 Petri

543 1638 564 1671 ‹
612 1619 939 1688 legationem
984 1618 1326 1690 Aquitanica:
1379 1618 1700 1688 gentilitatis
1747 1619 2110 1688 apostolatum

528 1727 566 1791 ⁴ι
613 1710 996 1766 efﬁcacissime
1030 1706 1241 1780 operea
1267 1709 1494 1765 Domino
1521 1710 1777 1779 suscepit.
1821 1710 1973 1777 Quod
2010 1727 2109 1767 au—
2139 1695 2186 1755 Β

545 1796 567 1852 ἆ
616 1808 724 1855 tem
756 1800 1013 1854 Dominus
1036 1799 1201 1869 jussit
1236 1798 1399 1855 Petro
1429 1808 1488 1854 ut
1513 1792 1773 1868 dirigeret
1807 1799 2109 1857 Martialem

547 1910 568 1944 ι
613 1894 680 1946 ad
721 1894 1120 1962 praedicandum
1164 1892 1814 1964 provinciisGalliarum,
1859 1893 2001 1948 idem
2029 1901 2114 1949 est

551 2003 569 2035 ι
615 1984 948 2040 simillinnuu
984 1984 1057 2039 illi
1092 2000 1199 2056 quo
1242 1985 1553 2041 doctoribus
1572 1983 1876 2042 Antiochia:
1918 1984 2115 2055 degen-

548 2090 571 2126 ι
616 2074 759 2129 tibus
783 2074 857 2128 ait
888 2072 1124 2144 Spiritus
1144 2082 1365 2129 sanctus
1391 2091 1405 2126 :
1434 2070 1709 2143 Segregate
1730 2074 1857 2127 mihi
1885 2072 2114 2129 Paulum

549 2183 569 2216 ι
613 2174 659 2218 et
678 2163 978 2217 Barnabam
1008 2165 1061 2218 iu
1082 2181 1209 2234 opus
1234 2179 1336 2234 quo
1358 2165 1615 2233 assumpsi
1639 2180 1746 2218 eos.
1771 2163 1836 2215 At
1862 2165 1939 2217 illi
1958 2182 2114 2218 orau-

547 2275 566 2308 ο
610 2266 684 2310 (es
706 2265 753 2310 et
771 2255 1072 2325 jejunantes
1115 2257 1476 2325 imposuerunt
1539 2258 1613 2309 eis
1645 2272 1856 2322 manus,
1879 2266 1926 2310 et
1952 2257 2114 2311 dimi-

545 2362 567 2399 ε
610 2355 788 2399 serunt
817 2361 903 2400 eos
939 2346 1078 2416 (Act.
1115 2347 1197 2416 ιι).
1251 2346 1317 2399 Et
1354 2347 1496 2400 sicut
1531 2345 1605 2414 illi
1638 2348 1786 2401 missi
1837 2346 2057 2403 fuerunt
2085 2363 2116 2401 a

550 2454 572 2489 ι
617 2434 822 2506 Spiritu
846 2446 1056 2504 sancto,
1090 2439 1339 2507 quamvis
1365 2454 1462 2508 per
1487 2438 1846 2493 ministerium
1886 2440 2118 2510 discipu-

549 2547 570 2582 ε
615 2530 809 2594 lorum,
862 2532 941 2587 sic
970 2531 1230 2587 Martialis
1261 2532 1455 2586 missus
1491 2541 1572 2586 est
1602 2546 1630 2584 a
1662 2531 1888 2586 Domino
1917 2533 1969 2586 in
1991 2532 2119 2589 Gal-

549 2640 572 2674 σ
616 2622 1015 2693 liam,licetper
1032 2625 1352 2694 legationem
1378 2633 1432 2678 et
1452 2624 1757 2678 consultum
1781 2624 1921 2679 beati
1946 2623 2112 2678 Petri.

532 2731 583 2779 ι(
618 2713 742 2780 Qui,
768 2721 998 2768 vocante
1027 2722 1081 2768 et
1124 2714 1352 2784 eligente
1389 2728 1448 2769 se
1479 2713 1725 2777 Domino,
1761 2716 1936 2769 mlatis
1961 2715 2120 2784 quin-

550 2822 573 2855 ι
618 2804 792 2858 decim
842 2819 1013 2859 annos
1045 2804 1358 2874 impleverat
1397 2805 1794 2868 tantummodo,
1842 2805 2121 2873 tribusque

552 2910 573 2946 ι
618 2909 739 2951 cum
770 2910 836 2948 eo
868 2895 1186 2963 permansit,
1220 2895 1269 2948 id
1297 2902 1381 2949 est
1417 2911 1587 2964 usque
1627 2893 1693 2948 ad
1737 2895 2039 2965 passionem
2066 2903 2123 2947 et

552 2998 574 3032 ι
620 2982 1014 3048 ascensionem,
1049 2991 1171 3051 post
1200 2982 1491 3037 adventum
1520 2984 1755 3053 denique
1795 2984 1966 3038 sancti
1997 2983 2121 3052 Spi-

553 3090 576 3125 e
622 3073 757 3128 ritus
808 3089 972 3143 super
1024 3075 1297 3144 apostolos
1349 3076 1402 3128 in
1455 3076 1621 3140 Sion,
1669 3091 1837 3129 annos
1882 3075 2122 3144 quinque

555 3183 574 3217 ι
619 3167 760 3235 apud
791 3164 1029 3221 Iudaeam
1062 3166 1211 3231 fecit,
1238 3176 1294 3222 et
1323 3177 1444 3236 post
1471 3184 1591 3221 cum
1628 3168 1788 3222 Petro
1821 3167 2124 3222 Antiochia:

554 3275 576 3309 ί
621 3266 828 3325 septem
883 3258 1242 3328 permansit:
1294 3266 1352 3314 at
1416 3272 1548 3314 vero
1610 3258 1807 3314 dehinc
1872 3256 2121 3327 sequenti

555 3365 578 3399 ‹
622 3363 785 3415 anno,
832 3349 1131 3419 imperante
1178 3351 1423 3416 Domino,
1469 3350 1816 3421 Aquitaniam
1862 3348 2122 3417 introivit,

559 3454 580 3489 ι
626 3437 681 3492 in
717 3452 819 3508 qua
852 3453 949 3509 per
977 3441 1164 3509 viginti
1195 3451 1318 3497 octo
1348 3458 1520 3498 annos
1557 3442 1926 3513 praedicatioui
1969 3442 2125 3496 insti-

555 3544 577 3579 ι
626 3528 757 3584 tisse
803 3532 1151 3600 cognoscitur
1193 3550 1207 3585 :
1255 3532 1524 3602 siquidem
1585 3533 1743 3587 tertio
1805 3531 2124 3602 Vespasiani

555 3634 576 3669 ι
620 3633 765 3674 anno
821 3620 1093 3691 migravit.
1138 3641 1157 3675 ι
1200 3621 1295 3678 His
1353 3623 1519 3694 igitur
1571 3624 1751 3679 verbis
1807 3624 2123 3679 mmulorum

548 3708 847 3777 pertinacia
897 3726 1018 3765 cum
1079 3711 1348 3780 pullulans
1406 3722 1553 3768 esset
1607 3712 1765 3768 facile
1820 3715 2122 3783 exstincta,

551 3813 853 3868 omnesque
884 3802 1179 3870 peritorum
1220 3802 1607 3859 acclamassent
1634 3806 1770 3861 satis
1797 3806 1963 3863 fuisse
1989 3821 2123 3861 con-

550 3890 778 3945 veniens
820 3892 996 3946 aztatis
1035 3893 1443 3963 perfectionem,
1483 3896 1536 3949 in
1579 3895 1686 3951 illis
1717 3897 1808 3966 qui
1838 3897 2123 3952 duodecim

549 3981 779 4051 apostoli
803 3983 1008 4050 priores
1039 3984 1194 4039 electi
1219 3994 1365 4050 sunt,
1388 3986 1664 4042 exstitisse
1690 4004 1703 4041 :
1730 3987 1946 4042 interim
1965 3987 2123 4042 inillo

550 4072 781 4127 concilio
809 4072 1109 4130 Pictavensi
1142 4086 1304 4146 Super
1329 4076 1431 4132 hoc
1465 4076 1698 4147 capitulo
1729 4086 1995 4133 cessatum
2018 4086 2120 4133 est.

623 4160 913 4231 Subiunxit
941 4165 1103 4218 etiam
1136 4166 1275 4220 idem
1305 4167 1643 4222 venerandus
1673 4167 1856 4223 senior
1881 4166 1972 4237 qui
2011 4168 2126 4222 haec

550 4257 863 4325 perorabat,
906 4257 1131 4312 dicens:
1168 4278 1185 4309 ι
1218 4258 1354 4326 Quid
1395 4258 1560 4312 multa
1597 4273 1837 4323 necesse,
1881 4258 2122 4314 dilectis-

2209 452 2387 520 laudo,
2417 457 2524 513 imo
2560 458 2798 513 deterius
2827 458 3107 528 sapiendo,
3159 471 3444 530 cmperunt
3472 464 3779 520 novitatem

2209 545 2435 612 inferre,
2488 546 2756 603 dicentes:
2814 568 2832 600 ‹
2863 548 3016 604 Licet
3042 550 3197 606 nobis
3225 559 3508 623 patronum
3548 556 3785 626 Aquita-

2215 656 2235 690 ι
2271 638 2372 693 nite
2418 639 2483 694 de
2512 637 2633 695 loco
2685 641 3068 709 apostolorum,
3118 644 3169 697 in
3213 659 3320 714 quo
3359 661 3499 702 nunc
3554 647 3784 704 ultimus

2214 746 2234 780 ι
2270 737 2376 791 est,
2428 735 2809 794 trausmutare,
2856 737 2914 785 ut
2961 728 3033 786 sit
3091 730 3247 789 nobis
3286 730 3680 801 ltonorahilior,
3735 736 3782 793 si

2215 837 2235 872 ι
2272 820 2502 889 primum
2542 818 2595 874 in
2629 819 2999 878 confessorum
3035 822 3176 879 serie
3224 840 3345 880 eum
3382 823 3668 890 dicamus;
3712 830 3784 882 sit

2216 930 2237 964 ι
2277 911 2432 968 nobis
2478 912 2800 982 principium
2852 915 3241 981 confessorum,
3298 931 3402 972 non
3459 920 3784 973 extremitas

2215 1023 2235 1053 ι
2277 1001 2667 1071 apostolorum:
2711 1002 2960 1075 eligimus
3005 1014 3062 1060 ut
3103 1005 3173 1061 sit
3203 1005 3406 1076 primus
3429 1016 3556 1062 ante
3592 1022 3786 1061 omnes

2215 1110 2235 1145 ι
2274 1092 2634 1159 confessores,
2691 1109 2852 1164 quam
2903 1095 3123 1151 ultimus
3169 1097 3222 1151 in
3277 1096 3555 1167 apostolis.
3593 1117 3614 1149 ι
3674 1096 3785 1152 Hoc

2210 1184 2393 1254 itaque
2421 1185 2647 1240 arbitrio
2697 1183 2933 1241 humano
2984 1186 3128 1241 nulla
3165 1188 3376 1243 ratione
3404 1186 3564 1253 fulto,
3599 1188 3785 1258 paula-

2210 1273 2307 1328 tim
2334 1287 2504 1343 usque
2532 1274 2598 1328 ad
2629 1274 2746 1330 haec
2772 1284 3015 1345 tempora
3035 1285 3217 1331 nostra
3239 1276 3363 1331 talis
3389 1277 3621 1332 increvit
3648 1291 3784 1340 mos,

2208 1378 2318 1418 non
2352 1374 2530 1419 tamen
2571 1364 2623 1418 in
2670 1365 2922 1421 omnibus
2965 1365 3119 1421 locis.
3151 1364 3429 1421 Nonnulla:
3454 1367 3657 1436 quippe
3689 1367 3788 1420 Ee-

2211 1452 2389 1508 clesia:
2437 1454 2704 1525 hodieque
2760 1455 2860 1510 hac
2918 1455 2970 1510 in
3016 1470 3078 1510 re
3127 1456 3485 1526 antiquiorem
3551 1456 3787 1510 retinere

2209 1544 2461 1599 videntur
2483 1544 2903 1611 observantiam,
2929 1561 3091 1617 quam
3110 1546 3236 1615 licet
3265 1545 3353 1616 alii
3381 1555 3787 1616 permutassent

2214 1634 2267 1690 in
2298 1636 2480 1701 terris,
2507 1635 2812 1692 nullatenus
2838 1645 3017 1692 tamen
3060 1646 3282 1707 potuere
3314 1635 3430 1704 ejus
3462 1637 3783 1698 imminuere

2212 1743 2391 1798 neque
2425 1729 2717 1783 obscurare
2746 1727 2970 1800 gloriam
2992 1728 3046 1782 in
3091 1728 3265 1791 caelis,
3313 1729 3403 1783 ubi
3428 1729 3618 1798 ingens
3661 1744 3788 1798 apo.

2214 1819 2463 1876 stolicum
2507 1820 2689 1884 decus,
2746 1819 2801 1874 in
2859 1819 3094 1889 glorioso
3142 1818 3367 1875 rutilaus
3417 1818 3784 1888 apostolorum

2214 1912 2402 1977 choro,
2444 1918 2568 1965 ante
2616 1917 2963 1979 conspectum
3020 1909 3315 1979 maiestatis
3345 1910 3530 1980 gloria:
3580 1909 3788 1979 Deipe—

2216 1983 2462 2058 renniier
2481 2000 2737 2071 possidet.
2770 2000 2827 2057 Si
2882 2017 3011 2073 ergo
3054 2001 3235 2072 priora
3275 2009 3332 2055 et
3358 2002 3669 2069 antiquiora
3692 2015 3784 2069 pa-

2217 2104 2379 2157 trum,
2413 2091 2707 2149 secundum
2735 2092 3015 2146 veritatem
3055 2099 3111 2145 et
3158 2089 3528 2144 rationabilem
3557 2088 3790 2143 auctori-

2216 2190 2403 2244 tatem,
2449 2178 2556 2233 Deo
2582 2179 2897 2247 inspirante,
2948 2191 3326 2245 rccnperamus
3377 2174 3786 2235 instituta,olim

2217 2271 2469 2328 humanis
2498 2269 2968 2324 adinventionihus
3021 2268 3198 2322 ablata
3254 2277 3417 2336 atque
3473 2267 3785 2335 depravata,

2208 2365 2381 2435 idque
2433 2364 2643 2432 agimus
2695 2359 3003 2414 renovando
3055 2358 3226 2428 magis
3274 2372 3434 2426 quam
3499 2357 3788 2409 novitatem

2221 2450 2657 2524 prmsumptivam
2711 2447 2989 2513 tradendo,
3070 2445 3257 2515 utquid
3325 2444 3614 2513 culpamur
3651 2443 3792 2497 velut

2225 2536 3027 2609 transgressorespaternorum
3072 2534 3446 2599 terminorum,
3485 2535 3553 2587 de
3603 2534 3791 2601 quibus

2222 2629 2482 2698 scriptum
2533 2637 2643 2681 est:
2678 2626 2760 2680 Ne
2816 2622 3216 2695 transgrediaris
3265 2622 3514 2675 terntinos
3554 2623 3790 2698 antiquas

2210 2695 2349 2793 quos
2374 2727 2654 2788 posuerunt
2682 2728 2854 2786 patres
2877 2715 2989 2769 tui?
3015 2713 3195 2784 (Prov.
3226 2711 3531 2779 xxn.)Cur,
3551 2695 3786 2778 inquam:

2223 2812 2414 2867 durum
2440 2810 2490 2865 id
2518 2808 2788 2879 aliquibus
2824 2806 3110 2870 videbitur,
3146 2804 3190 2859 si
3237 2812 3441 2857 rectam
3471 2802 3717 2856 veritatis
3736 2802 3793 2854 li-

2222 2917 2379 2957 ncam
2415 2899 2716 2970 sequimur,
2762 2899 2807 2952 si
2856 2895 3277 2966 perspicaciores
3314 2901 3500 2961 patres
3548 2893 3795 2958 antiquos

2224 2990 2328 3043 hac.
2368 2989 2422 3042 in
2452 3002 2510 3041 re
2557 2986 2852 3049 imitemur,
2894 2983 2939 3037 si
2989 2983 3166 3036 minus
3206 2988 3393 3034 acutos
3443 2994 3554 3033 non
3605 2977 3792 3032 sectari

2227 3078 2443 3147 dignum
2473 3074 2766 3129 ducamus?
2803 3071 2991 3126 Nonne
3033 3070 3121 3124 hic
3162 3077 3315 3137 pater
3358 3067 3679 3127 Azenerius,
3726 3073 3796 3118 at-

2225 3184 2331 3237 que
2356 3167 2683 3222 Benedictus
2714 3172 2891 3219 rector
2913 3160 3227 3217 monasterii
3273 3158 3451 3214 Clusae
3478 3158 3670 3213 Sancti
3699 3157 3795 3210 lli-

2226 3258 2449 3322 chaelis,
2494 3258 2783 3329 pluresque
2816 3254 2905 3308 alii
2953 3250 3249 3308 doctissimi
3278 3258 3332 3303 et
3377 3247 3799 3305 reverettttssinti

2226 3352 2448 3408 abbates
2479 3357 2533 3406 et
2557 3347 2817 3420 episcopi,
2849 3353 2955 3400 tam
3002 3350 3295 3416 prmsentes
3323 3359 3487 3413 quam
3523 3343 3793 3403 absentes,

2226 3458 2333 3497 una
2364 3456 2485 3496 cum
2529 3440 2771 3495 Romana
2795 3437 3086 3508 apostolica
3134 3435 3283 3499 sede,
3340 3434 3466 3488 huic
3518 3434 3800 3488 sententia:

2228 3534 2587 3591 testiﬁcantur
2659 3531 2963 3595 nobiscum,
3027 3528 3332 3595 bonumque
3386 3524 3441 3578 id
3486 3539 3555 3578 ac
3598 3524 3798 3593 justum

2227 3622 2446 3694 Deoque
2474 3621 2871 3691 beneplacitum
2893 3618 3134 3673 ducunt?
3159 3615 3268 3670 Cur
3293 3623 3475 3668 autem
3504 3613 3799 3667 multorum

2225 3714 2465 3785 opinioni
2510 3713 2729 3766 incaute
2754 3722 2939 3762 aurem
2974 3704 3259 3775 praebendo
3294 3703 3622 3765 obscurare,
3672 3703 3799 3763 imo,

2225 3803 2368 3875 quod
2392 3802 2560 3856 absit!
2597 3798 2855 3854 iul'alsare
2880 3796 3013 3851 tanti
3040 3802 3190 3865 gesta
3214 3790 3425 3862 patroni
3457 3789 3803 3844 videbimur?

2225 3894 2338 3962 Qua
2364 3893 2506 3948 enim
2538 3891 2749 3945 ratione
2806 3899 3092 3958 possumus
3137 3897 3257 3936 eum
3300 3895 3501 3949 negare
3528 3876 3704 3933 fuisse
3728 3878 3805 3931 di-

2225 3983 2486 4055 scipulum
2522 3979 2755 4044 Domini,
2813 3988 3044 4044 eumque
3101 3973 3153 4027 in
3183 3985 3347 4026 carne
3385 3970 3678 4024 secutum?
3704 3968 3805 4021 Sed

2226 4075 2472 4146 quisnam
2503 4079 2706 4125 temere
2758 4065 2988 4120 inﬁciari
3028 4062 3223 4116 audeat
3248 4072 3371 4114 eum
3405 4073 3439 4112 a
3481 4059 3720 4146 Domino
3741 4056 3806 4146 ad

2224 4143 2625 4235 praedicandum
2659 4156 2902 4218 missum,
2934 4167 3034 4207 nec
3060 4164 3164 4204 non
3204 4156 3259 4201 et
3304 4146 3509 4217 ligandi
3534 4143 3808 4199 solvendi-

2225 4269 2331 4331 qtte
2361 4269 2482 4309 erm
2538 4250 2657 4305 aliis
2681 4245 2942 4318 apostolis
2993 4250 3259 4311 potestate
3304 4248 3659 4331 promittatur:
3690 4250 3806 4306 par-

544 4344 717 4398 «simi?
763 4344 850 4399 Nil
901 4346 1142 4416 profecto
1193 4349 1282 4404 hic
1329 4349 1519 4404 obesse
1564 4349 1908 4417 conspicitis,
1958 4364 2119 4418 quam
2153 4326 2445 4427 utcmque
2493 4339 2811 4413 gentilitatis
2864 4348 3140 4427 enormem
3196 4331 3266 4427 in
3306 4327 3552 4427 occiduo
3589 4326 3808 4379 climate

555 4433 702 4489 illaut
786 4438 964 4492 minus
1038 4455 1329 4509 congruam
1405 4440 1699 4494 multorum
1780 4441 2127 4494 consuetudi-

555 4540 714 4588 nem,
766 4542 874 4581 non
928 4529 1136 4584 ratione
1177 4531 1576 4600 perspicacem,
1629 4531 1724 4585 sed
1778 4532 2022 4597 incuria,
2068 4538 2129 4584 ttt

554 4620 776 4686 assolet,
812 4628 1080 4692 torpente,
1125 4636 1290 4691 penes
1341 4622 1520 4691 plures
1572 4621 1955 4676 inveteratam.
2010 4621 2127 4689 Quo

555 4721 735 4766 autem
785 4713 943 4767 modo
993 4711 1108 4766 htec
1156 4725 1276 4780 qua:
1303 4712 1357 4764 in
1386 4710 1570 4765 multis
1605 4708 1835 4765 invaluit
1883 4712 2124 4777 traditio,

554 4821 621 4861 ex
652 4822 759 4878 quo
817 4807 1097 4862 videamus
1125 4805 1293 4872 fonte,
1313 4804 1612 4859 descendit.
1629 4804 1949 4858 Nostrorum
1972 4803 2128 4874 equi-

556 4898 681 4952 dem
729 4910 942 4969 patrnm
982 4912 1105 4965 non
1134 4898 1342 4954 incerta
1377 4895 1668 4951 didicimus
1701 4893 1961 4949 relatione
2000 4895 2129 4963 quia

546 4986 714 5052 longe
741 4987 889 5050 olim,
912 4987 1022 5041 imo
1044 4988 1111 5042 ab
1135 4987 1304 5052 ipsius
1326 4984 1574 5052 discipuli
1610 4983 1824 5038 Domini
1863 4992 2125 5052 tempore,

2228 4434 2518 4503 specialem
2549 4433 2601 4485 in
2624 4438 2772 4486 sorte
2811 4423 3164 4496 apostolatus,
3210 4418 3428 4474 Christo
3471 4415 3707 4484 jubente
3747 4427 3807 4466 ac

2228 4528 2482 4586 donante,
2522 4523 2789 4587 beateque
2843 4516 3004 4570 Petro
3054 4507 3357 4564 consultum
3386 4505 3698 4573 prrebente,
3722 4516 3807 4556 su-

2227 4614 2502 4687 scepisse?
2534 4611 2726 4667 Omnia
2759 4610 2873 4663 haec
2894 4605 2963 4669 de
2996 4601 3086 4657 illo
3113 4599 3377 4659 abnuunt,
3414 4595 3507 4663 qui
3554 4609 3686 4649 eum
3721 4601 3807 4645 aut

2229 4724 2337 4764 non
2391 4706 2619 4761 credunt
2644 4715 2765 4757 esse
2813 4694 3138 4769 apostolum,
3172 4698 3286 4755 aut,
3316 4688 3364 4741 si
3413 4687 3674 4747 credunt,
3706 4697 3804 4737 non

2227 4798 2459 4853 libenter
2482 4792 2804 4862 suscipiunt.
2841 4788 2945 4852 llli,
2975 4787 3216 4854 inquam,
3269 4780 3386 4834 htec
3430 4779 3709 4845 denegare
3732 4774 3807 4825 vi-

2229 4890 2448 4952 dentur,
2503 4885 2629 4954 qui
2664 4897 2789 4938 eum
2847 4893 2956 4933 non
3030 4869 3489 4944 quemadmodum
3541 4866 3807 4922 Joannem

2228 4976 2641 5046 evangelistam,
2688 4970 2783 5026 sed
2837 4968 2984 5022 velut
3041 4963 3366 5019 Silvestre!!!)
3450 4971 3673 5052 papam,
3718 4961 3807 5052 aut
