4044 5290
258 210 414 274 1373

1331 217 1507 275 ACTA
1546 214 1832 275 CONCILII
1872 206 2368 273 LEMOVICENSIS
2406 214 2469 271 ll.

3381 205 3519 267 l37s

260 331 506 395 salvare,
534 342 694 401 quem
728 329 979 386 Christus
1011 329 1273 388 Dominus
1310 342 1367 388 et
1394 335 1585 389 beatus
1636 334 1850 398 Petrus,
1879 335 1927 394 Α
1956 340 2134 388 autem
2160 342 2439 403 patronum
2483 332 2683 387 bonum
2731 331 2798 385 sit
2852 330 3216 388 confessorem
3248 331 3375 393 dici,
3411 348 3519 386 me-

260 420 414 476 Ilter
460 422 731 495 imperans
764 428 824 475 ut
856 422 1116 491 magister
1142 433 1197 477 et
1238 422 1496 479 Dominus
1524 424 1843 495 discipulum

256 520 330 567 et
354 482 760 576 servumfalter
780 513 1074 568 exhortans
1096 521 1155 568 ut
1184 514 1582 584 condiscipulus
1604 524 1659 569 et
1694 530 1843 569 com-

254 604 605 674 propinqnus
646 605 1069 674 condiscipulum
1117 615 1171 661 et
1218 608 1724 677 compropinquum,
1777 608 1843 662 ad

255 694 500 749 salutem
529 702 584 749 et
616 692 794 755 lumen
829 696 1069 765 gentium
1098 695 1411 761 Galliarum,
1439 697 1490 751 in
1528 696 1762 752 tenebris
1789 704 1845 750 et

256 786 467 839 umbra
515 785 707 840 mortis
742 785 1068 851 sedentium,
1112 786 1447 852 direxerant,
1484 785 1843 855 iustissimum

254 881 326 926 et
354 872 731 941 dignissimum
779 888 901 930 esse
944 875 1266 930 omnimodis
1314 891 1597 931 censemus
1621 885 1698 941 ut,
1735 892 1846 946 quo

255 965 446 1034 magis
472 978 781 1035 possumus,
803 956 1172 1021 ex‘cellentiori
1199 966 1493 1022 habeamus
1516 967 1741 1033 honore,
1764 980 1847 1022 se-

251 1054 506 1109 cundum
537 1062 714 1110 tamen
752 1063 956 1112 rectam
996 1057 1244 1113 veritatis
1280 1072 1546 1112 normam.
1578 1055 1724 1122 Htec,
1759 1057 1843 1111 in-

251 1156 456 1215 quam,
484 1144 541 1200 in
589 1159 657 1201 eo
703 1154 981 1202 teneamus
1017 1162 1136 1217 qua:
1169 1161 1276 1202 non
1321 1148 1431 1202 sint
1464 1148 1605 1203 ultra
1645 1147 1845 1203 verita-

254 1242 380 1289 tem
404 1242 499 1290 :et
521 1237 662 1305 quod
726 1252 914 1293 verum
955 1247 1010 1292 et
1052 1237 1414 1294 clarissimum
1468 1238 1579 1294 illic
1622 1247 1707 1295 est
1745 1252 1847 1293 nec

249 1327 750 1395 praetermittentes
772 1343 872 1383 nec
909 1328 1253 1392 excedentes,
1280 1345 1387 1400 quo
1414 1345 1536 1385 eum
1571 1345 1727 1400 mage
1753 1343 1847 1382 va-

252 1412 448 1470 lemus
478 1414 826 1472 honoremus.
852 1415 909 1471 Si
936 1417 1078 1472 enim
1112 1433 1240 1474 vere
1261 1433 1291 1473 a
1330 1418 1560 1473 Domino
1587 1419 1654 1474 ad
1701 1433 1844 1488 prae-

248 1507 562 1564 dicandum
606 1510 803 1567 missus
870 1519 976 1575 est,
1021 1511 1069 1566 si
1101 1511 1394 1580 discipulus
1442 1510 1559 1578 ejus
1596 1511 1649 1565 in
1681 1526 1845 1567 carne

246 1594 395 1660 fuit,
425 1597 469 1651 si
515 1612 654 1651 unus
681 1598 748 1653 de
789 1597 895 1653 illis
929 1606 1012 1653 est
1062 1599 1261 1668 quibus
1301 1600 1502 1654 dictum
1533 1608 1656 1655 est:
1690 1599 1844 1655 Beati

249 1686 409 1741 oculi
428 1687 519 1757 qui
555 1688 726 1743 uident
749 1705 866 1759 qua:
910 1705 997 1743 vos
1050 1689 1405 1760 ridetis(Lue.
1443 1692 1529 1761 x);
1577 1693 1668 1761 qui
1716 1707 1839 1747 eum

251 1784 431 1847 negat
466 1779 797 1847 apostolum,
839 1779 1084 1850 profecto
1126 1790 1338 1837 constat
1386 1783 1513 1852 quia
1558 1784 1841 1839 veritatem

250 1871 657 1938 praetermittit,
689 1871 798 1927 imo
843 1872 1137 1942 impugnat.
1166 1871 1223 1927 Si
1252 1883 1431 1929 autem
1472 1874 1543 1929 ita
1571 1874 1841 1930 diceretur

250 1957 564 2028 apostolus,
610 1968 670 2014 ut
720 1960 786 2014 de
835 1960 1045 2030 origine
1099 1961 1263 2016 lsrael
1304 1962 1599 2031 discipulus
1629 1964 1839 2019 Domini

250 2062 372 2102 non
402 2056 568 2111 esset,
598 2063 698 2103 nee
724 2063 753 2101 a
798 2049 1026 2104 Domino
1056 2058 1378 2119 potestatem
1410 2052 1610 2122 ligandi
1639 2068 1703 2108 ac
1730 2053 1839 2108 sol-

248 2138 427 2192 vendi
458 2141 779 2208 accepisset,
816 2140 955 2194 ultra
988 2141 1269 2196 veritatem
1300 2144 1450 2198 ﬁeret
1485 2145 1837 2200 transeensio.

254 2227 333 2284 Ut
364 2231 413 2284 si
438 2232 561 2299 quis
589 2246 711 2286 eum
742 2247 908 2285 unum
937 2232 1003 2286 de
1052 2233 1334 2289 duodecim
1365 2236 1508 2290 dicat
1542 2235 1729 2302 fuisse,
1762 2237 1842 2291 ul-
1893 2286 1898 2291 .

250 2330 343 2375 tra
407 2322 690 2377 veritatem
740 2324 1185 2394 pertransit;qni
1234 2340 1362 2381 vero
1410 2328 1480 2381 ita
1534 2343 1658 2382 eum
1711 2327 1842 2382 dicit

249 2414 591 2482 apostolum,
645 2424 902 2485 tanquam
952 2433 982 2472 a
1042 2418 1270 2472 Domino
1322 2419 1563 2486 missum,
1619 2436 1723 2476 non
1774 2421 1842 2476 de

254 2506 574 2573 duodecim,
606 2508 699 2562 sed
731 2508 799 2563 de
847 2510 1186 2578 septuaginta
1245 2510 1453 2565 duobus
1498 2527 1684 2575 unum,
1726 2512 1842 2568 sive

252 2607 526 2669 tanquam
575 2599 802 2655 Paulum
847 2609 901 2657 et
952 2601 1276 2665 Barnaltam,
1333 2604 1423 2674 qui
1456 2612 1575 2673 post
1630 2604 1839 2661 Domini

255 2692 646 2747 ascensionem
672 2693 828 2747 electi
882 2695 1112 2763 apostoli
1141 2697 1466 2750 exstiterunt
1491 2715 1504 2750 :
1536 2696 1621 2752 hic
1644 2698 1843 2753 verita-

255 2790 377 2837 tem
431 2796 609 2851 neque
655 2784 973 2847 contemnit,
1030 2800 1205 2854 neque
1234 2787 1591 2850 transcendit,
1630 2802 1838 2853 verum,

260 2886 375 2926 nec
405 2872 470 2925 ad
500 2871 685 2925 laevam
733 2887 832 2927 nec
888 2872 954 2926 ad
992 2873 1267 2929 sinistram
1303 2877 1544 2939 devians,
1573 2877 1839 2945 perviam

250 2968 471 3016 rectam
494 2959 1191 3055 justititeggraditur.igitur
1215 2964 1261 3018 si
1293 2981 1419 3036 pars
1440 2965 1615 3035 aliqua
1649 2964 1840 3051 proba-
1867 2994 1914 3055 ς

251 3051 394 3105 bilis
452 3051 953 3119 antiquissimorum
1016 3052 1238 3108 Patrum
1324 3056 1657 3125 comperitdr
1717 3072 1839 3111 eum

251 3140 467 3196 dixisse
499 3142 820 3212 apostolum,
853 3152 909 3197 et
934 3158 1126 3198 nomen
1153 3145 1271 3214 ejus
1297 3162 1419 3200 cum
1447 3146 1567 3200 aliis
1602 3162 1847 3216 pronun-

257 3231 437 3286 tiasse
499 3231 779 3299 apostolis,
828 3232 1028 3288 bonum
1078 3235 1210 3289 mihi
1265 3236 1479 3289 videtur
1505 3251 1605 3291 nos
1655 3252 1842 3291 eorum

255 3319 916 3376 indubitantertramitem
935 3332 1136 3387 tenere,
1173 3327 1444 3395 utposteri
1460 3326 1627 3379 nostri
1652 3325 1840 3381 callem

256 3416 531 3471 directum
555 3416 809 3489 deinceps
821 3433 1133 3474 assuescere
1151 3422 1324 3490 ipsum
1343 3437 1447 3476 non
1463 3432 1802 3477 cunctentur.
1817 3442 1836 3476 ι

332 3504 463 3560 Haec
490 3515 540 3561 et
578 3507 661 3560 his
684 3507 880 3562 similia
919 3522 984 3562 eo
1014 3508 1249 3573 dicente,
1281 3511 1421 3565 alius
1452 3527 1516 3565 ex
1550 3512 1840 3580 episc0pis,

255 3595 515 3652 videlicet
563 3597 885 3653 lsembertus
946 3599 1278 3656 Pictavensis
1319 3602 1573 3658 Ecclesia:
1640 3612 1839 3670 rector,

257 3688 434 3757 cmpit
462 3688 774 3759 explanare,
818 3691 1043 3745 dicens:
1078 3709 1098 3743 α
1135 3691 1238 3759 Qui
1279 3692 1346 3747 de
1379 3693 1481 3748 hoc
1509 3694 1676 3748 verbo
1710 3708 1841 3750 con-

258 3779 589 3834 troversiam
621 3783 783 3851 parit,
817 3783 1017 3837 nodum
1049 3781 1103 3836 in
1138 3782 1320 3852 scirpo
1353 3783 1567 3853 qumrit.
1599 3782 1708 3837 Nos
1733 3798 1841 3837 non

257 3881 455 3923 sumus
481 3868 766 3935 Ebionitte,
796 3871 888 3941 qui
913 3886 1018 3926 non
1046 3871 1313 3941 recipiunt
1338 3882 1533 3942 praeter
1557 3873 1840 3928 duodecim

256 3960 563 4031 apostolos,
616 3971 672 4017 et
726 3962 951 4018 Paulum
999 3964 1156 4034 quasi
1202 3973 1655 4035 transgressorem
1710 3965 1843 4037 legis

256 4051 570 4118 repudiant.
600 4050 809 4107 Sufﬁcit
844 4053 912 4109 ad
944 4053 1332 4109 confodiendos
1363 4054 1709 4110 adversarios
1737 4056 1843 4111 hoc

258 4139 432 4195 telum
472 4141 869 4208 acutissimum,
921 4142 1024 4198 hoc
1070 4151 1157 4199 est
1207 4143 1318 4198 sola
1351 4144 1492 4199 beati
1530 4143 1841 4215 Hieronymi

258 4232 555 4287 sententia.
588 4232 719 4286 ltem
744 4248 999 4288 mucrone
1025 4234 1360 4289 validissimo
1388 4234 1540 4289 Pauli
1586 4234 1839 4304 apostoli,

1947 420 2049 476 lius
2072 430 2250 476 tamen
2281 431 2365 477 est
2384 438 2504 475 eum
2530 421 2808 491 praedicari
2839 431 2894 475 et
2912 421 3234 492 apostolum,
3260 437 3326 475 ne
3354 421 3520 477 latere

1944 514 2193 569 videatur
2220 514 2319 569 sub
2358 515 2534 567 modio
2565 512 2784 566 claritas
2807 511 2942 580 ejus,
2975 529 3079 583 qua
3112 511 3323 565 Domini
3359 511 3519 566 disci-

1945 602 2103 673 pulus
2133 610 2187 656 et
2249 602 2413 656 sortis
2453 602 2766 673 apostolica:
2812 616 2951 655 unus
3002 616 3122 656 esse
3171 599 3516 670 prtedicatur.

1945 691 2045 757 Qui
2074 701 2254 747 autem
2283 693 2620 747 contentiose
2648 707 2769 745 eum
2813 691 2945 745 dicit
2980 690 3369 757 confessorem,
3398 689 3518 746 ideo

1946 798 2052 837 non
2089 784 2284 837 bonum
2331 798 2450 838 csse
2506 782 2635 836 mihi
2685 782 2918 848 videtur,
2967 784 3091 853 quia
3119 784 3272 851 quasi
3312 798 3516 853 negare

1946 872 2156 926 videtur
2177 874 2292 942 ejus
2316 874 2613 942 proprium,
2630 872 3075 927 etinimicitiasin
3094 871 3333 928 Ecclesia
3353 874 3513 941 parit.

1944 963 2198 1034 Neigitur
2221 967 2453 1020 scissura
2471 966 2522 1020 in
2540 966 2777 1021 Ecclesia
2795 967 2885 1023 Dei
2915 966 3013 1022 hac
3027 967 3139 1023 fieri
3165 967 3337 1038 possit
3362 981 3520 1021 occa-

1944 1057 2117 1120 sione,
2148 1072 2489 1128 summopere
2537 1068 2619 1113 est
2646 1059 3033 1129 providendum
3078 1071 3139 1112 ut
3165 1074 3351 1114 omnes
3396 1073 3523 1113 con-

1944 1159 2078 1199 sono
2106 1145 2267 1200 corde
2296 1155 2349 1199 et
2371 1162 2466 1201 ore
2492 1163 2657 1200 uumn
2684 1147 2736 1200 id
2766 1148 2907 1217 quod
2948 1146 3141 1202 melius
3162 1154 3247 1202 est
3276 1161 3519 1217 pronun-

1948 1235 2101 1289 tient.
2133 1233 2258 1289 Sola
2287 1251 2407 1306 quae
2436 1236 2627 1290 obesse
2658 1235 2871 1289 videtur
2907 1236 3127 1291 auribus
3156 1234 3516 1300 consuetudo,

1946 1325 2001 1380 in
2056 1324 2249 1379 melius
2301 1325 2616 1394 accipiatur,
2663 1334 2718 1379 et
2767 1324 2999 1379 schisma
3045 1340 3108 1379 ac
3162 1323 3519 1379 marmoratio

1946 1420 2108 1485 atque
2139 1415 2384 1469 dubietas
2409 1430 2633 1485 prorsus
2661 1432 2690 1469 a
2718 1424 2904 1470 nostro
2929 1415 3198 1470 communi
3216 1423 3356 1470 caelo
3384 1412 3518 1468 abo-

1945 1503 2135 1560 leatur.
2168 1505 2322 1573 Quod
2350 1506 2396 1561 si
2456 1507 2579 1578 quis
2627 1508 2897 1563 contraire
2937 1508 3339 1579 praesumpserit
3392 1505 3520 1562 huic

1943 1597 2183 1666 paciﬁca:
2208 1598 2533 1665 concordiae,
2571 1598 2637 1654 de
2691 1599 3043 1655 contentiosis
3072 1608 3127 1655 et
3158 1598 3520 1654 schismaticis

1872 1663 1916 1723 Β
1944 1663 2082 1742 unus
2100 1686 2387 1756 judicetur.
2436 1707 2456 1741 ι

2011 1777 2094 1832 Ad
2127 1778 2241 1833 harc
2271 1780 2612 1834 venerandus
2641 1778 2717 1832 ait
2759 1777 3029 1836 Jordanns
3054 1794 3069 1833 :
3098 1777 3289 1842 Multa,
3319 1777 3521 1832 charis—

1941 1870 2085 1932 simi,
2124 1879 2242 1923 ante
2266 1869 2361 1923 Itos
2410 1886 2575 1923 annos
2613 1869 2712 1923 hac
2738 1870 2801 1924 tle
2854 1886 2907 1922 re
2951 1870 3093 1939 facta
3126 1881 3200 1923 est
3229 1869 3517 1939 inquisitio,

1941 1974 2209 2029 quousque
2243 1958 2353 2012 haec
2382 1959 2657 2013 altercatio
2697 1960 2767 2012 ad
2815 1976 2969 2014 aures
2998 1959 3299 2029 apostolica:
3327 1968 3521 2013 sancite

1946 2045 2200 2100 Romana:
2222 2047 2359 2100 sedis
2403 2048 2708 2117 perveniret,
2749 2045 2919 2117 Super
2941 2065 3043 2119 quo
3070 2046 3324 2101 Dominus
3352 2044 3522 2100 Ioan-

1942 2148 2033 2186 nes
2066 2150 2204 2203 papa
2232 2136 2501 2205 exemplar
2523 2132 2756 2204 episcon
2789 2137 2936 2190 nobis
2965 2148 3039 2190 est
3065 2137 3314 2207 dignatus
3363 2134 3521 2188 desti-

1940 2237 2093 2283 nare,
2123 2237 2432 2291 magnopere
2457 2223 2741 2293 testiﬁcqns
2768 2224 3087 2293 apostolatus
3118 2224 3230 2291 eius
3276 2221 3519 2292 gloriam,

1940 2318 1987 2361 et
2016 2309 2334 2379 redarguens
2368 2327 2542 2365 omnes
2571 2312 2661 2381 qui
2699 2328 2813 2365 eum
2837 2314 3202 2366 contradicunt
3252 2328 3360 2365 esse
3393 2329 3516 2379 apo-

1932 2397 2156 2452 ‘stolum.
2198 2398 2328 2464 Qua:
2375 2400 2596 2470 epistola
2640 2417 2792 2455 sacra
2843 2412 3145 2456 conseruata
3196 2401 3250 2454 in
3278 2410 3523 2469 promptu

1926 2489 2182 2555 'Itabetur,
2215 2492 2269 2543 in
2305 2507 2409 2561 qua
2441 2492 2599 2562 facile
2625 2492 2785 2546 claret
2823 2493 3173 2547 testimonium
3210 2507 3384 2546 verum
3419 2490 3526 2545 Ilo-

1940 2597 2116 2637 mante
2147 2583 2304 2637 sedis.

2011 2672 2107 2728 Cui
2136 2673 2491 2731 Bituricensis
2517 2676 2958 2747 archiepiscopus
2978 2675 3136 2731 Aimo
3166 2675 3523 2745 respondens.

1942 2764 2121 2819 dixit:
2160 2783 2179 2817 σ
2217 2765 2446 2820 Textnm
2502 2767 2743 2836 epistola:
2798 2782 2948 2839 papa:
2996 2767 3222 2822 Joannis
3275 2766 3525 2819 omnibus

1941 2851 2236 2908 Galliarum
2287 2854 2554 2924 episcOpis
2599 2856 2841 2922 directae,
2894 2866 3021 2912 ante
3069 2857 3168 2911 hos
3214 2853 3524 2925 quindecim

1944 2945 2061 3001 dies
2090 2946 2144 2999 in
2184 2946 2412 3002 concilio
2432 2946 2774 3014 Bituricensi,
2804 2950 2891 3003 ubi
2924 2948 3106 3018 plures
3131 2946 3365 3017 episcopi
3392 2959 3525 2997 cou-

1944 3036 2148 3106 gregati
2182 3051 2420 3102 eramus,
2455 3051 2640 3092 coram
2692 3038 2847 3092 nobis
2883 3039 3106 3093 recitare
3137 3037 3390 3099 fecimus;
3431 3034 3521 3090 ubi

1944 3127 2110 3180 multa
2144 3128 2420 3182 doctorum
2455 3128 2609 3183 turba
2644 3128 2907 3195 interfuit,
2946 3132 3057 3202 qui,
3095 3131 3233 3187 hanc
3258 3133 3522 3204 discepta—

1945 3221 2144 3277 tionem
2192 3221 2292 3277 sub
2341 3239 2537 3295 magua
2591 3226 2920 3281 discretione
2948 3228 3342 3294 examinantes,
3377 3230 3522 3284 inve-

1945 3322 2140 3368 nerunt
2166 3330 2355 3368 sanum
2386 3330 2506 3371 esse
2554 3319 2696 3387 quod
2745 3316 2981 3373 Joannes
3019 3334 3154 3389 papa
3198 3321 3249 3373 in
3278 3319 3521 3377 Romana

1944 3405 2090 3467 sede,
2119 3412 2172 3457 et
2198 3418 2293 3457 vos
2320 3405 2372 3458 in
2399 3406 2500 3459 hac
2527 3420 2647 3475 qua:
2693 3407 2863 3474 prima
2889 3409 3128 3461 omnium
3158 3409 3521 3467 Ecclesiarum

1943 3492 2130 3549 Galliae
2158 3503 2264 3560 est,
2292 3504 2480 3550 sancto
2514 3495 2718 3566 Spiritu
2748 3496 2981 3563 alliante,
3004 3498 3072 3553 de
3103 3500 3202 3555 hac
3221 3498 3521 3569 justissima

1942 3599 2003 3639 re
2030 3584 2358 3640 instituistis.
2412 3585 2578 3639 Nemo
2621 3586 2850 3657 denegat
2896 3603 3018 3643 eum
3050 3587 3216 3644 luisse
3252 3606 3416 3644 unum
3454 3591 3524 3645 de

1943 3677 2285 3748 septuaginta
2334 3677 2565 3732 duobus.
2636 3676 2744 3732 Illis
2792 3689 2973 3734 autem
3029 3680 3287 3736 Dominus
3337 3682 3521 3737 dixit:

1944 3764 2047 3832 Ite,
2076 3783 2195 3823 eote
2218 3782 2311 3836 ego
2344 3766 2491 3819 mitto
2515 3783 2602 3820 vos
2643 3767 2778 3821 sicut
2809 3785 2972 3839 agnos
3000 3769 3138 3823 inter
3192 3768 3343 3840 lupos
3367 3770 3521 3840 (Luc.

1942 3859 2022 3919 ι).
2052 3856 2278 3909 Constat
2301 3869 2431 3924 ergo
2454 3869 2589 3923 quos
2619 3855 2879 3910 Dominus
2906 3856 3042 3911 dixit
3071 3858 3365 3926 apostolos,
3393 3859 3520 3928 quia

1943 3960 2073 4001 vere
2123 3946 2350 4015 apostoli
2406 3956 2550 4000 sunt.
2616 3945 2682 4000 Et
2748 3947 2889 4003 hunc
2940 3952 3289 4017 protoducem
3335 3950 3524 4005 Galliae.

1942 4050 2158 4105 semper
2188 4036 2369 4106 plures
2394 4038 2741 4106 antiquorum
2790 4053 2894 4092 non
2933 4055 3055 4093 cum
3094 4039 3517 4107 confessoribus,

1941 4131 2036 4186 sed
2092 4146 2214 4185 cum
2270 4131 2526 4201 apostolis
2571 4132 2948 4200 pronuntiasse
3004 4132 3103 4186 visi
3128 4142 3270 4187 sunt.
3310 4133 3521 4202 Itaque,

1941 4224 2175 4294 plurimo
2201 4224 2483 4279 doctorum
2514 4222 2680 4277 choro
2728 4224 3107 4292 persuadente,
3141 4239 3325 4279 coram
3367 4226 3518 4279 omni

259 4321 409 4376 nulla
451 4333 567 4377 ιιι-ιθ
590 4332 682 4378 aut
714 4323 763 4377 vi
793 4340 1030 4392 unquam
1072 4326 1433 4390 retundendo,
1488 4325 1665 4381 omnis
1712 4342 1839 4395 pars
1870 4327 1916 4386 ι)
1944 4316 2159 4385 papula,
2190 4316 2241 4369 in
2283 4315 2471 4384 majori
2500 4315 2726 4369 ecclesia
2771 4313 3118 4386 Bituricensi,
3152 4316 3518 4370 testimonium

261 4413 601 4467 contentiosa
633 4415 940 4483 perimenda
979 4423 1079 4469 est.
1115 4415 1205 4469 Ait
1233 4415 1564 4486 Paulusquia
1596 4418 1841 4485 apparuit

259 4498 522 4557 Dominus
550 4503 811 4569 undecim,
838 4505 1027 4558 deinde
1051 4503 1301 4573 apostolis
1334 4496 1584 4573 omnibus
1616 4504 1665 4576 (Ι
1714 4503 1837 4559 Cor.

259 4589 378 4656 xv),
413 4594 730 4648 utsciamus
765 4594 1037 4662 apostolos
1091 4594 1260 4650 fuisse
1305 4609 1496 4650 omnes
1542 4609 1680 4664 quos
1733 4595 1841 4649 Do-

260 4678 440 4734 minus
470 4681 521 4736 in
546 4696 710 4740 carne
738 4684 915 4739 adhuc
942 4685 1141 4757 degens
1165 4685 1310 4739 misit
1330 4685 1397 4739 ad
1417 4685 1835 4755 praedicandum.

257 4766 350 4821 Ait
380 4770 760 4846 Hieronymus,
792 4783 850 4829 ut
900 4775 954 4830 in
994 4776 1246 4846 praesenti
1299 4776 1581 4831 recitatum
1626 4786 1711 4829 est
1760 4774 1839 4831 le-

257 4860 474 4917 ctione:
505 4862 706 4921 Omnes
762 4866 854 4933 qni
904 4866 1187 4920 Dominum
1236 4866 1289 4920 in
1347 4881 1514 4922 carne
1565 4865 1837 4932 viderunt,

261 4963 489 5023 eumque
531 4967 716 5023 postea
745 4956 1199 5024 praedicaverunt,
1254 4958 1475 5013 fuerunt
1514 4956 1764 5028 apostoli,
1814 4979 1834 5013 ι

262 5049 315 5093 et
336 5051 549 5098 caetera.
581 5044 812 5115 Liquido
846 5054 1058 5102 constat
1081 5045 1207 5114 quia
1248 5045 1511 5103 Martialis
1552 5038 1841 5106 Dominum

261 5129 315 5183 in
350 5146 512 5189 carne
548 5136 703 5200 vidit,
744 5140 800 5187 et
857 5148 979 5190 eum
1019 5141 1209 5205 postea
1261 5139 1594 5205 praedicavit.
1628 5137 1840 5199 Bonum

261 5227 341 5272 est
360 5234 477 5277 eum
526 5224 629 5281 dici
680 5223 1004 5290 apostolum,
1034 5224 1288 5290 quamvis
1342 5243 1449 5281 non
1505 5228 1703 5285 malum
1768 5233 1843 5290 sit

1944 4406 2319 4478 perhibuimus
2349 4407 2505 4461 beato
2535 4405 2763 4459 Martiali
2800 4406 2927 4475 quia
2974 4405 3249 4475 apostolus
3281 4405 3523 4459 veritatis

1943 4508 2045 4552 est.
2078 4495 2398 4550 Curavimus
2428 4496 2572 4550 enim
2602 4510 2667 4550 ne
2719 4494 2977 4549 Romana:
3029 4494 3335 4565 apostolicae
3380 4494 3523 4548 sedis

1943 4588 2161 4647 decreto
2187 4594 2240 4640 et
2272 4585 2501 4656 imperio
2551 4601 3001 4655 repugnaremus.
3058 4585 3114 4638 ln
3153 4584 3522 4637 testimonium

1940 4694 2071 4733 vero
2114 4677 2381 4741 veritatis,
2422 4676 2474 4731 in
2523 4678 2712 4730 eodem
2768 4678 3003 4731 concilio
3040 4683 3242 4727 tomum
3287 4671 3527 4728 scribere

1942 4771 2276 4841 rogavimus,
2310 4785 2467 4839 quem
2495 4768 2745 4824 manibus
2776 4765 3254 4824 corroboravimus
3303 4764 3528 4831 nostris,

1939 4874 2211 4938 quatenus
2237 4862 2488 4917 omnibus
2533 4862 2602 4915 sit
2650 4866 2837 4913 notum
2874 4874 2973 4914 nos
3015 4858 3082 4911 de
3126 4854 3228 4907 hac
3254 4869 3315 4908 re
3365 4870 3396 4909 a
3427 4856 3533 4911 Ro-

1939 4970 2099 5012 mana
2139 4952 2266 5007 sede
2297 4953 2520 5007 minime
2556 4948 2691 5004 velle
2719 4948 3047 5010 desciscere,
3080 4943 3207 5010 quia
3248 4958 3355 4997 non
3379 4961 3539 5014 opor-

1941 5055 2041 5102 tet.
2098 5042 2268 5097 Porro
2313 5041 2543 5099 verbum
2593 5039 2733 5093 idem
2783 5036 2918 5093 dum
2970 5037 3024 5091 in
3074 5031 3334 5087 Ecclesia:
3381 5035 3544 5088 totius

1940 5136 2235 5202 conspectu
2263 5131 2701 5190 concionaretur,
2718 5122 2888 5180 illicio
2914 5121 3095 5181 omnis
3124 5118 3355 5189 p0pulus
3379 5122 3537 5190 quasi

1938 5227 2024 5285 vir
2074 5235 2214 5277 unus
2265 5234 2373 5273 una
2437 5234 2574 5278 voce
2620 5213 2917 5271 Dominum
2963 5209 3266 5271 benedixit,
3322 5225 3419 5280 pro
3464 5211 3547 5265 sui
