4044 5290
505 236 646 301 1375

1494 233 1854 293 JORDANUS
1889 233 2388 305 LEMOVICENSIS
2425 226 2821 295 EPISCOPUS.

3625 240 3651 294 l
3663 236 3767 294 576

508 353 737 409 tentiam
776 349 980 419 justam
1044 357 1101 406 et
1175 349 1539 407 necessariam
1564 361 1794 409 -sanctte
1832 351 2089 410 Ecclesiae
2115 357 2166 417 Α
2191 352 2536 425 episcopalem
2582 367 2703 406 cum
2748 349 2868 405 aliis
2926 346 3180 420 episcopis
3207 346 3496 405 aDomino
3542 351 3768 421 accepit,

508 442 866 500 testiﬁcamur
890 455 1031 496 esse.
1070 459 1090 494 ι

579 529 733 586 Tunc
765 530 875 585 Deo
924 529 1174 585 amabilis
1216 527 1483 585 Jordanns
1526 530 1806 602 respondit
1835 531 1947 603 (9):
1976 531 2094 588 Hoc

507 622 747 695 equidem
794 620 1025 683 verbum,
1061 619 1287 691 qualiter
1314 631 1435 676 ante
1464 620 1559 675 hos
1592 639 1782 687 annos,
1812 624 1910 685 hoc
1939 632 2016 678 est
2039 623 2095 679 in

506 711 676 783 primo
707 726 849 763 anno
879 708 1229 763 dedicationis
1269 709 1427 777 hujus
1456 709 1831 767 Lemovicensis
1861 712 2092 769 basilica
2172 710 2173 713 “

509 798 871 868 Redemptoris
902 800 1089 866 nostri,
1119 818 1276 871 quam
1303 802 1456 857 hodie
1484 804 1807 859 exsultanter
1830 806 1941 861 ha’c
1967 806 2096 861 ciri-

510 898 590 945 tas
620 891 891 946 nobiscum
924 893 1129 957 recolit,
1156 892 1440 949 viventibus
1483 905 1606 950 tunc
1634 897 1935 952 doctissimo
1981 914 2098 969 rege

506 977 849 1034 Francorum
882 979 1134 1046 Roberto,
1162 992 1209 1036 et
1242 979 1511 1041 Gauzleuo
1536 986 1939 1055 metropolitano
1962 1002 2101 1054 prte-

512 1075 783 1127 decessore
810 1083 1007 1140 vestro,
1038 1076 1150 1127 ha'c
1178 1074 1326 1128 sedes
1376 1073 1652 1130 Lemovica
1688 1094 1790 1131 non
1810 1078 1923 1132 sine
1947 1094 2104 1133 enor-

508 1164 585 1218 ‘mi
612 1166 923 1222 auctoritate
945 1167 1122 1222 divina
1146 1170 1414 1239 receperit,
1436 1171 1622 1239 paucis
1646 1188 1933 1227 memorare
1952 1172 2098 1230 libet.

514 1249 645 1307 Post
681 1254 876 1311 multas
930 1257 1067 1311 enim
1102 1256 1262 1326 hujus
1309 1258 1529 1329 capituli
1567 1259 1952 1325 altercationes,
1979 1262 2102 1319 aliis

514 1345 941 1410 assentientibus.
982 1346 1101 1401 aliis
1153 1363 1274 1402 vero
1318 1349 1761 1418 repugnantibus,
1803 1367 1918 1405 cum
1947 1368 2104 1419 super

514 1437 613 1490 hac
643 1453 697 1491 re
745 1437 903 1506 factae
946 1438 1125 1494 multa:
1151 1449 1320 1495 essent
1373 1440 1608 1510 litanite,
1636 1452 1692 1496 ut
1738 1443 1837 1498 hoc
1859 1444 2102 1510 verbum,

510 1526 619 1581 nisi
657 1527 754 1583 Dei
814 1540 946 1585 esset
991 1531 1125 1585 bona
1171 1531 1441 1596 voluntas,
1502 1533 1558 1589 in
1612 1535 1896 1589 concordia
1941 1535 2103 1605 huius

2191 444 2402 517 quando
2415 443 2624 499 elevatis
2648 440 2893 497 manibus
2906 439 3171 495 benedixit
3180 440 3451 511 discipulis
3482 439 3769 507 Dominus.

2193 545 2241 591 et
2270 535 2537 606 ferebatur
2561 535 2617 588 in
2661 531 2892 601 calum),
2940 533 3030 586 sed
3065 533 3199 586 sicut
3226 542 3304 587 est
3353 522 3610 586 cltlsedra
3635 530 3773 586 beati

2195 627 2343 683 Petri
2369 626 2684 689 Antiochiae,
2715 626 2937 694 itemque
2973 624 3227 679 cathedra
3254 622 3457 687 Roma’,
3494 640 3606 681 non
3632 622 3772 694 quod

2196 728 2318 773 tunc
2339 727 2673 775 consecratus
2698 716 2764 770 sit
2782 715 3076 785 episcopus,
3105 715 3196 784 qui
3219 713 3489 769 aDomino
3502 712 3626 782 jam
3646 713 3774 767 olim

2196 810 2636 869 consecrationem
2664 817 2961 876 susceperat
2976 796 3353 876 pontiﬁcalem,
3380 806 3472 860 sed
3497 806 3627 876 quia
3651 816 3778 859 tunc

2195 903 2423 975 primum
2453 903 2509 956 in
2548 900 2644 955 illa
2678 900 2763 955 die
2784 898 2927 969 apud
2970 900 3178 954 easdem
3224 897 3469 952 ecclesias
3514 897 3677 960 sedit,
3705 896 3777 949 ad

2198 992 2587 1062 suscipiendum
2613 1007 2771 1061 super
2795 989 3049 1063 populum
3078 989 3175 1046 Dei
3207 989 3439 1060 regimen
3466 978 3779 1057 pastorale:

2198 1084 2275 1139 ita
2298 1085 2353 1138 in
2380 1084 2479 1139 hac
2517 1082 2626 1150 die,
2651 1099 2770 1152 qua:
2823 1090 2900 1136 est
2958 1081 3109 1135 tertia
3145 1083 3338 1135 mensis
3368 1078 3596 1148 Augusti
3642 1079 3779 1141 dies.

2201 1174 2337 1230 hanc
2371 1175 2584 1230 domum
2631 1174 2693 1229 de
2728 1173 2853 1242 fano
2885 1173 3185 1229 dcemonum
3246 1172 3370 1243 fecit
3421 1170 3623 1226 Christi
3651 1179 3787 1226 tens-

2199 1267 2365 1337 plum,
2393 1276 2442 1321 et
2488 1268 2544 1322 in
2573 1267 2688 1337 ipsa
2731 1261 2971 1320 Ecclesia
3001 1266 3101 1320 hac
3146 1266 3376 1336 primum
3406 1265 3560 1329 sedit,
3605 1264 3788 1318 susci-

2201 1359 2347 1429 piens
2400 1357 2455 1411 in
2493 1356 2686 1427 populo
2735 1372 2917 1429 curam
2951 1365 3001 1410 et
3044 1357 3273 1425 regimen
3319 1354 3550 1425 pastoris
3581 1369 3603 1408 :
3628 1368 3787 1421 quem

2203 1448 2309 1504 duo
2338 1449 2634 1504 sacerdotes
2687 1446 2806 1510 Dei,
2854 1446 3302 1511 Austriclinianus
3346 1455 3394 1502 et
3442 1444 3787 1509 Alpinianus,

2205 1536 2452 1606 discipuli
2472 1537 2608 1607 ejus,
2631 1536 3019 1591 inthronisosse
3043 1536 3331 1591 creduntur
3362 1536 3419 1590 in
3445 1534 3606 1604 hujus
3626 1532 3791 1587 eccle-

515 1620 655 1674 sedis
702 1621 917 1678 minime
953 1624 1221 1689 resideret,
1276 1625 1483 1682 advenit
1534 1628 1807 1699 synodalis
1840 1628 1911 1682 ad
1968 1629 2105 1684 hanc
2134 1692 2173 1699 _
2205 1628 2300 1683 site
2324 1626 2596 1693 cathedra,
2627 1628 2681 1680 in
2709 1634 3019 1681 testamento
3065 1617 3323 1690 veritatis,
3355 1634 3412 1680 ut
3439 1625 3529 1679 ubi
3576 1625 3688 1678 duo
3711 1621 3791 1677 vel

518 1712 793 1769 ecclesiam
835 1726 1138 1783 conventus,
1188 1718 1278 1773 ubi
1305 1720 1461 1775 tertia
1491 1692 1584 1775 die
1611 1721 1804 1791 synodi
1824 1721 1994 1775 omnis
2018 1736 2107 1776 sa-
2133 1692 2180 1753 Β
2208 1725 2312 1771 tres
2333 1716 2632 1786 congregati
2659 1723 2827 1771 essent
2855 1715 2911 1770 in
2950 1716 3158 1770 nomine
3195 1714 3510 1783 Salvatoris.
3536 1714 3594 1768 in
3615 1712 3791 1768 medio

519 1804 793 1863 cerdotum
837 1807 1177 1877 generalitas,
1203 1825 1267 1864 ac
1309 1820 1617 1865 cteterorum
1643 1811 1955 1866 clericorum
2002 1828 2101 1865 nu-

522 1895 817 1959 merositas,
850 1913 957 1952 una
993 1898 1259 1953 nobiscum
1308 1899 1556 1955 nobilium
1615 1903 1846 1956 virorum
1876 1911 1924 1956 et
1976 1900 2105 1972 legis

523 1982 795 2037 doctorum
826 1985 1076 2055 adjuncta
1130 1986 1493 2051 multitudine,
1547 1991 1704 2044 credo
1755 1989 1863 2043 Deo
1916 1989 2105 2059 guber-

523 2084 703 2140 nante,
736 2092 897 2130 unum
926 2093 1019 2132 cor
1053 2087 1102 2131 et
1128 2094 1286 2131 unam
1308 2077 1627 2132 voluntatem
1654 2080 1787 2134 hora
1812 2080 1920 2135 diei
1949 2080 2106 2135 tertia

522 2165 785 2235 suscepit;
821 2166 1099 2239 taliterque
1125 2169 1369 2224 omnibus
1405 2169 1717 2238 inspiratum
1741 2179 1838 2234 est,
1871 2180 1930 2225 ut
1955 2171 2104 2238 paci-

524 2257 648 2326 fice,
699 2268 748 2312 et
794 2258 1039 2327 libenter,
1068 2270 1225 2330 atque
1262 2258 1577 2325 voluntarie,
1625 2261 1760 2314 bona
1782 2260 2102 2324 obedientia,

526 2349 637 2403 hac
681 2350 1030 2421 susciperetur
1065 2352 1130 2405 ab
1171 2351 1411 2406 omnibus
1445 2352 1722 2415 sententia,
1766 2350 2108 2422 deincepsque

526 2442 926 2498 immutabiliter
974 2460 1068 2515 per
1108 2455 1344 2499 nostram
1404 2444 1653 2498 diaecesin
1720 2443 2105 2499 observaretur.

528 2529 601 2586 Et
621 2534 746 2588 bene
769 2534 968 2603 placuit
1002 2535 1242 2589 omnibus
1288 2534 1517 2604 qualiter
1566 2534 1704 2588 hanc
1730 2533 1836 2589 Deo
1866 2532 2112 2602 benepla-

531 2624 689 2680 citam
736 2622 1055 2679 voluntatem
1121 2624 1499 2693 acciperemus,
1557 2631 1637 2687 ut,
1667 2623 2107 2691 quemadmodum

530 2713 855 2768 multitudini
887 2715 1089 2769 novitas
1117 2713 1408 2778 videbatur,
1449 2712 1527 2767 ita
1555 2722 1741 2767 contra
1781 2713 1918 2767 hanc
1940 2712 2109 2768 altera

529 2804 741 2877 quidem
778 2821 858 2859 res
888 2822 1042 2870 nova,
1070 2805 1163 2860 sed
1192 2804 1477 2875 magniﬁca
1504 2815 1552 2860 et
1583 2803 1837 2875 gloriosa,
1856 2805 2109 2860 adversus

532 2893 964 2973 omneslccmulos
1009 2895 1433 2964 conﬁrmaretur.
1471 2893 1766 2965 Aggregato
1812 2893 2113 2964 itaqusma-

531 2985 676 3039 animo
724 2983 1041 3054 populorum
1088 2995 1373 3049 conventu,
1437 2984 1857 3039 sacratissimum
1923 2999 2111 3054 corpus

533 3072 746 3143 patroni
771 3088 804 3125 a
826 3089 921 3127 suo
950 3072 1233 3127 levavimus
1265 3072 1491 3135 tumulo,
1530 3083 1580 3127 et
1608 3073 1851 3143 piissimo.
1869 3073 2113 3142 obsequio

535 3163 907 3217 transtulimus
938 3179 1096 3233 super
1110 3162 1207 3217 hoc
1227 3174 1471 3217 sanctum
1499 3164 1693 3228 altare,
1714 3164 1855 3234 quod
1876 3180 1932 3217 in
1954 3163 2119 3217 hono-

484 3278 499 3293 ο
537 3268 648 3306 rem
673 3252 1072 3321 protomartyris
1125 3249 1378 3321 Stephani
1410 3251 1519 3322 ipse
1562 3252 1905 3307 consecravit.
1949 3248 2121 3305 Facta

534 3352 657 3398 sunt
669 3343 779 3397 haec
794 3341 1067 3397 Dominica
1086 3341 1496 3397 Resurrectionis
1507 3342 1589 3397 die
1605 3342 1649 3415 (Ι
1662 3342 1803 3407 0),in
1815 3340 2124 3411 ipsasolem-

538 3434 704 3490 nitate
758 3435 1073 3489 inventionis
1118 3434 1357 3504 corporis
1440 3434 1579 3488 beati
1637 3434 1920 3505 Stephani,
1970 3444 2125 3504 atque

539 3525 699 3595 hujus
722 3527 894 3581 sancti
920 3525 1099 3595 templi
1130 3526 1565 3590 consecrationis,
1606 3526 1746 3597 quod
1782 3525 1922 3580 idem
1943 3533 2124 3595 patro-

541 3633 641 3672 nus
666 3616 894 3686 primum
938 3617 993 3670 in
1022 3616 1167 3669 omni
1193 3613 1371 3669 Gallia
1419 3613 1526 3669 Deo
1566 3615 1849 3678 dedicavit,
1900 3613 2117 3680 dirutis,

540 3723 661 3777 qua:
689 3708 745 3760 in
770 3708 867 3760 hoc
896 3705 1009 3760 loco
1046 3704 1249 3775 pridem
1295 3704 1565 3772 gentilitas
1595 3702 1875 3768 coluerat,-
1909 3702 2126 3757 simula-

542 3796 667 3849 cris.
695 3792 827 3861 Qua:
849 3811 928 3847 res
956 3794 1031 3847 ita
1059 3794 1205 3847 nobis
1223 3794 1494 3848 convenire
1518 3793 1624 3846 visa
1643 3801 1744 3857 est,
1766 3802 1845 3857 ut,
1873 3791 2006 3846 sicut
2038 3791 2127 3846 ille

543 3886 714 3939 vivens
765 3886 901 3939 hanc
952 3902 1104 3939 suam
1153 3884 1326 3939 sedem
1392 3883 1552 3938 totius
1586 3883 1916 3955 Aquitanica:
1960 3884 2127 3952 gentis

545 3976 742 4045 fontem
780 3977 1022 4048 bapismi
1053 3986 1102 4031 et
1132 3975 1540 4030 illuminationis
1570 3975 1880 4045 evangelicre
1910 3974 2125 4043 fecerat,

546 4066 621 4118 ita
649 4082 866 4134 corpore
894 4082 990 4119 suo
1017 4065 1255 4119 eamdem
1283 4062 1544 4118 visitando
1572 4062 1925 4132 perlustrans,
1973 4061 2128 4115 isthic

548 4157 699 4211 nobis
727 4157 887 4226 hujus
914 4159 1065 4211 daret
1094 4156 1304 4210 initium
1326 4154 1724 4220 observationis,
1758 4154 1957 4224 hocque
1981 4153 2131 4207 irreti-

548 4258 722 4303 tutum
745 4249 975 4303 membra
998 4247 1052 4303 in
1075 4246 1334 4318 reliquum
1357 4247 1772 4300 conservandum
1789 4260 1893 4298 non
1915 4252 2132 4297 cuncta-

551 4350 755 4406 rentur,
782 4341 922 4411 quod
952 4339 1230 4395 exordium
1258 4339 1313 4392 in
1333 4338 1508 4408 capite
1552 4352 1649 4391 suo
1682 4335 1939 4390 sumebat.
1962 4332 2134 4403 Super

553 4429 652 4484 hoc
669 4430 844 4501 itaque
864 4430 1034 4484 altare
1060 4430 1240 4484 eodem
1268 4430 1355 4483 die
1378 4428 1624 4499 mysteria
1649 4427 1705 4480 in
1731 4424 1901 4496 gloria
1919 4433 2131 4495 aposto—

553 4519 699 4574 latus
757 4519 874 4588 ejus
927 4519 1228 4575 solemniter
1279 4518 1679 4573 celebravimus.
1740 4513 1895 4580 Quod
1936 4527 2137 4583 semper

556 4612 614 4666 in
642 4610 902 4682 reliquum
931 4608 1193 4663 celebrare
1222 4621 1329 4664 tam
1355 4612 1439 4664 hic
1476 4626 1635 4680 quam
1684 4624 1778 4678 per
1809 4624 1987 4663 omnes
2037 4624 2135 4661 no-

557 4712 683 4761 stra:
705 4704 941 4758 diaecesis
964 4701 1210 4756 ecclesias
1239 4712 1286 4756 et
1309 4700 1629 4756 monasteria
1672 4700 2061 4764 mandavimus,
2084 4708 2137 4752 ut

560 4794 795 4852 videlicet
836 4793 1059 4849 ulterius
1075 4810 1181 4848 non
1203 4791 1261 4846 in
1294 4792 1638 4860 confessoris,
1664 4789 1756 4844 sed
1807 4791 1864 4845 in
1913 4789 2140 4859 apostoli

564 4890 924 4945 recordatione
947 4888 1196 4943 memoria
1225 4882 1522 4969 patroui‘ab
1546 4882 1786 4938 omnibus
1814 4881 2143 4936 concorditer

564 4980 733 5050 fieret.
765 4980 916 5034 lianc
950 4980 1111 5033 etiam
1141 4979 1279 5032 diem
1311 4976 1596 5032 statuimus
1634 4973 1930 5029 habendam
1974 4973 2027 5025 in
2063 4987 2145 5026 re-

565 5069 874 5124 cordatione
904 5070 1145 5123 omnibus
1167 5070 1338 5130 anuis,
1365 5084 1469 5139 qua
1494 5066 1562 5119 ad
1585 5081 1737 5119 suam
1780 5064 1953 5119 sedem
2001 5077 2145 5132 egre-

568 5160 686 5228 gius
704 5170 886 5231 pastor
913 5159 1207 5213 translatus
1262 5169 1359 5223 est,
1413 5174 1518 5228 qua
1561 5158 1720 5210 etiam
1769 5155 1854 5209 die
1895 5152 2145 5208 cathedra

2139 3026 2188 3092 Ο

2204 1804 2482 1871 eorumibi
2522 1803 2784 1859 Dominus
2813 1812 2968 1859 esset.
3018 1802 3165 1859 Nam
3208 1814 3257 1875 et
3304 1803 3513 1859 beatum
3566 1799 3791 1856 Petrus:

2206 1895 2369 1951 Linus
2387 1904 2435 1950 et
2467 1894 2645 1951 Cletus
2667 1895 2917 1965 discipuli
2937 1895 3055 1964 ejus
3088 1896 3411 1959 sacerdotes,
3435 1896 3542 1949 imo
3562 1911 3684 1948 cum
3715 1894 3793 1948 eis

2206 1987 2342 2041 idem
2364 1986 2544 2041 beatus
2598 1985 2869 2040 Martialis
2924 1984 3321 2056 condiscipulus
3374 1986 3611 2056 ejusdem
3656 1985 3795 2041 beati

2207 2074 2375 2142 Petri,
2424 2076 2566 2146 apud
2589 2075 2815 2146 primam
2852 2072 3148 2134 Romanam
3194 2072 3490 2130 Ecclesium
3529 2075 3798 2130 inthroni-

2207 2183 2355 2223 sasse
2375 2167 2695 2222 creduntur:
2751 2180 2870 2236 quae
2897 2165 3118 2221 ecclesia
3141 2167 3340 2236 prima,
3363 2177 3419 2220 ut
3467 2166 3691 2238 quidam
3713 2166 3798 2219 di-

2207 2265 2352 2320 cunt,
2399 2265 2474 2310 est
2523 2254 2666 2325 apud
2721 2254 2933 2309 titulum
2966 2254 3061 2324 qui
3105 2265 3321 2310 vocatur
3358 2256 3440 2310 Ad
3471 2257 3727 2324 primum,
3747 2263 3799 2308 et

2205 2357 2280 2402 est
2312 2347 2367 2402 in
2393 2347 2590 2402 honore
2624 2346 2795 2402 levitte
2836 2346 3087 2417 Stephani
3111 2348 3270 2419 primi
3293 2348 3575 2420 martyris;
3613 2357 3669 2400 ut
3704 2346 3798 2400 alii

2207 2448 2380 2493 autem
2410 2437 2609 2508 ferunt,
2638 2446 2714 2492 est
2758 2436 2899 2506 apud
2949 2434 3224 2492 Lateranis
3252 2476 3268 2501 ,
3305 2437 3431 2507 quia
3461 2435 3533 2489 ibi
3562 2435 3796 2502 patriar-

2209 2528 2382 2583 chium
2413 2536 2510 2582 est.
2540 2527 2720 2582 Altera
2748 2543 2870 2597 ergo
2898 2527 3005 2592 die,
3026 2543 3145 2597 quce
3171 2537 3247 2581 est
3274 2537 3388 2598 post
3414 2526 3798 2580 dedicatiom

2208 2616 2367 2687 hujus
2390 2625 2738 2672 sacrosancta
2768 2615 3017 2678 basilicte.
3046 2616 3153 2670 sive
3180 2616 3525 2670 inventionem
3552 2613 3801 2682 reliquia-

2210 2722 2327 2760 rum
2370 2706 2770 2777 protomartyris
2806 2704 3102 2774 Stephani,
3152 2704 3431 2758 translatio
3481 2704 3693 2771 patroni
3732 2702 3800 2756 ad

2209 2813 2360 2851 suam
2387 2795 2580 2860 sedem,
2614 2796 2717 2851 sive
2749 2795 3004 2865 festivitas
3031 2795 3294 2849 cathedra:
3321 2795 3457 2865 ejus,
3490 2812 3557 2849 ea:
3584 2812 3645 2850 eo
3668 2804 3802 2848 tem-

2209 2906 2333 2959 pore
2360 2888 2611 2943 celebrari
2636 2888 2791 2942 solita
2816 2897 2890 2942 est
2916 2888 2969 2941 in
3010 2888 3110 2942 hac
3144 2891 3326 2941 eadem
3354 2898 3541 2941 sancta
3571 2887 3806 2941 [emovi-

2215 2979 2354 3033 censi
2383 2978 2621 3033 ecclesia.
2652 2978 2850 3033 Eodem
2879 2994 2996 3033 vero
3026 2978 3131 3043 die,
3160 2979 3537 3033 consummatis
3566 2995 3687 3032 cum
3713 2978 3808 3032 tri-

2220 3070 2380 3142 pudio
2408 3058 2691 3141 mysteriis,
2721 3079 2770 3125 et
2797 3069 2862 3124 de
2888 3068 3175 3139 apostolica
3203 3070 3697 3123 commemoratione
3724 3069 3806 3122 in-

2221 3162 2408 3217 stituta
2454 3160 2704 3231 foederato
2761 3175 2878 3213 cum
2919 3176 3047 3231 pace
3084 3160 3222 3213 inter
3250 3175 3304 3213 se
3331 3159 3574 3212 universo
3603 3157 3742 3211 clero
3762 3166 3809 3210 et

2222 3252 2434 3324 populo,
2482 3252 2899 3307 sacratissimum
2942 3251 3153 3322 patroni
3200 3267 3388 3321 corpus
3434 3250 3505 3304 ad
3542 3252 3811 3320 proprium

2224 3341 2495 3396 retulimus
2543 3351 2957 3396 monumentum.
3008 3339 3290 3395 Posuimus
3340 3350 3516 3394 autem
3553 3340 3653 3393 sub
3685 3356 3814 3392 ana-

2224 3434 2448 3489 themate
2485 3450 2572 3488 eos
2624 3434 2716 3503 qui
2752 3434 2808 3486 in
2845 3442 3025 3487 nostra
3052 3431 3259 3486 dioecesi
3314 3431 3536 3485 ulterius
3567 3431 3708 3483 hanc
3735 3430 3814 3483 in-

2223 3528 2455 3596 quietare
2478 3531 2850 3595 prtcsumerent
2887 3524 3195 3577 sententiam
3249 3521 3381 3592 (ll).
3431 3520 3563 3576 Post
3592 3521 3815 3574 multum

2226 3636 2343 3676 vero
2373 3619 2638 3689 temporis,
2672 3634 2790 3673 cum
2821 3618 2874 3672 in
2904 3616 3171 3672 nonnullis
3211 3633 3301 3686 per
3329 3613 3563 3670 Galliam
3589 3614 3817 3669 ecclesiis

2227 3713 2292 3767 de
2331 3712 2428 3766 hoc
2476 3710 2628 3766 verbo
2675 3727 2913 3764 murmur
2962 3710 3137 3778 ﬁeret,
3178 3718 3226 3762 et
3270 3709 3485 3778 quidam
3529 3707 3759 3775 dicerent
3797 3741 3813 3756 .

2234 3821 2252 3854 ι
2286 3801 2561 3868 Quomodo
2584 3810 2744 3870 potest
2769 3799 3035 3870 apostolus
3057 3815 3167 3854 esse
3191 3800 3281 3870 qui
3310 3799 3363 3852 in
3388 3797 3693 3869 Evongeliis
3720 3813 3822 3850 non

2229 3894 2445 3958 dicitur,
2477 3892 2568 3947 sed
2616 3908 2708 3945 nec
2757 3892 2812 3944 in
2859 3890 3071 3945 Actibus
3110 3889 3467 3960 apostolorum
3507 3873 3820 3956 manifesta-

2231 3983 2365 4037 tur?
2399 4002 2420 4036 s
2464 3981 2559 4035 alii
2600 3998 2716 4036 vero
2747 3990 2989 4052 putarent
3020 3964 3287 4051 nunquam
3337 3981 3592 4033 hactenus
3625 3979 3823 4032 dictum

2230 4075 2286 4128 id
2310 4090 2441 4140 esse,
2463 4073 2554 4127 sed
2584 4072 2784 4127 nouiter
2814 4089 2846 4124 a
2874 4072 3019 4126 nobis
3041 4073 3290 4141 primum,
3313 4069 3452 4141 quod
3477 4069 3653 4121 absit!
3672 4083 3826 4121 usur-

2232 4176 2412 4236 patum
2460 4181 2601 4224 esse,
2654 4165 2944 4232 iterumque
2986 4161 3156 4230 gravis
3205 4159 3479 4213 altercatio
3518 4157 3823 4226 pullularet,

2233 4252 2344 4309 Deo
2369 4253 2719 4323 dispensante,
2740 4250 2937 4304 directa
2962 4257 3035 4303 est
3063 4247 3208 4302 nobis
3227 4262 3383 4315 super
3404 4247 3503 4299 hac
3525 4262 3581 4299 re
3606 4244 3826 4315 epistola

2157 4346 2301 4423 Dab
2348 4342 2652 4413 apostolicae
2707 4339 2957 4396 Romana:
3010 4339 3148 4394 sedis
3212 4354 3350 4409 papa
3392 4334 3627 4391 Joanne.
3684 4334 3827 4389 Tunc

2237 4436 2476 4491 unanimi
2514 4431 2751 4489 consulto
2781 4433 3046 4487 decretum
3092 4429 3331 4498 fecimus,
3373 4437 3432 4480 ut
3475 4436 3695 4497 prapter
3735 4427 3829 4479 hoc

2237 4526 2449 4581 verbum
2488 4525 2679 4579 iterum
2723 4533 2813 4578 aut
2853 4520 3240 4590 suscipiendum
3268 4525 3361 4573 aut
3402 4533 3509 4571 non
3542 4516 3832 4586 suscipien-

2239 4622 2390 4685 dum,
2426 4617 2758 4688 congregatio
2788 4614 3148 4685 episcoporum
3181 4622 3337 4680 atque
3376 4607 3671 4678 peritorum
3700 4606 3828 4659 viro-

2226 4688 2359 4765 rum
2388 4710 2457 4764 ad
2502 4710 2637 4763 hanc
2685 4706 2863 4760 urbem
2915 4703 3267 4774 colligeretur.
3308 4698 3369 4754 Si
3400 4713 3526 4768 ergo
3555 4692 3828 4750 decernitis

2242 4803 2376 4855 hanc
2406 4816 2509 4854 non
2546 4797 2739 4867 suscipi
2788 4794 2969 4850 debere
3017 4792 3326 4847 sententiam
3350 4831 3365 4855 ,
3405 4803 3500 4842 nec
3526 4804 3561 4840 a
3591 4803 3675 4840 me
3698 4784 3827 4839 ultra

2244 4889 2576 4959 suscipienda
2598 4898 2695 4951 est,
2721 4887 2809 4941 sed
2839 4884 3004 4955 magis
3027 4880 3404 4953 impugnanda.
3436 4877 3498 4933 Si
3520 4886 3699 4931 autem
3723 4889 3828 4929 sus-

2246 4980 2440 5050 cipitis,
2466 4989 2513 5035 et
2550 4996 2642 5050 ego
2673 4979 2747 5032 ita
2775 4977 3023 5045 suscipio,
3053 4974 3187 5029 sicut
3219 4982 3339 5026 ante
3380 4984 3741 5040 susceperant,
3776 4971 3827 5018 ut

2245 5070 2536 5142 quicunque
2584 5080 2775 5124 nostra:
2801 5065 3035 5122 dicecesis
3061 5067 3117 5118 in
3164 5079 3226 5118 eo
3255 5061 3571 5118 scandalum
3595 5070 3828 5130 generare

2250 5163 2470 5218 ulterius
2498 5159 2911 5232 prtesumpserit,
2951 5167 3061 5210 tam
3099 5162 3273 5211 vestra
3297 5167 3454 5225 quam
3484 5160 3669 5205 nostra
3699 5160 3827 5201 coer-
