4044 5290
222 109 359 168 1877

1275 124 1455 183 ACTA
1495 124 1785 185 CONCILII
1830 130 2329 193 LEMOVICENSIS
2364 135 2427 191 ll.

3347 150 3484 208 1578

221 224 462 280 Romana
512 216 753 283 Ecclésls
805 231 1066 302 suscipit,
1105 243 1159 290 et
1207 239 1402 307 suscipi
1453 255 1548 310 per
1592 250 1796 297 textum
1827 228 2080 305 {etesiae
2127 236 2796 322 dedit'arcbiepiscopus;
2847 260 3136 313 secundam
3164 300 3179 324 ,
3230 263 3485 321 audiente

220 312 460 385 epistola
509 315 766 382 mandat,
818 326 872 375 et
917 321 1058 377 banc
1108 322 1276 393 ipsum
1325 342 1436 382 rem
1470 328 1803 388 Bituricense

223 407 507 463 concilium
541 411 848 505 npperrime
875 412 1220 480 collaudavit,
1251 418 1330 472 sic
1364 419 1524 474 laudo
1562 420 1665 476 hoc
1701 423 1801 478 bo—

224 512 351 552 num
394 512 535 562 eSse,
566 502 621 554 et
649 502 699 556 in
734 517 867 573 pace
909 504 1162 576 suscipio,
1194 518 1248 562 et
1280 507 1438 577 hujus
1465 513 1636 567 sancti
1671 528 1803 569 con-
1837 575 1841 579 _

224 589 334 645 cllii
382 588 777 647 fraternitatem
822 593 1024 665 absque
1080 598 1376 654 schismate
1425 602 1703 673 suscipere
1749 604 1804 662 id

225 680 453 736 obsecro
481 691 535 737 et
562 683 841 739 exhortor.
871 685 928 741 Si
955 688 1077 758 quis
1104 698 1284 745 autem
1313 691 1671 751 exltortationi
1705 711 1805 753 no-

225 777 352 827 stra:
381 784 488 826 non
524 772 875 840 acquieverit,
906 774 1362 844 habeatjudicem
1402 781 1590 846 Deum,
1620 785 1827 842 uniusv

224 858 489 931 cujusque
514 862 862 919 conscientize
892 873 1105 922 testem.
1141 864 1526 926 Verumtamen
1557 888 1805 946 compro-

224 952 485 1008 vinciales
515 962 732 1010 nostros
761 971 979 1013 necesse
1009 966 1114 1024 est,
1146 961 1248 1015 nisi
1293 966 1662 1034 susceperint,
1710 969 1805 1023 ad.

226 1041 415 1095 moniti
432 1040 557 1113 [fon
573 1045 847 1100 admoneri
870 1046 948 1119 ut]
967 1048 1221 1105 obediant
1237 1051 1493 1108 Romana:
1512 1056 1623 1111 sedi
1640 1058 1803 1128 capiti

225 1144 348 1194 suo,
382 1146 569 1187 severa
609 1137 931 1191 auctoritate
961 1149 1142 1192 nostra
1172 1143 1459 1212 compulsi.
1499 1164 1518 1198 ι

291 1219 377 1274 Ad
411 1222 524 1276 hmc
560 1221 829 1277 Jordanus
866 1229 1189 1283 venerabilis
1225 1232 1301 1283 ait
1331 1248 1344 1284 :
1381 1230 1447 1285 Ut
1486 1234 1659 1301 video,
1683 1238 1807 1306 quia

222 1311 318 1367 hoc
349 1314 556 1367 verbum
595 1316 649 1369 in
681 1316 814 1370 bona
845 1319 1104 1375 voluntate
1137 1323 1233 1377 Dei
1269 1342 1300 1379 a
1335 1327 1484 1382 nobis
1525 1345 1643 1385 cum
1681 1350 1808 1402 pace

220 1405 526 1473 suscipitur,
563 1409 761 1477 gratias
790 1409 993 1479 agimus
1023 1412 1150 1467 Iesu
1183 1414 1391 1474 Christo
1426 1419 1653 1478 Domino
1688 1422 1810 1481 Sal~

217 1496 393 1550 vatori
430 1508 640 1563 nostra;
671 1509 717 1553 et
749 1500 1045 1558 benedictus
1084 1505 1244 1570 Deus,
1275 1510 1365 1579 qui
1392 1513 1528 1567 hanc
1570 1528 1805 1573 sanctam

1902 334 2049 388 omni
2094 334 2347 401 ecclesia,
2384 338 2449 392 de
2497 339 2638 395 beati
2676 340 2932 399 Martialis
2970 351 3487 409 connuemoratiouc

1903 427 2179 482 annexuit.
2208 426 2338 495 Quae
2362 432 2538 487 oratio
2564 432 2618 486 in
2646 434 2789 488 hunc
2819 435 3034 491 modum
3061 440 3370 495 continetur
3398 461 3411 496 :

1976 515 2317 588 Omnipotens
2355 524 2663 591 sempiterne
2701 526 2873 593 Deus,
2904 528 2995 599 qui
3024 531 3227 586 beatum
3262 533 3490 590 Martia-

1904 603 2005 660 lem
2034 609 2326 679 apostolum
2353 612 2584 668 eccleslte
2616 625 2720 670 tuae
2754 628 2948 672 sanctae
2991 637 3214 685 praesse
3254 622 3489 691 uoluisti,

1906 712 2226 767 quasumus,
2256 701 2426 767 nobis,
2448 704 2562 774 ejus
2591 706 3006 778 su/I‘ragantibus
3031 711 3250 779 meritis,
3277 714 3490 784 pietatis

1906 796 2013 843 luce
2044 791 2270 860 gratiam
2304 789 2573 863 largioris.

1977 877 2148 946 Quam
2167 882 2466 938 orationem
2491 884 2692 940 idcirco
2714 888 3012 959 praesertim
3034 891 3212 962 palam
3239 894 3490 950 omnibus

1905 968 2076 1025 voluit
2102 971 2415 1042 protulisse,
2449 984 2508 1029 ut
2540 977 2831 1033 testimonii
2869 981 3201 1049 apostolatus
3228 983 3369 1039 beati
3402 1000 3493 1054 pa-

1910 1062 2052 1116 troni
2081 1062 2260 1119 clarus
2287 1074 2527 1120 assertor
2558 1066 2760 1137 liquido
2784 1079 3105 1141 putesceret.
3137 1065 3267 1142 Quae
3289 1075 3488 1140 oratio,

1908 1166 2031 1206 cum
2060 1150 2277 1209 Secreta
2303 1195 2318 1217 ,
2362 1165 2415 1210 et
2444 1155 2768 1214 Prwlatione
2794 1199 2809 1224 ,
2858 1170 2913 1215 et
2942 1178 3005 1216 ea
3053 1180 3172 1235 qua:
3201 1165 3399 1221 dicitur
3426 1168 3491 1223 ad

1910 1243 2305 1312 complendmn,
2339 1246 2543 1302 idcirco
2573 1247 2902 1320 Gregoriana
2953 1267 3073 1307 esse
3117 1253 3332 1320 dicitur,
3364 1255 3492 1326 quia

1911 1349 1940 1387 a
1979 1331 2187 1391 Joanne
2233 1352 2367 1407 pupa
2417 1337 2661 1395 Romano
2704 1342 2770 1397 ad
2819 1340 3236 1403 Lemovicenses
3286 1347 3495 1406 directa

1903 1422 2217 1493 jamdudum
2249 1424 2445 1481 fuerat.

1982 1512 2107 1570 Post
2155 1516 2499 1589 Evangelium
2550 1524 2782 1597 denique
2813 1527 3040 1594 lectum,
3070 1527 3214 1584 facto
3242 1530 3296 1585 in
3343 1530 3498 1602 plebe

216 1586 634 1646 Lemovicensem
685 1591 977 1649 Ecclesium
1019 1600 1310 1655 sacerdotio
1358 1604 1494 1659 beati
1543 1606 1807 1667 Martialis

1914 1603 2151 1671 silentio,
2181 1605 2449 1665 Jordauus
2489 1614 2750 1681 pontifex,
2783 1632 3043 1673 conversa
3098 1617 3234 1675 faeie
3279 1620 3345 1674 ad
3384 1621 3498 1692 ple-

215 1679 533 1747 nobilitavit,
566 1692 612 1737 et
652 1683 787 1737 hanc
830 1697 1029 1756 gentem
1077 1691 1347 1746 occiduam
1390 1695 1503 1766 ejus
1532 1697 1810 1771 fructifera

211 1771 592 1838 prtedicatione
619 1774 683 1826 ab
719 1775 982 1831 idolorum
1010 1781 1254 1835 servitute
1284 1784 1354 1836 ad
1391 1803 1563 1842 veram
1592 1788 1806 1845 liberta-

216 1867 315 1911 tem
377 1865 617 1916 retraxit.
673 1863 784 1934 Ipsi
841 1863 993 1921 Patri
1052 1869 1260 1927 Domini
1307 1877 1471 1930 nostri
1514 1881 1807 1948 gratiarum

219 1950 448 2006 actiones
480 1954 769 2024 offerimus,
797 1958 888 2027 qui
919 1960 1084 2012 notuit
1122 1960 1389 2018 lucernam
1417 1967 1686 2024 ardentem
1710 1974 1807 2025 sub

218 2042 394 2096 modio
416 2046 689 2111 occultari,
731 2064 822 2101 nec
848 2049 1105 2104 civitatem
1141 2069 1301 2126 supra
1332 2067 1555 2110 montem
1580 2063 1807 2127 positam

218 2129 503 2198 abscondi;
541 2136 632 2189 sed
662 2137 801 2206 quod
828 2138 890 2192 ab
922 2140 1235 2210 antiquitate
1267 2152 1443 2211 patres
1472 2147 1638 2200 nostri
1660 2149 1807 2217 prio-

217 2236 297 2276 res
324 2223 621 2293 probantur
652 2244 1074 2298 prtroccupasse,
1124 2247 1259 2285 nunc
1297 2234 1630 2290 eventilatum
1680 2255 1811 2308 pru-

217 2308 401 2366 denter
426 2313 478 2367 in
507 2313 687 2369 diebus
733 2315 923 2370 nostris
950 2357 966 2382 ,
1007 2318 1193 2390 largiri
1226 2323 1373 2378 nobis
1414 2325 1665 2395 dignatur
1694 2327 1808 2384 luce

216 2400 414 2456 clarius
447 2421 717 2474 apparere.
754 2405 884 2461 Vere
908 2409 1091 2463 caelum
1121 2421 1168 2464 et
1200 2423 1339 2467 terra
1374 2417 1691 2483 transibunt,
1715 2421 1808 2474 sed

216 2494 371 2548 verba
401 2503 448 2548 et
475 2497 732 2563 promissa
779 2497 873 2552 Dei
906 2516 1007 2553 non
1046 2503 1404 2570 prtvteribunt.
1446 2503 1514 2558 Et
1547 2506 1593 2559 si
1628 2506 1807 2564 beatus

219 2580 489 2639 Martialis
524 2584 618 2641 lua:
649 2587 831 2641 mundi
879 2605 911 2642 a
956 2587 1180 2644 Domino
1224 2602 1435 2646 vocatus
1482 2604 1579 2658 est,
1623 2595 1806 2652 cadent

216 2674 498 2742 promissio
537 2675 747 2731 Domini
775 2678 1092 2747 impossibile
1128 2690 1202 2735 est
1244 2683 1372 2753 quin
1405 2683 1726 2753 compleatur
1752 2688 1806 2743 in

217 2778 300 2829 eo,
326 2765 418 2835 qui
448 2766 611 2836 ofﬁcio
653 2769 979 2836 apostolatus
1009 2779 1057 2824 et
1082 2772 1472 2842 pradicationis
1502 2773 1693 2830 claruit
1724 2775 1808 2831 lu-

216 2854 356 2908 mine
407 2872 616 2925 magno.
668 2856 897 2929 Ideoque
939 2859 997 2915 in
1031 2863 1240 2917 nomine
1281 2863 1429 2933 ipso,
1459 2863 1584 2934 jure
1625 2868 1805 2925 rutilat

216 2941 427 3015 fulgore
452 2947 758 3015 apostolico.

288 3056 490 3113 lterum
517 3075 812 3117 conversus
840 3063 909 3119 ad
937 3064 1429 3139 archiepiscopum,
1463 3068 1676 3128 locutus
1701 3081 1806 3141 est,

220 3143 408 3201 dicens
440 3163 453 3199 :
486 3147 634 3215 Itim,
664 3151 712 3204 si
747 3151 939 3221 placet,
970 3157 1278 3213 venerabilis
1304 3170 1471 3229 pater,
1509 3162 1810 3219 absolvatur

218 3235 531 3294 hodiernum
554 3242 856 3307 concilium,
880 3260 943 3300 ne
966 3246 1191 3318 papulus
1220 3250 1433 3319 festivus
1462 3253 1621 3308 twdio
1646 3269 1809 3310 morte

221 3337 416 3383 nostra:
440 3343 702 3401 gravetur.
733 3333 977 3391 Crastina
1014 3340 1152 3392 enim
1182 3350 1230 3394 et
1262 3343 1417 3397 tertia
1460 3343 1546 3399 die
1588 3344 1654 3400 de
1687 3345 1809 3401 aliis

220 3416 543 3488 disputaturi
580 3420 687 3476 Deo
715 3425 907 3480 erimus
932 3429 1244 3486 auxiliante.
1293 3431 1453 3489 Nunc
1494 3452 1618 3507 ergo
1650 3436 1809 3491 simul

222 3525 398 3566 omnes
421 3513 491 3567 ad
518 3515 785 3570 ecclesiam
814 3515 1105 3576 Saluatoris
1132 3526 1295 3578 nostri
1322 3527 1687 3601 procedamus,
1721 3530 1808 3583 ubi

222 3615 317 3655 nos
356 3602 553 3657 multus
600 3616 861 3671 exspectat
903 3610 1126 3679 populus
1149 3652 1165 3677 ,
1208 3615 1485 3671 stationem
1522 3617 1594 3671 ibi
1619 3617 1808 3688 festam

223 3702 443 3758 agamus
497 3703 544 3746 et
571 3694 888 3762 sacriﬁcium
919 3713 1014 3768 pro
1051 3698 1381 3758 solemnitate
1404 3721 1543 3761 unus
1569 3723 1633 3761 ex
1659 3708 1807 3764 nobis

218 3773 331 3832 Deo
358 3781 566 3850 offerat.
601 3781 714 3838 Nos
753 3802 957 3855 quoque
983 3787 1169 3860 reliqui
1195 3792 1306 3848 illic
1331 3795 1806 3865 circumstabimus,

220 3873 269 3917 et
292 3869 544 3937 populum
574 3872 638 3925 de
658 3876 904 3940 prasenti
931 3879 1150 3934 concilio
1177 3882 1593 3952 admonebimus,
1632 3899 1681 3942 et
1709 3906 1808 3959 pa-

223 3954 387 4021 ciﬁcis
417 3960 848 4043 benedictionem,
880 3966 1013 4021 bella
1045 3969 1330 4027 volentibus
1366 3954 1806 4047 maledictionem,

221 4051 504 4107 secundum
536 4040 697 4126 legem
739 4056 950 4112 Domini
976 4077 1344 4132 proponemus.

289 4136 373 4191 Ad
405 4141 548 4198 hunc
577 4159 883 4200 sermonem
931 4149 998 4203 de
1043 4149 1263 4207 sedibus
1305 4154 1419 4211 suis
1455 4169 1809 4214 surrexerunt

1911 1693 2055 1758 bem,
2088 1705 2272 1752 astans
2322 1714 2502 1756 coram
2553 1703 2708 1760 altari
2759 1706 2812 1761 in
2857 1708 3201 1766 eminentiori
3249 1711 3384 1777 loco,
3417 1714 3498 1770 sic

1912 1783 2110 1855 alloqui
2138 1789 2304 1857 coepit
2328 1792 2606 1860 populum,
2634 1796 2821 1853 dicens
2855 1816 2868 1851 :
2902 1793 3232 1865 Audiuimus,
3266 1803 3498 1858 dilectis-

1909 1877 2046 1940 simi,
2077 1883 2229 1934 verba
2262 1884 2433 1937 sancti
2466 1883 2739 1957 Evangelii
2767 1905 2787 1943 :
2822 1907 2840 1940 ι
2872 1889 3009 1958 Quia
3037 1894 3170 1946 venit
3209 1892 3378 1949 Filius
3407 1897 3500 1952 ho-

1910 1969 2064 2024 minis
2102 1987 2336 2042 quaerere
2387 1984 2435 2028 et
2463 1976 2666 2031 salvum
2695 1978 2869 2048 facere
2892 1983 3032 2052 quod
3060 1985 3284 2052 perierat
3330 1985 3496 2056 (Luc.

1912 2059 2051 2128 xix).
2087 2078 2107 2111 s
2149 2059 2276 2114 Ideo
2306 2063 2443 2117 enim
2474 2063 2721 2120 Salvator
2753 2069 2951 2124 dicitur
2977 2088 3087 2126 esse
3120 2072 3373 2130 Dominus
3408 2095 3499 2131 no-

1908 2157 2016 2201 ster
2049 2147 2207 2206 Iesus
2237 2150 2496 2219 Christus,
2525 2157 2646 2226 quia
2673 2174 2847 2213 omnes
2870 2172 3141 2228 peccantes
3172 2163 3276 2218 vult
3304 2167 3374 2219 ad
3401 2183 3492 2221 sa-

1910 2236 2071 2294 lutem
2121 2256 2396 2306 revocare,
2430 2244 2633 2300 dicente
2671 2247 2920 2318 Apostolo
2953 2263 2972 2301 :
3008 2268 3027 2301 ι
3061 2249 3263 2306 Fidelis
3279 2248 3494 2320 'sermo,

1908 2330 2030 2398 quia
2061 2329 2299 2385 Christus
2326 2330 2483 2388 Iesus
2530 2336 2662 2390 venit
2692 2337 2749 2392 in
2790 2340 3043 2393 mundum
3067 2354 3361 2411 peccat0res
3389 2345 3499 2399 sal-

1908 2435 1996 2472 vos
2023 2418 2450 2492 facere,quorum
2479 2426 2676 2491 primus
2692 2443 2784 2497 ego
2802 2445 2917 2491 sum
2946 2428 2994 2499 (1
3028 2428 3162 2485 Tim.
3189 2433 3251 2502 t).
3274 2452 3291 2485 ι
3329 2433 3498 2490 Cum.

1908 2525 2015 2580 que
2043 2513 2110 2566 de
2142 2512 2243 2567 lide
2267 2512 2532 2581 Zaccluei,
2563 2518 2654 2588 qui
2680 2517 2996 2576 delt-audam
3025 2523 3255 2579 reddidit
3282 2525 3333 2580 in
3361 2542 3494 2597 qua-

1911 2600 2179 2671 druplum,
2220 2605 2406 2673 paucis
2437 2605 2681 2673 dixisset,
2711 2620 2877 2680 atque
2927 2613 2993 2668 ad
3037 2614 3252 2678 milites,
3292 2616 3496 2687 depra-

1908 2691 2119 2758 dantes,
2148 2696 2263 2751 sive
2308 2712 2403 2767 per
2431 2697 2755 2756 calumniam
2785 2700 2869 2757 vel
2918 2705 3213 2773 potentiam
3259 2721 3346 2760 res
3371 2722 3498 2761 san-

1908 2768 2100 2841 ctuarii
2131 2797 2184 2843 et
2211 2803 2505 2859 pauperum
2535 2792 2748 2847 turbam
2777 2768 3164 2864 opprimentes,
3195 2805 3251 2851 ut
3281 2796 3494 2854 ﬁdelem

1834 2918 1881 2980 ϐ
1914 2876 2229 2933 Zacehteum
2280 2879 2558 2937 imitantes
2601 2897 2665 2938 ea
2704 2880 2851 2952 juste
2902 2885 3249 2942 restituerent
3298 2890 3495 2980 quibus

1913 2978 2226 3039 rapuerant,
2254 2972 2573 3028 retraxisset
2616 2988 2944 3039 sermonem,
2975 2976 3039 3031 ad
3069 2976 3316 3032 ultimum
3349 2977 3496 3046 adje-

1910 3059 2011 3126 cit,
2037 3059 2221 3116 dicens
2247 3079 2261 3115 :
2286 3060 2419 3117 Ecce
2439 3075 2652 3133 propter
2678 3076 2897 3121 vestram
2921 3085 3119 3139 pacem,
3143 3069 3493 3137 dilectissimi,

1908 3146 1992 3204 hic
2017 3149 2208 3205 adsunt
2235 3162 2470 3222 pastores
2499 3152 2878 3222 Ecclesiarum,
2911 3160 3079 3212 sancti
3105 3159 3298 3229 fratres
3332 3161 3496 3216 nostri

1908 3241 2153 3311 episcopi,
2193 3243 2284 3310 qui
2325 3244 2395 3297 ad
2439 3245 2810 3302 sublevandam
2841 3264 2971 3302 onus
3011 3251 3113 3304 mei
3138 3253 3406 3320 ponderis,
3444 3260 3495 3307 et
3556 3248 3569 3253 ’

1911 3349 1999 3388 vos
2023 3334 2302 3391 salvandos
2325 3346 2479 3409 atque
2499 3338 2870 3408 paciﬁcandos,
2895 3342 3097 3412 dignati
3125 3356 3243 3398 sunt
3270 3347 3339 3399 ad
3358 3348 3494 3402 hanc

1909 3423 2087 3478 urbem
2122 3428 2440 3492 convenisse,
2470 3439 2738 3498 sequentes
2763 3428 2974 3486 Domini
3001 3435 3168 3487 nostri
3188 3433 3319 3490 Iesu
3343 3436 3495 3491 Chri-

1908 3513 1977 3568 sti
2004 3516 2326 3585 exemplum,
2364 3518 2455 3589 qui
2491 3521 2625 3574 venit
2676 3538 2695 3571 ι
2725 3538 2958 3594 quaerere
2998 3533 3047 3578 et
3081 3524 3285 3580 salvum
3321 3528 3495 3597 facere

1909 3606 2049 3675 quod
2062 3607 2322 3676 perierat.
2354 3627 2372 3659 ι
2420 3608 2538 3675 Qua
2578 3611 2643 3665 de
2670 3628 2777 3666 una
2821 3630 2874 3668 re
2895 3631 3010 3669 cum
3038 3615 3146 3670 illis
3176 3633 3358 3672 moneo
3384 3636 3493 3686 vos,

1911 3698 2170 3752 obtestans
2194 3699 2247 3752 in
2275 3697 2503 3753 Domino
2523 3699 2669 3761 Iesu.
2696 3713 2952 3773 quatenus
2974 3722 3122 3761 nemo
3141 3717 3364 3763 uestrum
3390 3709 3495 3764 illis

1910 3786 2327 3856 inobtemperans
2348 3789 2569 3843 existere
2586 3802 2892 3858 prtcsumat,
2921 3809 3069 3848 nemo
3091 3811 3202 3849 sese
3220 3813 3251 3848 a
3273 3797 3494 3851 concilio

1910 3876 2011 3930 isto
2032 3878 2329 3933 excusando
2349 3878 2628 3944 subducat,
2653 3882 2744 3935 sed
2769 3898 2946 3938 omnes
2976 3884 3233 3954 principes
3252 3895 3300 3939 et
3322 3889 3510 3954 capita,

1908 3966 2219 4037 populorum
2250 3985 2316 4024 ea:
2353 3967 2706 4025 Lemovicensi
2746 3973 3017 4040 provincia
3055 3974 3108 4026 in
3134 3974 3420 4031 crastinum
3446 3987 3492 4031 et

1911 4057 2121 4110 tertium
2141 4057 2278 4111 diem
2316 4058 2385 4111 ad
2411 4074 2503 4112 nos
2532 4048 2655 4113 cum
2689 4076 2816 4128 pace
2840 4061 3167 4123 conveniant,
3192 4070 3238 4114 et
3263 4062 3438 4117 nullus
3462 4080 3496 4117 a

1911 4156 2087 4199 nostro
2119 4155 2252 4200 ctetu
2291 4148 2555 4202 communi
2579 4148 2807 4213 secedat,
2830 4150 2933 4203 nisi
2963 4168 2995 4204 a
3028 4151 3173 4203 nobis
3200 4149 3496 4208 voluntario

223 4224 482 4301 episcopi,
509 4241 564 4286 et
590 4249 713 4289 cum
745 4235 936 4291 timore
962 4236 1057 4294 Dei
1086 4253 1485 4312 processerunt,
1515 4247 1809 4315 ascende"-
1838 4250 1887 4311 ι)
1912 4234 2089 4288 animo
2120 4235 2328 4305 jussus.
2391 4234 2821 4292 Convenientibus
2847 4248 3034 4319 autem
3079 4239 3150 4292 ad
3192 4241 3493 4307 concilium,

223 4320 306 4371 tes
335 4321 402 4375 ad
431 4322 606 4378 locum
656 4326 877 4396 templi,
924 4328 992 4383 ad
1036 4329 1302 4387 audienda
1332 4334 1593 4391 solemnia
1630 4352 1809 4392 sacro-

224 4417 426 4466 sancta:
471 4412 723 4471 basilicae.
776 4415 1022 4487 Rogante
1055 4434 1185 4475 vero
1228 4425 1519 4480 venerabili
1546 4423 1805 4495 Jordano,

225 4504 565 4572 metropolita
614 4506 1160 4568 Bituricensis-sacro
1211 4529 1343 4570 usus
1371 4516 1535 4585 pallio
1565 4519 1633 4573 ad
1660 4519 1806 4574 cele-

223 4580 427 4645 branda
455 4604 641 4650 sancta
670 4596 899 4652 acoedit.
931 4597 1075 4655 Inter
1098 4599 1284 4657 laudes
1315 4580 1517 4669 autem,
1547 4620 1667 4676 qua:
1694 4609 1809 4684 τρό-

222 4694 310 4732 ποι
338 4679 529 4740 Grmco
556 4687 773 4742 nomine
801 4689 1053 4745 dicuntur
1096 4707 1126 4746 a
1174 4694 1529 4750 conversione
1568 4679 1807 4767 vulgaris

225 4768 605 4831 modulationis
630 4784 659 4839 ,ί
691 4778 819 4832 dum
861 4795 1051 4842 versus
1081 4791 1279 4838 sanctis
1309 4783 1593 4842 Trinitatis
1620 4800 1649 4840 a
1679 4802 1805 4843 can-

231 4860 432 4921 tatibus
466 4869 885 4937 exclamaretur,
935 4874 1079 4929 illico
1122 4888 1315 4932 omnes
1357 4877 1639 4948 episcopi,
1682 4892 1805 4935 cum

228 4956 631 5036 archiepiscopo
657 4976 714 5020 et
737 4967 1052 5031 diaconibus
1077 4970 1397 5041 ueterisque
1425 4973 1707 5038 miniStris,
1737 4975 1806 5030 ad

229 5050 515 5109 maximum
544 5058 714 5113 altare
742 5058 945 5126 pariter
971 5061 1293 5120 accedentes
1337 5074 1652 5132 oravertmt,
1683 5082 1805 5122 mu-

229 5139 479 5212 tuamque
507 5154 618 5203 tam
663 5147 765 5202 sibi
796 5164 955 5217 quam
986 5149 1252 5206 ministris
1279 5153 1470 5211 altaris
1507 5174 1714 5228 pacem,
1750 5168 1808 5216 ut

227 5237 341 5283 tuos
365 5244 467 5290 est.
497 5237 793 5290 dederunt:
843 5238 1033 5290 deinde
1076 5254 1176 5290 uer
1201 5241 1490 5290 circuitum
1532 5248 1723 5290 alim-ie
1754 5249 1805 5290 in

1911 4341 2061 4380 nemo
2090 4326 2241 4380 alteri
2272 4339 2482 4398 propter
2513 4327 2719 4398 aliquas
2751 4328 3053 4383 inimicitias
3086 4344 3268 4384 nocere
3294 4347 3495 4400 prauu-

1910 4425 2036 4481 ntat,
2059 4417 2163 4472 sive
2183 4418 2237 4471 in
2255 4418 2620 4487 facultatibus,
2645 4421 2753 4474 sive
2772 4420 2826 4474 in
2845 4420 2999 4474 domo
3022 4421 3157 4491 ejus,
3183 4436 3345 4491 neque
3368 4427 3495 4478 dum

1910 4506 1996 4559 hic
2020 4509 2237 4572 steterit,
2264 4523 2427 4578 neque
2454 4508 2580 4564 dum
2603 4510 2672 4563 ad
2698 4511 2913 4580 propria
2936 4511 3168 4574 redierit,
3191 4528 3352 4581 neque
3372 4522 3498 4566 ante

1908 4606 2101 4667 septem
2131 4598 2242 4652 dies
2274 4609 2549 4671 postquam
2586 4617 2846 4673 regressus
2887 4603 3067 4672 fuerit.
3106 4602 3274 4655 Nemo
3307 4604 3360 4657 in
3394 4604 3496 4659 hac

1910 4692 2309 4762 congregatione
2333 4694 2635 4749 seditionem
2662 4706 2889 4767 generet,
2911 4711 3076 4765 neque
3096 4704 3245 4749 extra
3271 4697 3445 4753 urbem
3473 4713 3495 4753 :

1910 4782 2087 4838 nullus
2106 4784 2306 4852 aliquid
2326 4802 2418 4855 per
2442 4787 2543 4840 vim
2568 4789 2772 4856 rapiat;
2810 4786 3008 4851 nullus,
3031 4793 3085 4838 ut
3106 4783 3320 4851 assolet,
3347 4787 3498 4859 quasi

1906 4884 2118 4945 propter
2130 4862 2307 4945 justas
2327 4877 2587 4946 querelas,
2612 4891 2842 4945 pugnam
2869 4877 3002 4930 inire
3035 4874 3353 4942 constituat;
3384 4877 3503 4929 nul-

1910 4968 1994 5022 lus
2016 4967 2101 5020 hic
2128 4966 2508 5034 expeditionem
2558 4982 2719 5036 neque
2739 4968 3029 5036 equitatum
3050 4965 3186 5017 ineat
3209 4964 3505 5036 aliquando

1908 5054 2191 5127 agendum.
2224 5052 2328 5108 Sed
2366 5057 2499 5110 nihil
2536 5054 2683 5109 aliud
2722 5055 2809 5108 hic
2839 5072 2993 5129 quam
3026 5069 3204 5123 pacem
3236 5057 3508 5128 quispiam

1908 5145 2161 5218 inquirat,
2187 5144 2231 5198 si
2253 5143 2388 5212 forte
2406 5163 2514 5216 pax
2534 5144 2680 5200 nobis
2703 5161 2735 5197 α
2758 5145 2987 5201 Domino
3010 5141 3275 5197 tribuatur
3308 5147 3509 5217 quieta.

1908 5240 2036 5290 auia
2063 5237 2148 5290 hic
2177 5246 2456 5290 conuentus
2486 5237 2693 5290 proprie
2735 5247 3019 5290 conventus
3053 5231 3269 5288 Domini
3304 5246 3408 5290 est.
3441 5233 3511 5290 ad
