4044 5290
543 245 681 302 ητο

1502 245 1858 307 JORDANUS
1893 238 2393 301 LEMOVICENSIS
2430 241 2826 299 EPISCOPUS.

3660 248 3794 306 1380

544 384 576 420 a
617 364 842 420 Domino
883 372 1056 417 nostra
1097 362 1224 417 Iesu
1267 363 1473 419 Christo
1499 404 1515 428 ,
1553 377 1600 420 et
1634 366 1827 420 sanctis
1864 362 2115 433 apostolis
2143 368 2192 423 Α
2219 367 2634 429 sanctorumque
2668 357 2900 413 aliorum
2926 359 3314 428 apostolorum,
3347 359 3546 429 quibus
3575 363 3795 432 prepris

547 455 681 526 ejus,
714 452 1087 507 absolutionem
1117 454 1432 527 capferimus
1459 465 1811 524 peccatorum,
1842 464 1888 508 et
1914 453 2124 507 benedi-

553 545 774 607 ctionem
817 553 1086 605 a’ternam,
1112 552 1165 594 ut
1207 542 1338 595 sicut
1380 543 1629 597 Dominus
1670 545 1815 596 beato
1860 542 2034 607 Petro,
2073 551 2122 595 et

548 633 667 685 Ituic
701 631 846 684 beato
886 630 1143 697 Martiali,
1183 632 1251 684 ad
1293 632 1443 701 cujus
1486 634 1895 685 sacratissimum
1938 648 2121 701 corpus

547 725 859 780 assistimus.
892 724 1191 792 tmterisque
1239 723 1485 792 apostolis
1522 725 1758 776 virtutem
1804 733 1956 791 atque
1984 733 2120 790 pote-

477 845 480 848 ~
543 824 729 866 statem
753 810 954 880 ligandi
979 822 1132 881 atque
1152 811 1382 865 solvendi
1406 812 1630 865 tribuere
1649 814 1893 883 dignatus
1925 821 2021 876 est,
2046 813 2121 864 ita

542 922 574 954 a
598 913 927 970 peccatorum
971 903 1187 955 nexibus
1227 902 1489 956 absolvere
1528 903 1770 974 dignetur
1807 921 1892 957 eos
1931 904 2019 972 qui
2057 902 2122 955 de

542 1009 668 1061 pace
690 1003 735 1045 et
758 992 973 1062 justitia
1004 992 1113 1046 Deo
1133 1002 1178 1046 et
1209 993 1372 1059 nobis,
1399 994 1488 1064 qui
1520 995 1634 1063 ejus
1674 995 1798 1055 rice,
1840 994 1954 1046 licet
1984 993 2121 1046 indi-

543 1082 648 1151 gni,
677 1081 965 1149 fungimur,
991 1082 1197 1133 obedire
1217 1082 1593 1149 festinat-crint.
1622 1080 1725 1145 Qui
1752 1091 1923 1133 autent
1943 1097 2119 1149 pacem

545 1184 777 1226 nostram
829 1188 930 1237 ngn
973 1172 1322 1240 susceperint,
1364 1182 1610 1241 tauquam
1653 1187 1753 1224 non
1780 1169 1983 1234 Deum,
2031 1173 2123 1224 sed

545 1262 817 1315 diabolum
868 1270 1157 1331 sequentes;
1208 1264 1328 1315 huic
1371 1263 1720 1328 damnationi,
1758 1278 1915 1331 quam
1968 1263 2121 1314 modo

549 1370 732 1407 coram
776 1357 996 1409 recitare
1036 1355 1355 1425 jubebimus,
1391 1355 1747 1423 subjacebuut.
1794 1353 1911 1406 Pax
1947 1362 2121 1406 autem

547 1451 726 1495 nostra
754 1442 823 1494 ad
854 1459 948 1496 nos
975 1453 1271 1506 revertetur,
1301 1444 1433 1497 sicut
1467 1442 1721 1495 Dominus
1756 1440 1808 1494 in
1843 1439 2120 1510 Evangelia

544 1534 620 1586 ait
646 1546 666 1583 :
701 1550 720 1583 ‹
753 1531 811 1587 Si
834 1533 990 1603 fuerit
1016 1534 1157 1602 ﬁlius
1180 1537 1340 1604 pacis,
1366 1534 1643 1605 requiescet
1670 1550 1826 1603 super
1847 1533 1995 1587 illum
2015 1550 2121 1602 pax

544 1632 749 1687 vestra;
781 1626 865 1678 sin
886 1635 1079 1688 autem,
1110 1626 1179 1679 ad
1202 1642 1290 1680 vos
1323 1635 1600 1680 revertetur
1620 1623 1770 1692 (Luc.
1804 1624 1881 1695 κ).
1913 1645 1930 1677 ι
1971 1624 2143 1680 Tunc'

2223 468 2255 505 a
2280 450 2505 505 Domino
2531 449 2724 504 collata
2744 444 2835 505 est
2862 458 3101 520 potestas
3128 450 3327 521 ligandi
3348 462 3508 522 atque
3529 452 3791 510 solvendi.

2223 541 2490 611 Quidquid
2535 540 2625 596 hic
2662 552 2848 610 pastor
2889 541 3043 595 vobis
3088 557 3116 594 a
3157 543 3266 597 Deo
3295 543 3451 597 datus
3479 528 3794 610 confirmat,

2221 631 2644 695 conﬁrmamus,
2695 639 2750 684 et
2794 630 3055 701 quidquid
3108 631 3376 697 destruit,
3425 612 3791 699 ﬁstruimus;

2221 722 2447 791 ligamus
2469 738 2605 792 quos
2634 722 2748 792 ipse
2789 722 2943 794 ligat,
2978 723 3346 780 benedicimus
3388 726 3586 796 quibus
3629 728 3799 783 bene-

2222 812 2367 867 dicit.
2413 831 2432 863 ι

2291 901 2385 957 His
2411 910 2467 958 et
2500 902 2803 973 hujusmodi
2838 905 3123 973 peroratis,
3146 903 3289 959 facto
3314 903 3551 969 silentio,
3573 920 3699 959 cum
3727 906 3795 958 ad

2220 994 2407 1048 horam
2431 992 2815 1050 confractionis
2839 996 3096 1053 Dominici
3125 998 3366 1067 corporis
3386 1008 3607 1053 ventum
3626 1009 3797 1061 esset,

2220 1094 2380 1153 atque
2405 1099 2470 1138 ex
2502 1099 2653 1140 more
2689 1087 3123 1156 archiepiscopus
3142 1086 3571 1144 benedictionem
3602 1088 3799 1158 populo

2221 1173 2487 1238 funderet,
2519 1189 2681 1244 super
2718 1176 2861 1231 beati
2900 1176 3160 1231 Martialis
3204 1178 3419 1232 nomine
3463 1180 3799 1232 mentionem

2221 1264 2562 1329 interseruit,
2592 1265 2662 1318 ita
2694 1265 2877 1321 dicens
2905 1280 2920 1320 :
2954 1285 2973 1317 ι
3001 1266 3294 1322 Benedicat
3324 1277 3379 1322 et
3402 1268 3676 1323 custodiat
3706 1283 3803 1323 vos

2223 1355 2564 1424 omnipotens
2594 1355 2757 1421 Deus,
2786 1356 3111 1427 domumque
3134 1358 3272 1414 hanc
3294 1358 3374 1413 sui
3402 1359 3646 1414 muneris
3680 1357 3803 1430 [ttu-

2222 1445 2408 1519 minis]
2439 1446 2724 1516 praesentia
2748 1446 3045 1512 illustrare,
3068 1457 3228 1517 atque
3248 1464 3356 1504 sua:
3368 1449 3589 1518 pietatis
3613 1449 3803 1504 oculos

2223 1554 2385 1609 super
2416 1552 2535 1592 eam
2580 1538 2667 1593 die
2710 1553 2776 1593 ac
2818 1547 2979 1593 nocte
3021 1539 3271 1609 dignetur
3316 1539 3552 1609 aperire.
3601 1540 3801 1594 Amen.

2223 1629 2601 1698 Concedatque
2643 1629 2907 1698 propitius
2938 1634 2997 1683 ut
3048 1644 3236 1683 omnes
3270 1630 3363 1699 qui
3389 1629 3457 1684 ad
3485 1629 3805 1684 solemnita-

542 1712 859 1783 jnbentibus
891 1718 1180 1788 episcopis,
1225 1719 1362 1773 idem
1393 1717 1485 1787 qui
1519 1716 1853 1795 evangelium
1886 1733 2121 1786 pronnn-
2150 1705 2196 1763 Β
2225 1728 2330 1773 tem
2359 1720 2780 1774 anniversariam
2829 1719 3183 1776 dedicationis
3230 1720 3388 1791 hujus
3431 1719 3678 1775 basilica:
3700 1720 3800 1774 bo-

552 1803 782 1857 tiaverat
827 1805 1106 1869 diaconus,
1150 1807 1227 1861 sic
1262 1807 1313 1860 in
1345 1816 1487 1861 tomo
1516 1806 1716 1859 charta:
1745 1806 1957 1861 excelsa
1990 1822 2122 1861 voce

548 1894 975 1951 maledictioncm
1006 1913 1186 1952 coram
1215 1898 1409 1967 populo
1437 1898 1490 1952 in
1520 1897 1769 1951 tribunali
1799 1907 1924 1952 ante
1953 1898 2123 1953 altare

547 1983 726 2055 legere
752 1987 937 2055 coepit,
966 1987 1151 2042 dicens
1180 2004 1195 2041 :

623 2093 644 2125 ε
677 2074 1154 2130 Excommunicatio
1184 2080 1239 2132 in
1267 2079 1555 2133 seditiosos.
1585 2078 1659 2133 Ex
1688 2080 2008 2134 auctoritate
2029 2079 2123 2134 Dei

545 2162 724 2218 Patris
749 2165 1155 2234 omnipotentis,
1183 2175 1235 2219 et
1274 2165 1393 2219 Filii
1421 2206 1437 2228 ,
1487 2174 1539 2221 et
1571 2165 1810 2237 Spiritus
1840 2170 2035 2234 sancti,
2068 2177 2126 2222 et

547 2267 750 2313 sanctae
792 2256 885 2311 Dei
926 2258 1204 2327 genitricis
1250 2257 1454 2323 Marias,
1484 2258 1763 2326 sanctique
1808 2258 1950 2313 Petri
1993 2275 2123 2329 apo-

548 2349 1134 2427 stolorujnprincipis,
1180 2357 1231 2404 et
1283 2350 1425 2404 beati
1473 2349 1752 2414 Martialis,
1800 2360 1854 2404 et
1898 2351 2125 2404 aliorum

548 2440 951 2510 apostolorum,
999 2450 1161 2511 atque
1207 2442 1447 2495 omnium
1492 2450 1804 2517 sanctorum
1855 2440 1969 2495 Dei.
2018 2440 2126 2496 Nos

548 2531 809 2601 episcopi,
836 2531 887 2584 in
913 2532 1129 2585 nomine
1153 2532 1246 2586 Dei
1276 2531 1581 2599 specialiter
1600 2531 1929 2600 congregati,
1957 2530 2126 2601 Aymo

549 2620 986 2689 archiepiscopus
1017 2621 1365 2676 Bituricensis
1390 2661 1405 2685 ,
1456 2620 1723 2675 Jordanus
1766 2622 1992 2675 antistes
2029 2620 2128 2675 Le-

548 2711 895 2775 movicensis,
928 2710 1234 2781 Stephanus
1260 2711 1584 2774 Aniciensis,
1612 2710 1794 2764 llenco
1824 2711 2127 2764 Arvernen-

548 2798 654 2863 sis,
704 2797 1088 2868 Bagamundus
1135 2798 1496 2862 Mimatensis,
1540 2798 1793 2853 IEmilius
1836 2799 2124 2865 Albieasis,

550 2888 839 2943 Deusdedit
886 2889 1253 2955 Caturcensis,
1283 2889 1608 2944 lsembertus
1647 2888 2000 2954 Pictavensis,
2028 2889 2129 2943 Ar-

552 2979 745 3034 naldus
789 2979 1242 3036 Petrocoricensis
1273 3021 1287 3044 ,
1346 2981 1497 3034 Roho
1543 2980 1961 3051 Engolismensis
1993 2997 2006 3033 :
2035 2995 2130 3034 ex-

552 3070 1012 3125 communicamus
1042 3070 1160 3125 illos
1188 3071 1385 3125 milites
1416 3072 1483 3125 de
1529 3071 1632 3125 isto
1677 3072 1986 3141 episcopatu
2008 3070 2128 3126 vLe-

553 3161 844 3216 movicensi
874 3202 889 3225 ,
943 3162 1033 3231 qui
1058 3167 1062 3173 '
1092 3176 1277 3232 pacem
1326 3171 1382 3216 et
1419 3161 1682 3229 justitiam
1737 3163 1990 3231 episcopo
2030 3178 2127 3217 suo

555 3254 794 3318 ﬁrmare,
836 3254 977 3308 sicut
1022 3253 1137 3322 ipse
1178 3253 1384 3324 exigit,
1439 3252 1630 3306 nolunt
1678 3259 1771 3305 aut
1821 3251 2125 3307 noluerunt.

554 3343 822 3399 Maledicti
854 3344 952 3414 ipsi
981 3352 1036 3398 et
1064 3343 1338 3413 adjutores
1365 3357 1553 3397 eorum
1597 3342 1649 3395 in
1690 3341 1889 3397 malum
1920 3359 1935 3397 :
1968 3341 2129 3397 male-

554 3436 696 3491 dicta
733 3449 879 3488 arma
911 3448 1096 3489 eorum
1126 3473 1141 3499 ,
1181 3439 1236 3487 et
1269 3431 1460 3487 caballi
1508 3430 1720 3485 illorum
1756 3440 1961 3486 :erunt
2002 3445 2128 3485 cum

554 3527 686 3584 Cain
714 3527 1015 3591 fratricida,
1044 3534 1099 3581 et
1141 3540 1263 3582 cum
1291 3523 1424 3580 Iuda
1454 3523 1737 3589 traditore,
1779 3532 1836 3578 et
1864 3539 1984 3579 cum
2029 3524 2130 3577 Da-

554 3619 682 3675 tban
710 3628 765 3674 et
789 3619 1015 3684 Abiron,
1046 3618 1138 3687 qui
1167 3617 1274 3672 vivi
1304 3617 1629 3672 introierunt
1657 3616 1709 3671 iu
1737 3614 2024 3670 infernum.
2063 3613 2130 3669 Et

555 3709 697 3764 sicut
720 3709 802 3763 hac
830 3707 1062 3764 lucerna:
1085 3708 1501 3777 exstinguuntur
1532 3706 1585 3760 in
1615 3705 1785 3761 oculis
1812 3704 2026 3769 vestris,
2056 3704 2127 3758 ita

556 3796 807 3865 gaudium
854 3811 1038 3850 eorum
1086 3797 1459 3867 exstinguetur
1499 3794 1554 3849 in
1583 3804 1871 3864 conspectu
1917 3801 2131 3848 sancto-

556 3901 676 3940 rum
699 3884 1033 3957 angelorum,
1062 3885 1164 3940 nisi
1196 3895 1321 3940 ante
1351 3893 1580 3940 mortem
1610 3884 1678 3939 ad
1705 3884 2128 3940 satisfactionem

556 3984 720 4045 atque
747 3974 1176 4030 emendationem
1230 3975 1343 4028 sive
1367 3972 1741 4045 paenitentiam
1767 3973 1983 4044 dignam
2040 3988 2128 4028 ve-

556 4064 738 4120 nerint
764 4064 819 4119 in
840 4062 1102 4131 judicium
1128 4063 1362 4133 episcopi
1390 4063 1494 4118 sui.
1527 4080 1547 4114 ι

628 4152 829 4209 Omnes
856 4152 1091 4224 episcopi
1119 4161 1173 4207 et
1197 4151 1497 4223 presbyteri
1523 4150 1776 4208 candelas
1802 4151 2053 4227 ardentes
2074 4150 2127 4206 in

556 4243 805 4298 manibus
837 4252 1079 4298 tenentes
1103 4283 1119 4307 ,
1171 4256 1295 4296 mox
1323 4255 1418 4296 eas
1463 4240 1517 4296 in
1544 4248 1744 4296 terram
1787 4230 2130 4310 proﬁcientes

2225 1810 2409 1865 dierna
2447 1810 2531 1864 die
2567 1810 2917 1874 convenistis,
2947 1810 3313 1865 intercedente
3352 1810 3513 1865 beato
3556 1796 3803 1864 Martiale

2224 1897 2489 1965 apostolo,
2521 1909 2577 1953 et
2616 1892 2825 1953 caeteris
2860 1899 3063 1954 sanctis
3093 1900 3207 1954 suis
3230 1938 3245 1963 ,
3294 1914 3523 1969 quorum
3561 1898 3803 1967 reliquiae

2224 1988 2313 2043 hic
2358 1988 2445 2056 pio
2488 1997 2815 2043 venerantur
2850 2004 3071 2056 amore,
3110 1990 3387 2046 vobiscum
3419 1990 3548 2045 hinc
3585 1992 3803 2046 veniam

2225 2087 2569 2148 peccatorum
2616 2087 2918 2134 vestrorum
2984 2090 3260 2150 reportare
3307 2079 3552 2135 valeatis.
3606 2078 3801 2134 Amen.

2225 2169 2489 2237 Quatiuus
2515 2183 2701 2224 eorum
2733 2171 3035 2225 interventu
3067 2170 3164 2239 ipsi
3195 2170 3447 2241 templum
3480 2172 3655 2225 sancti
3682 2169 3804 2241 Spi-

2227 2263 2387 2326 ritus,
2419 2261 2473 2315 in
2511 2276 2619 2330 quo
2647 2271 2831 2316 sancta
2876 2260 3017 2316 Deus
3052 2262 3290 2317 Trinitas
3323 2261 3527 2331 jugiter
3555 2263 3804 2318 habitare

2227 2355 2493 2422 dignetur,
2526 2338 2683 2419 ellici,
2711 2359 2766 2406 et
2791 2360 2912 2421 post
2937 2350 3092 2419 huius
3113 2352 3236 2407 vita:
3258 2351 3490 2407 labentis
3513 2368 3800 2407 excursum

2227 2444 2290 2497 ad
2323 2441 2513 2513 gaudia
2563 2450 2764 2495 aeterna
2808 2440 3039 2496 feliciter
3077 2437 3358 2510 pervenire
3399 2442 3745 2506 mereamiui,
3774 2461 3797 2495 ι

2226 2542 2272 2585 et
2298 2542 2486 2585 cratera
2519 2547 2635 2600 qua:
2668 2532 2723 2583 in
2750 2529 3030 2600 episcopali
3057 2530 3406 2585 benedictione
3424 2532 3656 2601 proferri
3678 2532 3804 2587 soli-

2228 2635 2335 2675 tum
2357 2632 2452 2675 est.
2483 2621 2764 2676 Secundus
2794 2628 2973 2674 tamen
3002 2620 3392 2676 benedictionis
3416 2621 3507 2675 ille
3534 2636 3730 2676 versus
3748 2621 3799 2675 in

2227 2726 2293 2765 eo
2320 2710 2525 2774 codice,
2556 2711 2696 2765 sicut
2736 2719 2792 2765 et
2827 2710 2880 2762 in
2913 2708 3183 2764 nonnullis
3224 2709 3343 2764 aliis
3366 2749 3383 2776 ,
3418 2725 3621 2766 nomen
3656 2711 3802 2766 beati

2228 2797 2453 2853 Joannis
2481 2799 2825 2871 evangelista:
2866 2799 3183 2869 inscriptum
3210 2800 3551 2865 continebat;
3588 2816 3802 2864 verum.

2228 2898 2289 2943 ut
2318 2888 2448 2955 dixi,
2482 2890 2552 2944 ob
2594 2888 2694 2944 loci
2739 2884 3044 2943 festivitatis
3082 2891 3558 2958 opportunitatem,
3602 2905 3801 2946 conveo

2229 2979 2442 3034 nienter
2469 2988 2524 3034 et
2559 2979 2808 3035 consulto
2852 2979 2969 3034 haec
3002 2978 3462 3034 circumstantium
3504 2981 3803 3050 peritorum

2228 3083 2449 3122 assensu
2476 3068 2543 3122 ab
2577 3069 2978 3137 archiepiscopo
3006 3067 3058 3122 in
3094 3068 3237 3122 beati
3274 3067 3537 3124 Martialis
3560 3071 3804 3139 proprie-

2230 3165 2342 3212 tate
2379 3169 2434 3213 et
2460 3158 2629 3231 gloria
2675 3159 2818 3213 dicta
2864 3167 3008 3213 sunt.
3048 3156 3201 3225 Quod
3227 3158 3379 3213 valde
3422 3159 3629 3229 placuit
3657 3160 3801 3213 omni

2227 3248 2482 3304 Ecclesiae
2522 3263 2733 3303 summo
2780 3263 2965 3304 amore
3012 3256 3065 3302 et
3117 3249 3392 3319 tripudio..
3425 3249 3801 3304 Certissimum

2228 3340 2426 3410 quippe
2464 3348 2711 3395 tenemus
2767 3354 2830 3394 ea
2869 3338 3083 3410 placere
3129 3337 3354 3409 Spiritui
3402 3349 3595 3395 sancto
3623 3379 3641 3406 ,
3684 3354 3803 3409 qua

2226 3432 2580 3505 plurimorum
2617 3432 2850 3487 fidelium
2879 3446 3144 3487 consensu
3175 3431 3231 3486 in
3265 3446 3424 3486 unam
3464 3431 3800 3486 voluntatem

2229 3526 2593 3590 conveniunt,
2624 3522 2775 3593 juxta
2825 3524 2966 3593 quod
3005 3522 3267 3592 scriptum
3306 3530 3392 3579 est
3436 3539 3451 3576 :
3498 3521 3803 3577 Multitudi-

2229 3616 2310 3669 nis
2347 3624 2521 3669 autem
2560 3614 2880 3669 credentium
2912 3621 3024 3668 erat
3061 3628 3151 3667 cor
3187 3628 3349 3667 unum
3381 3621 3429 3667 et
3470 3613 3656 3667 anima
3697 3629 3803 3666 una

2231 3705 2368 3776 (Act.
2403 3705 2500 3777 IV).

2297 3796 2595 3852 (Ilaudente
2619 3795 2740 3852 luce
2765 3795 2928 3861 diem,
2957 3793 3125 3849 finitis
3158 3792 3478 3862 vespertinis
3502 3792 3801 3858 solemniis,

2229 3884 2484 3941 Aimilius
2528 3884 2791 3956 pontifex,
2823 3884 3125 3941 veneranda
3172 3883 3370 3939 canitie
3412 3882 3718 3954 angelicus,
3750 3884 3803 3936 in

2229 3974 2416 4029 eadem
2465 3973 2724 4038 basilica,
2773 3974 2946 4038 hanc,
2993 3979 3213 4043 propter
3256 3972 3619 4041 patrocinium
3662 3968 3813 4025 beati

2230 4064 2532 4131 Martialis,
2572 4064 2999 4121 benedictionem
3061 4063 3209 4119 dedit
3265 4061 3500 4133 populo,
3556 4062 3745 4116 dicens
3785 4077 3802 4114 :

2236 4175 2256 4208 ι
2297 4157 2486 4212 Omnis
2526 4156 2618 4226 qui
2666 4171 2766 4211 vos
2811 4155 2865 4209 in
2913 4154 3221 4225 apostolicis
3268 4153 3457 4207 tribuit
3500 4153 3809 4207 consistere

2234 4244 2614 4311 fundamentis,
2640 4240 2958 4300 benedicere
2986 4257 3082 4297 vos
3109 4242 3375 4312 dignetur,
3406 4240 3551 4297 beati
3586 4241 3809 4295 Martia-

555 4334 948 4389 exstinxerunt.
978 4334 1058 4388 Ad
1098 4333 1240 4402 quod
1269 4332 1493 4387 verbum
1531 4346 1626 4386 cor
1654 4330 1832 4402 populi
1860 4330 2011 4385 valde
2037 4346 2130 4384 οι·
2155 4359 2206 4417 D
2232 4337 2299 4392 lis
2325 4334 2553 4407 apostoli
2590 4336 2673 4390 sui
2707 4333 3196 4389 intervenientibus
3230 4332 3461 4395 meritis,
3491 4350 3511 4383 ι
3552 4341 3653 4384 etc.
3690 4345 3807 4398 qua

556 4424 724 4492 pavit,
753 4433 807 4477 et
833 4438 1020 4477 omnes
1042 4422 1426 4488 clamaverunt,
1458 4421 1735 4477 dicentes:
1766 4438 1786 4471 ι
1807 4418 1897 4475 Sic
1916 4420 2128 4474 exstin-

560 4521 689 4581 guat
730 4513 869 4567 Deus
902 4513 1143 4568 laetitiam
1185 4528 1373 4568 eorum
1412 4514 1504 4583 qui
1555 4527 1745 4585 pacem
1787 4525 1844 4567 et
1866 4511 2128 4582 justitiam

561 4605 836 4675 suscipere
864 4604 1070 4658 nolunt.
1119 4624 1138 4657 ι
1172 4666 1174 4668 ν
1432 4618 1435 4621 ’

629 4695 726 4751 His
755 4695 952 4759 dictis,
993 4694 1242 4749 dominus
1285 4692 1552 4749 Jordanus
1594 4694 1669 4748 ait
1713 4693 1780 4747 ad
1823 4693 2126 4763 populum:

560 4785 692 4842 Haec
722 4787 872 4842 verba
896 4785 1275 4840 maledictionis
1297 4786 1474 4840 eodem
1502 4786 1641 4839 dicta
1676 4795 1793 4839 sunt
1828 4795 2004 4839 tenore
2034 4801 2130 4838 nu-

556 4870 778 4946 perrime
811 4876 866 4928 in
892 4884 1072 4929 sancto
1108 4872 1328 4928 concilio
1364 4871 1680 4927 Bituricensi
1720 4873 1776 4926 in
1804 4872 2129 4926 adversarios

557 4966 722 5028 pacis.
769 4963 1217 5028 Quemadmodum
1253 4958 1428 5016 autem
1464 4962 1598 5015 inter
1622 4960 1991 5026 Bituricenses,
2021 4960 2129 5015 Deo

2230 4437 2532 4495 sequuntur.
2557 4423 2799 4479 Consilio
2827 4431 3004 4477 autem
3034 4422 3190 4485 inito,
3221 4420 3457 4490 episcopi
3484 4420 3808 4488 semetipsos

2229 4519 2553 4574 altrinsecus
2577 4524 2901 4571 monuerunt
2927 4522 3001 4580 ut,
3035 4513 3287 4566 tarditate
3310 4520 3535 4570 remota.
3566 4512 3808 4564 crastin

2229 4610 2383 4664 valde
2410 4624 2587 4671 mane,
2628 4605 2769 4677 quod
2809 4604 2982 4659 illuxit
3023 4611 3172 4658 sexta
3217 4601 3370 4665 feria,
3410 4600 3479 4655 ad
3513 4601 3803 4656 concilium

2230 4703 2423 4757 iterato
2448 4708 2769 4771 cogerentur
2793 4699 2845 4752 in
2869 4700 3058 4750 unum.
3076 4694 3225 4761 Quod
3250 4693 3484 4763 qualiter
3509 4703 3696 4746 actum
3716 4692 3802 4754 sit,

2231 4793 2476 4861 sequenti
2528 4792 2758 4846 lectione
2805 4788 2991 4857 paucis
3039 4784 3451 4855 perstringenda
3500 4783 3804 4837 reservabi-

2232 4897 2370 4947 mus,
2402 4881 2736 4952 postulantes
2775 4878 3057 4933 Dominum
3086 4884 3143 4930 ut
3169 4875 3317 4929 utilia
3352 4889 3475 4943 qua:
3501 4873 3679 4929 oculis
3707 4872 3803 4943 ipsi

2230 4974 2482 5028 vidimus.
2510 4981 2566 5026 et
2600 4971 2822 5024 auribus
2848 4977 3143 5028 praesentes
3176 4965 3499 5028 audivimus,
3531 4969 3801 5020 memorias
