4044 5290
219 240 350 298 1881

855 344 1089 402 SESSIO
1131 344 1193 399 ιι.

213 461 480 517 Celebrate
510 474 603 517 xm
630 455 896 511 Kalendas
912 455 1228 509 Decembris.
1241 486 1311 496 —
1329 455 1532 509 Inserta
1547 465 1621 510 est
1637 472 1790 508 enar-

283 533 415 586 ratio
461 523 632 582 rei'um
679 529 732 581 in
782 525 1001 580 concilio
1039 524 1432 580 Lemovicensit
1475 543 1613 579 anno
1655 523 1788 580 1019

283 615 488 672 gestant
497 616 566 651 nt.

289 691 535 744 Secundo
576 688 778 741 interea
817 683 1026 740 concilii
1069 685 1175 748 die,
1201 694 1321 754 post
1366 684 1786 740 anniversariam

215 782 506 838 Dominica:
546 778 780 833 basilica:
809 777 1204 832 solemnitatem
1233 791 1534 840 excursam,
1573 790 1790 844 surgen-

217 882 294 924 tes
340 871 575 938 episcopi
614 869 677 920 ad
717 866 1048 936 psallendum
1091 875 1214 919 ante
1252 865 1446 926 lucem.
1479 876 1639 934 atque
1667 880 1786 918 cum

216 979 409 1017 aurora
440 963 572 1016 lucis
603 962 754 1014 daret
785 960 1013 1028 primum
1048 958 1256 1012 initimn
1299 959 1396 1028 ipsi
1437 959 1564 1023 diei,
1604 958 1790 1012 altaris

217 1055 530 1125 mysterium
561 1051 786 1105 Domino
812 1047 1197 1118 persolventes,
1240 1048 1395 1102 valde
1422 1064 1600 1106 mane.
1638 1056 1788 1100 ante—

215 1161 375 1214 quam
407 1142 604 1196 clarius
640 1141 998 1200 illucesceret,
1026 1138 1091 1191 ad
1119 1138 1394 1191 basilicam
1423 1146 1620 1192 sancta:
1647 1138 1790 1192 sedis

215 1233 510 1302 aggregati,
535 1230 849 1300 congruenti
879 1237 932 1280 et
956 1227 1214 1296 disposito
1238 1227 1429 1281 ordine
1455 1228 1791 1281 intraverunt

215 1327 278 1378 ad
305 1323 615 1378 concilium.
645 1321 914 1376 Litaniam
961 1320 1217 1388 imposuit
1256 1319 1360 1374 illis
1405 1319 1574 1374 tribus
1602 1320 1791 1374 diebus

209 1416 318 1485 jam
377 1415 552 1468 dictus
602 1411 833 1465 domnus
878 1409 1212 1471 Azenerius,
1264 1408 1587 1461 venerabilis
1640 1418 1792 1477 pater

216 1505 672 1560 monasteriorum
705 1501 874 1555 sancti
908 1500 1123 1554 Martini
1153 1499 1546 1565 Masciacensis,
1578 1499 1792 1554 Sancti-

212 1612 313 1666 que
360 1594 630 1650 Benedicti
672 1592 1053 1655 Floriacensis,
1097 1591 1186 1662 qui
1233 1607 1334 1645 una
1385 1607 1506 1645 cum
1552 1591 1791 1644 antistite

210 1686 535 1742 Bituriccnsi
567 1685 632 1738 ad
665 1684 952 1738 concilium
982 1685 1363 1738 Lemovicense
1391 1684 1704 1738 advenerat.
1732 1683 1787 1737 In
1823 1671 1864 1728 Β

211 1779 410 1846 quibus
436 1776 637 1830 litaniis
662 1776 878 1830 beatum
911 1773 1206 1830 Martialem
1239 1776 1379 1829 inter
1407 1776 1635 1829 aliorum
1663 1791 1793 1845 apo-

214 1867 474 1922 stolorum
520 1868 737 1922 nomina
787 1866 1087 1920 enuntiavit
1115 1882 1209 1936 per
1234 1867 1473 1937 singulos
1505 1865 1789 1922 dies.Nam

213 1962 326 2016 haec
380 1959 454 2013 illi
498 1967 550 2013 et
593 1959 706 2014 suis
747 1960 967 2027 antiqua
1020 1960 1191 2013 inerat
1236 1961 1604 2023 consuetudo,
1653 1961 1794 2014 sicut

214 2054 330 2122 ipse
372 2055 584 2106 cunctis
632 2051 685 2105 in
735 2052 963 2106 concilio
1008 2051 1219 2122 publice
1265 2053 1610 2122 prmdicahat.
1661 2052 1793 2107 Erat

215 2153 392 2196 autem
427 2141 669 2211 apprime
697 2140 999 2195 liberalium
1037 2143 1231 2195 artium
1259 2143 1481 2211 peritus,
1516 2143 1605 2210 qui
1641 2142 1791 2196 dice-

215 2235 304 2288 bat
343 2233 502 2287 valde
547 2234 662 2287 lieri
711 2234 1120 2297 inconveniens,
1167 2250 1287 2289 eum
1333 2236 1425 2304 qni
1471 2244 1790 2304 potestatem

214 2325 416 2394 ligandi
449 2334 501 2378 et
531 2324 769 2378 solvendi
803 2340 829 2377 a
859 2325 1216 2396 Redemptore
1239 2342 1360 2381 cum
1391 2326 1510 2381 aliis
1536 2327 1794 2396 apostolis

215 2425 528 2485 acceperat,
578 2415 722 2469 inter
767 2431 860 2470 eos
910 2429 1126 2472 sanctos
1173 2419 1265 2487 qui
1310 2434 1415 2472 non
1468 2426 1789 2487 acceperant

214 2507 520 2578 praedicari.
576 2505 728 2560 Licet
771 2508 914 2560 enim
962 2524 1148 2564 omnes
1191 2510 1425 2578 episcopi
1472 2518 1791 2579 potestatem

214 2598 457 2652 habeant
485 2598 680 2666 ligandi
712 2599 1057 2665 et'solvendi,
1091 2616 1193 2654 non
1223 2611 1400 2655 tamen
1429 2615 1548 2655 eam
1580 2616 1608 2654 a
1635 2600 1793 2654 Chri-

215 2699 298 2743 sto
333 2689 592 2757 privatim
630 2688 719 2741 alii
759 2700 1115 2758 acceperunt,
1163 2692 1262 2745 nisi
1305 2692 1674 2745 tantummodo
1718 2689 1790 2744 illi

215 2779 306 2852 qui
356 2796 478 2833 eum
527 2781 578 2833 in
616 2795 775 2832 carne
804 2781 978 2835 beatis
1023 2783 1193 2837 oculis
1235 2783 1484 2838 viderunt
1531 2795 1585 2839 et
1622 2785 1791 2839 secuti

215 2880 362 2936 sunt,
402 2881 457 2924 et
485 2871 552 2925 ab
587 2885 650 2925 eo
678 2871 743 2924 ad
773 2872 1167 2940 praedicandum
1203 2875 1349 2929 missi
1379 2884 1533 2942 sunt;
1581 2877 1793 2931 dicente

214 2962 447 3016 Domino
473 2982 486 3016 :
516 2962 662 3015 Sicut
690 2963 826 3015 misit
857 2980 935 3016 me
959 2963 1138 3029 Pater,
1167 2976 1213 3018 et
1243 2984 1334 3036 ego
1363 2968 1510 3021 mitto
1533 2985 1639 3022 vos.
1677 2967 1791 3022 Hoc

212 3070 332 3106 cum
363 3055 599 3116 dixisset,
642 3053 940 3124 insuﬂlavit,
980 3067 1025 3107 et
1053 3055 1182 3108 dixit
1230 3058 1304 3110 eis
1326 3071 1344 3108 :
1372 3059 1600 3128 Accipite
1627 3058 1792 3127 Spiri-

212 3153 326 3195 tum
355 3154 591 3196 sanctum
619 3159 636 3198 :
663 3161 882 3213 quorum
923 3147 1222 3203 remiseritis
1248 3162 1482 3218 peccata,
1520 3153 1792 3205 remittun-

212 3244 302 3288 tur
332 3235 438 3297 eis;
475 3244 521 3288 et
550 3252 769 3304 quorum
806 3239 1121 3294 retinueritis
1143 3279 1158 3306 ,
1196 3252 1391 3296 retenta
1426 3254 1546 3297 sunt
1595 3242 1788 3314 (Joan.

211 3326 343 3393 xx).
398 3324 566 3380 Porro
609 3343 730 3381 cum
776 3339 1018 3384 orassent
1058 3347 1248 3387 omnes
1289 3333 1342 3388 in
1388 3351 1580 3399 unum,
1630 3344 1686 3390 et
1723 3336 1792 3390 ab

214 3417 602 3472 archidiacono
644 3419 768 3474 data
812 3431 955 3476 esset
1000 3437 1234 3492 congrua
1279 3411 1457 3490 lectio,
1504 3434 1559 3480 et
1598 3427 1792 3481 deinde

211 3508 566 3574 consequenti
593 3509 783 3563 ordine
821 3509 888 3564 ab
927 3525 992 3566 eo
1027 3514 1116 3582 qui
1160 3515 1381 3568 verbum
1413 3514 1792 3570 declamatorie

205 3596 525 3666 iubentibus
569 3599 836 3668 episcopis
890 3600 1054 3678 fecit,
1091 3603 1333 3658 doctrina
1383 3620 1450 3659 ex
1497 3605 1793 3677 Scriptnris

216 3687 416 3741 divinis
456 3697 510 3742 et
549 3687 616 3742 de
653 3689 756 3744 lide
793 3691 1056 3746 catholica
1105 3694 1439 3762 promulgata
1479 3706 1621 3751 esset
1649 3715 1661 3750 :
1688 3698 1790 3751 ite-

214 3793 335 3830 rum
379 3778 521 3831 inter
557 3780 839 3848 episcopos
867 3796 1046 3836 sermo
1079 3783 1296 3838 habitus
1341 3795 1424 3838 est
1464 3786 1528 3840 de
1566 3786 1793 3850 veritate

212 3869 572 3938 requirenda,
615 3879 670 3923 et
714 3885 885 3939 usque
933 3872 1000 3926 ad
1043 3883 1272 3928 mortem
1318 3875 1682 3941 observanda,
1726 3878 1792 3932 de

213 3955 426 4011 fallacia
468 3958 700 4011 notanda
725 3969 778 4013 et
808 3961 873 4014 ad
890 3961 1111 4016 nihilum
1136 3963 1530 4034 redigenda,de
1558 3965 1788 4035 justitia,

213 4045 280 4100 de
321 4061 476 4115 pace,
513 4046 578 4100 de
604 4045 822 4101 Patrum
855 4051 1071 4105 statutis
1108 4052 1487 4107 inviolabiliter
1526 4054 1790 4108 tenendis.

281 4133 341 4187 In
391 4134 580 4203 primis
631 4137 834 4204 itaque,
877 4147 1167 4208 antequam
1215 4141 1284 4196 de
1332 4143 1601 4212 aliquibus
1651 4143 1792 4197 inter

213 4225 499 4294 episcopos
536 4225 896 4281 confabulatio
939 4231 1114 4294 ﬁeret,
1159 4233 1370 4286 exstitit
1397 4247 1464 4286 ex
1495 4234 1824 4303 majoribus

1270 232 1448 287 ACTA
1486 228 1776 286 CONCILII
1816 227 2316 287 LEMOVICENSIS
2354 229 2416 284 ll.

1818 332 1863 387 Α
1893 322 2129 375 membra
2163 323 2263 376 hoc
2293 323 2434 376 idem
2458 321 2714 376 debemus
2742 323 3041 393 suscipere,
3065 334 3117 380 et
3139 327 3284 380 omni
3311 344 3470 383 vene-

3331 233 3471 289 i582

1890 413 2099 467 ratione
2139 412 2418 482 amplecti;
2478 421 2533 468 et
2581 413 2708 484 quia
2755 416 2846 484 qui
2905 405 3221 486 potestatem
3268 418 3466 489 ligandi

1889 511 2053 572 atque
2112 504 2351 558 solvendi
2414 505 2631 575 proprie
2687 520 2719 560 a
2773 505 3022 574 Christo,
3082 509 3135 563 in
3193 511 3354 564 terris
3414 511 3467 566 in

1890 605 2052 645 carne
2100 593 2277 647 adhuc
2319 593 2565 663 degente,
2626 606 2985 664 acceperunt,
3044 599 3248 668 absque
3306 600 3470 656 dubio

1890 683 2119 751 apostoli
2179 693 2332 748 sunt;
2395 693 2450 738 et
2503 685 2628 754 quia
2687 702 2845 740 nemo
2909 689 3282 745 contradicere
3339 706 3471 745 vcro

1888 782 2084 841 potest,
2111 775 2323 827 beatum
2351 773 2647 830 Martialem
2671 793 2700 828 a
2724 777 2942 831 Christo
2965 780 3016 832 in
3045 779 3202 833 terris
3226 781 3275 834 in
3305 795 3469 834 carne

1891 864 2064 919 adhuc
2106 867 2331 934 degente
2370 878 2688 936 potestatem
2743 869 2938 939 ligandi
2969 882 3022 926 et
3064 873 3306 927 solvendi
3344 889 3466 928 cum

1889 956 2114 1026 reliquis
2139 957 2391 1027 apostolis
2415 961 2706 1029 accepisse.
2737 959 2914 1014 Sancti
2942 961 3103 1016 etiam
3140 962 3387 1017 doctores
3414 973 3471 1017 et

1891 1059 2078 1120 patres
2119 1039 2288 1104 nostri
2325 1052 2568 1120 antiqui,
2609 1053 2870 1108 columna:
2899 1053 3153 1109 Ecclesia:
3185 1055 3466 1118 fortiores,

1889 1141 2224 1211 proclamant
2248 1159 2437 1198 omnes
2463 1144 2553 1212 qui
2592 1144 2874 1200 Dominum
2907 1147 2959 1201 in
2996 1161 3161 1201 carne
3194 1146 3466 1210 viderunt,

1891 1245 2120 1298 eumque
2149 1241 2333 1299 postea
2365 1233 2795 1302 prmdicaverunt
2822 1274 2836 1299 ,
2870 1234 3034 1290 fuisse
3071 1235 3342 1304 apostolos
3373 1250 3470 1305 ap-

1890 1317 2133 1388 pellatos.
2159 1319 2224 1374 Et
2249 1322 2369 1390 quis
2417 1324 2693 1392 negaverit
2720 1324 2931 1378 beatum
2963 1335 3247 1394 patronum
3306 1325 3466 1379 istum

1891 1409 2091 1464 vidisse
2112 1410 2395 1465 Dominum
2418 1413 2471 1465 in
2494 1428 2679 1478 carne,
2704 1422 2756 1467 et
2771 1428 2894 1468 eum
2913 1425 3094 1484 postea
3115 1415 3471 1484 praedicasse?

1892 1500 2091 1557 Paulus
2113 1518 2327 1573 quoque
2355 1504 2545 1558 doctor
2570 1505 2810 1574 gentium
2854 1505 3010 1572 alios,
3037 1507 3277 1576 exceptis
3303 1507 3469 1560 unde-

1893 1594 1998 1648 cim
2018 1635 2033 1658 ,
2061 1594 2251 1648 scribit
2279 1609 2399 1648 esse
2429 1595 2721 1664 apostolos,
2751 1595 2964 1650 dicens:
3001 1596 3254 1666 Apparuit
3287 1595 3473 1648 Domi-

1894 1701 1990 1738 nus
2018 1686 2287 1751 undecim;
2319 1686 2506 1739 deinde
2537 1685 2789 1754 apostolis
2824 1688 3062 1740 omnibus
3109 1686 3161 1758 (1
3192 1687 3314 1740 Cor.
3342 1687 3468 1757 xv),

1892 1775 1993 1830 hoc
2023 1784 2106 1829 est
2137 1776 2478 1846 septuaginta
2507 1777 2734 1840 duobus,
2772 1777 2837 1830 de
2864 1777 3060 1847 quibus
3104 1777 3472 1831 indubitanter

1892 1883 2056 1921 unum
2084 1883 2204 1923 esse
2227 1869 2497 1922 credimus
2519 1869 2735 1923 beatum
2767 1869 3082 1923 Martialem.
3113 1868 3245 1922 Nam
3271 1879 3323 1924 et
3347 1884 3470 1924 cum

1893 1959 2152 2014 Dominus
2183 1961 2386 2015 diceret
2417 1979 2428 2014 :
2467 1960 2654 2014 Nonne
2688 1977 2772 2014 eos
2801 1961 3072 2015 duodecim
3093 1961 3258 2029 elegi?
3289 1961 3468 2029 (Joan.

1891 2056 1992 2124 v1.)
2023 2053 2265 2123 nunquid
2313 2053 2446 2106 dixit
2472 2070 2487 2108 :
2520 2051 2708 2107 Nonne
2738 2068 2834 2107 vos
2883 2053 3165 2108 duodecim
3193 2055 3466 2122 apostolos

1892 2143 2062 2213 elegi?
2108 2143 2294 2198 Potius
2330 2144 2680 2207 subauditur,
2714 2144 3034 2214 discipulos,
3086 2155 3220 2199 teste
3264 2144 3472 2199 Joanne

1892 2234 2246 2304 evangelista,
2272 2234 2361 2304 qui
2382 2233 2458 2287 ait
2483 2251 2495 2286 :
2526 2232 3072 2304 Multidiscipulm'um
3095 2235 3207 2304 ejus
3231 2235 3469 2288 abierunt

1895 2331 2054 2384 retro,
2087 2332 2134 2375 et
2157 2322 2274 2390 jam
2303 2337 2404 2374 non
2436 2338 2552 2374 cum
2584 2321 2675 2374 illo
2707 2323 3044 2376 ambulabant
3085 2322 3292 2398 (Ibid):
3325 2323 3468 2376 Dixit

1893 2427 2025 2480 ergo
2057 2410 2214 2465 Jesus
2251 2411 2316 2464 ad
2364 2411 2682 2476 duodecim,
2733 2414 3087 2476 subauditur,
3142 2415 3426 2482 discipulos
3451 2453 3463 2465 .

1897 2499 2085 2554 Nonne
2112 2518 2196 2555 vos
2213 2503 2506 2565 duodecim,
2525 2502 3280 2573 subintelligitur,discipulos,
3303 2504 3433 2574 elegi
3447 2504 3474 2557 .9

1895 2593 1960 2646 Et
1983 2593 2222 2663 profecto
2248 2603 2459 2648 constat
2483 2594 2875 2648 nmltitudinem
2904 2595 3068 2650 fuisse
3087 2595 3469 2666 discipulorum

1895 2687 2130 2751 Domini,
2165 2686 2392 2754 illosque
2425 2685 2736 2754 specialiter
2766 2685 2932 2740 fuisse
2981 2687 3252 2757 apostolos
3276 2728 3289 2749 ,
3334 2701 3471 2757 quos

1896 2778 2009 2848 ipse
2057 2777 2315 2832 Dominus
2367 2778 2570 2844 elegit,
2615 2784 2670 2831 et
2716 2777 2864 2832 misit
2923 2779 2990 2832 ad
3045 2778 3465 2847 praedicandum.

1893 2869 2082 2923 Nonne
2143 2869 2300 2922 electi
2374 2868 2438 2921 ad
2496 2867 2897 2937 przedicandum
2967 2867 3187 2922 {uerunt
3255 2869 3331 2923 illi
3393 2870 3462 2925 de

1894 2963 2089 3031 quibus
2118 2961 2288 3014 Lucas
2341 2960 2416 3012 ait
2456 2959 2817 3029 evangelista:
2855 2958 3159 3029 Designavit
3201 2959 3459 3013 Dominus

1892 3062 1938 3106 et
1979 3050 2110 3104 alios
2155 3051 2478 3119 septuaginta
2530 3049 2690 3113 duos,
2734 3058 2783 3102 et
2835 3048 2975 3102 misit
3037 3047 3154 3100 illos
3182 3087 3196 3112 ,
3254 3048 3468 3102 dicens:

1891 3143 2013 3208 Ite,
2059 3158 2173 3195 ecce
2225 3158 2316 3211 ego
2379 3142 2525 3194 mitto
2581 3158 2666 3194 vos
2718 3141 2850 3194 sicut
2909 3157 3072 3211 agnos
3120 3141 3253 3194 inter
3310 3140 3463 3211 lupos

1894 3233 2042 3303 (Luc.
2071 3234 2144 3304 κ).
2180 3232 2284 3286 Sed
2313 3232 2439 3301 quia
2466 3232 2804 3286 contendunt
2830 3233 2896 3287 de
2918 3232 3078 3288 beato
3136 3233 3388 3304 Dionysio
3417 3243 3472 3288 et

1892 3329 2012 3381 aliis
2039 3327 2288 3380 Patribus
2309 3325 2548 3395 antiquis
2569 3325 2883 3391 Galliarum,
2909 3327 3150 3396 nunquid
3180 3326 3470 3397 Dionysius

1891 3429 1950 3476 et
1976 3417 2323 3482 Saturninus,
2351 3431 2550 3486 genere
2577 3415 2822 3486 gentiles,
2853 3415 2920 3470 ab
2965 3413 3082 3484 ipso
3124 3413 3254 3470 Jesu
3274 3456 3288 3477 ,
3314 3425 3467 3469 ante-

1891 3528 2054 3582 quam
2104 3512 2158 3564 in
2200 3509 2366 3564 caelos
2414 3509 2756 3572 ascenderet,
2795 3515 3466 3576 acceperuntpotestatem

1891 3602 2093 3674 ligandi
2123 3610 2176 3657 ct
2205 3599 2443 3656 solvendi
2472 3615 2594 3654 cum
2637 3599 2721 3654 his
2753 3598 2844 3668 qui
2889 3598 3177 3652 Dominum
3218 3598 3271 3652 in
3301 3612 3467 3653 Carne

1891 3695 2140 3748 viderunt
2165 3700 2220 3746 et
2247 3689 2416 3745 secuti
2447 3689 2608 3743 sunt?
2643 3687 2894 3758 Nunquid
2935 3704 3104 3758 usque
3132 3687 3288 3742 hodie
3315 3688 3467 3742 inve--

1892 3785 2134 3849 niuntur,
2167 3783 2292 3852 quia
2321 3783 2387 3836 de
2428 3781 2666 3836 novitate
2706 3790 3030 3846 causantur,
3073 3781 3292 3835 nomina
3334 3781 3464 3834 Dio-

1892 3875 2028 3946 nysii
2063 3883 2118 3928 et
2159 3873 2432 3927 Saturnini
2463 3856 2666 3942 scripta
2696 3872 2904 3940 uspiam
2935 3887 3034 3942 per
3078 3871 3293 3950 litanias
3322 3871 3466 3924 inter

1889 3962 2256 4034 apostolorum
2281 3961 2541 4016 nomina?
2567 3962 2797 4032 Liquido
2825 3971 3036 4017 constat
3058 3977 3189 4016 vero
3216 3951 3340 4030 quia
3366 3975 3467 4030 per

1891 4054 2296 4124 antiquissimos
2342 4053 2589 4117 codices,
2634 4067 2800 4122 penes
2851 4052 3168 4106 innumeros
3207 4051 3354 4104 locos
3404 4057 3462 4105 et

1891 4151 2080 4214 gentes
2111 4142 2431 4212 longinquas
2453 4181 2468 4206 ,
2516 4144 2708 4196 beatus
2750 4141 3014 4195 Martialis
3055 4156 3164 4193 una
3189 4154 3313 4193 cum
3342 4138 3464 4194 aliis

1891 4233 2148 4303 apostolis
2175 4234 2409 4302 scriptus
2429 4241 2530 4286 est.
2565 4233 2853 4302 Apostolus
2882 4246 3010 4302 ergo
3036 4231 3108 4286 sit
3130 4231 3305 4296 nobis,
3335 4230 3462 4298 quia

215 4315 436 4384 quidam
464 4316 554 4384 qui
583 4317 989 4388 archiepiscopo
1014 4321 1220 4378 diceret
1250 4340 1262 4375 :
1295 4341 1314 4373 ι
1336 4323 1630 4390 Quosdam,
1659 4326 1787 4380 cha-
1811 4338 1864 4397 1)
1890 4335 1945 4380 et
1968 4333 2085 4380 erat
2107 4325 2362 4394 antiquis.
2389 4323 2543 4391 Quod
2572 4325 2804 4394 denique
2838 4323 2903 4378 de
2929 4323 3100 4378 beatis
3125 4322 3380 4393 Dionysio
3407 4333 3464 4378 et

212 4404 429 4459 rissizne
456 4405 636 4471 Pater,
675 4423 742 4462 ex
782 4410 1104 4465 clericormn
1135 4414 1325 4469 ordine
1355 4414 1406 4468 in
1436 4415 1540 4470 hac
1565 4417 1693 4471 sede
1733 4426 1789 4470 et

215 4492 268 4545 in
300 4495 402 4548 hac
432 4497 562 4550 urbe
593 4499 752 4552 modo
779 4515 899 4554 esse
926 4491 1414 4570 deprehendimus,
1441 4505 1530 4574 qui
1567 4520 1673 4560 non
1702 4520 1788 4560 ra-

216 4586 382 4648 tione,
409 4589 502 4642 sed
533 4589 747 4646 levitate
775 4593 970 4647 vestris
992 4609 1098 4648 non
1126 4595 1347 4664 obsequi
1376 4605 1568 4664 parant
1587 4595 1784 4661 verbis,

215 4678 410 4745 quibus
465 4680 721 4736 hesterno
780 4684 1007 4738 concilio
1058 4685 1318 4754 agitatum
1380 4695 1464 4742 est
1511 4685 1578 4740 de
1629 4686 1786 4741 beato

216 4759 458 4822 Martiale
487 4771 792 4840 Aquitania:
821 4773 1060 4840 doctore,
1095 4785 1154 4830 ut
1197 4777 1374 4844 potius
1405 4777 1545 4831 inter
1571 4786 1788 4846 aposto-

204 4857 293 4936 los
324 4876 484 4929 quam
517 4863 655 4919 inter
683 4865 1022 4924 confessores
1061 4869 1396 4936 pronuntiari
1434 4869 1502 4922 ab
1537 4869 1786 4925 omnibus

216 4943 362 5002 recte
391 4950 669 5006 debeatur.
705 4955 878 5021 Super
900 4971 1006 5024 qua
1038 4973 1097 5013 re
1133 4958 1360 5032 quidam
1397 4959 1588 5023 adhuc,
1641 4957 1787 5014 velut

216 5037 469 5094 novitatis
498 5043 641 5097 nacti
670 5044 1026 5110 occasionem,
1060 5057 1404 5103 murmurant
1430 5048 1482 5102 in
1509 5048 1736 5120 angulis.
1759 5069 1778 5103 ι

287 5126 381 5160 nil:
409 5131 837 5162 ﬂ-ls'\:nn:nnnnlun
863 5135 930 5162 ειη
959 5137 1228 5164 ..λλμαν-,ΠΙ
1247 5157 1258 5164 .
1291 5159 1308 5164 -
1337 5140 1516 5166 λτ.ι¹¹--ιι
1541 5150 1780 5168 ..και-...Μ

1892 4417 2187 4473 Saturnino
2208 4417 2340 4479 dixi,
2364 4417 2550 4471 eodem
2575 4416 2734 4469 modo
2760 4416 2963 4468 dictum
2995 4423 3122 4482 puta
3146 4413 3212 4468 de
3243 4413 3456 4478 Ursino,

1889 4509 1956 4564 de
1983 4507 2384 4572 Anstremonio,
2427 4505 2494 4559 de
2521 4505 2721 4560 Fronto
2763 4520 2959 4575 genere
2989 4503 3353 4566 Petraeuribo,
3391 4503 3461 4558 de

1893 4598 2102 4654 iuliano
2129 4597 2546 4662 Cenomanensi,
2583 4612 2779 4666 genere
2805 4596 3080 4662 Romano,
3135 4604 3189 4650 et
3231 4595 3298 4650 de
3338 4595 3462 4649 aliis

1887 4689 1978 4758 qui
2009 4687 2282 4757 apostolos
2315 4687 2566 4740 viderunt
2613 4687 2665 4740 in
2709 4701 2874 4742 carne
2918 4686 3004 4741 vel
3037 4685 3222 4738 videre
3263 4695 3460 4753 potue-

1889 4787 2036 4842 runt,
2062 4779 2154 4848 qui
2179 4787 2284 4831 tam
2308 4793 2337 4830 a
2365 4778 2522 4831 beato
2545 4775 2702 4831 Petro
2730 4793 2892 4846 quam
2922 4793 2953 4829 a
2975 4777 3134 4830 beato
3160 4774 3456 4842 Clemente,

1887 4873 2001 4927 sive
2041 4871 2448 4927 successoribus
2505 4868 2657 4938 ejus,
2695 4870 2750 4923 in
2797 4869 3026 4924 Galliam
3074 4876 3198 4935 post
3240 4868 3460 4926 beatum
3509 4922 3511 4924 .

1887 4960 2187 5016 Martialem
2218 4962 2514 5030 praedicare
2548 4959 2701 5014 missi
2732 4968 2878 5012 sunt.
2910 4959 2985 5012 llli
3013 4972 3118 5010 non
3149 4960 3458 5028 specialiter

1885 5064 1916 5104 a
1943 5051 2179 5113 Christo,
2209 5050 2304 5104 sed
2349 5050 2416 5104 ab
2443 5048 2524 5103 eis
2551 5049 2645 5118 qui
2672 5046 2797 5101 illos
2827 5050 2880 5102 in
2910 5047 3252 5116 episcopatus
3278 5052 3469 5109 ordine

1888 5147 2272 5170 ΑΑηι-Ληηηηιιιιί
2331 5148 2650 5170 ηηοηοιοιιοιη
2699 5137 2904 5170 ΙῖηηηᾹῖ
2936 5138 3287 5170 οηιυυηιδῖηηη
3318 5158 3443 5170 ιιι-ιο...
