4044 5290
563 288 698 348 1583

1513 274 1870 332 ιοιωΑηυε
1918 267 2420 328 LEMOVICENSIS
2469 269 2861 326 EPlSCOPUS.

3692 277 3825 334 13M

563 403 661 457 lari
683 414 820 471 opus
850 399 944 460 sit,
970 397 1038 450 de
1063 382 1258 465 quibus
1287 392 1398 461 jam
1422 400 1477 446 et
1502 391 1569 445 al)
1599 388 1836 459 antiquis
1863 386 2139 451 Palribus,
2177 389 2223 447 Α
2253 399 2344 452 per
2370 383 2505 448 loca,
2538 384 2640 437 nisi
2670 383 2795 451 ﬁdei
2815 425 2830 447 ,
2859 385 2996 453 spei,
3027 395 3074 437 et
3100 374 3347 441 charitati
3395 391 3673 445 contraria
3703 394 3825 456 sint,

563 505 616 549 et
639 509 666 547 a
696 501 879 547 sancta
923 489 1168 542 Romana
1198 494 1250 540 et
1294 483 1589 553 apostolica
1637 482 1791 544 sede,
1825 492 1880 534 et
1914 494 2086 546 nuper
2109 491 2141 531 a

563 585 794 641 concilio
816 579 1163 642 Bituriceusi,
1188 587 1243 633 et
1263 577 1347 630 hic
1370 575 1623 628 hesterna
1646 573 1942 640 peritorum
1966 571 2144 638 dispu-

565 675 767 730 talione
793 672 1004 743 plenius
1026 670 1094 724 ad
1121 667 1364 722 ordinem
1395 663 1690 734 perfectum
1721 661 2000 715 deﬁnitum
2027 659 2144 714 est?

563 764 704 819 Nihil
729 762 1038 832 itaquejam
1073 760 1218 814 aliud
1255 764 1426 812 restat
1446 770 1610 824 quam
1636 763 1694 809 ut
1725 769 1755 807 a
1787 753 1942 808 nobis
1970 752 2057 806 hic
2090 752 2140 804 in

568 859 858 920 conspectu
899 848 1110 904 concilii
1157 846 1368 918 publica
1416 845 1742 900 damnentur
1779 842 2144 898 excommuni-

563 941 808 1005 catione,
854 940 1162 1010 quicunque
1197 936 1379 992 clerici
1413 937 1478 991 de
1517 935 1769 990 omnibus
1797 935 2142 1004 comprovin-

562 1032 795 1087 cialibus
835 1031 1038 1086 nostris
1080 1028 1306 1084 ulterius
1349 1036 1469 1096 post
1512 1025 1612 1080 hoc
1656 1025 1942 1080 concilium
1994 1039 2144 1082 revn-

563 1123 750 1188 gnauti
787 1122 969 1177 animo
990 1121 1208 1175 beatum
1252 1117 1568 1180 Martialem,
1603 1115 1878 1170 doctorem
1907 1114 2137 1184 primum

563 1212 900 1282 Aquitaniae,
933 1211 988 1266 in
1017 1211 1122 1264 alio
1161 1224 1324 1280 quam
1374 1206 1425 1261 iu
1457 1206 1822 1276 apostolorum
1867 1205 2058 1260 ordine
2087 1213 2143 1259 ct

565 1303 822 1358 memoria
847 1302 1274 1357 enuntiavcriut.
1310 1319 1326 1351 δ

635 1392 702 1446 Ει
731 1407 852 1446 cum
883 1403 1101 1446 austero
1150 1392 1297 1445 vultu
1329 1388 2138 1460 metropolitanusligamentum

563 1482 924 1538 damnationis
955 1483 1112 1537 vellet
1137 1484 1203 1536 ab
1234 1498 1328 1537 ore
1356 1483 1619 1551 proferre,
1648 1484 1727 1536 sic
1767 1484 1997 1536 domnus
2019 1481 2141 1536 Jor-

564 1572 738 1628 danus
769 1574 980 1630 locutus
1025 1586 1109 1628 est
1141 1574 1210 1638 ei,
1249 1573 1432 1628 dicens
1460 1591 1473 1626 :
1507 1573 1739 1626 Petimus
1774 1573 2140 1626 auctoritatem

564 1673 821 1729 vestram,
872 1663 1179 1718 venerabilis
1228 1675 1402 1731 pater,
1450 1672 1506 1715 ut
1547 1663 1698 1716 hodie
1745 1662 1843 1714 hoc
1872 1661 2138 1730 judicium

565 1755 894 1824 suspendatis
918 1773 950 1808 a
973 1753 1174 1808 clericis
1200 1753 1355 1822 hujus
1377 1762 1570 1806 sancta:
1591 1753 1746 1805 sedis.
1775 1751 1957 1803 Adhuc
1980 1752 2138 1813 enim,

565 1846 847 1900 secundum
903 1845 1234 1899 Dominicam
1283 1859 1486 1907 vocem,
1535 1843 1814 1910 corripiant
1862 1859 1948 1895 eos
1988 1842 2140 1894 hodie

565 1937 704 1989 inter
740 1952 820 1988 me
855 1943 902 1989 et
943 1936 1080 2004 ipsos
1119 1933 1278 1988 solos.
1328 1931 1388 1987 Si
1435 1948 1515 1986 nte
1555 1933 1851 1996 audierint,
1906 1931 2140 1984 lucratus

564 2041 653 2078 ero
677 2024 866 2093 fratres
898 2040 1058 2088 meos;
1085 2023 1132 2077 si
1155 2034 1331 2076 autent
1356 2039 1458 2076 non
1487 2037 1564 2075 me
1591 2021 2139 2082 audierint,adhibebo

564 2132 763 2170 mecum
786 2115 959 2169 adhuc
984 2132 1145 2169 unum
1169 2115 1245 2170 vel
1271 2115 1402 2168 duos
1429 2130 1493 2168 ex
1512 2113 1850 2182 prtesentibus
1873 2113 2138 2181 coepisco-

564 2207 643 2273 pis
670 2205 924 2274 fratribus
962 2207 1175 2270 nostris,
1214 2214 1268 2258 ut
1306 2205 1361 2258 in
1391 2221 1479 2257 ore
1511 2203 1735 2256 duorum
1778 2203 1852 2256 vel
1879 2203 2037 2255 trium
2073 2213 2143 2255 te-

569 2299 730 2351 stium
770 2307 863 2351 stet
903 2313 1052 2351 omne
1081 2298 1307 2352 verbum.
1341 2295 1492 2362 Quod
1525 2296 1569 2348 si
1598 2311 1683 2349 eos
1723 2311 1825 2348 non
1857 2294 2137 2359 audierint,

565 2389 736 2440 dicam
779 2386 1028 2452 ecclesite,
1076 2387 1281 2456 publico
1307 2387 1550 2454 praisenti
1587 2384 1841 2448 concilio,
1876 2395 1929 2438 ut
1961 2401 2140 2438 omnes

565 2477 784 2530 audiant
813 2476 864 2528 in
900 2478 1275 2531 testimonium.
1307 2474 1365 2530 Si
1391 2484 1564 2529 autem
1601 2472 1912 2538 Ecclesium,
1944 2475 2040 2528 hoc
2068 2485 2141 2528 est

563 2579 803 2624 sanctum
823 2585 1050 2641 prwsens
1077 2566 1377 2630 concilium,
1404 2583 1508 2620 non
1530 2566 1814 2631 audierint,
1838 2574 1989 2620 erunt
2017 2566 2143 2619 mihi

563 2661 694 2713 sicut
733 2660 965 2715 ethnicus
995 2669 1041 2712 et
1067 2657 1401 2728 publicanus,
1432 2667 1479 2710 et
1511 2667 1632 2711 tunc
1659 2657 1810 2711 verbo
1837 2667 2021 2710 vestra:
2047 2671 2143 2708 au-

565 2749 822 2802 ctoritatis
868 2749 1024 2818 ligate
1072 2764 1193 2810 eos,
1228 2758 1479 2817 tanquam
1527 2764 1630 2801 non
1676 2748 2005 2810 hominibus,
2049 2744 2140 2801 sed

565 2837 789 2906 Spiritui
819 2846 997 2891 sancto
1041 2836 1412 2890 inobedientes.
1450 2833 1726 2903 Namque,
1758 2845 1813 2889 ut
1857 2835 1930 2889 ait
1962 2835 2144 2904 Augu-

561 2931 763 2991 stinus,
793 2927 1017 2998 Spiritus
1064 2939 1307 2992 sanctus,
1344 2927 1432 2998 qui
1471 2928 1732 2998 quondam
1758 2943 1850 2996 per
1877 2925 2140 2996 apostolos

2248 471 2377 525 nihil
2399 474 2595 543 allicere
2639 473 2950 549 Christiana:
2991 477 3234 545 dignitati
3278 480 3560 554 videntur;|
3603 483 3711 537 imo
3737 485 3830 537 illa

2245 564 2566 616 consuetudo
2605 580 2808 633 semper
2849 565 2918 618 ad
2964 565 3261 636 religionem
3287 572 3532 639 prodesse
3562 574 3828 641 creditur,

2242 669 2359 722 qua:
2379 664 2489 707 tum
2521 671 2615 724 pro
2643 655 2789 721 loco,
2819 667 2927 710 tum
2957 674 3052 727 pro
3082 669 3339 730 tempore,
3366 680 3461 732 pro
3489 668 3826 732 necessitate,

2242 763 2336 814 pro
2372 747 2652 817 dignitate,
2684 766 2778 819 pro
2810 740 3165 822 rationefpro
3193 760 3538 822 auctoritate,
3585 761 3830 814 unanimi

2242 833 2507 890 voluntate
2539 836 2794 911 fratribus
2829 840 2884 894 in
2920 857 3081 894 unum
3128 841 3486 900 habitantibus
3518 847 3655 905 bene
3690 865 3832 902 com.

2241 922 2445 994 placere
2470 927 2694 982 videtur.
2727 927 2866 994 Quid
2889 931 3022 984 enim
3047 931 3072 984 ?
3096 928 3151 983 Ν
3155 934 3352 989 unauid
3373 937 3622 989 canonici
3647 954 3832 992 mona-

2243 1015 2366 1068 chos
2396 1032 2490 1084 pro
2513 1017 2787 1071 duodecim
2810 1018 3114 1074 lectionibus
3131 1061 3144 1082 ,
3169 1022 3244 1075 vel
3272 1025 3518 1078 monachi
3544 1027 3829 1081 canonicos

2240 1120 2335 1172 pro
2389 1121 2569 1158 novem
2623 1122 2838 1161 numero
2888 1110 3258 1173 reprehendere
3303 1104 3828 1186 possunt?Utraque

2242 1195 2378 1247 enim
2413 1198 2613 1251 ratione
2627 1207 2673 1251 et
2703 1199 3014 1252 auctoritate
3038 1199 3194 1269 ﬁrma
3222 1213 3368 1268 sunt;
3385 1214 3464 1257 ter
3484 1216 3724 1274 quatuor
3735 1223 3829 1274 pro

2241 1295 2467 1352 quatuor
2515 1289 2698 1341 mundi
2753 1291 2987 1358 partibus
3029 1302 3225 1346 sanch
3259 1293 3507 1348 Trinitati
3552 1297 3828 1365 subjectis,

2242 1384 2319 1427 ter
2376 1386 2547 1429 autem
2595 1381 2754 1433 ternis
2803 1398 2897 1450 pro
2948 1399 3123 1436 novem
3177 1385 3483 1453 angelorum
3549 1389 3826 1442 ordinibus

2240 1477 2436 1521 sancta:
2515 1467 2760 1524 Trinitati
2841 1472 3064 1543 gloriam
3149 1475 3415 1530 dantibus.
3521 1477 3817 1533 Duodecim

2241 1558 2588 1626 comprobavit
2633 1559 2718 1616 ille
2762 1563 2838 1617 vir
2886 1566 3072 1634 spirittt
3114 1570 3345 1622 ontniutn
3389 1569 3668 1639 justorum
3716 1574 3828 1642 ple-

2242 1664 2339 1700 nus
2391 1661 2703 1721 sanctusque
2754 1670 2888 1723 papa
2939 1653 3252 1727 Gregorius,
3308 1664 3456 1728 prius
3503 1664 3823 1725 monachus,

2242 1750 2420 1808 postea
2461 1743 2800 1810 apostolicus.
2843 1743 3041 1800 Narem
3080 1751 3290 1803 tradita:
3325 1762 3445 1804 sunt
3491 1771 3523 1805 a
3567 1754 3827 1823 discipulo

2243 1831 2378 1884 beati
2412 1830 2560 1887 Petri
2596 1834 2806 1905 Ignatio
2836 1850 3092 1908 martyre,
3119 1843 3207 1911 qui
3234 1859 3325 1910 per
3344 1847 3691 1898 novenarium
3718 1863 3819 1898 nu-

2241 1938 2439 1976 nterum
2465 1924 2707 1982 lectiones
2723 1939 2769 1981 et
2786 1929 3014 1998 psalmos
3026 1931 3089 1984 ab
3106 1932 3409 2002 angelorum
3432 1935 3607 1989 choris
3617 1936 3826 2005 prolata

2243 2015 2441 2068 audivit
2474 2016 2529 2068 in
2567 2019 2710 2081 caelo,
2742 2020 2927 2075 deinde
2951 2040 2980 2074 a
3018 2019 3237 2077 Nicwno
3265 2025 3510 2089 concilio,
3541 2028 3734 2081 deinde
3757 2028 3822 2081 ab

2241 2104 2354 2172 ipso
2375 2117 2554 2161 sancto
2566 2106 2813 2179 Gregorio
2835 2111 2917 2164 hic
2942 2128 3186 2166 numerus
3204 2116 3257 2167 in
3273 2115 3494 2182 psalmis
3516 2126 3564 2169 et
3589 2117 3825 2171 lectioni-

2244 2191 2337 2246 bus
2359 2204 2513 2264 atque
2525 2201 2865 2266 respousoriis
2880 2199 3176 2256 observatas
3187 2214 3283 2256 est.
3306 2203 3444 2270 Quid
3457 2207 3619 2259 etiam
3637 2206 3824 2261 Orien-

2244 2284 2436 2336 talibus
2481 2285 2560 2338 vel
2608 2283 3030 2344 Occidentalibus
3071 2292 3273 2346 clericis
3315 2310 3439 2348 usus
3476 2295 3695 2349 barbam
3732 2314 3823 2349 ra-

2243 2371 2402 2426 dendi
2431 2373 2507 2429 vel
2537 2392 2638 2430 non
2666 2379 2887 2432 radendi
2916 2381 3112 2449 oﬂicere
3140 2382 3209 2435 ad
3249 2384 3547 2454 relig'onem
3584 2387 3824 2440 videtur!

2243 2459 2346 2514 Isti
2375 2465 2511 2516 enim
2542 2463 2757 2519 Petrum
2786 2469 3075 2538 apostolum
3101 2481 3363 2525 auctorem
3401 2474 3563 2543 hujus
3606 2492 3822 2528 consae-

2245 2556 2443 2610 tudinis
2477 2557 2697 2622 habent;
2727 2570 2774 2614 et
2803 2578 2919 2615 cum
2961 2565 3272 2634 auctoritate
3300 2566 3434 2620 hanc
3461 2576 3636 2621 tenent
3664 2571 3822 2621 ratio-

2245 2665 2383 2714 nem,
2418 2653 2728 2708 rationabile
2755 2671 2864 2709 esse
2888 2656 3114 2711 dicentes
3142 2656 3355 2711 clericos
3395 2675 3427 2712 a
3465 2658 3649 2726 laicis,
3687 2660 3820 2714 sicut

2243 2741 2299 2792 in
2332 2743 2456 2807 vita,
2496 2743 2569 2796 ita
2605 2743 2659 2796 in
2693 2747 2927 2814 corporis
2958 2746 3140 2800 habitu
3166 2747 3396 2815 di/ferre.
3439 2747 3700 2814 Quocirca
3739 2750 3820 2802 hic

2243 2847 2354 2886 mos
2376 2835 2443 2887 ad
2474 2834 2771 2905 religionem
2812 2837 2957 2891 nobis
2993 2838 3165 2907 potius
3192 2838 3434 2906 prodesse
3461 2857 3622 2910 quam
3649 2841 3820 2895 obesse

2241 2926 2571 2996 perspicitur.
2616 2926 2710 2981 Illi
2749 2937 2920 2982 autent
2965 2927 3180 2982 barbam
3217 2947 3320 2985 non
3360 2932 3586 2986 radendi
3627 2949 3820 2986 morem

562 3017 890 3105 loquebatur,
931 3034 1069 3071 nunc
1097 3019 1256 3071 etiam
1283 3033 1378 3088 per
1403 3033 1496 3071 nos
1532 3015 1674 3085 loqui
1713 3016 1990 3085 dignatur,
2013 3031 2142 3086 quo-
2167 3056 2214 3118 ρ
2244 3015 2460 3084 eligunt,
2498 3014 2729 3071 Paulum
2766 3019 2871 3072 sive
2910 3019 3167 3072 Iacobum
3211 3020 3426 3090 fratrem
3457 3022 3673 3077 Domini
3699 3042 3821 3094 apo-

564 3104 660 3158 ties
691 3098 754 3156 de
780 3105 971 3158 divinis
1004 3105 1314 3158 disserentes
1339 3105 1605 3158 veritatem
1633 3104 1919 3161 loquimur.

637 3193 733 3250 llis
752 3195 926 3250 verbis
940 3195 1190 3265 primatis
1205 3195 1429 3252 credens
1443 3195 1880 3267 archiepiscopus
1900 3213 1910 3250 :
1934 3214 1953 3249 ί
1975 3193 2140 3266 Ergo,

569 3287 774 3355 inquit,
807 3298 1000 3343 caetera
1029 3305 1145 3358 qua:
1175 3290 1241 3344 ad
1275 3288 1562 3344 concilium
1594 3289 1886 3359 pertinent,
1916 3289 2143 3344 Domino

563 3392 720 3448 opem
751 3377 977 3445 ferente,
1011 3379 1390 3440 discutiantur.
1428 3397 1448 3430 ι
1941 3369 1944 3372 ί

637 3467 881 3538 Cumque
909 3469 975 3523 de
1007 3468 1206 3539 regulis
1234 3468 1622 3524 ecclesiasticis
1652 3468 1853 3525 diutius
1879 3468 2145 3539 esplicas-

565 3565 720 3622 sent,
759 3558 836 3611 ait
884 3559 1112 3612 domnus
1134 3556 1443 3613 Jordanus:
1478 3557 1618 3612 Bene
1650 3558 1818 3625 placet
1843 3569 1898 3613 ut
1938 3558 2144 3612 Bituri-

562 3647 732 3701 censis
759 3648 967 3701 concilii
996 3647 1225 3717 capitula
1249 3649 1303 3702 in
1332 3659 1573 3718 promptu
1600 3648 1910 3716 affet-antur,
1936 3648 1984 3701 si
2010 3648 2144 3716 forte

565 3736 1014 3791 Lemovicensibus
1039 3738 1149 3791 hinc
1179 3739 1291 3808 ipsa
1314 3738 1676 3790 tantummodo
1706 3747 2032 3804 coaptentur,
2073 3754 2143 3790 an

567 3828 725 3882 aliter
751 3828 890 3883 clero
917 3842 1090 3884 nostro
1110 3828 1372 3899 placeant,
1395 3829 1499 3881 sive
1527 3826 1634 3880 alia
1661 3838 1944 3896 Opportune
1965 3844 2144 3894 super-

575 3919 917 3988 adjiciantur.
949 3910 1087 3973 ‘Non
1123 3919 1256 3972 enim
1297 3935 1401 3973 una
1450 3917 1731 3984 eademque
1778 3917 1862 3970 lex
1905 3917 2143 3970 omnibus

568 4007 820 4062 Ecclesiis
854 4010 956 4063 sive
985 4009 1218 4079 populis,
1248 4006 1353 4062 sive
1384 4006 1706 4071 civitatibus,
1737 4007 1841 4060 sive
1869 4007 2140 4076 gentibus,

565 4116 770 4169 semper
798 4110 962 4169 potest
998 4114 1315 4168 congruere,
1350 4098 1441 4150 sed
1485 4098 1729 4167 qua'dam
1763 4115 1858 4167 pro
1892 4097 2144 4171 qualitate

567 4191 836 4254 lacorum,
887 4201 933 4245 et
963 4191 1163 4260 gentis,
1205 4199 1253 4243 et
1289 4188 1615 4253 animorum,
1662 4189 1898 4258 quamvis
1938 4189 2142 4242 diversa

565 4291 745 4334 tamen
791 4282 1095 4349 congruenti
1137 4279 1347 4344 ordine,
1399 4279 1454 4333 in
1505 4279 1930 4333 consuetudinem
1979 4279 2142 4332 dedu-

2243 3103 2403 3158 stolos
2428 3105 2481 3157 in
2503 3107 2867 3161 auctoritatem
2892 3108 2989 3162 sibi
3010 3120 3346 3166 assumentes.
3373 3111 3477 3178 Qui
3499 3131 3619 3167 cum
3645 3126 3820 3167 aucto-

2243 3193 2387 3260 ribus
2418 3197 2666 3252 rationem
2695 3199 2988 3270 adjungunt
3027 3199 3177 3270 (ﬁeri
3209 3203 3395 3273 quippe
3434 3217 3637 3274 oportet
3665 3211 3818 3260 ratio.

2244 3285 2415 3339 nabile
2475 3287 2775 3358 obsequium
2839 3295 3150 3362 nostrum),
3216 3295 3529 3350 rationabile
3589 3299 3816 3353 dicentes

2242 3375 2459 3430 clericos
2485 3377 2617 3430 sicut
2645 3388 2694 3432 et
2721 3379 2884 3434 laicos
2914 3381 3150 3436 decorem
3184 3382 3237 3436 in
3276 3383 3411 3451 {acie
3451 3402 3664 3440 servare
3701 3389 3820 3441 tiri-

2243 3462 2382 3530 lent,
2423 3465 2582 3535 juxta
2619 3468 2923 3538 dignitatem
2969 3470 3213 3525 humana:
3261 3475 3576 3531 conditionis
3622 3495 3656 3530 a
3712 3477 3818 3531 Deo

2243 3566 2494 3622 creatam,
2522 3575 2639 3626 qua:
2677 3559 2847 3613 solum
2888 3562 3053 3615 virum
3094 3563 3306 3618 barbam
3335 3576 3548 3636 propter
3583 3570 3819 3621 decorem

2243 3642 2431 3696 habere
2457 3644 2645 3712 voluit,
2680 3657 2729 3701 et
2770 3649 2823 3701 in
2863 3651 3048 3703 vertice
3076 3650 3400 3707 solummodo
3438 3657 3628 3723 capitis
3665 3656 3817 3710 cleri-

2244 3743 2392 3787 catus
2440 3736 2646 3804 signum
2689 3751 3123 3808 pt‘tentonstrare;
3170 3744 3328 3798 aliam
3371 3748 3668 3818 adjungunt
3722 3749 3819 3804 sibi

2245 3823 2522 3890 rationem,
2545 3827 2668 3896 quia
2692 3828 2947 3884 Dominus
2976 3843 3149 3885 noster
3176 3832 3475 3890 Nazarcens
3502 3849 3553 3892 et
3583 3841 3818 3894 intonsus

2243 3929 2353 3966 esse
2391 3914 2574 3979 voluit,
2630 3917 2826 3986 ferrum
2870 3938 3024 3990 super
3043 3933 3196 3992 caput
3242 3925 3358 3994 ejus
3404 3933 3507 3980 non
3552 3933 3815 3992 ascendit,

2243 4017 2489 4056 coronam
2534 4006 2764 4074 spineam
2815 4009 3072 4064 duntaxat
3115 4013 3170 4066 in
3213 4001 3697 4086 vertice'dignatus
3744 4032 3815 4074 est

2242 4091 2371 4159 pati.
2414 4093 2496 4145 Ad
2537 4095 2686 4163 cujus
2728 4099 2898 4152 instar
2941 4100 3246 4155 clericorum
3285 4119 3478 4160 corona
3518 4109 3574 4161 in
3615 4111 3812 4171 vertice.

2245 4181 2384 4249 [erro
2414 4184 2673 4239 incidente
2698 4187 2979 4258 ﬁguratur,
3026 4201 3082 4244 ut
3122 4208 3332 4262 regnum
3376 4205 3426 4248 et
3464 4199 3814 4253 sacerdotium

2243 4268 2437 4326 Christi
2461 4275 2615 4328 etiam
2638 4277 2692 4329 in
2717 4278 3022 4334 clericorum
3052 4283 3305 4351 capitibus
3329 4301 3515 4339 rasura
3550 4289 3666 4356 ipsa
3683 4306 3814 4358 prer-

569 4379 782 4423 εαηιω,
835 4371 981 4425 [vf/"'1
1021 4372 1207 4442 quippe
1243 4370 1383 4424 obes;
1419 4368 1624 4422 diversa
1655 4369 1888 4422 locorum
1926 4385 2142 4423 εοηδηε-
2170 4382 2218 4442 ι)
2244 4372 2579 4417 monstretur.
2611 4363 2697 4418 Ita
2725 4368 2863 4420 sicut
2892 4385 3048 4438 super
3080 4371 3178 4424 hac
3207 4389 3261 4427 re
3287 4387 3465 4428 nostra
3493 4382 3812 4434 consuetudo

565 4458 722 4522 tudo,
755 4458 800 4512 si
820 4468 991 4514 tamen
1016 4461 1214 4514 ratione
1243 4460 1348 4514 sive
1370 4459 1679 4512 auctoritate
1705 4457 1979 4528 fulciatur.
2008 4455 2142 4512 Plus

569 4555 747 4599 tamen
787 4548 920 4600 ratio
961 4564 1118 4616 quam
1156 4549 1444 4602 auctoritas
1482 4547 1767 4618 prcevalere
1799 4549 1979 4614 debet,
2022 4565 2143 4603 nam

573 4635 790 4708 gentiles
819 4653 911 4706 pro
950 4637 1209 4705 majorunt
1245 4655 1461 4693 suorum
1507 4641 1844 4706 auctoritate,
1883 4640 2029 4694 nulla
2067 4651 2144 4695 ta-

571 4741 688 4777 men
718 4724 926 4778 subnixi
957 4723 1178 4790 ratione,
1192 4725 1332 4778 idola
1360 4726 1556 4781 colunt.
1589 4725 1726 4791 Quia
1750 4729 1992 4797 qutedam
2013 4746 2143 4784 auc-

573 4815 761 4868 toritas
802 4815 913 4867 sine
961 4815 1161 4868 ratione
1183 4814 1384 4868 videtur
1401 4831 1531 4881 esse,
1557 4818 1691 4869 ratio
1709 4833 1824 4870 vero
1846 4834 1942 4888 per
1967 4829 2146 4873 semet-

572 4903 741 4974 ipsum
771 4904 1098 4958 auctoritatis
1127 4905 1434 4974 dignitatem
1459 4906 2142 4977 accommodat.Atqueideo

575 4991 861 5046 multorum
895 4993 1156 5062 majorum
1189 4997 1473 5050 auctoritas
1516 5011 1653 5065 saepe
1687 4997 1740 5050 in
1781 4997 1964 5052 melius
1999 5014 2144 5052 com-

575 5090 798 5146 mutata,
822 5083 925 5136 sive
953 5085 1156 5150 penitus
1198 5085 1428 5150 neglecta
1456 5096 1528 5140 est
1547 5127 1560 5150 ,
1591 5088 1715 5150 quia
1745 5087 1916 5142 minus
1945 5091 2144 5143 ratione

2244 4456 2631 4535 auctoritatem,
2676 4457 2932 4528 simulque
2975 4461 3224 4516 rationem
3262 4471 3309 4516 et
3349 4466 3619 4535 religionis
3667 4471 3813 4524 habet

2241 4533 2578 4612 augmentum
2601 4559 2620 4599 :
2642 4544 2717 4599 sic
2740 4547 2899 4601 etiam
2929 4564 3083 4618 penes
3120 4550 3350 4616 (ἔνατος,
3392 4533 3608 4609 illorum
3635 4559 3756 4612 talis
3781 4577 3813 4611 a

2242 4643 2421 4686 nostra
2449 4633 2706 4689 dissidens
2744 4638 3111 4692 consuetudine
3148 4643 3488 4709 consuetudo,
3523 4650 3811 4701 auctorita-

2243 4733 2344 4776 tem
2374 4740 2479 4777 una
2511 4741 2628 4779 cum
2666 4728 2870 4781 ratione
2906 4738 2956 4782 et
2991 4729 3254 4799 religionis
3288 4733 3516 4788 continet
3562 4737 3807 4804 [rut-tant.

2245 4811 2309 4865 Et
2345 4813 2445 4867 hac
2485 4813 2540 4867 in
2566 4831 2620 4868 re
2655 4832 2818 4886 neque
2857 4816 2937 4870 illi
2972 4835 3084 4883 nos,
3111 4836 3272 4890 neque
3297 4833 3390 4877 nos
3427 4841 3709 4893 possumus
3739 4845 3811 4881 re-

2241 4904 2556 4972 prehendere
2583 4905 2735 4962 illas:
2752 4907 2886 4961 sicut
2913 4908 2978 4963 de
3003 4908 3244 4977 ﬁdelibus
3265 4913 3354 4981 qui
3378 4915 3629 4970 carnibus
3651 4933 3809 4970 vesce-

2244 4991 2455 5055 bantur,
2491 4993 2565 5045 ait
2598 4995 2862 5062 apostolus
2887 5012 2906 5051 :
2939 5014 2958 5048 σ
2983 4996 3085 5062 Qui
3115 5015 3215 5053 non
3243 5002 3556 5070 manducat,
3599 5007 3812 5060 manda-

2244 5097 2298 5134 s:
2310 5091 2445 5134 atem
2471 5098 2573 5135 non
2599 5095 2838 5150 $37.13!;
2867 5097 2914 5141 et
2939 5089 3029 5150 qui
3053 5090 3331 5144 manduca!
3355 5108 3460 5146 non
3486 5098 3807 5150 manducan-
