4044 5290
289 317 438 375 1585

1362 322 1543 383 ACTA
1577 325 1865 384 CONCILII
1906 330 2398 390 LEMOVICENSIS
2431 335 2493 395 ll.

3425 349 3556 406 I386

286 431 433 486 inter
481 431 804 503 confessores
850 443 1174 504 proponunt,
1219 439 1581 492 auctoritate»:
1625 437 1868 493 habentes
1899 453 1944 512 Α
1971 440 2075 496 diri
2093 443 2241 510 solet,
2264 445 2360 499 hoc
2388 456 2483 513 est,
2512 449 2564 503 in
2593 450 2810 521 pascha,
2856 454 2910 508 in
2931 463 3239 524 pentecoste,
3263 457 3318 513 in
3343 459 3553 516 Natiri.

287 522 559 594 majorum
586 525 698 578 sine
727 525 949 591 ratione,
974 526 1199 581 dicentes
1229 527 1304 582 sic
1333 538 1732 598 proposuerunt.
1767 527 1871 594 Qui

288 621 419 666 ante
441 622 532 666 nas
561 612 770 680 fuerunt
795 613 874 666 illi
905 623 953 668 et
981 614 1084 681 illi,
1113 617 1298 670 merito
1327 617 1776 686 reprehenduntur
1805 619 1870 671 ab

287 702 379 756 his
406 701 495 771 qui
535 719 654 756 cum
695 704 1006 759 auctoritate
1035 706 1302 764 Jationem
1340 707 1652 772 ostendunt;
1685 724 1875 778 propo-

289 803 473 847 nentes
499 809 617 847 eum
640 808 745 855 una
771 810 888 847 cum
917 793 1036 849 aliis
1061 797 1332 866 apostolis,
1363 806 1410 850 et
1441 798 1671 853 dicentes
1694 813 1712 851 :
1743 818 1760 850 t
1779 798 1872 853 Illi

288 891 347 936 et
394 881 484 936 illi
513 883 718 954 antiqui
762 894 938 953 patres
977 886 1116 954 apud
1157 886 1252 940 illa
1291 888 1589 942 authentico
1634 889 1784 954 loca,
1825 899 1871 945 et

287 973 539 1029 Romana
561 975 846 1045 apostolica
870 977 1038 1042 sedes,
1065 977 1243 1048 illique
1268 979 1567 1047 peritissimi
1609 981 1725 1046 viri,
1757 997 1873 1035 eum

285 1076 679 1136 proposuerunt
725 1068 780 1121 in
825 1067 1178 1137 apostolorum
1223 1071 1428 1125 ordine.
1465 1089 1484 1123 ο
1548 1071 1874 1128 Rationabile

284 1139 574 1211 autemest
597 1168 652 1211 ut
681 1158 769 1212 ille
805 1160 893 1229 qui
914 1160 1050 1212 inter
1077 1159 1210 1214 alios
1230 1178 1262 1214 a
1285 1161 1509 1216 Domino
1551 1165 1748 1233 accepit
1777 1166 1876 1218 vir-

283 1255 454 1300 tutem
491 1248 815 1316 praedicandi
847 1248 1188 1319 Evangelium
1214 1289 1229 1314 ,
1268 1259 1572 1320 potestatent
1604 1253 1800 1323 ligandi
1826 1263 1874 1308 et

282 1337 543 1402 solvendi,
573 1339 844 1392 scientiam
891 1339 1122 1394 omnium
1173 1340 1506 1411 linguarum,
1545 1352 1592 1397 et
1631 1345 1876 1414 signacu-

283 1428 402 1482 lum
463 1429 787 1499 apostolatus
856 1429 1008 1483 habet
1071 1428 1321 1497 Galliam,
1393 1431 1609 1502 ideoque
1670 1444 1875 1503 aposto-

280 1518 371 1572 lus
421 1529 518 1585 est,
574 1521 758 1574 merito
807 1535 926 1574 cum
972 1520 1099 1591 ipsis
1139 1521 1388 1591 apostolis
1442 1535 1783 1593 proponatur,
1827 1537 1875 1581 et

279 1612 541 1664 memoria
568 1612 685 1681 ejus
709 1611 774 1665 de
795 1611 964 1682 gloria
995 1611 1321 1681 apostolatus
1357 1630 1560 1684 semper
1598 1616 1875 1684 conﬁrme-

279 1709 398 1754 tur.
411 1699 530 1770 .Isti
552 1717 674 1771 ergo
702 1701 842 1766 illos,
866 1717 969 1756 non
998 1702 1078 1755 illi
1101 1705 1248 1768 istos,
1274 1720 1429 1773 super
1457 1704 1555 1760 hac
1582 1723 1636 1760 re
1657 1723 1875 1777 arguere

1973 541 2077 586 tate
2132 536 2300 590 sancti
2359 536 2603 604 Joannis,
2660 541 2730 594 ad
2789 539 3012 597 Vincula
3054 549 3223 601 sancti
3262 547 3432 619 Petri,
3497 556 3552 610 in
3599 613 3608 622 ,

1972 622 2336 692 Assumptione
2370 638 2564 682 sancta:
2609 627 2820 697 Maria),
2852 631 2906 686 in
2947 632 3224 701 festivitate
3251 641 3420 696 sancti
3447 641 3554 697 Mi-

1973 712 2188 778 chaelis,
2230 714 2283 767 in
2323 718 2556 771 omnium
2577 729 2901 788 sanctorum,
2936 724 2991 778 in
3030 728 3200 780 sancti
3222 729 3466 797 Andreae,
3496 733 3552 787 in

1975 797 2162 854 Natali
2208 800 2438 869 Domini,
2469 806 2523 858 in
2552 805 2884 878 Ilypapante,
2927 811 2982 865 in
3029 812 3462 887 Quadragesima,
3495 822 3552 875 in

1973 889 2145 943 media
2185 889 2622 964 Quadragesima.
2669 896 2770 952 His
2808 901 2943 954 enim
2965 902 3388 962 distinctionibus
3426 911 3553 965 anni

1974 998 2149 1038 omnes
2168 986 2453 1057 presbyteri
2476 990 2547 1043 ad
2579 993 2818 1062 proprias
2848 1005 3064 1065 possunt
3103 1013 3368 1054 recurrere
3390 1000 3554 1054 eccle-

1973 1075 2099 1140 sias,
2128 1085 2176 1130 et
2203 1076 2371 1146 ipsum
2398 1095 2584 1150 corpus
2612 1081 2843 1151 Domini,
2869 1087 3009 1156 quod
3041 1097 3295 1153 mutatur,
3321 1106 3423 1144 non
3451 1091 3551 1145 nisi

1973 1181 2006 1218 a
2034 1168 2241 1221 mundis
2260 1167 2509 1224 Ecclesiae
2530 1173 2779 1229 ministris
2805 1186 3062 1232 sumatur.
3089 1177 3410 1234 Monasteria
3435 1198 3550 1234 vero

1973 1256 2344 1311 monachorum
2393 1259 2676 1328 regularia,
2721 1265 2846 1333 quia
2903 1265 3202 1336 diligentius
3249 1278 3298 1322 et
3334 1269 3550 1323 nitidius

1976 1344 2151 1398 omnia
2177 1346 2246 1398 ad
2274 1346 2470 1400 cultant
2495 1350 2680 1406 altaris
2716 1365 3021 1422 procurant,
3056 1359 3110 1411 in
3149 1359 3395 1413 abbatum
3423 1377 3549 1414 suo-

1976 1447 2090 1485 rum
2119 1434 2335 1488 arbitrio
2348 1437 2411 1491 de
2428 1437 2529 1503 his,
2561 1441 2691 1494 sicut
2708 1443 2772 1496 de
2797 1443 2916 1498 aliis
2946 1445 3155 1514 regulis,
3182 1449 3544 1516 permittimus.

1977 1519 2067 1574 Illi
2086 1524 2223 1577 enim
2267 1527 2457 1580 nostris
2500 1528 2698 1598 legibus
2737 1532 3021 1603 constringi
3059 1551 3163 1589 non
3210 1536 3418 1604 debent,
3459 1539 3548 1609 qui

1975 1610 2118 1666 ultra
2145 1629 2238 1668 nos
2259 1631 2352 1683 per
2375 1627 2573 1671 arctam
2603 1629 2650 1673 et
2675 1631 2952 1691 angustam
2972 1635 3176 1692 portam
3203 1627 3324 1683 vita:
3348 1629 3550 1700 ingredi

1975 1711 2240 1769 appetunt,
2295 1705 2386 1772 qui
2429 1710 2745 1763 uoluntatem
2817 1712 3085 1782 propriam
3138 1715 3411 1786 frangunt,
3461 1721 3552 1788 qui

271 1790 429 1859 juste
469 1801 734 1861 poterunt.
777 1791 907 1847 Htec
952 1793 1150 1847 idcirco
1192 1794 1303 1848 dixi
1343 1812 1406 1849 ne
1441 1797 1762 1852 diversorum
1797 1799 1872 1852 di-
1900 1793 1946 1853 B
1965 1790 2157 1861 iugum
2187 1793 2252 1846 ab
2273 1795 2622 1850 adolescentia
2642 1809 2873 1867 portant,
2903 1803 3360 1874 quiepiscOporum
3384 1807 3550 1878 jussis

277 1895 452 1935 verste
500 1882 894 1936 consuetudines
943 1891 991 1936 et
1036 1881 1205 1953 leges,
1259 1885 1306 1938 si
1354 1887 1607 1941 rationem
1657 1889 1865 1955 habent,

277 1969 546 2025 scandala
613 1981 874 2040 generent.
944 1971 1338 2028 Observandum
1413 1977 1652 2044 equidem
1722 1979 1867 2033 nobis

277 2076 602 2130 magnopere
627 2071 700 2114 est
737 2070 858 2116 ante
895 2063 1070 2117 omnia
1096 2073 1146 2117 et
1175 2080 1332 2133 super
1356 2068 1566 2132 omnia,
1606 2069 1681 2122 uti
1715 2086 1867 2124 man-

277 2154 473 2204 datum
501 2150 617 2214 Dei,
649 2162 696 2205 et
729 2168 831 2206 non
860 2164 1066 2206 nostras
1098 2155 1427 2221 traditiones,
1468 2158 1660 2227 populo
1693 2161 1869 2214 obser-

275 2241 494 2295 vandas
523 2243 796 2296 tradamus
819 2257 838 2294 :
859 2253 907 2297 et
947 2243 1077 2297 nihil
1106 2245 1208 2297 nisi
1231 2242 1627 2314 Scripturarum
1663 2250 1867 2306 divina-

277 2348 403 2387 rum
429 2336 744 2389 auctoritate
764 2334 958 2405 fultum
980 2337 1239 2407 agendum
1270 2348 1605 2406 statuamus;
1635 2344 1868 2415 nihilque

275 2424 345 2476 de
377 2424 651 2487 cordibus,
683 2425 816 2478 nihil
845 2437 994 2480 extra
1038 2435 1351 2495 prwceptum
1391 2428 1627 2496 Domini,
1667 2443 1714 2487 et
1744 2451 1866 2489 san-

277 2525 490 2567 ctorum
522 2513 766 2581 Patrum,
813 2519 951 2586 quod
983 2517 1139 2580 absit,
1167 2519 1498 2584 constituere,
1545 2521 1749 2587 docere,
1791 2523 1866 2577 vel

270 2607 466 2672 jubere
494 2621 894 2673 prtesumamus.
927 2606 1059 2672 Qua:
1087 2623 1207 2660 vero
1235 2606 1356 2662 aliis
1385 2609 1672 2676 trademus,
1711 2613 1866 2680 primi

277 2710 376 2746 nos
407 2709 469 2745 ea
497 2694 596 2760 ipsi
640 2693 921 2762 faciamus,
954 2712 1016 2749 ne
1054 2696 1218 2749 simus
1247 2697 1312 2750 de
1353 2696 1459 2750 illis
1500 2715 1657 2767 super
1686 2700 1863 2754 cathe-

275 2784 437 2834 dram
484 2782 654 2853 Moysi
701 2785 1020 2851 sedentibus,
1072 2803 1231 2857 super
1277 2787 1464 2857 quibus
1511 2787 1756 2842 Salvator
1794 2792 1866 2845 ad

277 2876 466 2928 turbas
507 2885 556 2928 et
606 2876 676 2928 ad
718 2877 1005 2944 discipulos
1033 2894 1177 2944 suos,
1205 2880 1278 2932 ait
1304 2893 1323 2931 :
1352 2896 1372 2930 ί
1397 2879 1586 2932 Dicunt
1615 2883 1775 2948 enim,
1815 2893 1863 2937 et

276 2983 386 3022 non
411 2967 613 3035 faciunt
647 2967 859 3036 (Matth.
893 2970 1082 3038 mu);
1117 2989 1134 3023 ι
1180 2982 1228 3024 et
1260 2972 1481 3025 iterum:
1510 2988 1528 3022 ι
1550 2971 1728 3042 Digito
1767 2993 1864 3029 au-

276 3067 386 3112 tent
414 3075 508 3112 suo
533 3058 716 3113 nolunt
737 3075 798 3114 ea
822 3075 1021 3114 movere
1043 3061 1238 3133 (ibid.).
1259 3081 1279 3116 ι

349 3168 450 3224 llis
478 3171 656 3237 dictis,
685 3186 981 3227 conversus
1026 3173 1468 3244 archiepiscopus
1517 3176 1584 3232 ad
1615 3192 1738 3232 eum
1768 3181 1861 3249 qui

277 3257 348 3314 ad
390 3258 667 3315 dexteram
698 3275 851 3315 suam
877 3274 1039 3330 super
1073 3259 1236 3316 aliam
1278 3262 1591 3319 cathedram
1618 3265 1859 3334 sedebat,

274 3349 456 3406 sacris
487 3349 728 3406 vestibus
769 3359 1020 3406 ornatum
1067 3350 1390 3408 Azenerium
1424 3355 1696 3420 abbatem,
1727 3356 1865 3412 dixit

275 3443 348 3499 ad
371 3457 541 3498 eum:
584 3460 604 3496 t
637 3441 938 3512 Rogamus,
977 3442 1312 3507 charissime,
1360 3454 1442 3510 ut,
1465 3446 1605 3500 sicut
1633 3447 1864 3504 domnus

275 3529 550 3585 Jordanus
585 3529 827 3600 pontifex
870 3529 1048 3600 jubet,
1077 3530 1314 3601 capitula
1352 3531 1708 3589 Bituricensis
1728 3549 1861 3589 con-

275 3625 412 3691 cilii,
442 3625 589 3681 velut
612 3639 707 3681 vos
755 3626 880 3695 ipsi,
911 3625 1004 3696 qui
1041 3625 1384 3691 interfuistis,
1449 3629 1701 3695 audistis,
1738 3628 1861 3684 huic

277 3722 471 3768 sancto
493 3714 725 3770 concilio
752 3729 936 3770 coram
963 3715 1266 3784 exponatis.
1305 3732 1325 3770 ι

347 3805 502 3862 Tunc
537 3807 652 3878 ipse
689 3807 975 3864 enuntiare
993 3809 1180 3878 cmpit,
1209 3807 1396 3864 dicens
1425 3823 1440 3863 :

349 3895 478 3952 Haec
498 3909 623 3952 sunt
645 3897 904 3968 capitula,
946 3912 1108 3969 super
1144 3898 1341 3968 quibus
1361 3899 1465 3954 hoc
1496 3909 1738 3971 tempore
1768 3901 1862 3958 de-

273 3996 501 4055 pravata
527 3996 646 4042 erat
672 3985 728 4042 S.
777 3987 1134 4042 Bituriccnsis
1177 3995 1352 4041 mater
1399 3989 1645 4043 ecclesia.
1679 3991 1863 4060 Itaque

275 4073 500 4129 Patrum
533 4087 820 4145 sequentes
851 4075 1097 4145 vestigia,
1129 4085 1454 4141 statuerunt,
1512 4080 1600 4146 qui
1628 4095 1863 4148 prmscn-

276 4173 358 4218 les
386 4165 459 4220 ibi
491 4162 707 4219 luerunt
736 4166 995 4235 episcopi,
1028 4166 1200 4236 Ayino
1232 4165 1604 4233 Biluricensis,
1629 4169 1861 4238 Stepha-

275 4269 378 4310 nus
435 4254 763 4321 Aniciensis,
816 4256 998 4310 Reuco
1047 4257 1427 4324 Arvernensis,
1475 4257 1860 4330 Ragatnundus

277 4342 629 4410 Mimatensis,
675 4344 929 4399 Einilius
976 4344 1266 4407 Albiensis,
1322 4348 1617 4404 Deusdedit
1657 4349 1860 4405 Cadur-

273 4434 473 4498 censis,
512 4434 627 4488 haec
655 4437 922 4489 servanda
955 4436 1022 4489 ab
1052 4435 1301 4490 ecclesiis
1330 4437 1431 4491 sibi
1460 4439 1784 4496 commissis.

349 4539 369 4571 ‹
403 4521 460 4575 ln
489 4522 702 4592 primis,
735 4531 794 4577 ut
840 4539 939 4594 per
991 4539 1201 4590 omnes,
1237 4542 1254 4575 ι
1308 4536 1414 4582 etc.
1467 4527 1629 4599 (Vide
1665 4531 1852 4586 concil.

272 4605 497 4664 Bituric.
522 4627 614 4667 an.
647 4612 807 4666 1051.

343 4715 492 4772 Talia
516 4721 698 4776 senior
717 4737 838 4778 cum
864 4733 1190 4794 perorasset,
1210 4725 1286 4780 ait
1307 4727 1537 4784 domnus
1557 4727 1851 4788 Jordanus:

275 4803 465 4862 Omnia
514 4811 658 4866 nobis
683 4813 795 4867 haec
838 4814 966 4869 bene
1005 4814 1254 4883 placent;
1279 4827 1484 4873 tantum
1533 4821 1596 4874 de
1642 4837 1855 4891 corpore

272 4893 482 4955 Domini
504 4905 774 4971 mutando,
798 4918 1008 4976 prapter
1028 4907 1348 4978 presbyteros
1373 4911 1464 4980 qui
1489 4912 1726 4966 omnibus
1750 4913 1856 4968 Do-

270 4989 476 5048 minicis
501 4993 683 5050 diebus
709 4997 778 5050 ad
805 4998 1052 5051 ecclesias
1083 5014 1208 5051 suas
1237 5012 1493 5068 nequeunt
1518 5003 1721 5068 adesse,
1747 5005 1857 5073 pla-

272 5088 348 5132 cet
392 5097 466 5137 ita
513 5094 858 5157 temperanter
902 5087 1125 5152 institui,
1184 5099 1240 5142 ut
1305 5091 1370 5143 ab
1411 5093 1649 5146 omnibus
1689 5095 1855 5149 valeat

275 5178 690 5198 ὄκιυ-----ι919..--
723 5179 970 5198 ,Ιμ--...νμκ-ξ
1036 5178 1164 5198 Λημ-
1205 5179 1274 5198 ,ΠΡ
1317 5196 1320 5197 ν
1363 5181 1374 5192 ⁸
1451 5180 1490 5198 Π
1560 5183 1571 5198 ι

1884 4456 1933 4515 D

1969 1895 2292 1952 summopere
2314 1886 2368 1938 in
2397 1888 2634 1941 omnibus
2663 1890 2929 1946 obediunt.
2961 1893 3129 1958 Tales,
3163 1895 3400 1966 inquam,
3423 1899 3551 1968 legi-

1970 1970 2064 2027 bus
2093 1989 2195 2029 nou
2225 1987 2422 2046 oportet
2453 1979 2641 2049 subjici
2665 1983 3024 2052 conciliorum,
3065 1987 3167 2040 nisi
3197 1989 3333 2056 forte
3373 2007 3547 2059 repre-

1968 2065 2204 2120 hensioni
2229 2067 2306 2120 vel
2346 2072 2659 2138 contemptui
2695 2077 2977 2142 potuerint.
3015 2075 3104 2131 Sic
3133 2077 3414 2146 Apostolus
3439 2082 3546 2139 ait:

1974 2173 1992 2206 ι
2031 2154 2186 2210 Justo
2206 2156 2291 2210 lea:
2317 2175 2420 2212 non
2441 2169 2513 2213 est
2524 2163 2716 2229 posita,
2739 2165 2828 2217 sed
2849 2165 3080 2234 injustis,
3098 2177 3144 2221 et
3173 2185 3275 2223 non
3303 2171 3544 2235 subditis,

1967 2246 2140 2314 impiis
2161 2257 2207 2300 et
2231 2250 2607 2316 peccatoribus,
2647 2252 2911 2308 sceleratis
2939 2265 2987 2308 et
3036 2259 3425 2325 contaminatis,
3453 2278 3544 2329 pa-

1969 2335 2170 2390 tricidis
2233 2345 2282 2390 et
2353 2341 2678 2406 matricidis,
2741 2344 3048 2410 homicidis,
3117 2347 3541 2416 fornicatoribus,

1967 2425 2318 2480 masculorum
2363 2430 2800 2500 concubitoribus,
2851 2435 3146 2506 plagiariis,
3186 2441 3540 2506 mendacibus,

1965 2514 2214 2583 perjuris,
2242 2525 2290 2569 et
2324 2517 2516 2586 siquid
2553 2521 2700 2574 aliud
2738 2539 2882 2579 sanie
2924 2526 3178 2581 doctrina!
3211 2529 3542 2598 aduersatur,

1965 2621 2082 2673 qua:
2106 2615 2180 2658 est
2201 2609 2484 2663 secundum
2530 2610 2869 2682 Euangelium
2891 2615 3074 2684 gloria:
3108 2618 3246 2673 beati
3279 2619 3378 2675 Dei
3404 2625 3542 2693 quod

1966 2696 2218 2749 creditum
2248 2707 2324 2751 est
2351 2700 2480 2753 mihi
2503 2700 2551 2761 (I
2587 2699 2719 2756 Tim.
2743 2705 2781 2774 t)
2825 2722 2845 2758 ι
2883 2706 3023 2760 Nam
3065 2717 3114 2762 et
3143 2709 3352 2765 abbales
3387 2727 3541 2783 regu-

1966 2782 2103 2838 lares
2134 2802 2237 2838 non
2276 2787 2392 2842 ideo
2445 2791 2515 2842 ad
2542 2793 2798 2860 synodum
2825 2797 3000 2850 venire
3037 2813 3163 2868 cogo
3197 2800 3356 2869 hujus
3382 2782 3539 2868 sedis,

1965 2884 2020 2928 ut
2043 2888 2357 2945 arguantur,
2387 2880 2478 2933 sed
2499 2892 2552 2934 ut
2587 2885 2714 2939 mihi
2735 2886 2800 2939 de
2852 2887 3004 2943 rebus
3039 2890 3404 2949 ecclesiasticis
3432 2913 3544 2950 mo-

1965 2968 2213 3022 derandis
2241 2974 2534 3024 consultum
2561 2975 2845 3044 pra-beant,
2876 2989 3133 3048 quatenus
3162 2983 3262 3049 ipsi
3288 2985 3540 3054 spiritua-

1964 3055 2038 3111 les
2061 3059 2175 3123 viri,
2203 3059 2327 3114 dum
2343 3063 2470 3116 mihi
2487 3079 2580 3132 per
2597 3065 2827 3122 diversas
2847 3069 3131 3124 multorum
3142 3089 3295 3128 curas
3311 3074 3540 3144 disperso

1890 3128 1936 3189 (ἶ
1966 3162 2114 3216 opem
2147 3147 2322 3217 ferunt
2365 3153 2434 3205 ad
2467 3128 2840 3211 subleuantium
2894 3175 3045 3226 onus,
3092 3161 3148 3215 in
3203 3128 3542 3222 retributione

1961 3252 2168 3293 coronas
2195 3255 2394 3294 mecum
2424 3244 2816 3315 participentur.
2854 3247 2931 3303 De
2963 3250 3107 3304 cultu
3134 3253 3276 3307 enim
3297 3254 3540 3311 ecclesia-

1960 3337 2090 3390 stico
2116 3345 2166 3392 et
2188 3339 2471 3394 reuerentia
2495 3343 2728 3409 corporis
2751 3342 2981 3411 Domini,
3003 3347 3219 3414 probaui
3243 3349 3352 3418 ipse
3375 3351 3540 3407 oculis

1959 3427 2089 3481 meis
2117 3427 2382 3498 regulares
2411 3447 2506 3500 per
2537 3430 2924 3488 Lentosic’inum
2969 3437 3250 3493 monachos
3273 3439 3467 3496 altaria
3489 3451 3542 3496 et

1962 3517 2184 3584 codices,
2229 3521 2558 3586 uestimenta,
2605 3523 2814 3590 calices,
2865 3524 3194 3593 linteamina,
3245 3537 3294 3582 et
3349 3541 3539 3583 cuncta

1960 3623 2078 3676 qua:
2102 3608 2172 3661 ad
2197 3607 2364 3663 altare
2382 3611 2662 3680 pertinent,
2689 3615 3032 3672 mundissima
3077 3619 3310 3688 quotidie
3337 3630 3385 3674 et
3417 3637 3536 3676 cum

1962 3698 2246 3750 reverentia
2270 3715 2494 3757 servare.

2030 3785 2274 3859 Cumque
2302 3791 2367 3845 de
2393 3791 2480 3846 his
2515 3800 2572 3848 et
2606 3792 2726 3850 aliis
2761 3794 3153 3865 hujuscemodi,
3197 3799 3350 3870 plura
3393 3802 3540 3860 dicc-

1961 3887 2171 3945 rentur,
2201 3888 2256 3935 et
2276 3882 2684 3956 archiepiscopo
2710 3887 3079 3959 omnibusque
3115 3891 3416 3961 placerent,
3449 3909 3537 3952 ac-

1961 3979 2239 4025 cusatores
2251 3970 2383 4039 justi
2405 3976 2731 4032 exstiterunt
2747 3995 2814 4034 ex
2835 3982 3159 4050 senioribus,
3178 3985 3270 4056 qui
3294 3986 3536 4044 dicerent

1963 4061 2014 4114 in
2039 4063 2307 4117 concilio:
2340 4083 2356 4115 t
2389 4065 2446 4120 lu
2475 4067 2592 4123 loco
2622 4068 2806 4126 Sancti
2838 4071 2984 4128 Petri
3013 4073 3336 4132 Bellocensis
3370 4078 3531 4150 [corn

1960 4151 2346 4227 Bellilooensis]
2391 4148 2726 4227 tnonaSterii,
2768 4172 2957 4217 sancta
3000 4163 3238 4221 Ecclesia
3284 4148 3534 4223 Lemovi-

1961 4245 2139 4300 censis
2167 4247 2275 4300 vim
2305 4249 2526 4318 patitur.
2553 4250 2654 4306 Hic
2680 4253 2948 4322 siquidem
2972 4255 3123 4312 locus
3146 4256 3201 4312 in
3229 4259 3419 4314 ordine
3450 4275 3536 4314 rc-

1961 4337 2130 4406 gulari
2159 4340 2428 4408 quondam
2452 4342 2550 4396 fuit
2573 4341 2816 4411 illustris,
2844 4361 2987 4402 nunc
3013 4349 3192 4403 autem
3214 4349 3288 4404 ita
3309 4364 3339 4404 a
3365 4365 3536 4406 samu-

1962 4427 2163 4485 laribus
2203 4431 2549 4487 conculcatus
2583 4445 2689 4499 est,
2733 4444 2792 4489 ut
2829 4451 2993 4506 super
3028 4441 3322 4496 monachos
3361 4441 3531 4510 ipsius

1959 4520 2274 4574 monasterii
2299 4521 2607 4577 dominetur
2625 4524 2794 4583 abbas
2814 4526 3090 4585 saecularis
3111 4538 3167 4586 ct
3187 4529 3391 4602 absque
3421 4547 3533 4587 mo.

1957 4611 2116 4664 nachi
2145 4611 2350 4666 habitu.
2383 4632 2402 4664 ι

2025 4721 2408 4780 Clamaverunt
2435 4742 2624 4784 omnes
2671 4728 2762 4798 qui
2798 4740 2957 4785 erant
2985 4731 3040 4786 in
3066 4731 3332 4788 concilio:
3370 4749 3390 4784 ι
3417 4731 3533 4790 Hoc

1957 4827 2151 4884 magna
2182 4812 2476 4871 destructio
2498 4826 2601 4881 est,
2631 4829 2689 4873 ut
2716 4833 2893 4875 caecus
2916 4821 3158 4875 videntes
3187 4822 3368 4888 ducat,
3399 4824 3533 4878 stul-

1959 4909 2042 4955 tus
2069 4904 2338 4973 sapientes
2363 4907 2574 4961 doceat.
2612 4907 2726 4962 Hac
2753 4907 2900 4962 enim
2937 4910 2990 4964 in
3019 4923 3078 4961 re
3109 4909 3389 4981 disciplina
3417 4929 3534 4969 mo-

1957 4992 2113 5060 ritur,
2144 4993 2292 5049 locus
2319 4996 2622 5068 hypocrisis
2656 4997 2944 5053 monachis
2969 4999 3146 5064 datur,
3174 5002 3389 5056 occasio
3411 5017 3538 5072 pro-

1956 5087 2071 5157 pria
2093 5087 2400 5156 possidendi
2429 5091 2710 5144 monachis
2733 5091 3054 5162 subripitur,
3077 5105 3172 5158 per
3191 5108 3313 5162 quae
3335 5097 3542 5168 decepti

2165 5192 2302 5198 ---_,
2371 5191 2382 5198 .
2445 5179 2622 5198 n_.°.-
2660 5194 2707 5198 μ-
