4044 5290
514 235 649 294 1587

1489 203 1846 297 ιοιιόΑΝυδ
1885 239 2385 296 LEMOVICENSIS
2425 238 2821 296 EPISCOPUS.

3650 243 3787 300 1583

513 365 614 407 nos
637 350 978 421 tyrannidem
1006 349 1255 422 arripuit.
1290 349 1358 408 Ut
1393 359 1574 406 autem
1603 351 1956 422 praesentibus
1981 352 2091 421 epi-
2121 355 2170 415 Α
2201 350 2647 420 tranquillitatem
2667 352 2933 405 amittere.
2958 351 3020 404 Et
3035 351 3189 421 juxta
3215 351 3550 408 Dominicam
3574 365 3786 417 vocem,

513 441 692 512 scopis
727 441 800 498 sit
833 449 1040 507 notum,
1079 440 1414 512 Rodulphus,
1445 443 1888 513 archiepisc0pus
1924 457 2096 512 quon-

513 537 637 590 dam
665 533 1039 600 Bituricensis,
1081 536 1471 592 monasterium
1503 537 1677 607 ipsum
1714 547 1956 608 tempore
1989 536 2096 592 Ca-

515 623 618 680 roli
658 625 804 695 regis
843 625 898 681 in
936 623 1105 682 fundo
1143 641 1243 683 suo
1281 627 1606 693 construxit,
1637 637 1693 682 et
1727 629 1948 698 praediis
1987 627 2102 684 suis

513 716 806 788 multisque
827 717 988 775 donis
1007 719 1143 775 satis
1161 734 1432 792 superque
1453 720 1777 777 nobilitavit.
1801 721 1930 778 Post
1947 721 2104 792 cujus

516 809 808 866 transitum
843 810 912 866 ad
960 810 1128 867 caelos
1169 810 1332 883 longo
1367 827 1598 869 excurso
1642 821 1906 884 tempore,
1945 829 2103 869 occa-

516 905 673 961 sione
717 914 954 976 reperta,
1000 920 1186 962 comes
1226 905 1528 962 Tolosanus
1575 906 1884 962 coenobium
1926 906 2102 976 ipsum

517 1011 628 1052 suae
672 997 926 1066 potestati
973 996 1202 1063 addixit,
1245 1005 1302 1054 et
1347 997 1536 1054 comiti
1576 996 2006 1054 Petracoricensi
2049 998 2104 1054 in

516 1088 783 1146 beneﬁcio
812 1090 1045 1163 largitus
1073 1099 1176 1147 est.
1207 1089 1302 1147 ille
1337 1105 1554 1161 quoque
1608 1089 1916 1147 vicecomiti
1945 1090 2107 1146 Com-

519 1180 773 1237 bornensi
810 1183 1102 1250 concessit,
1129 1182 1220 1252 qui
1262 1197 1406 1238 nunc
1447 1182 1604 1238 nobis
1642 1181 1890 1238 laicalem
1919 1195 2107 1252 perso-

521 1287 647 1326 nam
673 1272 952 1344 imposuit,
975 1287 1038 1328 ea
1063 1275 1129 1330 de
1149 1289 1309 1329 causa
1333 1273 1460 1344 quia
1483 1273 2108 1331 Bernardusmonaehus

521 1359 1004 1430 Solemniacensis,
1019 1374 1071 1418 et
1085 1377 1267 1434 postea
1279 1363 2110 1434 episcopusCadurcensis,nobis

523 1465 655 1507 vero
693 1451 880 1519 abbas,
905 1451 1672 1522 antecessorejus,avunculus
1687 1452 1804 1523 ejus
1823 1454 2050 1511 exstitit.
2081 1473 2102 1509 s

595 1541 860 1598 Dixerunt
889 1542 1126 1614 episcopi
1156 1561 1170 1597 :
1205 1563 1221 1596 ι
1252 1543 1635 1600 Ecclesiastica
1665 1543 1837 1600 ollicia
1882 1560 1988 1600 non
2023 1560 2112 1600 se-

2203 443 2397 497 melius
2426 452 2510 497 est
2537 443 2586 497 ei
2628 444 2835 499 luscum
2882 445 2964 500 vel
2993 445 3240 498 claudum
3273 445 3326 500 in
3359 446 3524 500 vitam
3557 446 3789 509 intrare,

2201 547 2364 603 quam
2400 534 2535 590 duos
2563 538 2772 601 oculos,
2808 537 2893 593 vel
2923 539 3058 594 duos
3097 539 3261 609 pedes
3295 538 3609 604 habentem,
3646 539 3790 594 mitti

2204 625 2257 680 in
2286 626 2603 696 gehennam,
2637 629 2740 684 hoc
2784 640 2890 694 est,
2930 631 3122 685 melius
3156 640 3242 686 est
3270 646 3329 686 se
3365 631 3540 686 soluat
3583 631 3791 687 lucrari

2204 730 2367 785 quam
2389 733 2511 770 cum
2535 719 2738 787 pravis,
2761 735 2897 789 quos
2921 721 3180 777 inutiliter
3204 734 3369 789 amat,
3398 725 3790 780 detrimentum

2204 808 2340 878 pati.
2384 809 2457 865 De
2495 811 2691 866 talibus
2730 813 2967 882 loquitur
3001 815 3237 885 Spiritus
3283 829 3500 873 sanctus
3535 832 3638 889 per
3661 825 3793 888 pro-

2206 901 2447 970 phetam,
2471 902 2690 959 dicens:
2713 903 2823 959 Fili
2844 906 3093 975 hominis,
3115 908 3372 964 increduli
3389 920 3436 964 et
3457 910 3794 966 subvenere:

2206 1001 2327 1046 sunt
2357 1000 2547 1059 tecum,
2576 1005 2626 1049 et
2663 1011 2782 1050 cum
2819 997 3179 1067 scorpionibus
3206 999 3411 1054 habitas
3448 998 3670 1071 (Ezech.
3703 998 3791 1068 tt).

2208 1080 2277 1137 Et
2304 1083 2432 1137 item
2453 1082 2554 1140 Job
2579 1100 2593 1138 :
2620 1083 2815 1140 Frater
2842 1087 2924 1157 {ui
2952 1086 3244 1143 draconum
3271 1099 3320 1144 et
3344 1091 3518 1144 socius
3538 1089 3795 1144 struthio-

2209 1189 2331 1227 nnm
2361 1173 2484 1244 (Job
2509 1175 2661 1247 xxx).
2700 1177 2766 1232 Et
2807 1179 3013 1235 David:
3065 1179 3197 1247 Quis
3253 1183 3397 1237 dabit
3433 1184 3560 1237 mihi
3596 1199 3797 1253 pennas

2208 1266 2342 1321 sicut
2373 1267 2646 1334 columbte,
2677 1279 2725 1324 et
2758 1271 2966 1339 volabo,
2992 1282 3040 1328 et
3072 1275 3430 1346 requiescam!
3456 1274 3631 1346 (Psal.
3657 1275 3795 1336 Liv.)

2212 1357 2373 1414 Certe
2402 1360 2594 1416 beatus
2619 1359 2943 1418 Benedictus
2971 1364 3260 1420 saeculares
3286 1365 3371 1420 vel
3396 1375 3644 1437 agrestes
3672 1379 3795 1420 mo-

2212 1449 2440 1517 nachos,
2465 1450 2556 1520 qui
2585 1465 2710 1506 eum
2735 1466 2943 1508 veneno
2965 1467 3159 1509 necare
3177 1454 3355 1510 conati
3382 1464 3530 1520 sunt,
3557 1454 3686 1511 ideo
3708 1453 3799 1510 de-

2212 1541 2402 1606 seruit,
2448 1555 2514 1596 ne
2550 1541 2748 1596 mentis
2792 1557 2904 1598 sua:
2950 1544 3299 1616 tranquillum
3347 1545 3562 1602 oculum
3607 1559 3796 1600 eorum

528 1633 766 1689 cundum
807 1635 990 1688 carnis
1017 1634 1300 1706 originem,
1333 1635 1428 1691 sed
1453 1634 1754 1691 secundum
1790 1635 2109 1692 meritorum
2137 1699 2179 1706 _
2212 1629 2446 1699 pessima
2490 1630 2734 1687 foeditate
2764 1631 3084 1688 lurbidaret.
3118 1632 3189 1688 Ut
3225 1634 3369 1688 enim
3403 1634 3578 1690 sancti
3609 1632 3798 1688 Patres

525 1725 804 1791 virtutem,
833 1725 1081 1782 distribui
1116 1735 1350 1797 oportet.
1385 1746 1404 1781 ι

594 1815 840 1887 Cumque
865 1816 952 1873 ille
973 1817 1226 1884 clericus,
1246 1832 1352 1872 non
1379 1817 1702 1885 monachus,
1725 1817 1911 1885 abbas,
1938 1833 2108 1874 saecu-

525 1909 628 1966 lari
657 1910 940 1967 nobilitate
967 1926 1033 1967 ac
1061 1912 1426 1984 generositate
1452 1927 1701 1984 magnus,
1732 1927 1858 1968 mox
1885 1919 2110 1968 vocatus

528 2002 584 2055 in
617 2001 906 2058 concilium
946 2011 1074 2058 ante
1121 2003 1408 2074 episcopos
1451 2018 1580 2060 reus
1617 2011 1845 2068 astaret,
1884 2003 2110 2074 genibus

525 2093 738 2162 positis,
751 2102 978 2166 etsuper
991 2095 1095 2150 hac
1114 2109 1172 2150 re
1185 2093 1523 2164 judicaretur
1538 2094 1834 2150 secundum
1846 2107 2107 2160 canones,

527 2185 602 2240 ita
631 2185 946 2255 respondit:
975 2204 994 2239 ι
1022 2185 1068 2242 0
1089 2184 1736 2250 reverentissimiPatres,
1763 2184 1923 2251 hanc,
1956 2198 2108 2253 rogo,

527 2288 667 2347 |llSlO
699 2277 905 2346 judicio
940 2279 1198 2350 corrigite
1228 2292 1364 2342 rem,
1400 2285 1452 2334 et
1494 2277 1724 2332 libenter
1751 2276 2056 2331 consentio.
2087 2294 2106 2328 ι

604 2372 866 2428 Dixerunt
898 2372 1130 2428 Patres:
1176 2390 1195 2424 ι
1233 2371 1488 2429 idoneum
1515 2386 1580 2427 ex
1616 2370 1954 2442 regularibus
1997 2383 2113 2426 mo-

529 2464 717 2519 nachis
759 2463 1003 2534 aliquem
1045 2464 1301 2518 adducito
1339 2474 1465 2518 ante
1499 2463 1758 2517 domnum
1793 2460 2110 2524 Jordanum,

531 2564 594 2611 ut
628 2557 743 2628 ipse
785 2571 908 2612 eum
940 2557 1265 2627 regulariter
1289 2556 1504 2611 ordinet
1541 2556 1791 2610 abbatem
1825 2556 1890 2609 ad
1923 2570 2114 2624 regen-

528 2647 658 2702 dum
683 2646 856 2718 ipsum
882 2647 1089 2713 locum;
1131 2654 1188 2702 et
1221 2656 1274 2700 tu
1297 2647 1638 2702 extrinsecus
1664 2660 1770 2700 non
1797 2644 2112 2713 dissipator.

531 2738 628 2795 sed
669 2737 924 2794 defensor
975 2746 1032 2794 et
1073 2738 1322 2808 provisor
1373 2737 1475 2792 loci
1529 2737 1724 2790 adesse
1770 2742 2062 2789 memento.
2092 2751 2109 2784 ι

530 2831 724 2900 itaque
771 2830 1032 2901 episcOpi,
1085 2838 1372 2900 postquam
1422 2830 1489 2885 de
1534 2830 1620 2884 his
1665 2828 1754 2884 diu
1817 2827 1978 2881 locuti
2029 2841 2118 2880 es-

537 2931 681 2985 sent,
731 2922 950 2990 primati
1005 2921 1379 2976 Lemovicensi
1421 2922 1522 2976 sub
1563 2919 1873 2975 testimonio
1901 2917 2116 2976 concilii

537 3021 592 3068 et
619 3012 877 3067 Willelmi
919 3012 1072 3067 ducis
1124 3013 1518 3081 Aquitanorum
1575 3011 1678 3066 hoc
1739 3011 1916 3064 taliter
1967 3023 2116 3064 com-
2149 3044 2194 3104 ς

538 3104 806 3158 miserunt
848 3103 1152 3172 negotium,
1201 3113 1261 3156 ut
1307 3118 1480 3172 usque
1527 3103 1594 3157 ad
1645 3100 1852 3156 Natalis
1905 3101 2118 3156 Domini

535 3192 909 3257 festivitatem,
934 3207 1053 3261 qua:
1074 3192 1125 3246 in
1145 3201 1295 3246 sexta
1321 3191 1655 3247 bebdomada
1679 3191 2120 3261 exspectabatur,

535 3283 819 3340 ordinaret
857 3283 909 3338 in
960 3297 1027 3337 eo
1064 3281 1185 3336 loco
1233 3283 1457 3353 dignum
1495 3293 1769 3351 paStorem
1822 3281 2122 3335 secundum

540 3379 808 3450 regulam.
853 3377 1004 3443 Quod
1053 3376 1096 3432 si
1143 3375 1582 3431 contradicentes
1631 3373 1897 3443 reperiret
1937 3373 2027 3442 qui
2073 3372 2123 3426 id

538 3466 654 3523 ﬁeri
684 3482 790 3524 non
818 3465 1218 3536 permitterent,
1248 3475 1302 3520 et
1329 3465 1475 3536 ipsos
1511 3474 1567 3522 ct
1597 3465 1770 3535 ipsum
1812 3464 1992 3519 locum
2025 3479 2122 3520 ex-

538 3557 1033 3615 communicatione
1061 3556 1320 3613 canonica
1351 3556 1565 3627 ligaret,
1596 3557 1769 3612 donec
1791 3555 1934 3612 idem
1970 3555 2124 3611 locus

540 3651 610 3706 ad
647 3649 933 3720 pristinam
956 3658 1305 3704 revocaretur
1329 3648 1677 3719 dignitatem.

612 3740 947 3808 Quibusdam
973 3753 1104 3794 vero
1123 3737 1528 3793 sciscitantibus
1549 3737 1594 3793 si
1615 3737 1705 3806 qui
1736 3735 2124 3791 monachorum

545 3831 688 3889 forte
724 3831 790 3886 de
833 3831 1023 3885 eodem
1065 3828 1312 3884 surculari
1350 3828 1467 3883 loco
1505 3827 1572 3882 ad
1613 3828 1780 3882 alium
1822 3827 2126 3896 regularem

549 3921 938 3992 transmigrare
972 3919 1192 3985 vellent,
1225 3930 1406 3973 utrum
1449 3919 1528 3972 eis
1560 3918 1769 3984 licerel,
1806 3917 2004 3972 eruditi
2036 3916 2126 3986 qui

549 4013 802 4076 aderant,
839 4019 986 4065 recte
1015 4023 1206 4080 sapere
1244 4008 1374 4063 tales
1397 4005 1734 4078 judicabant.
1772 4025 1789 4058 ι
1821 4006 2007 4068 Tales,
2050 4007 2129 4060 ia-

547 4101 765 4172 qniunt,
807 4100 917 4156 Deo
955 4098 1169 4170 placere
1203 4097 1444 4153 student.
1477 4097 1614 4151 Nam
1651 4095 1694 4151 si
1740 4097 2012 4167 perlectus
2047 4106 2131 4152 est

551 4195 644 4266 qui
677 4194 818 4251 inter
839 4193 1012 4249 malos
1048 4193 1222 4248 bonus
1250 4201 1356 4258 est,
1406 4199 1585 4245 tamen
1612 4190 1881 4245 bonorum
1907 4203 2132 4244 consor-

552 4288 687 4342 tium
731 4287 962 4358 adipisci
1004 4285 1275 4342 laudabile
1317 4293 1372 4341 et
1410 4283 1640 4354 perutile
1677 4291 1781 4338 est.
1812 4280 1950 4348 Quia
1990 4281 2132 4336 sicut

2137 1699 2186 1760 Β
2213 1720 2489 1788 dixerunt,
2515 1722 2774 1792 quidquid
2800 1737 2987 1792 pacem
3016 1723 3098 1779 vel
3126 1724 3573 1794 tranquillitatem
3595 1724 3796 1789 cordis,

2209 1826 2314 1881 qua
2346 1811 2516 1867 Deum
2538 1811 2753 1867 assidue
2773 1813 3013 1882 cogitare
3040 1812 3323 1879 debemus,
3348 1812 3676 1884 perturbare
3703 1826 3800 1880 po—

2212 1912 2348 1970 test,
2376 1905 2622 1974 quamvis
2652 1904 2809 1971 utile,
2836 1905 3085 1975 quamvis
3115 1906 3478 1962 necessarium
3511 1906 3607 1972 sit,
3639 1904 3800 1972 abjici

2211 2004 2456 2064 oportet;
2485 1993 2726 2064 quolibet
2746 1995 2944 2067 quippe
2967 1996 3214 2052 vitio'cor
3229 1997 3607 2068 perturbatum
3629 1996 3802 2052 Deum

2212 2084 2453 2156 Cogitare
2481 2100 2588 2140 non
2624 2093 2822 2156 potest.
2857 2086 2984 2141 Hzec
3011 2087 3278 2151 dicentes,
3310 2103 3416 2142 non
3443 2102 3540 2142 eos
3563 2086 3798 2142 damna-

2214 2192 2334 2230 mus
2366 2175 2457 2246 qui
2505 2175 2649 2231 inter
2684 2175 3189 2245 pseudomonachos
3223 2176 3348 2231 boni
3389 2175 3682 2246 aliquoties
3718 2175 3802 2229 vel

2214 2283 2336 2322 cum
2369 2267 2550 2336 pravis
2588 2267 2886 2338 majoribus
2921 2268 3232 2323 necessario
3271 2267 3493 2338 degunt,
3530 2267 3577 2322 si
3620 2275 3804 2320 tamen

2216 2358 2344 2413 illud
2375 2357 2673 2428 adimplent
2709 2357 2851 2428 quod
2889 2358 3150 2427 scriptum
3186 2365 3308 2414 est:
3342 2358 3473 2424 Qua:
3501 2357 3688 2411 dicunt
3722 2358 3805 2426 fa-

2215 2449 2340 2515 cite,
2373 2465 2490 2520 qua:
2514 2458 2689 2502 autem
2724 2448 2922 2518 faciunt
2960 2449 3134 2517 facere
3168 2446 3325 2501 nolite
3356 2446 3575 2517 (Matth.
3607 2447 3801 2515 nm);

2216 2550 2272 2595 ct
2298 2540 2424 2595 item
2452 2557 2466 2593 :
2494 2538 2640 2593 Sicut
2665 2538 2832 2592 lilium
2859 2539 2996 2593 inter
3013 2539 3216 2608 spinas,
3240 2538 3314 2592 sic
3338 2539 3511 2592 amica
3535 2554 3654 2591 mea
3672 2540 3806 2590 inter

2217 2629 2359 2700 [i'ias
2390 2627 2567 2699 (Cant.
2603 2629 2686 2699 ιι).
2718 2628 2782 2682 Ει
2809 2627 3066 2698 periculis
3100 2628 3151 2682 in
3181 2625 3331 2684 falsis
3367 2626 3630 2682 fratribus
3659 2627 3806 2696 Apo-

2218 2718 2391 2774 stolus
2417 2721 2744 2774 exercitatus
2769 2729 2872 2786 est,
2897 2728 2954 2774 et
2978 2729 3246 2790 prtecepta
3282 2718 3519 2788 pastoris
3548 2719 3603 2772 in
3630 2719 3803 2773 omni-

2221 2811 2320 2864 bus
2344 2809 2664 2878 adimplere,
2694 2809 2908 2864 etiamsi
2941 2809 3076 2880 ipse,
3107 2810 3248 2879 quod
3279 2810 3440 2875 absit,
3469 2807 3631 2864 aliter
3658 2821 3802 2878 agat.

2221 2903 2288 2958 Et
2313 2904 2364 2957 in
2401 2903 2587 2957 talium
2616 2902 2859 2972 exemplo
2887 2903 3078 2957 beatus
3106 2902 3298 2957 Petrus
3326 2901 3423 2956 Lot
3464 2902 3518 2955 in
3561 2901 3807 2956 testimo-

2225 2994 2372 3048 nium
2399 2993 2647 3060 assumit,
2683 2993 2906 3048 diccns:
2938 2992 3005 3046 Et
3027 2992 3233 3062 justum
3263 2991 3359 3046 Lot
3390 3010 3421 3046 a
3455 2992 3806 3061 nefandorum

2225 3085 2614 3139 conversatione
2667 3085 2824 3150 eruit,
2891 3085 3211 3139 habitantem
3273 3086 3409 3139 inter
3464 3102 3553 3140 eos
3593 3084 3686 3155 qui
3745 3084 3808 3136 de

2223 3174 2308 3228 die
2345 3175 2399 3230 in
2441 3175 2579 3228 diem
2630 3175 2864 3228 animant
2898 3173 3102 3244 justam
3167 3175 3360 3244 iniquis
3404 3175 3652 3245 operibus
3686 3191 3808 3229 cru-

2224 3265 2430 3319 ciabant
2468 3265 2552 3336 (II
2588 3264 2732 3320 I’ctr.
2764 3267 2850 3336 ιι).
2890 3265 2998 3322 Nec
3031 3267 3095 3321 de
3115 3266 3245 3322 solis
3279 3268 3584 3334 monachis,
3618 3283 3809 3322 verum

2223 3357 2385 3410 etiam
2421 3355 2748 3426 generaliter
2776 3357 2842 3411 de
2883 3356 3135 3412 omnibus
3173 3356 3517 3422 Christianis,
3559 3356 3651 3427 qni
3683 3357 3811 3412 boni

2227 3447 2368 3502 inter
2396 3447 2566 3502 malos
2587 3457 2998 3513 convcrsantur,
3025 3449 3142 3504 haec
3163 3449 3306 3504 dicta
3335 3459 3480 3505 sunt.
3511 3450 3590 3506 De
3615 3450 3813 3505 talibus

2228 3539 2354 3594 item
2395 3538 2595 3594 Paulus
2645 3540 2715 3594 ad
2757 3539 3050 3610 discipulos
3097 3540 3210 3595 ait:
3254 3539 3320 3594 In
3364 3541 3535 3595 medio
3582 3541 3814 3593 nationis

2225 3648 2402 3701 prava:
2427 3641 2473 3684 et
2501 3647 2778 3702 perrerstc,
2813 3631 2949 3684 inter
2979 3647 3111 3701 quos
3142 3631 3323 3685 lucetis
3362 3631 3493 3684 sicut
3524 3631 3816 3684 luminaria

2227 3726 2279 3779 in
2311 3725 2508 3779 nmndo
2535 3723 2758 3797 (Philip.
2787 3727 2871 3794 ιι).
2903 3722 3038 3778 Hinc
3075 3723 3310 3778 Joannes
3339 3722 3588 3794 l'crgami
3621 3722 3812 3777 Eccle-

2228 3819 2322 3872 sia:
2347 3835 2359 3871 :
2392 3815 2538 3881 Scio,
2564 3815 2762 3886 inquit,
2788 3815 2875 3868 ubi
2904 3815 3136 3881 habitas,
3162 3815 3250 3869 ubi
3283 3815 3429 3869 sedes
3458 3825 3536 3868 est
3568 3815 3814 3879 Satanar,

2228 3917 2276 3962 et
2317 3917 2456 3961 tenes
2495 3921 2682 3959 nomen
2722 3922 2922 3970 meum,
2963 3915 3010 3959 et
3051 3923 3154 3960 non
3196 3907 3396 3976 negasti
3437 3907 3599 3974 ﬁdem
3643 3923 3817 3959 meam

2231 4000 2414 4070 (Apoc.
2447 3998 2530 4067 ιι).
2563 3997 2731 4068 Ergo,
2760 3997 2900 4053 sicut
2927 3996 3222 4068 Gregorius
3252 3997 3351 4062 ait,
3385 3998 3559 4052 bonus
3591 4013 3704 4053 non
3733 4008 3819 4052 est

2231 4090 2320 4159 qui
2347 4088 2517 4143 malos
2542 4087 2771 4142 tolerare
2799 4096 3035 4142 recusat.
3061 4087 3124 4141 Et
3150 4096 3299 4141 tanto
3328 4087 3498 4156 magis
3517 4088 3648 4142 mali
3686 4088 3819 4142 tole-

2233 4180 2385 4235 randi
2416 4188 2562 4246 sunt,
2590 4187 2796 4248 quanto
2826 4187 2882 4235 et
2921 4178 3150 4249 amplius
3176 4179 3469 4234 abundant.
3513 4178 3821 4249 Regularcs

2233 4283 2412 4328 autem
2443 4271 2736 4328 monachos
2759 4271 3007 4336 dicimus,
3044 4269 3137 4339 qui
3177 4269 3364 4325 illicita
3398 4271 3670 4335 nolentes,
3710 4287 3820 4326 non

553 4379 792 4450 Spiritus
831 4387 1055 4434 sanctus
1094 4392 1191 4447 per
1237 4374 1578 4432 Psalmislam
1616 4375 1694 4430 ait
1721 4390 1734 4427 :
1781 4373 1914 4428 Cum
1949 4381 2132 4426 sancto
2161 4383 2210 4442 ι)
2237 4382 2336 4420 suo
2365 4365 2459 4420 sed
2483 4363 2661 4418 alieno
2683 4361 2912 4434 imperio
2938 4361 3157 4426 vivunt;
3185 4360 3383 4431 quibus
3408 4361 3595 4414 omnia
3623 4361 3678 4414 in
3709 4375 3822 4415 mc-

551 4480 767 4528 sanctus
795 4471 920 4535 eris,
949 4479 998 4524 et
1036 4485 1155 4524 cum
1185 4469 1296 4524 viro
1331 4467 1609 4523 innocente
1643 4465 1891 4520 innocens
1918 4465 2042 4525 eris,
2083 4472 2132 4518 et

553 4577 674 4617 cum
707 4560 868 4615 electo
903 4559 1094 4614 electus
1127 4559 1254 4626 eris,
1291 4576 1411 4614 cum
1448 4572 1686 4628 perverso
1722 4566 1898 4610 autem
1935 4569 2135 4624 perver-

558 4656 683 4712 teris
713 4653 888 4728 (Psal.
921 4653 1152 4724 xvn).Et
1181 4668 1395 4708 rursum
1417 4651 1744 4723 Apostolus:
1779 4643 2133 4714 Corrumpunt

560 4762 727 4800 mores
774 4747 933 4799 bonos
989 4743 1250 4814 colloquia
1305 4741 1444 4795 mala
1496 4739 1554 4811 (l
1589 4737 1712 4794 Cor.
1762 4737 1874 4808 xv).
1926 4735 2137 4790 Rursus

519 4877 522 4881 ι
561 4836 848 4906 Scriptura
876 4835 990 4890 ait:
1032 4833 1137 4900 Qui
1184 4831 1404 4901 tetigerit
1445 4830 1630 4900 picem,
1671 4825 2034 4897 inquinabitur
2071 4823 2137 4878 ab

559 4944 653 4992 ea;
683 4938 731 4982 et
763 4927 851 4999 qui
874 4922 1335 4980 communicaverit
1360 4918 1606 4991 superbo,
1632 4917 1811 4972 induet
1841 4913 2138 4982 superbiant

561 5017 753 5090 (Eccli.
780 5019 924 5088 ιιιιι).
948 5016 1082 5072 Nam
1107 5014 1150 5069 si
1183 5014 1353 5068 lilium
1385 5012 1524 5066 inter
1551 5010 1734 5081 spinas
1766 5007 1930 5071 lucet,
1959 5014 2136 5060 tamen

563 5119 820 5180 gravatur
851 5123 880 5162 a
907 5108 1078 5178 Spinis
1115 5115 1168 5161 et
1203 5103 1491 5176 gloriosius
1518 5101 1719 5156 crescit
1757 5099 1896 5154 inter
1924 5111 2136 5152 amoena

561 5216 724 5271 quam
762 5201 902 5256 inter
931 5199 1160 5269 spineta.
1194 5197 1327 5252 Nam
1362 5205 1417 5251 et
1453 5195 1567 5266 ipse
1601 5191 1863 5264 regularis
1890 5190 2061 5245 abbas
2095 5188 2138 5243 si

2237 4457 2386 4511 dium
2434 4454 2791 4511 conferuntur
2838 4452 3176 4516 communia,
3223 4466 3321 4507 nec
3365 4451 3572 4522 aliquid
3619 4451 3822 4506 habent

2236 4547 2379 4616 quod
2401 4545 2567 4600 abbas
2585 4558 2694 4598 non
2716 4543 2923 4599 dederit
2943 4551 3036 4596 aut
3062 4541 3386 4613 permiserit.
3404 4541 3589 4598 Potest
3612 4553 3818 4606 autem,

2237 4636 2537 4708 quamlibet
2563 4634 2776 4690 dillicile
2807 4633 3120 4705 contingere
3146 4633 3338 4703 possit,
3368 4633 3637 4704 regularis
3679 4647 3820 4690 unus

2240 4731 2380 4786 inter
2408 4729 2590 4800 plures
2618 4737 2860 4800 agrestes
2880 4726 3210 4792 conversari,
3244 4725 3288 4780 si
3315 4734 3496 4780 tamen
3528 4725 3598 4780 ab
3620 4726 3821 4781 illicitis

2239 4836 2360 4876 sese
2393 4820 2664 4882 continet;
2707 4818 2753 4872 si
2800 4817 2886 4873 his
2923 4831 3044 4886 qua:
3081 4816 3180 4873 sibi
3217 4815 3286 4871 ad
3325 4815 3486 4886 hujus
3526 4815 3656 4873 vita:
3694 4832 3820 4872 usus

2241 4922 2568 4982 congruunt,
2590 4912 2938 4981 permittente
2964 4919 3059 4964 aut
3077 4911 3238 4966 dante
3258 4925 3322 4966 eo
3344 4911 3437 4984 qui
3462 4911 3567 4966 sibi
3600 4922 3818 4982 pratest,

2241 5013 2533 5061 contentus
2559 5002 2720 5056 fuerit
2747 5020 2759 5054 :
2783 4999 2938 5070 juxta
2967 5002 3109 5070 quod
3133 5002 3424 5071 Apostolus
3451 5000 3720 5072 loquitur,
3743 5003 3818 5058 di-

2242 5109 2371 5148 cens
2399 5107 2415 5146 :
2447 5091 2708 5146 [labentes
2739 5092 2949 5154 victum,
2987 5099 3038 5144 et
3074 5100 3443 5160 tegumentum,
3479 5092 3563 5146 his
3595 5093 3817 5147 contenti

2243 5199 2422 5237 sumus
2447 5181 2497 5253 (1
2539 5180 2672 5234 Tim.
2706 5181 2801 5251 γι).
2839 5179 3140 5235 Smculares
3168 5190 3344 5236 autem
3375 5183 3677 5236 monachos
3706 5182 3817 5237 illos
