4044 5290
1460 312 1637 372 ACTA
1678 314 1969 376 CONCILll
2003 321 2504 384 LEMOVlCENSlS
2535 325 2598 384 ll.

3521 289 3668 393 istic

377 416 705 487 iudicabunt
746 420 870 490 quia
900 418 1020 478 istis
1063 419 1381 492 regulariter
1416 427 1738 498 viventibus,
1773 430 1846 486 illi
1881 447 1965 490 re-
1995 441 2043 500 Α
2071 437 2232 507 lierit,
2255 456 2411 511 super
2427 456 2532 512 qua
2555 457 2633 509 re,
2658 442 2705 496 si
2726 457 2845 497 vera
2866 450 2961 510 est,
2987 459 3078 498 cor
3101 458 3270 498 meum
3300 423 3665 509 contristatur.

382 509 649 582 gulariter
683 512 867 569 vivere
909 515 1214 573 noluerunt.
1249 519 1305 573 In
1351 520 1618 592 capitibus
1647 539 1776 595 ergo
1808 524 1969 593 jnstis

382 603 716 658 monasteria
745 605 1029 677 eriguntur
1057 618 1111 666 et
1156 608 1360 680 vigent,
1399 611 1453 665 in
1491 613 1703 669 vitiosis
1733 623 1894 670 ruunt
1919 624 1972 672 et

381 691 667 768 languent.
700 697 998 770 Episcopus
1029 700 1231 772 itaque,
1273 703 1342 756 ad
1371 700 1525 770 cujus
1553 703 1813 760 dioecesin
1843 719 1970 776 per-

382 787 558 860 tinent
592 793 947 857 monasteria,
987 801 1043 848 et
1080 793 1325 860 abbates,
1362 802 1524 868 atque
1558 795 1854 852 Christiani
1892 798 1971 852 vi-

382 877 516 945 cini,
546 879 650 936 nisi
678 881 1060 952 prohibuerint
1083 883 1330 954 indignos
1356 885 1407 940 in
1438 886 1760 956 pastoralem
1781 902 1969 944 curam

383 971 614 1042 ingredi,
655 972 856 1029 malum
889 973 945 1030 in
979 975 1100 1032 illos
1134 976 1373 1046 respicit,
1412 979 1555 1036 sicut
1582 981 1723 1036 bona
1759 996 1970 1037 merces

381 1072 414 1114 a
444 1058 558 1116 Deo
583 1060 706 1118 illos
743 1073 1044 1135 exspectat,
1085 1066 1130 1122 si
1173 1066 1389 1124 iainiliae
1415 1068 1510 1125 Dei
1541 1069 1733 1142 dignos
1769 1073 1970 1130 consti-

382 1159 540 1206 tuant
565 1153 988 1225 dispensatores.
1024 1177 1044 1211 ι

449 1242 580 1300 Haec
607 1254 662 1301 et
685 1246 770 1302 his
798 1248 996 1304 similia
1027 1265 1152 1306 cum
1180 1252 1410 1324 mystico
1449 1261 1506 1309 et
1551 1255 1666 1310 utili
1695 1255 1966 1312 audienti-

379 1334 481 1392 bus
534 1351 787 1394 sermone
844 1339 912 1407 de
966 1341 1269 1399 sublimiori
1306 1345 1590 1416 proposito
1648 1347 1968 1404 edissertata

377 1434 581 1490 essent,
615 1426 694 1482 ait
719 1427 954 1485 domnus
982 1427 1252 1489 Jordanus
1279 1451 1294 1488 :
1321 1435 1432 1506 Ago
1483 1435 1590 1491 Deo
1615 1438 1813 1507 gratias
1842 1441 1967 1510 quia

375 1517 434 1571 in
459 1517 669 1574 dioecesi
695 1517 1052 1578 Lemovicensi
1071 1524 1229 1594 plura
1255 1531 1572 1585 monasteria
1596 1543 1733 1586 recto
1759 1535 1967 1590 tramite

376 1608 645 1676 incedunt,
671 1622 719 1666 et
749 1612 874 1668 boni
899 1617 1078 1672 odoris
1113 1618 1179 1673 de
1206 1637 1263 1675 se
1286 1621 1523 1692 exempla
1570 1622 1731 1679 latius
1767 1626 1968 1695 diffun-

376 1699 530 1770 dunt,
547 1705 681 1758 sicut
711 1705 992 1776 Apostolus
1017 1710 1135 1765 ait:
1162 1728 1181 1762 ι
1204 1710 1400 1768 Christi
1433 1715 1600 1770 bonus
1631 1717 1762 1772 odor
1782 1734 1963 1774 sumus

2075 527 2269 584 Omnes
2289 531 2427 585 enim
2455 542 2706 588 noverunt
2726 535 2780 588 in
2794 538 2992 589 sanctis
3014 535 3246 592 conciliis
3268 538 3343 593 sic
3364 539 3666 610 institutum

2073 627 2130 673 ut
2159 621 2207 674 si
2229 622 2346 691 quis
2369 621 2432 676 ab
2453 623 2694 695 episcOpo
2714 642 2810 680 suo
2836 629 3341 695 excommunicatus,
3361 630 3666 704 interfectus

2072 719 2166 765 aut
2194 711 2336 766 obitu
2360 714 2573 783 proprio
2599 725 2838 772 mortuus
2864 717 3056 788 absque
3107 719 3528 776 reconciliatione
3551 721 3666 791 fue-

2072 803 2161 868 rit,
2187 802 2486 859 nullatenus
2501 804 2922 863 Christianorum
2944 809 3214 880 sepultura
3240 811 3546 880 sepeliatur,
3565 814 3666 872 nisi

2071 894 2363 966 episcOpus,
2381 897 2823 968 satisfacientibus
2851 917 2947 973 pro
2973 917 3035 957 eo
3050 901 3234 957 amicis
3247 903 3322 957 vel
3331 902 3662 974 parentibus,

2071 983 2454 1042 absolutionem
2479 994 2528 1042 et
2567 986 2836 1044 licentiam
2857 1007 2924 1046 ea:
2951 990 3050 1046 hoc
3080 992 3412 1047 concesserit.
3439 990 3544 1046 Sed
3570 1007 3661 1046 ne-

2069 1090 2170 1144 que
2191 1092 2286 1147 pro
2340 1091 2403 1132 eo
2431 1087 2628 1146 oretur,
2677 1096 2772 1136 nec
2795 1080 3028 1151 facultas
3049 1082 3165 1153 ejus
3195 1083 3251 1138 in
3275 1082 3659 1155 eleemosgnam

2068 1165 2407 1236 suscipiatur,
2448 1183 2716 1240 quousque
2754 1169 2819 1224 ab
2855 1170 3093 1242 episcopo
3121 1171 3440 1228 absolvatur.
3480 1174 3659 1230 Simili

2067 1255 2222 1311 modo
2250 1255 2298 1311 si
2323 1255 2622 1312 vulneratus
2643 1259 2714 1312 ad
2739 1269 2956 1315 mortem
2978 1259 3190 1332 quilibet
3214 1262 3278 1318 de
3303 1266 3658 1320 excommuni-

2068 1347 2200 1402 catis
2223 1346 2400 1416 fuerit,
2436 1347 2514 1403 vel
2536 1349 2840 1420 inﬁmitate
2861 1351 2930 1406 ad
2957 1353 3153 1407 exitum
3180 1363 3467 1425 correptus,
3494 1355 3658 1425 patui-

2068 1437 2285 1491 tentiam
2317 1452 2382 1492 ea:
2410 1437 2566 1494 corde
2582 1439 2808 1509 petierit,
2826 1440 2903 1496 vel
2926 1457 3036 1497 esse
3061 1443 3345 1500 monachus
3370 1445 3654 1516 quaesierit.

2065 1530 2366 1600 paenitentia
2398 1531 2513 1602 ejus
2539 1533 2862 1604 suscipiatur
2887 1534 3118 1606 quidem,
3145 1545 3192 1591 et
3219 1537 3466 1591 viaticum
3489 1536 3540 1594 ei
3561 1554 3658 1608 pro

2067 1623 2428 1679 misericordia
2455 1623 2750 1692 tribuatur;
2796 1621 3096 1682 nullatenus
3142 1637 3315 1684 tamen
3355 1628 3660 1700 sepeliatur,

2067 1728 2231 1784 neque
2258 1723 2372 1784 post
2404 1724 2623 1771 mortem
2649 1734 2744 1786 pro
2771 1733 2832 1774 eo
2869 1726 3066 1783 oretur,
3109 1719 3273 1774 donec
3318 1719 3385 1775 ab
3421 1720 3658 1791 episcopo

375 1787 515 1856 Deo,
569 1793 624 1849 in
659 1795 743 1850 his
785 1797 877 1867 qui
907 1796 1043 1853 salvi
1082 1801 1242 1869 ﬁunt,
1294 1813 1342 1858 et
1385 1804 1440 1858 in
1478 1805 1561 1860 [iis
1610 1808 1702 1876 qui
1747 1823 1963 1879 peream
1997 1787 2040 1848 Β
2067 1817 2164 1858 suo
2191 1802 2511 1860 absolvatur.
2551 1804 2768 1862 Dicente
2796 1807 2935 1863 enim
2972 1808 3119 1864 bea.’o
3159 1808 3410 1882 Gregorio
3446 1787 3503 1867 in
3529 1787 3660 1866 Dia-

374 1879 462 1952 (11
493 1882 618 1941 Gor.
643 1884 730 1957 ιι).
760 1907 780 1942 s
806 1887 920 1945 llos
947 1891 1154 1963 quippe,
1195 1895 1286 1965 qui
1310 1908 1591 1966 prtesentes
1632 1899 1756 1955 huic
1783 1911 1964 1957 sancto

373 1972 596 2029 concilio
639 1977 918 2046 intersunt,
976 1982 1188 2039 abbates
1247 1984 1636 2044 Lemovicenses
1678 1989 1863 2060 laudo,
1913 2004 1960 2048 et

371 2064 623 2134 testiﬁcor
646 2068 701 2123 in
733 2069 956 2126 Domino
995 2072 1126 2128 Jesu
1173 2075 1298 2145 quia
1339 2093 1456 2131 cum
1482 2078 1584 2132 sibi
1619 2080 1842 2136 subditis
1879 2098 1962 2137 re-

369 2155 628 2224 gulariter
650 2170 861 2231 agentes
910 2162 1185 2220 lucrandis
1235 2167 1513 2224 animabus
1556 2171 1732 2239 potius
1775 2173 1963 2244 invigi-

369 2245 484 2301 lant
519 2264 680 2320 quant
724 2253 790 2307 de
841 2255 1056 2310 caducis
1094 2257 1247 2312 rebus
1291 2266 1341 2314 et
1396 2261 1716 2317 transitoriis
1755 2275 1957 2319 curent.

370 2336 603 2406 Dignum
653 2350 730 2395 est
779 2344 918 2397 enim
981 2355 1035 2399 ut
1084 2348 1380 2418 quicunque
1421 2350 1713 2420 suscipiunt
1751 2353 1958 2408 animas

369 2429 643 2498 regendas,
685 2446 982 2502 prtrparent
1011 2453 1068 2492 se
1102 2439 1173 2492 ad
1215 2441 1472 2495 rationem
1507 2442 1850 2498 reddendam.
1889 2443 1959 2500 In

365 2518 552 2586 primis
591 2521 814 2594 denique
840 2525 1104 2594 familiam
1137 2528 1278 2583 beati
1305 2529 1571 2586 Martialis
1603 2533 1658 2587 in
1679 2532 1779 2588 hac
1809 2535 1954 2601 urbe,

365 2618 416 2664 et
449 2609 809 2671 Gambonense
834 2623 1209 2676 monasterium
1234 2621 1398 2678 beatae
1425 2622 1651 2681 Valeria:
1669 2629 1960 2695 possessio-

365 2717 482 2755 nem
523 2704 662 2760 beati
694 2706 986 2777 Martialis,
1017 2723 1066 2768 et
1099 2713 1206 2768 alia
1243 2731 1362 2786 qua:
1387 2716 1436 2770 ei
1463 2718 1590 2788 jure
1613 2721 1955 2789 possessionis

362 2805 624 2862 perpetua:
653 2798 717 2852 ab
740 2801 967 2871 antiquis
992 2805 1262 2874 subjacent
1283 2809 1598 2876 temporibus
1612 2811 1952 2878 monasteria,

363 2897 466 2936 non
494 2883 677 2954 ignoro
705 2893 1020 2960 regulariter
1051 2897 1240 2952 vivere.
1278 2897 1639 2956 Nihilominus
1665 2901 1956 2958 Solemnia-

361 2988 482 3026 cum
505 2986 658 3046 atque
684 2977 934 3036 Usercam
969 2985 1201 3041 cterwbia
1241 2988 1591 3056 nobilissima,
1632 2995 1953 3050 monasteria

359 3080 565 3135 quoque
610 3069 668 3123 in
714 3072 815 3125 hac
859 3075 985 3128 urbe
1043 3075 1232 3132 Sancti
1287 3079 1510 3135 Martini
1556 3093 1604 3137 et
1647 3085 1952 3160 Augustini,

360 3171 562 3213 necnon
596 3170 644 3214 et
675 3165 1127 3234 congregationem
1161 3170 1418 3241 virginum
1448 3173 1504 3228 in
1542 3173 1762 3229 basilica
1790 3176 1954 3233 beata:

359 3246 461 3303 Dei
486 3252 990 3322 genitricis,etalias
1013 3276 1278 3316 servorum
1309 3262 1404 3318 Dei
1433 3281 1527 3334 per
1564 3264 1953 3324 Lemovicinum

359 3345 809 3413 congregationes,
833 3350 1036 3418 gaudeo
1063 3353 1232 3406 sancti
1277 3354 1477 3410 ordinis
1507 3359 1844 3414 reverentiam
1873 3377 1954 3416 re-

360 3432 622 3501 gulariter
648 3437 941 3495 observare.
980 3443 1249 3508 Quantum
1271 3446 1493 3517 denique
1513 3453 1566 3503 in
1593 3450 1758 3505 oculis
1783 3454 1954 3507 omni-

357 3526 583 3591 potentis
615 3527 829 3584 Domini
852 3531 921 3585 ad
949 3534 1377 3591 intercedendum
1400 3556 1496 3608 pro
1539 3540 1712 3596 salute
1732 3543 1952 3613 populo-

359 3627 478 3699 rum
545 3621 970 3690 congregationcs
1015 3624 1222 3680 valeant
1275 3643 1544 3684 servorum
1600 3630 1719 3699 Dei,
1769 3634 1951 3692 beatus

357 3698 645 3776 Gregorius
669 3711 734 3764 de
762 3714 1160 3784 congregatione
1192 3719 1680 3776 sanctimonialium
1718 3723 1946 3792 locutus,

357 3803 604 3868 ostendit,
638 3805 907 3876 inquiens:
943 3827 961 3861 (
986 3808 1136 3865 Inter
1161 3820 1236 3891 tot
1262 3811 1728 3885 Langobardorum
1741 3820 1948 3891 gladios

357 3888 438 3944 liis
472 3894 666 3948 nostris
709 3898 1026 3967 temporibus
1071 3889 1241 3956 Roma
1289 3919 1619 3976 nequaquam
1667 3888 1948 3969 subsistere

355 3991 547 4049 posset,
589 3983 690 4038 nisi
724 3987 983 4056 virginum
1030 3990 1514 4050 sanctimonialium
1563 3999 1616 4052 in
1669 3999 1770 4055 hac
1819 4003 1947 4058 urbe

354 4067 595 4126 Romana
616 4078 1042 4146 congregationes
1075 4081 1187 4135 suis
1229 4083 1558 4141 orationibus
1593 4097 1755 4145 tantw
1775 4091 1941 4147 hosti-

351 4158 492 4214 lituti
522 4163 837 4221 resisterent.
895 4188 913 4220 ι
959 4167 1028 4222 Et
1070 4171 1229 4226 item:
1292 4191 1312 4226 s
1343 4174 1497 4244 Ideo,
1551 4179 1742 4250 inquit,
1767 4183 1942 4252 proci-

350 4253 579 4310 dendum
608 4260 756 4333 nobis
795 4265 1130 4321 monasteriis
1179 4271 1497 4326 ancillarum
1535 4273 1657 4344 Dei,
1685 4288 1943 4349 quatenus

348 4343 426 4398 eis
452 4346 782 4405 abundanter
819 4353 1056 4410 subsidia
1103 4359 1462 4417 ministremus
1499 4379 1519 4418 :
1559 4343 1779 4438 nequa
1809 4369 1943 4437 forte

2065 1891 2305 1964 logorum
2368 1895 2501 1951 libro
2551 1897 2779 1952 secundo
2828 1913 2848 1952 :
2899 1917 2920 1951 ι
2965 1897 3189 1954 Tantam
3249 1899 3503 1957 Ecclesiae
3545 1918 3658 1958 sua:

2066 1982 2306 2041 Christus
2348 1985 2572 2058 largitus
2601 1997 2678 2043 est
2723 1989 2988 2057 virtutem,
3024 1999 3083 2044 ut
3104 1991 3282 2062 ‘etiam
3322 1992 3412 2063 qui
3450 1993 3505 2048 in
3557 1994 3658 2048 hac

2063 2090 2222 2130 carne
2251 2075 2426 2129 adhuc
2455 2077 2650 2143 vivunt,
2681 2077 2801 2147 jam
2833 2095 2990 2133 carne
3028 2077 3230 2135 solutos
3270 2080 3534 2138 absolvere
3568 2099 3658 2137 va-

2063 2164 2225 2232 leant,
2265 2181 2396 2236 quos
2437 2167 2574 2222 vivos
2616 2165 2924 2238 ligaverunt.
2963 2167 3177 2225 Dicente
3206 2169 3429 2226 Domino
3457 2172 3527 2226 ad
3551 2170 3658 2228 Pe-

2063 2265 2202 2308 trum
2228 2267 2248 2306 :
2277 2254 2638 2328 Quodcunque
2667 2259 2886 2313 solveris
2905 2253 3082 2329 super
3109 2268 3326 2326 terram,
3366 2261 3466 2315 erit
3510 2261 3656 2318 solu-

2061 2355 2171 2400 tum
2199 2358 2246 2402 et
2282 2348 2338 2403 in
2369 2349 2510 2405 caelis
2541 2349 2757 2420 (Matth.
2782 2349 2916 2423 xvr).
2948 2368 2968 2404 ι
3022 2348 3165 2406 Nam
3192 2366 3404 2407 sanctus
3431 2351 3657 2410 Benedi-

2059 2444 2174 2491 ctus
2200 2437 2334 2494 duas
2371 2439 2816 2508 sanctimoniales,
2859 2450 2908 2496 et
2948 2457 3110 2496 unum
3149 2457 3215 2496 ea:
3243 2441 3526 2512 fratribus,
3563 2445 3656 2514 qui

2058 2523 2209 2596 ligati
2237 2527 2495 2597 obierant,
2532 2539 2647 2600 post
2677 2541 2896 2585 mortem
2935 2529 3177 2586 absolvit.
3232 2529 3484 2604 Idemque
3514 2549 3656 2602 papa

2059 2616 2342 2690 Gregorius
2367 2621 2626 2676 medicum
2653 2623 2870 2692 fratrem
2908 2623 2965 2678 in
2991 2623 3104 2693 ipso
3125 2623 3271 2677 exitu
3305 2625 3426 2679 vita:
3446 2623 3650 2695 ligavit,

2059 2725 2152 2764 nec
2185 2727 2303 2764 eum
2336 2712 2598 2767 consolari
2623 2714 2677 2768 in
2711 2713 2838 2782 ﬁne,
2869 2730 2960 2768 nec
2983 2729 3078 2784 pro
3108 2730 3167 2768 eo
3198 2716 3350 2769 orare
3394 2715 3653 2785 permisit,

2056 2801 2148 2856 sed
2180 2820 2272 2858 nec
2299 2820 2417 2858 eum
2439 2804 2495 2859 in
2515 2807 2805 2861 caemeterio
2833 2805 3063 2861 ecclesia:
3089 2806 3296 2877 sepeliri
3315 2809 3470 2875 sivit;
3496 2825 3654 2881 quem

2056 2904 2232 2951 tamen
2256 2896 2407 2968 longe
2433 2908 2547 2968 post
2576 2907 2794 2954 mortem
2820 2915 2915 2970 pro
2948 2899 3310 2955 misericordia
3335 2900 3572 2970 absolvit,
3601 2911 3653 2957 et

2055 3001 2151 3055 pro
2175 3003 2234 3041 eo
2268 3003 2422 3042 orare
2448 2988 2694 3043 instituit.
2741 2987 3109 3044 Verumtamen
3140 2988 3292 3044 valde
3327 2990 3651 3046 horrendum

2059 3086 2159 3146 est,
2181 3086 2236 3131 ut
2259 3078 2440 3132 beatus
2474 3095 2612 3148 papa
2639 3077 2840 3145 scribit,
2873 3094 2992 3132 cum
3026 3081 3143 3149 quis
3175 3078 3589 3136 irreconciliatus
3614 3097 3652 3135 a

2058 3169 2250 3226 sazculo
2283 3172 2406 3226 exit.
2451 3170 2717 3226 Prwterea
2744 3171 2789 3225 si
2827 3186 2980 3241 quem
3020 3171 3290 3242 episcopus
3328 3173 3477 3244 ligat,
3507 3171 3648 3229 alius

2055 3264 2319 3321 absolvere
2342 3282 2398 3320 se
2424 3275 2595 3335 putat,
2621 3274 2670 3320 et
2706 3265 2815 3335 ipse
2837 3263 3096 3334 decipitur
3118 3265 3208 3334 qui
3247 3281 3366 3319 eum
3404 3266 3645 3338 suscipit,

2054 3366 2103 3410 et
2129 3358 2219 3427 qui
2246 3358 2529 3428 suscipitur
2559 3358 2710 3428 perit,
2744 3366 2792 3413 et
2830 3357 2930 3412 hac
2959 3358 3231 3413 occasione
3260 3356 3415 3428 falstc
3437 3357 3646 3428 pietatis

2053 3448 2274 3502 concilia
2303 3447 2523 3502 Patrum
2546 3449 2910 3516 destruantur,
2944 3458 2991 3503 et
3021 3447 3164 3502 Deus
3199 3449 3571 3514 contemnitur,
3595 3458 3647 3502 et

2053 3555 2156 3607 paa:
2185 3540 2248 3593 tle
2285 3538 2524 3593 Ecclesia
2559 3539 2857 3609 expellitur.
2906 3539 3179 3610 Siquidem
3205 3539 3295 3594 ille
3319 3540 3409 3610 qui
3443 3556 3647 3594 excom-

2052 3631 2376 3683 niunicatum
2404 3630 2645 3699 suscipit,
2677 3630 2877 3684 idcirco
2906 3630 3062 3683 simul
3087 3645 3209 3684 cum
3238 3647 3298 3684 eo
3329 3630 3484 3699 perit,
3519 3631 3646 3701 quia

2050 3718 2273 3773 similent
2326 3721 2544 3774 sortitur
2583 3719 3138 3775 exconnnunicationis
3182 3720 3468 3775 vindictam
3509 3733 3528 3774 :
3569 3728 3643 3787 et,

2050 3821 2104 3864 ut
2143 3810 2323 3867 beatus
2350 3808 2540 3868 Petrus
2567 3813 2622 3868 in
2650 3812 2913 3882 scriptura
2942 3812 3076 3867 beati
3098 3810 3376 3868 Glemen'is
3398 3813 3494 3881 ait,
3529 3813 3647 3886 qui-

2050 3921 2251 3977 cunque
2271 3906 2722 3962 cxcommunicato
2749 3905 3028 3971 consentit,
3050 3903 3129 3961 vel
3149 3906 3203 3959 in
3232 3905 3492 3979 colloquio
3515 3921 3668 3978 paro.

2048 3998 2312 4066 ticipatur,
2354 4014 2490 4053 unus
2527 4009 2572 4053 et
2610 3998 2719 4070 ipse
2745 4007 2820 4054 cst
2855 3999 2920 4052 de
2956 3997 3063 4053 illis
3094 3999 3185 4068 qui
3221 3996 3512 4053 Ecclesium
3541 3997 3642 4054 Dei

2047 4090 2340 4146 destruunt.

2116 4180 2362 4252 Cumque
2401 4181 2453 4237 in
2494 4180 2724 4238 concilio
2766 4197 2796 4237 a
2842 4179 3164 4253 quibusdam
3209 4180 3644 4252 interrogaretur

2045 4282 2226 4330 utrum
2283 4275 2619 4332 observanda
2679 4284 2766 4333 est
2811 4274 3304 4354 cxcomniunieatio
3351 4274 3424 4341 ei,
3476 4289 3640 4346 quem

2045 4366 2334 4436 aliquando
2363 4366 2504 4424 forte
2525 4367 2720 4438 injuste
2742 4375 2798 4424 et
2816 4369 3022 4437 absque
3045 4365 3198 4437 culpa
3221 4366 3464 4438 pontifex
3484 4366 3636 4439 ligat,

346 4439 571 4504 penuria
608 4450 862 4508 gravatw,
909 4463 942 4499 a
991 4462 1088 4501 suo
1133 4451 1401 4519 proposito
1440 4453 1518 4507 vel
1552 4456 1940 4526 aliquantulum
1972 4475 2018 4532 υ
2045 4455 2329 4515 Odolricus
2377 4458 2537 4515 Pater
2585 4459 2666 4515 sic
2706 4458 2784 4515 ait
2822 4479 2838 4514 :
2891 4456 3404 4535 «’Quet‘nadmodum
3445 4459 3638 4516 beatus

346 4529 710 4585 succumbant.
752 4551 772 4585 ι
815 4533 959 4589 Nam
1011 4543 1332 4596 monasteria
1377 4547 1751 4616 monachorum
1803 4550 1941 4606 idem

347 4616 632 4690 Gregorius
657 4640 752 4694 per
780 4627 1078 4683 universum
1104 4634 1359 4688 mundum
1381 4637 1550 4706 libera,
1567 4648 1615 4693 et
1636 4641 1809 4711 quieta
1830 4660 1942 4699 esse

345 4711 569 4780 volebat,
608 4725 665 4769 ut
708 4715 756 4770 si
797 4735 950 4789 quem
993 4724 1355 4794 episcoporum
1403 4734 1736 4801 comperisset
1760 4736 1938 4808 aliqua

347 4806 552 4860 ratione
573 4824 635 4862 ea
665 4815 1122 4870 excommunicare
1149 4817 1224 4871 vel
1273 4818 1588 4890 inquietare,
1627 4806 1856 4896 graviter
1884 4833 1939 4886 in

342 4911 431 4949 eos
457 4898 769 4968 vindicaret,
825 4910 964 4974 quod
1014 4907 1067 4960 in
1104 4908 1339 4976 epistolis
1381 4912 1491 4966 suis
1535 4913 1690 4981 facile
1714 4920 1938 4988 perspici

340 4988 552 5054 poterit.
585 4988 916 5065 Nosquoque
941 4999 1260 5052 monasteria
1280 5016 1554 5058 servorum
1578 5004 1677 5060 Dei
1697 5006 1933 5076 defensa,

337 5081 516 5149 quieta
541 5095 588 5138 et
610 5095 726 5140 tuta
751 5104 864 5142 esse
895 5089 1277 5158 desideramus,
1330 5097 1466 5150 tanti
1520 5095 1695 5153 Patris
1724 5104 1936 5174 vestigia

341 5174 602 5204 οβηηηυιλιι
680 5174 975 5204 ΙΙΑυοιωοι-ιιι
990 5196 1042 5204 α.-
1079 5181 1118 5204 -:
1170 5181 1279 5204 -..'.-
1297 5201 1316 5203 μ
1361 5201 1369 5203 -
1515 5189 1527 5204 Ι
1548 5191 1558 5200 ο
1591 5189 1600 5199 ⁵
1716 5190 1727 5204 ο
1767 5193 1777 5204 ο
1861 5195 1871 5204 ι

680 5174 716 5204 ‘l
727 5188 888 5204 Αυοιωο
901 5195 975 5204 ..ιιι
990 5196 1042 5204 α.-
1079 5181 1118 5204 -:

2043 4545 2338 4618 Gregorius
2362 4555 2670 4615 attestatur,
2703 4548 2857 4619 cujus
2879 4549 3175 4604 auctoritas
3202 4549 3426 4605 minime
3449 4552 3636 4621 sperni

2044 4647 2242 4707 potest,
2274 4638 2318 4692 si
2356 4648 2539 4708 pastor
2567 4638 2700 4710 ligat
2730 4638 2962 4709 aliquem
2993 4648 3086 4694 aut
3106 4638 3251 4708 juste
3291 4649 3387 4694 aut
3412 4639 3632 4710 injuste,

2043 4739 2136 4786 aut
2163 4731 2233 4786 ob
2258 4731 2470 4801 culpam
2492 4733 2722 4787 autsine
2742 4731 2920 4801 culpa,
2948 4730 3284 4788 observanda
3305 4739 3390 4786 est
3415 4745 3638 4788 excom-

2044 4822 2358 4888 municatio,
2391 4839 2458 4879 ne
2493 4824 2538 4879 is
2567 4823 2659 4894 qui
2699 4823 2896 4893 injuste
2945 4823 3172 4880 forsitan
3215 4819 3432 4890 ligatur,
3463 4822 3634 4889 ipsam

2041 4914 2656 4971 excommunicatioucm
2689 4929 2757 4969 ex
2793 4909 2901 4968 alia
2936 4913 3092 4980 culpa
3124 4918 3416 4963 mereatur.
3454 4910 3640 4980 Neque

2041 5005 2159 5061 ovis
2187 5013 2459 5076 pastorem
2498 5021 2654 5064 suum
2688 5014 2896 5058 temere
2927 4999 3310 5074 reprehendat,
3337 5015 3405 5055 ne
3427 5015 3496 5056 ex
3526 5003 3642 5072 ipsa

2045 5097 2261 5150 tumidae
2290 5095 2732 5166 reprehensionis
2755 5095 3018 5162 superbia
3062 5089 3216 5156 culpa
3253 5103 3376 5157 quae
3401 5109 3505 5147 non
3530 5101 3649 5146 erat

2249 5187 2260 5198 ο
2301 5187 2334 5204 ο.
2462 5198 2471 5204 .
2621 5185 2668 5204 j-
2727 5183 2902 5204 ---!--_
2957 5188 2968 5199 ο
3047 5180 3164 5204 -..εις
3201 5179 3300 5204 ξηρᾷ
3351 5197 3402 5204 -..
3435 5183 3528 5204 ιγ--
3559 5199 3619 5204 --.-

2047 5189 2074 5204 η
2122 5198 2133 5204 -
2203 5187 2260 5204 η’
2301 5187 2334 5204 ⁸.
2462 5198 2471 5204 .
2621 5185 2668 5204 j-
2727 5185 2902 5204 ---!--_
2957 5188 2968 5199 ⁸
3047 5185 3164 5204 -..ΖΛ
3201 5185 3251 5204 ἶυι
