4044 5290
508 155 637 210 1591

1496 157 1844 217 ιοιιοΑΝυε
1884 154 2377 215 lEMOVlCENSlS
2415 155 2808 217 EPISCOPUS.

3627 153 3769 212 1393

578 268 730 324 Tunc
753 269 987 341 episcopi
1018 269 1269 326 dixerunt
1297 288 1310 325 :
1348 288 1366 322 ι
1399 271 1700 326 Statuimus
1736 266 1993 325 canonice
2022 279 2080 325 ut
2111 275 2156 333 Α
2185 284 2364 335 ruere,
2403 278 2458 324 et
2499 269 2632 326 nihil
2654 271 2705 325 in
2741 284 2808 325 eo
2828 267 2971 324 aliud
2999 268 3101 325 nisi
3133 279 3311 325 vestes
3334 268 3530 340 quibus
3558 266 3771 325 involo-

507 359 598 427 qui
619 357 845 428 amplius
865 359 1390 431 excommunicatum
1416 360 1662 416 nesciens
1685 359 2003 430 susceperit,
2029 368 2083 413 et

507 455 690 515 postea
727 446 1055 516 probaverit,
1096 449 1162 505 ad
1201 449 1577 518 ptenitentiam
1605 467 1728 505 mox
1760 460 1999 505 recurrat
2031 451 2080 505 in

507 548 794 606 conspectu
829 545 884 593 ει
903 536 1108 608 judicio
1146 540 1380 611 episcopi
1423 542 1526 597 sui.
1564 542 1664 609 Qui
1696 551 1874 597 autem
1906 542 2083 597 scien-

509 636 593 681 ter
618 627 673 682 id
703 628 893 697 egerit,
921 629 1034 685 sive
1063 629 1119 685 in
1144 630 1270 695 vita,
1297 631 1409 687 sive
1435 631 1488 685 in
1518 642 1712 697 morte,
1745 632 1859 687 sive
1885 631 2083 701 aliquid

506 718 575 774 de
601 719 859 776 facultate
890 721 1128 777 damnati
1162 723 1216 778 in
1247 723 1642 797 eleemosynam
1681 723 1939 795 probatus
1968 724 2081 778 fue-

507 807 580 863 rit
593 810 919 881 suscepisse,
933 811 1001 865 ab
1014 812 1203 868 ordine
1220 813 1502 886 presbyter
1520 823 1714 881 cesset,
1740 830 1837 870 nec
1860 813 2082 886 gradum

508 902 755 971 recipiat,
777 902 880 958 nisi
906 904 1232 970 satisfactus,
1255 905 1322 961 ab
1340 907 1593 978 episcopo
1614 923 1714 964 suo
1734 909 1904 964 sacris
1921 908 2083 963 vcsti-

508 992 705 1047 mentis
725 993 1057 1050 reinduatur.
1100 995 1157 1052 Si
1179 998 1459 1069 presbyter
1472 1014 1577 1053 non
1589 1007 1691 1065 est,
1709 998 2085 1055 communione

507 1084 848 1140 cucbaristie
870 1095 923 1141 et
948 1086 1215 1143 au.lientia
1242 1090 1418 1145 missae
1439 1091 1681 1161 privetur
1702 1107 1869 1161 usque
1899 1092 1965 1145 ad
1998 1108 2082 1148 re-

498 1168 937 1231 Δεοιιιξίιίιιιὶοιιειη
960 1177 1218 1248 episcopi.
1237 1178 1461 1246 Quando
1477 1192 1655 1236 autem
1669 1183 1950 1252 episcopus
1966 1197 2085 1251 pre-

507 1266 782 1337 sbyterum
811 1268 1139 1339 deposuerit,
1167 1272 1244 1326 sic
1265 1272 1623 1341 agat:Jubcat
1644 1273 2084 1343 eumpriusintlui

507 1358 758 1414 omnibus
791 1361 1214 1416 sacerdotalibus
1241 1362 1583 1428 indumentis,
1607 1362 1798 1419 deinde
1817 1380 2084 1420 manusua

508 1446 719 1503 auferat
755 1449 803 1505 ei
834 1450 1180 1521 manipulum,
1220 1453 1412 1509 deinde
1448 1453 1706 1521 casulam,
1744 1453 1937 1509 deinde
1972 1468 2083 1508 tne-

507 1540 650 1596 diam
682 1542 874 1598 stolam
905 1544 971 1600 de
995 1544 1132 1600 collo
1157 1544 1396 1601 reﬂectat
1433 1546 1482 1601 ei
1534 1547 1674 1602 inter
1703 1547 1951 1617 scapulas
1988 1548 2087 1602 sub

508 1629 681 1687 latere
718 1632 944 1699 dextro,
989 1642 1043 1688 et
1080 1635 1354 1705 depositus
1396 1646 1480 1691 est
1524 1651 1555 1692 a
1606 1637 1979 1708 presbyteratu
2032 1636 2087 1691 in

508 1718 873 1776 diaconatum.
914 1721 1138 1790 Quando
1174 1724 1469 1794 quemlibet
1514 1726 2085 1791 excommunicaverit,

508 1822 595 1865 cat
645 1810 858 1883 publice
899 1813 965 1868 ad
1014 1814 1211 1871 ostium
1256 1816 1497 1872 ecclesia:
1541 1825 1596 1872 et
1639 1818 1837 1873 ostium
1889 1833 1987 1888 pro
2025 1834 2089 1874 eo

506 1899 743 1957 claudat.
792 1901 928 1958 Dum
974 1903 1287 1972 absolverit,
1315 1906 1552 1963 ambulet
1578 1923 1699 1963 cum
1724 1923 1789 1964 eo
1817 1922 1986 1979 usque
2020 1911 2087 1965 ad

505 2001 689 2061 portas
719 1991 982 2061 ecclesia),
1017 2005 1071 2051 et
1101 1996 1307 2066 aperiat
1333 1997 1382 2053 ei
1431 2009 1489 2053 ut
1527 1999 1877 2070 ingrediatur.
1919 1998 2088 2054 Aliter

506 2091 684 2138 autem
708 2083 887 2140 nullus
907 2087 1406 2154 cxconymunicatus
1426 2089 1709 2144 ecclesiam
1731 2089 2085 2160 ingrediatur,

505 2171 628 2239 quia
664 2172 931 2227 nefarium
961 2183 1017 2231 et
1045 2174 1290 2230 illicitum
1318 2186 1418 2233 est.
1452 2176 1761 2251 Presbyteri
1791 2189 1994 2245 autem,
2020 2182 2087 2236 de

506 2261 703 2333 ignotis
722 2266 927 2332 causis;
956 2266 1211 2339 episcopi,
1240 2270 1306 2328 de
1331 2271 1472 2328 notis
1492 2274 1961 2333 cxcommunicare
1981 2284 2084 2347 est,

505 2367 574 2410 ne
595 2353 830 2425 episcopi
851 2355 1073 2415 vilescat
1107 2368 1362 2430 potestas.
1403 2382 1421 2417 ι

578 2442 674 2499 llis
716 2446 896 2514 dictis,
944 2464 1066 2505 cum
1114 2464 1425 2509 accusatum
1467 2456 1718 2511 abbatem
1751 2458 2086 2531 inquirerent

504 2533 632 2603 quid
676 2538 1058 2606 responderet,
1105 2539 1197 2597 ille
1244 2545 1520 2613 respondit
1562 2546 1782 2602 domino
1828 2548 2082 2619 primati:

508 2641 528 2673 ι
574 2623 822 2692 Domine,
849 2626 1045 2699 inquit,
1077 2628 1258 2697 Pater,
1308 2633 1375 2689 de
1402 2635 1504 2689 hac
1553 2650 1633 2702 re,
1685 2652 1790 2707 qua
1839 2653 2083 2706 accusor,

502 2715 704 2769 veritas
730 2715 883 2772 vobis
911 2719 1154 2776 nuntiata
1186 2736 1292 2776 non
1318 2733 1419 2778 est.
1452 2723 1608 2781 Absit
1631 2739 1662 2780 a
1686 2741 1773 2780 me
1798 2735 1857 2781 ut
1883 2729 2087 2799 absque

502 2814 683 2861 vestra
724 2807 941 2865 licentia
991 2811 1279 2882 aliquando
1317 2817 1604 2887 suscipiam
1652 2822 2085 2878 excommunica-

504 2904 638 3009 Ulli“:
671 2895 815 2953 Ordo
841 2900 987 2956 enim
1030 2912 1215 2960 noster
1241 2916 1448 2976 quanto
1472 2908 1755 2965 sublimior
1780 2920 1884 2979 est,
1934 2921 2086 2972 tanto
2112 2946 2158 3009 C

506 2987 801 3057 subjectior
824 2998 879 3047 et
904 2994 1205 3063 promptior
1249 2998 1317 3052 ad
1341 2998 1696 3056 obedientium
1734 3002 2002 3073 episcopis
2027 3013 2086 3059 ut

503 3076 596 3143 sit,
620 3092 841 3135 necesse
862 3089 961 3136 est.
994 3081 1050 3137 ln
1072 3084 1337 3156 episcopis
1359 3087 1501 3142 enim
1525 3087 1696 3158 ipsum
1720 3091 1886 3147 Deum
1916 3088 2087 3149 hono-

503 3183 710 3235 ramus,
729 3169 815 3225 vel
829 3175 1240 3240 contemnimus,
1262 3177 1402 3234 sicut
1422 3179 1535 3250 ipse
1553 3180 1628 3235 ait
1651 3200 1663 3235 :
1685 3180 1790 3247 Qui
1810 3199 1898 3238 vos
1918 3185 2084 3251 audit,

505 3275 589 3314 me
608 3260 792 3328 audit;
820 3272 869 3318 et
887 3264 980 3334 qui
1000 3280 1088 3319 vos
1108 3268 1326 3335 spernit,
1354 3285 1435 3323 me
1456 3272 1648 3341 spernit
1668 3270 1818 3345 (Luc.
1846 3275 1924 3345 ς).
1947 3274 2090 3332 Ecce

507 3349 731 3409 idoneos
771 3360 937 3411 testes
982 3355 1233 3426 adhibeo,
1275 3359 1403 3430 quia
1427 3359 1516 3416 ille
1544 3361 1844 3421 vicecomes
1873 3380 2089 3423 excom-

504 3448 852 3516 municatus,
917 3461 1206 3524 postquam
1263 3456 1557 3526 praedando
1619 3460 1938 3519 interfectus
2006 3454 2090 3521 est

504 3539 756 3608 (comites
783 3541 926 3598 enim
956 3544 1282 3614 praedantes,
1326 3551 1781 3606 excommunicati
1824 3553 2004 3624 palam
2032 3556 2089 3612 in

506 3628 759 3686 omnibus
804 3633 1048 3691 conciliis
1100 3636 1253 3709 sunt)
1308 3652 1396 3695 me
1438 3637 1721 3709 ignorante
1757 3657 1789 3697 a
1826 3642 2092 3701 militibus

505 3720 620 3778 suis
644 3722 712 3778 ad
748 3724 1134 3782 monasterium
1179 3735 1424 3783 nostrum
1461 3732 1777 3798 deportatus
1803 3741 1905 3800 est,
1933 3734 2088 3807 cujus

505 3824 706 3880 corpus
742 3826 920 3883 neque
966 3815 1323 3885 suscepimus,
1375 3832 1550 3887 neque
1577 3818 1944 3889 sepelivimus,
1991 3824 2087 3879 sed

506 3899 625 3956 sine
649 3899 825 3957 ollicio
853 3915 1009 3960 sacro
1032 3912 1180 3960 retro
1204 3904 1340 3960 ultra
1370 3922 1566 3978 aquam
1596 3910 1779 3966 revehi
1804 3910 2087 3981 iussimus,

452 3982 455 3987 λ
508 3991 600 4047 ubi
648 3993 848 4051 milites
892 3995 1013 4066 ipsi,
1061 3995 1208 4053 nullo
1252 3998 1576 4056 clericorum
1606 4010 1832 4068 astante,
1862 4004 2088 4076 sepelie-

507 4089 638 4137 runt
664 4081 810 4138 illud.
859 4102 881 4138 ι

580 4173 699 4243 Quo
734 4176 939 4245 audito,
967 4176 1203 4251 episcOpi
1229 4178 1633 4251 judicaverunt,
1659 4180 1931 4239 dicentes:
1973 4203 1991 4237 ι
2029 4183 2088 4240 Si

2187 368 2297 415 tum
2338 358 2559 428 fuerat,
2615 361 2957 416 invenerunt.
3017 360 3225 417 Rursus
3282 360 3512 415 cadaver
3562 359 3769 416 ibidem

2184 449 2470 520 sepeliant,
2503 460 2559 507 et
2591 452 2873 522 diligenter
2923 451 3184 507 tumulum
3225 451 3327 509 sub
3378 451 3589 508 enormi
3625 467 3766 522 pon-

2185 538 2314 595 dere
2358 549 2515 595 tcrrze
2564 550 2616 597 et
2672 541 2909 611 lapidum
2974 542 3278 610 claudunt,
3328 544 3421 599 sed
3464 544 3555 599 die
3594 544 3772 600 altero

2184 627 2482 699 projectum
2512 630 2745 685 cadaver
2787 638 2843 686 et
2890 631 3152 687 tumulum
3198 632 3461 688 intactum
3500 643 3564 689 ut
3601 648 3793 703 supra

2186 722 2474 790 aspiciunt.
2512 721 2809 792 Quinquies
2854 721 3140 793 sepeliunt,
3190 722 3351 802 toties
3388 724 3579 779 eodem
3615 724 3769 794 deje-

2186 822 2331 867 ctum
2356 820 2539 868 tenore
2566 822 2913 869 contuentur.
2932 813 3106 869 Tanto
3126 814 3343 871 demum
3363 815 3491 871 victi
3519 825 3772 888 stupore,

2186 902 2385 976 corpus
2440 904 2600 977 longe
2648 919 2681 961 a
2729 907 3046 963 cmmeterio
3074 907 3317 964 ecclesiae
3340 917 3481 964 terra
3507 908 3771 967 obruunt.

2187 994 2306 1063 Quo
2333 1004 2539 1053 terrore
2567 996 2802 1067 perculsi
2826 996 3095 1068 principes
3117 997 3347 1065 militia},
3371 1013 3563 1070 pacem
3588 998 3773 1067 nobis,

2186 1086 2330 1140 velut
2354 1087 2694 1155 optabamus,
2724 1086 2939 1142 firmare
2971 1101 3310 1159 nequaquam
3344 1089 3698 1144 distulerunt.
3744 1108 3768 1142 ι

2221 1202 2225 1206 ~
2257 1176 2335 1229 Ad
2362 1176 2474 1230 lure
2500 1176 2776 1246 respondit
2801 1176 3087 1231 concilium
3113 1192 3128 1232 :
3170 1195 3191 1230 ι
3235 1176 3371 1246 Quid
3394 1180 3497 1234 hoc
3517 1179 3668 1234 aliud
3689 1187 3775 1239 est

2189 1265 2289 1320 nisi
2318 1266 2440 1334 quia
2471 1265 2569 1321 sub
2596 1265 2768 1322 oculis
2792 1265 3070 1321 hominum
3104 1266 3312 1323 arbiter
3338 1268 3583 1323 omnium
3629 1264 3777 1322 amr-

2188 1364 2299 1410 mat
2330 1356 2582 1411 Ecclesiae
2606 1372 2716 1411 suae
2743 1356 3145 1424 auctoritatem,
3166 1357 3295 1428 quia
3316 1358 3777 1415 exeommnnicati

2188 1445 2461 1516 sepultura
2513 1446 2944 1502 Christianorum
2981 1447 3127 1519 juste
3173 1448 3242 1504 ab
3276 1450 3545 1520 episcopis
3588 1464 3775 1521 segre-

2189 1536 2418 1606 gantur?
2470 1534 2628 1591 Tales
2673 1536 2816 1591 enim
2869 1548 3067 1608 negant
3112 1525 3293 1604 fidem,
3330 1540 3454 1595 dum
3486 1539 3774 1596 latrocinia

2120 1608 2163 1669 Β
2193 1625 2370 1695 potius
2396 1642 2558 1695 quam
2584 1641 2773 1697 pacem
2799 1636 3096 1683 sectantur.
3142 1626 3259 1684 Non
3299 1630 3442 1685 enim
3470 1628 3774 1685 Christiani

2191 1717 2401 1772 dicendi
2432 1725 2578 1783 sunt,
2626 1717 2694 1774 de
2739 1720 2937 1790 quibus
2962 1722 3038 1776 ait
3064 1721 3353 1793 Apestolus
3390 1739 3405 1776 :
3445 1721 3775 1791 Conﬁtentur

2189 1822 2243 1859 se
2287 1822 2436 1861 nosse
2463 1806 2653 1874 Deum,
2701 1807 2853 1877 factis
2902 1819 3073 1864 autent
3123 1820 3309 1882 negant
3356 1811 3485 1881 (Tit.
3529 1810 3593 1881 ι),
3642 1811 3775 1865 Item

2189 1895 2461 1952 Iacobus:
2501 1895 2662 1954 Fides
2707 1899 2817 1954 sine
2855 1901 3093 1971 operibus
3136 1912 3343 1957 mortua
3387 1912 3462 1958 est
3508 1901 3653 1970 (Jac.
3688 1902 3771 1975 tt).

2188 1983 2346 2041 Certe
2380 1985 2584 2041 Dathan
2625 1996 2680 2043 et
2721 1987 2925 2045 Abiron
2960 2005 3058 2059 pro
3087 1999 3361 2062 pastorum
3390 2007 3613 2048 suorum
3638 2008 3772 2048 con-

2192 2083 2398 2146 temptu
2438 2077 2720 2147 perierunt
2760 2077 2827 2134 de
2852 2082 3028 2137 medio
3061 2082 3438 2138 multitudinis.
3470 2083 3547 2139 lta
3577 2084 3632 2138 in
3662 2083 3774 2154 epi-

2190 2179 2353 2234 sc0po
2376 2180 2474 2221 suo
2496 2165 2663 2221 Deum
2687 2179 3061 2238 contemnens,
3082 2170 3229 2241 juste
3249 2174 3551 2244 insepultus
3583 2176 3652 2228 ab
3668 2175 3770 2229 Ec-

2189 2253 2352 2311 clesia
2390 2254 2736 2330 disjungitur,
2773 2258 2818 2314 si
2862 2259 2917 2315 in
2955 2263 3528 2323 excommunicationis
3555 2266 3771 2322 vinculo

2187 2364 2312 2407 eum
2347 2349 2627 2423 contingat
2650 2360 2904 2424 oppetere
2929 2365 3178 2412 mortem.
3217 2376 3238 2410 ι

2259 2442 2541 2500 Odolricus
2578 2444 2784 2501 interea
2813 2447 3137 2504 venerabilis
3159 2448 3319 2505 Pater
3357 2447 3577 2505 familia:
3629 2449 3769 2508 beati

2194 2534 2471 2601 Martialis,
2497 2535 2693 2592 sedens
2723 2537 2777 2591 in
2801 2538 3058 2593 cathedra
3079 2539 3234 2611 juxta
3267 2541 3551 2610 primatem
3578 2541 3770 2597 Lemo-

2188 2625 2479 2694 vicensem,
2528 2627 2701 2683 sacris
2739 2637 2799 2684 ut
2839 2637 2956 2684 erat
2997 2630 3215 2686 indutus
3242 2634 3598 2700 ornamentis,
3639 2633 3769 2688 dare

2187 2716 2355 2786 εωρίι
2380 2716 2663 2772 consilium
2695 2718 2982 2788 episcopis,
3014 2720 3202 2775 dicens
3241 2738 3256 2776 :
3291 2740 3310 2773 ι
3345 2721 3443 2777 llic
3476 2737 3607 2787 vos,
3642 2723 3769 2776 eba-

2188 2805 2413 2873 rissimi,
2446 2806 2739 2863 decernere
2774 2817 2981 2878 oportet
3007 2810 3329 2865 medicinam
3364 2828 3527 2882 quam
3576 2820 3766 2866 contra

2188 2895 2489 2965 generalem
2527 2897 2771 2952 morbum
2801 2898 3123 2954 adhibentis.
3156 2900 3212 2955 Si
3242 2901 3385 2955 enim
3413 2902 3479 2957 de
3521 2917 3656 2971 pace
3688 2912 3765 2955 te-

2191 2987 2395 3054 nenda,
2427 2989 2567 3044 sicut
2598 2997 2681 3044 est
2717 2999 2895 3045 vestra
2931 2990 3212 3059 voluntas,
3250 2991 3525 3063 principes
3563 2992 3770 3048 militia:

2189 3076 2590 3134 Lemovieensis
2624 3079 2774 3136 vobis
2807 3080 3142 3149 obstiterint,
3173 3083 3300 3153 quid
3333 3093 3520 3140 contra
3562 3084 3668 3139 ista
3700 3085 3771 3139 sit

2190 3170 2496 3241 agendum?
2522 3188 2541 3222 ι
2577 3171 2836 3226 Dixerunt
2864 3172 3100 3244 episcopi
3133 3191 3147 3229 :
3175 3173 3289 3229 Hac
3314 3175 3367 3230 in
3405 3190 3464 3231 re
3498 3175 3767 3245 petimus,

2190 3260 2540 3328 charissima,
2563 3260 2678 3331 ipse
2709 3260 2837 3317 date
2855 3263 3178 3319 consultum.
3217 3263 3422 3332 Quibus
3444 3264 3570 3320 ille:
3601 3283 3624 3316 ι
3654 3265 3768 3319 Nisi

2190 3351 2257 3408 de
2307 3365 2444 3423 pace
2491 3351 2896 3421 acquieverint,
2944 3352 3110 3426 ligate
3152 3369 3368 3411 omnem
3412 3364 3620 3411 terram
3671 3355 3771 3411 Le-

2189 3443 2550 3500 movicensem
2577 3442 2789 3513 publica
2816 3444 3395 3513 excommunicatione,
3424 3462 3489 3504 eo
3514 3446 3771 3503 videlicet

2188 3531 2351 3588 modo
2382 3540 2442 3587 ut
2469 3545 2630 3588 nemo
2655 3531 2756 3587 nisi
2787 3531 3015 3590 clericus
3052 3543 3147 3589 aut
3172 3549 3379 3606 pauper
3410 3537 3730 3592 mendicans
3750 3575 3769 3602 ,

2188 3634 2282 3679 aut
2316 3621 2632 3695 peregrinus
2658 3620 2980 3690 adveniens,
3018 3634 3112 3679 aut
3137 3617 3320 3682 infans
3363 3640 3395 3681 a
3432 3625 3677 3692 himatu,
3715 3634 3774 3681 et

2189 3714 2359 3784 infra,
2400 3717 2456 3772 in
2484 3722 2596 3772 toto
2628 3714 2975 3772 Lemovicin
3011 3716 3324 3787 sepeliatur,
3367 3731 3470 3774 nec
3506 3717 3562 3773 in
3600 3716 3771 3774 alium
3804 3736 3807 3741 ·

2188 3808 2560 3880 episcopatum
2583 3807 2649 3863 ad
2676 3807 3044 3880 sepeliendum
3074 3816 3340 3879 portetur.
3372 3807 3624 3865 Divinum
3654 3806 3774 3863 onl-

2188 3900 2332 3957 cium
2364 3914 2465 3971 per
2487 3912 2679 3955 omnes
2707 3889 2965 3955 ecclesias
3000 3899 3233 3955 latenter
3261 3908 3475 3970 agatur,
3513 3908 3569 3955 et
3592 3898 3773 3968 bapti-

2187 4006 2337 4046 smus
2356 3990 2663 4061 petentibus
2685 3989 2972 4045 tribuatur.
2995 3989 3151 4046 Circa
3166 3990 3357 4045 horam
3378 3989 3592 4043 tertiam
3615 3989 3772 4059 signa

2187 4090 2382 4137 sonent
2418 4080 2474 4136 in
2503 4080 2746 4136 ecclesiis
2772 4080 3053 4147 omnibus,
3083 4090 3137 4135 et
3178 4095 3365 4136 omnes
3393 4079 3553 4151 proni
3589 4081 3644 4134 in
3688 4081 3770 4133 fa-

2189 4170 2327 4227 ciem
2355 4184 2545 4242 preces
2582 4186 2682 4241 pro
2709 4170 3053 4226 tribulatione
3081 4179 3137 4225 et
3158 4185 3291 4240 pace
3318 4168 3564 4224 fundant.
3588 4169 3773 4223 Paeni-

510 4269 586 4323 ita
628 4278 733 4335 est,
764 4285 866 4326 nec
909 4269 1001 4327 ille
1042 4272 1546 4328 excommunicatus
1588 4273 1828 4344 sepultus
1853 4283 1959 4341 εει,
1988 4291 2089 4333 nec
2115 4279 2167 4340 Ι)
2195 4263 2358 4319 tentia
2387 4271 2443 4318 et
2470 4262 2725 4317 viaticum
2756 4261 2811 4316 in
2843 4261 2990 4316 exitu
3021 4260 3210 4316 mortis
3239 4259 3529 4315 tribuatur.
3560 4259 3773 4314 Altaria

513 4357 681 4414 abbas
710 4362 1022 4418 monasterii
1049 4364 1328 4432 culpabilis
1351 4363 1583 4432 judicari
1608 4374 1804 4437 potest.
1850 4386 1871 4421 ι

581 4449 734 4507 Tunc
775 4453 1060 4524 episcopus
1093 4455 1452 4513 Cadurcensis
1491 4461 1656 4529 erepit
1681 4475 1959 4529 enarrare,
2008 4462 2092 4519 di-

510 4556 687 4598 cens:
731 4559 751 4594 ι
797 4540 1155 4613 Nuperrime,
1207 4556 1330 4615 post
1383 4550 1670 4605 concilium
1728 4551 2084 4622 Bituricense,

507 4634 727 4704 quidam
758 4635 825 4691 de
855 4638 1339 4694 excommunicatis
1363 4654 1530 4709 eques
1567 4641 1621 4694 in
1651 4650 1835 4697 nostra
1865 4644 2087 4701 ditecesi

506 4724 824 4782 interfectus
853 4736 956 4793 est,
993 4741 1153 4798 quem
1183 4742 1303 4799 ego,
1333 4730 1647 4799 rogantibus
1676 4731 1864 4787 amicis
1887 4741 1943 4789 et
1965 4748 2089 4803 pro-

505 4819 725 4889 pinquis
779 4819 919 4888 ejus,
968 4819 1276 4876 nullatenus
1333 4819 1542 4876 solvere
1592 4821 1755 4889 volui,
1788 4831 1849 4877 ut
1909 4826 2088 4881 caeteri

507 4918 713 4965 metum
756 4910 1049 4977 baberent;
1083 4925 1301 4991 gravem
1342 4912 1485 4967 enim
1541 4912 1752 4983 culpam
1798 4914 2088 4984 prtedantis

507 4996 791 5053 habuerat.
817 4998 1004 5070 Itaque
1029 5001 1147 5055 sine
1166 5001 1464 5057 sacerdotis
1488 5001 1747 5074 obsequio
1769 5018 1802 5059 a
1828 5004 2088 5062 militibus

511 5088 654 5157 apud
680 5091 968 5160 quamdam
992 5091 1274 5148 ecclesiam
1304 5093 1491 5151 Sancti
1521 5093 1688 5163 Petri,
1735 5112 1843 5153 non
1871 5113 1957 5155 me
1994 5097 2087 5170 ju-

509 5180 694 5245 bente,
726 5181 965 5249 sepultus
994 5190 1095 5236 est.
1124 5182 1280 5239 Mane
1305 5194 1483 5241 autem
1513 5186 1690 5253 facto,
1735 5203 1932 5260 corpus
1971 5190 2089 5261 ejus

535 5281 666 5290 Au.“
702 5281 845 5290 Α-....Α
881 5282 987 5290 ΑΔ..-

2191 4368 2287 4426 per
2310 4367 2501 4410 omnes
2527 4353 2783 4409 ecclesias
2812 4354 2952 4409 sicut
2979 4352 3033 4407 in
3059 4352 3363 4409 Parasceve
3392 4353 3686 4419 nudentur,
3717 4363 3773 4408 et

2190 4461 2381 4503 cruces
2405 4455 2458 4503 ct
2489 4455 2807 4502 ornamenta
2836 4445 3261 4512 abscondantur,
3282 4444 3407 4516 quia
3441 4446 3657 4515 signum
3691 4447 3771 4500 lu-

2190 4545 2308 4594 ctus
2348 4545 2403 4592 et
2448 4536 2683 4592 tristitia:
2721 4535 2973 4592 omnibus
3010 4544 3113 4591 est.
3156 4534 3241 4591 Ad
3283 4536 3771 4614 missastantum,

2188 4642 2326 4698 quas
2377 4627 2746 4698 unusquisque
2791 4625 3134 4682 sacerdotum
3176 4625 3360 4697 januis
3409 4624 3770 4680 ecclesiarum

2188 4718 2461 4775 obseratis
2496 4718 2721 4785 fecerit,
2759 4717 2951 4772 altaria
2980 4717 3293 4784 induantur,
3329 4724 3385 4773 et
3418 4716 3618 4772 iterum
3650 4726 3771 4787 post

2190 4810 2384 4865 missas
2428 4808 2717 4864 nudentur.
2758 4807 2927 4863 Nemo
2971 4806 3026 4861 in
3059 4807 3174 4878 ipsa
3208 4805 3770 4861 exeommunicatione

2190 4913 2414 4955 uxorem
2445 4899 2624 4953 ducat.
2655 4895 2827 4952 Nemo
2858 4895 3014 4952 alteri
3044 4894 3284 4951 osculum
3313 4894 3429 4951 det.
3464 4893 3637 4950 Nemo
3661 4893 3768 4949 cle-

2190 4991 2424 5045 ricorum
2460 4996 2554 5044 aut
2588 4987 2848 5043 laicorum
2872 5027 2888 5055 ,
2930 4986 3017 5042 vel
3046 4985 3425 5053 habitantium,
3464 4984 3552 5041 vel
3596 4995 3767 5041 trans-

2187 5082 2464 5151 euntium,
2491 5082 2546 5138 in
2600 5090 2713 5137 toto
2741 5080 3086 5139 Lemovicino
3114 5095 3329 5137 carnem
3357 5079 3644 5144 comedat,
3674 5093 3767 5133 ne-

2188 5192 2294 5248 que
2322 5175 2457 5231 alios
2491 5176 2642 5232 cibos
2670 5189 2834 5245 quam
2872 5173 2992 5231 illos
3024 5173 3220 5245 quibus
3253 5172 3306 5228 in
3335 5171 3763 5242 Quadragesima

2380 5265 2582 5290 Ιειιξι...ιι
2635 5275 2712 5290 Α...
2782 5265 2947 5290 λτΑ-ιιι
2992 5264 3251 5290 ι..ζΑΑ-.--ιυι
3301 5271 3389 5290 Διὶ.
3439 5261 3761 5290 ΑΙΛ-ἶΑΛ-ιιιη
