4044 5290
258 298 408 358 I393

1320 311 1502 368 ACTA
1540 313 1830 372 CONClLll
1870 318 2368 379 LEMOVICENSES
2405 323 2468 379 11.

3396 332 3534 392 ίδω

253 418 431 491 hujus
449 418 647 477 vinculi
671 418 918 490 violator,
944 438 1049 478 non
1073 424 1384 496 recipiatur,
1412 428 1514 484 nisi
1535 443 1656 484 cum
1679 429 1839 500 digna
1872 439 1917 497 Α
1942 434 2178 505 episcopi
2215 452 2404 492 omnes
2437 456 2449 490 :
2482 455 2501 489 ι
2531 436 2713 494 Placet
2759 438 2921 495 nobis
2962 439 3080 495 haec
3118 436 3439 510 propositio,
3478 405 3555 497 et'
3604 432 3613 439 ’

255 514 607 586 paenitentia.
632 513 952 588 Magnopere
975 516 1123 573 enim
1148 517 1524 591 episcoporum
1545 536 1853 577 excommu-

258 603 471 658 nicatio
498 612 583 659 est
611 604 968 671 observanda,
998 621 1068 662 ne
1094 604 1235 663 forte
1259 607 1381 678 plus
1405 609 1671 666 irascatur
1700 609 1853 667 furor

259 694 485 750 Domini
510 709 672 766 super
699 712 797 752 nos
825 704 883 753 et
909 712 1073 769 super
1106 700 1383 771 populum.
1430 720 1451 755 ι

334 784 496 841 Tunc
530 786 917 859 interrogatum
951 797 1036 845 est
1067 789 1119 843 in
1150 791 1379 847 concilio
1411 799 1594 847 utrum
1636 793 1730 849 uni
1760 803 1857 849 aut

258 875 483 933 duobus
506 877 853 947 primoribus,
875 878 924 935 si
949 880 1271 947 obedierint,
1293 881 1491 945 debeat
1512 884 1581 941 ab
1598 884 1856 955 episcopo

259 965 515 1037 ignosci,
545 967 663 1024 sine
687 968 944 1025 omnibus
974 969 1119 1037 aliis,
1151 986 1220 1026 an
1246 973 1395 1027 non?
1421 973 1576 1041 Quod
1602 974 1857 1032 Emilius

258 1057 517 1130 pontifex
547 1068 600 1115 et
626 1059 923 1118 Azenerius
949 1062 1116 1119 abbas
1144 1064 1249 1121 hoc
1275 1068 1436 1131 modo
1464 1068 1855 1136 enodavernnt,

261 1151 704 1219 respondentes:
742 1168 762 1203 ι
800 1151 858 1208 Si
883 1152 952 1209 de
986 1162 1201 1211 centum
1241 1156 1419 1229 impiis
1460 1168 1658 1230 praeter
1688 1176 1855 1216 unum

260 1242 564 1312 nequimus
588 1257 872 1311 revocare,
906 1244 1084 1315 ipsum
1110 1246 1286 1304 solum
1318 1264 1443 1305 cum
1477 1250 1674 1322 gaudio
1697 1251 1859 1308 debe—

260 1348 393 1388 mus
420 1334 724 1406 suscipere.
746 1353 767 1390 ι

331 1421 627 1482 Odolricus
666 1433 846 1482 autem
885 1426 1048 1485 Pater
1096 1430 1178 1488 sic
1227 1430 1551 1504 respondit:
1595 1448 1617 1486 ι
1654 1432 1712 1489 Si
1752 1448 1858 1489 una

259 1517 331 1571 de
350 1526 582 1573 centum
607 1518 832 1589 perditis
855 1520 923 1575 ad
949 1521 1177 1579 salutem
1206 1523 1468 1593 lucratur,
1494 1526 1748 1598 gaudium
1776 1534 1862 1584 est

259 1624 459 1666 coram
487 1610 693 1682 angelis
716 1611 832 1668 Dei.
863 1612 922 1670 Si
947 1615 1071 1685 quis
1092 1617 1326 1688 denique
1348 1628 1468 1689 post
1491 1628 1722 1677 mortem
1748 1622 1859 1677 ino-

258 1699 524 1756 hcdiendi
576 1701 644 1757 ad
668 1701 1056 1760 .obediendum
1100 1706 1356 1778 episcopo
1393 1708 1653 1775 festinat,
1685 1708 1797 1780 jam
1827 1727 1857 1766 a

263 1792 381 1848 Deo
406 1792 635 1848 interius
657 1794 983 1861 vivificatur,
1009 1795 1380 1867 ideoque-eum
1400 1798 1609 1856 absolvi
1632 1816 1858 1858 necesse
1892 1780 1934 1839 Β

259 1892 369 1939 est.
399 1882 539 1938 Nam
565 1884 633 1940 de
656 1883 743 1940 his
764 1884 857 1957 qui
878 1886 947 1943 ad
968 1887 1344 1959 paenitentiam
1369 1902 1725 1963 eompunctos
1748 1908 1856 1950 non

258 1975 616 2047 suscipiunt,
652 1977 949 2034 obduratos
991 1993 1121 2036 vero
1156 1988 1251 2036 aut
1287 1989 1498 2039 terrore
1542 1993 1637 2040 aut
1674 1999 1860 2041 arnore

258 2068 521 2124 smeulari
546 2068 866 2139 absolvunt,
891 2071 975 2129 sic
996 2070 1234 2144 Spiritus
1254 2082 1475 2132 sanctus
1499 2089 1599 2145 per
1622 2076 1859 2148 prophe-

263 2168 379 2215 tam
408 2160 543 2217 dicit
572 2179 587 2216 :
615 2160 1010 2232 Morti/icabant
1039 2163 1244 2221 animus
1267 2181 1385 2235 qua
1412 2183 1515 2222 non
1538 2168 1856 2237 moriuntur,

262 2261 316 2307 et
355 2251 695 2322 viviﬁcabant
729 2254 938 2309 animas
962 2270 1081 2326 qua:
1116 2270 1221 2310 non
1248 2255 1422 2310 uiuunt
1458 2253 1676 2328 (Each.
1712 2258 1857 2327 ιιιι).

265 2346 338 2403 Et
365 2360 588 2402 rursum
631 2364 647 2401 :
687 2345 782 2403 Vc
818 2348 903 2403 Iris
940 2347 1032 2419 qui
1071 2348 1254 2403 dicunt
1296 2348 1489 2404 bonum
1536 2348 1773 2416 malum,
1810 2361 1859 2406 et

266 2439 475 2494 malum
508 2439 734 2506 bonum,
769 2451 1018 2512 ponentes
1045 2440 1211 2497 lucem
1242 2442 1510 2510 tenebras,
1539 2453 1588 2497 et
1624 2442 1860 2498 tenebras

266 2530 447 2586 lucem
476 2529 612 2604 (Isa.
642 2534 719 2604 ν).
749 2532 805 2589 Si
835 2548 966 2604 ergo
992 2532 1077 2590 vel
1105 2549 1245 2591 unus
1268 2549 1337 2590 ex
1363 2533 1690 2604 primoribus
1717 2533 1864 2603 priu-

266 2620 492 2691 cipibus
525 2621 680 2678 vobis
715 2623 1016 2691 obedierit,
1059 2624 1240 2680 caeteri
1281 2638 1416 2687 vero
1454 2637 1644 2680 omnes
1676 2624 1860 2678 attrita

274 2712 464 2769 fronte
508 2714 738 2772 rebelles
779 2717 1126 2784 exstiterint,
1173 2717 1457 2789 paciﬁcum
1504 2716 1761 2787 suscipite
1808 2716 1862 2772 in

264 2821 417 2875 pace
436 2805 638 2864 Christi
665 2806 824 2878 eique
854 2809 908 2864 in
929 2811 1183 2866 omnibus
1208 2824 1365 2880 opem
1393 2807 1551 2874 ferte,
1578 2817 1633 2864 et
1660 2816 1863 2863 terram

273 2897 653 2969 honoremque
681 2897 797 2967 ejus
829 2900 881 2954 in
917 2899 1260 2957 absolutione
1288 2900 1613 2972 gaudentem
1648 2908 1704 2955 et
1730 2899 1866 2953 libe¢

274 3005 402 3044 rum
429 3004 553 3044 esse
589 2990 913 3060 permittite;
946 2999 1154 3064 caetera:
1192 3000 1374 3048 autem
1408 3000 1590 3062 partes
1617 2991 1867 3047 Lemovi-

274 3083 470 3137 censis
531 3093 690 3139 terra:
739 3099 861 3154 qua:
913 3085 1141 3141 rebelles
1193 3085 1464 3156 principes
1516 3086 1753 3149 habent,
1807 3085 1861 3141 in
1889 3119 1936 3183 ο

277 3175 595 3243 supradicto
649 3176 1022 3255 relinquantur
1061 3179 1408 3234 anathemate
1451 3191 1621 3248 usque
1663 3176 1732 3231 ad
1779 3176 1863 3231 di-
1890 3160 1938 3185 "

277 3276 446 3336 gnam
498 3267 921 3335 correctionem,
970 3276 1031 3323 ut
1076 3268 1150 3324 sit
1202 3269 1344 3323 inter
1389 3268 1589 3323 bonum
1637 3276 1693 3322 et
1746 3281 1861 3320 ina-

279 3357 400 3409 Ιιιιιι
457 3355 758 3414 diﬁerentia
786 3399 801 3423 ,
857 3373 923 3414 ac
973 3359 1017 3414 si
1072 3358 1214 3414 inter
1266 3356 1440 3413 lucem
1486 3364 1541 3412 et
1594 3355 1862 3410 tenebras.

277 3447 443 3514 Quod
492 3449 539 3504 si
585 3463 775 3505 omnes
827 3448 1061 3519 majores
1116 3453 1410 3520 potestates
1457 3447 1869 3502 Lemo\'icenses

284 3552 478 3608 pacem
522 3539 935 3604 consenserint,
996 3548 1053 3592 ut
1097 3538 1280 3593 omnia
1326 3539 1436 3594 sint
1482 3537 1722 3593 absoluta
1749 3578 1763 3600 ,
1815 3544 1868 3591 et

284 3627 458 3699 aliqui
497 3628 563 3683 de
603 3629 831 3698 privatis
871 3628 1138 3684 militibus
1175 3629 1291 3684 sive
1329 3628 1629 3712 minoribus
1669 3627 1869 3696 princi-

284 3717 469 3785 pibus,
507 3717 709 3772 inventi
740 3716 938 3772 fuerint
971 3716 1201 3773 concilio
1236 3716 1627 3782 inobcdientes,
1654 3717 1707 3771 bi
1738 3716 1871 3771 tales

286 3806 364 3860 ita
396 3806 647 3874 privatim
685 3806 1241 3873 cxcornmunicentur,
1290 3814 1350 3860 ut
1397 3805 1505 3861 sint
1545 3805 1808 3877 segregati
1841 3821 1869 3858 a

286 3898 670 3954 communione
693 3897 935 3968 corporis
957 3909 1011 3954 ct
1035 3899 1315 3968 sanguinis
1343 3899 1584 3965 Domini;
1618 3899 1673 3953 in
1697 3897 1871 3953 eccle-

285 3987 430 4044 siam
469 3988 700 4044 intrandi
738 3989 939 4046 nuilam
966 3989 1199 4047 habeant
1223 3989 1687 4046 licentiamzcum
1717 3989 1876 4045 Chri-

287 4079 484 4135 stianis
511 4095 617 4136 non
644 4083 951 4148 comedunt,
997 4097 1171 4154 neque
1214 4076 1425 4150 bibant,
1474 4078 1649 4152 ne'qtte
1687 4083 1875 4137 ambu-

288 4170 441 4238 lent;
488 4173 654 4228 linum
699 4188 804 4229 non
855 4174 1096 4239 induant,
1148 4189 1368 4230 carnem
1416 4189 1523 4231 non
1567 4175 1872 4240 comedant,

292 4263 477 4317 vinum
505 4279 611 4318 non
643 4264 859 4330 bibant;
886 4280 992 4319 non
1023 4264 1349 4320 tondcantur
1372 4280 1546 4333 neque
1569 4267 1829 4325 radantur
1856 4282 1869 4317 :

289 4355 359 4409 ad
392 4355 567 4411 nullas
599 4357 877 4435 orationes
900 4357 1167 4427 prolieisci
1197 4368 1525 4427 praesumant
1550 4373 1564 4421 ;
1597 4358 1640 4412 si
1671 4356 1874 4411 inﬁrmi

1951 525 2030 580 sic
2056 526 2166 579 ﬁat.
2207 527 2469 583 Similiter
2496 527 2590 584 ﬁat
2621 529 2689 585 de
2740 529 2829 585 illo
2870 530 3142 601 episcopo,
3176 531 3270 601 qui
3313 546 3534 588 execut-

1952 619 2280 674 municatum
2323 620 2546 677 alterius
2575 620 2811 693 episcopi
2851 623 3153 694 susceperit
3180 623 3386 690 vivum,
3419 624 3535 681 sive

1952 721 2249 780 mortuum,
2275 714 2360 769 vel
2390 715 2443 770 in
2480 714 2793 786 episcopatu
2817 716 3023 787 suscipi
3049 731 3078 771 a
3110 731 3382 788 quoquam
3410 731 3535 788 per-

1955 801 2164 858 miserit
2192 804 2275 860 vel
2304 806 2658 861 consenserit.
2690 824 2711 858 ι

2024 892 2235 950 interea
2267 910 2390 950 cum
2423 896 2552 951 talia
2576 896 2812 968 episcopi
2849 897 3367 965 sermocinarentur,
3399 914 3535 971 qne-

1957 982 2185 1039 rimonia
2228 985 2280 1039 in
2319 986 2548 1042 concilio
2571 999 2839 1046 commota
2865 1000 2949 1047 est
2984 1005 3016 1047 a
3050 992 3356 1048 dicentibus
3388 1011 3400 1048 :
3434 1013 3452 1046 ι
3478 994 3535 1048 In

1957 1074 2287 1131 monasterio
2335 1076 2484 1132 Beati
2523 1076 2790 1136 Martialis
2848 1096 3064 1138 sursum
3114 1083 3168 1138 in
3223 1082 3427 1140 Pascha
3483 1093 3539 1140 et

1955 1162 2276 1221 Pentecoste
2307 1165 2608 1238 baptismus
2638 1169 2834 1240 agitur,
2865 1180 2923 1226 et
2951 1172 3021 1226 ibi
3053 1172 3196 1228 servi
3234 1186 3264 1227 a
3305 1170 3537 1229 doininis

1956 1254 2070 1310 suis
2106 1254 2354 1311 libertate
2403 1257 2696 1314 donantur.
2737 1258 2863 1315 Hac
2908 1260 3099 1317 volunt
3135 1260 3319 1318 clerici
3379 1262 3539 1332 hujus

1957 1345 2104 1404 sedis
2139 1360 2248 1404 non
2287 1346 2519 1419 amplius
2565 1347 2696 1405 alibi
2728 1364 2890 1421 quam
2939 1351 2995 1406 in
3043 1351 3145 1408 hac
3192 1352 3323 1409 sede
3369 1353 3539 1408 admi-

1958 1437 2200 1495 nistrari.
2230 1456 2250 1492 ι

2029 1530 2125 1589 llis
2156 1533 2400 1604 opposita
2429 1542 2558 1590 sunt
2600 1535 2703 1591 ista
2746 1550 2779 1590 a
2824 1549 3017 1590 sanum
3060 1535 3414 1606 sapientibus,
3446 1537 3539 1606 qui

1958 1622 2038 1680 sic
2066 1624 2460 1695 responderunt
2488 1638 2504 1678 :
2535 1644 2554 1679 ς
2582 1623 2640 1680 ln
2686 1624 2931 1681 oratorio
2958 1622 3142 1680 Sancti
3177 1624 3400 1681 Joannis
3439 1625 3543 1680 Ba-

1958 1715 2155 1786 ptistae,
2181 1716 2323 1785 quod
2356 1722 2440 1770 est
2473 1715 2541 1770 ad
2580 1715 2883 1782 meridiem,
2926 1729 3143 1772 sursum
3172 1730 3330 1773 secus
3355 1715 3543 1772 Salva-

1963 1807 2095 1862 toris
2118 1806 2423 1873 basilicam,
2466 1806 2643 1863 fontes
2670 1808 2739 1862 ab
2767 1807 3005 1878 antiquis
3037 1807 3368 1878 temporibus
3406 1819 3549 1878 pm-

1957 1897 2135 1970 parati
2165 1906 2310 1965 sunt,
2337 1906 2393 1954 et
2422 1899 2796 1954 tantummodo
2827 1900 2880 1955 in
2904 1898 3114 1956 Pascha
3142 1908 3197 1955 et
3221 1899 3543 1954 Pentecoste

1960 1989 2034 2045 ibi
2063 2003 2280 2061 semper
2314 1987 2451 2045 solet
2490 1989 2577 2061 agi
2610 1991 2942 2059 baptismus;
2974 1989 3097 2046 aliis
3125 2003 3254 2045 vero
3289 1989 3520 2059 tempori

1960 2080 2062 2136 bns
2087 2095 2183 2150 per
2211 2087 2382 2135 totum
2417 2094 2617 2135 annum
2664 2080 2720 2135 in
2758 2079 2987 2137 ecclesia
3026 2078 3211 2135 Sancti
3245 2079 3545 2146 Michaelis,

1961 2174 2029 2229 de
2057 2173 2144 2228 illa
2176 2172 2444 2244 superiori
2471 2172 2729 2244 parochia
2754 2172 3103 2244 baptizantur
3139 2171 3412 2237 infantes;
3447 2184 3550 2227 nec

1962 2263 2071 2320 ullo
2104 2264 2265 2320 modo
2289 2277 2390 2334 pro
2415 2263 2502 2320 his
2524 2263 2640 2319 hac
2666 2272 2852 2320 sancta
2878 2263 3038 2320 sedes
3065 2262 3328 2318 h‘hctenus
3350 2276 3548 2332 quere-

1962 2355 2043 2412 las
2088 2354 2399 2411 commovit.
2456 2352 2782 2411 Parochiani
2841 2354 3107 2426 siquidem
3162 2353 3349 2410 Sancti
3402 2352 3547 2408 Petri

1961 2447 2207 2504 ecclesiae
2235 2447 2606 2518 Cairogensis,
2643 2453 2703 2503 et
2744 2447 3056 2520 quicunque
3100 2461 3167 2503 ex
3209 2445 3550 2516 principibus

1961 2552 2029 2595 ex
2056 2537 2200 2593 omni
2232 2535 2576 2593 Lemovicino
2594 2536 2803 2602 volunt,
2830 2536 2970 2593 ﬁlios
2992 2551 3122 2592 suos
3140 2537 3207 2591 ad
3227 2535 3549 2592 scrutinium

1963 2629 2018 2684 in
2047 2625 2491 2699 Quadragesima,
2523 2635 2578 2683 et
2600 2626 2954 2697 baptizandus
2983 2627 3036 2681 in
3065 2625 3291 2691 Pascha,
3340 2624 3456 2681 sive
3496 2625 3548 2678 in

1962 2720 2315 2785 Pentecoste,
2365 2717 2434 2773 ad
2479 2719 2620 2774 hanc
2668 2717 2921 2774 deferunt
2953 2719 3174 2774 sedem.
3226 2714 3551 2772 Parochiam

1966 2828 2096 2869 vero
2120 2811 2369 2884 ecclesiae
2392 2808 2578 2865 Sancti
2605 2808 2906 2872 Michaelis,
2954 2816 3010 2863 et
3049 2807 3295 2864 ecclesiae
3335 2806 3553 2862 Sanctae

1969 2905 2148 2960 Maria:
2174 2904 2245 2960 de
2266 2901 2480 2967 Arenis,
2508 2908 2562 2956 et
2596 2899 2826 2955 aliarum
2852 2899 3225 2964 ecclesiarum,
3256 2912 3377 2967 quae
3403 2897 3523 2952 basi
3546 2926 3556 2938 ο

1968 2997 2083 3051 lica:
2109 2994 2260 3050 Beati
2299 2989 2559 3049 Martialis
2583 2990 2839 3060 subjecta:
2878 3000 3024 3059 sunt,
3059 3000 3117 3045 et
3142 2989 3459 3059 quicunque
3487 2987 3556 3041 dc

1967 3085 2300 3157 principibus
2346 3099 2413 3139 ex
2464 3091 2575 3138 toto
2622 3080 2990 3145 Lemovicino,
3043 3078 3160 3136 sive
3209 3079 3275 3137 de
3318 3078 3556 3133 externis

1965 3174 2269 3247 Aquitania:
2296 3173 2607 3229 civitatibus
2629 3170 2919 3238 voluerint,
2950 3170 3090 3227 ﬁlios
3118 3184 3247 3226 suos
3267 3168 3556 3237 baptizan-

1966 3269 2063 3324 dus
2081 3282 2296 3323 sursum
2317 3265 2388 3320 ad
2410 3262 2784 3332 Redemptoris
2809 3262 2988 3317 aulam
3016 3262 3272 3331 dirigunt.
3313 3258 3559 3328 Denique

1968 3374 2178 3430 semper
2207 3359 2308 3415 fuit
2338 3356 2671 3415 consuetudo
2696 3364 2754 3430 ut
2776 3356 3085 3426 quicunque
3107 3353 3413 3419 voluerunt,
3433 3365 3558 3407 sur-

1969 3428 2098 3510 sumi
2121 3460 2214 3508 aut
2234 3459 2362 3509 ante
2390 3449 2561 3505 altare
2608 3428 3010 3517 Redemptoris,
3057 3455 3151 3501 aut
3195 3453 3322 3500 ante
3365 3459 3561 3513 corpus

1969 3544 2112 3600 beati
2140 3540 2422 3609 Martialis,
2453 3552 2643 3595 servos
2681 3551 2809 3599 suos
2858 3534 3095 3593 libertati
3144 3535 3358 3590 darent.
3404 3532 3561 3599 Quod

1970 3648 2099 3705 ergo
2123 3646 2295 3702 usque
2319 3631 2388 3686 ad
2417 3644 2517 3686 nos
2545 3643 2761 3700 semper
2790 3627 3015 3689 licitum,
3046 3640 3148 3681 nec
3177 3623 3407 3695 amplius
3434 3636 3559 3693 pro-

1973 3725 2223 3788 hibitum,
2257 3738 2366 3793 quo
2401 3729 2560 3793 pacto
2590 3734 2736 3774 nunc
2767 3717 2962 3772 amodo
2999 3715 3245 3773 illicitum
3274 3711 3421 3771 erit?
3462 3710 3563 3766 Ve-

1973 3835 2091 3876 rum
2123 3818 2270 3888 justo
2295 3814 2503 3887 judicio
2540 3811 2786 3884 judicent
2830 3820 3128 3882 praesentes
3152 3805 3395 3880 episcopi
3432 3804 3565 3876 quid

1974 3910 2146 3966 hacin
2171 3924 2230 3965 re
2256 3920 2472 3978 aequum
2500 3902 2591 3958 sit.
2623 3920 2642 3954 ι

2046 4002 2311 4055 Dixerunt
2356 3992 2641 4065 episcopi:
2685 4011 2704 4045 ι
2731 3990 2896 4047 Beato
2948 3987 3177 4045 Martiali
3221 3984 3562 4059 privilegium

1975 4105 2133 4147 Suum
2185 4088 2253 4143 ab
2302 4083 2543 4156 antiquis
2584 4090 2848 4139 statutum
2894 4077 3109 4134 auferre
3154 4074 3417 4132 nefarium
3459 4081 3560 4128 cst.

1979 4182 2102 4236 llazc
2137 4187 2317 4234 autem
2369 4178 2528 4233 sedes
2573 4174 2721 4229 beati
2770 4169 3035 4226 Martialis
3078 4177 3240 4238 caput
3285 4177 3342 4221 et
3392 4175 3565 4220 mater

1977 4274 2219 4333 omnium
2257 4271 2449 4328 Gallia:
2490 4267 2845 4325 ecclesiarum
2901 4272 3005 4330 est,
3055 4263 3180 4333 quia
3220 4260 3396 4332 prima
3438 4267 3565 4312 ante

1978 4383 2168 4424 euntes
2197 4366 2330 4421 alias
2358 4365 2410 4420 in
2438 4362 2610 4419 Gallia
2634 4359 2847 4417 exstitit
2887 4357 2998 4412 Deo
3030 4360 3382 4417 consecrata;
3413 4351 3535 4406 ideo

291 4445 516 4513 fuerint,
548 4463 655 4503 non
680 4448 969 4504 visitentur
1002 4462 1032 4504 a
1063 4447 1263 4504 clerico
1294 4465 1308 4503 :
1339 4448 1631 4505 morientes
1668 4448 1721 4503 in
1763 4448 1874 4517 ipsa
1909 4465 1953 4522 ι)
1980 4475 2087 4528 que
2130 4454 2543 4513 Lemovicenses
2582 4464 2773 4507 omnes
2813 4445 3058 4503 ecclesiae
3100 4442 3401 4515 prmsertim
3445 4440 3568 4495 huic

291 4540 870 4604 excommunicatione,
912 4556 1017 4595 non
1052 4540 1165 4595 sint
1191 4541 1259 4595 de
1299 4540 1417 4596 loco
1463 4540 1620 4594 levati
1672 4541 1724 4594 in
1769 4556 1878 4609 quo

292 4634 491 4688 mortui
520 4632 743 4699 fuerint,
774 4647 873 4689 nec
898 4633 1282 4704 cooperiantur
1310 4632 1471 4704 ligno,
1499 4648 1672 4701 neque
1698 4643 1876 4703 petra,

296 4716 470 4796 neque
509 4725 689 4797 aliqua
729 4725 1029 4781 tnunitione
1061 4743 1074 4780 :
1109 4725 1470 4780 substantiam
1517 4740 1707 4779 eorum
1756 4725 1874 4778 nul-

297 4818 379 4873 lus
424 4835 523 4890 pro
578 4821 864 4880 animabus
924 4836 1115 4879 eorum
1173 4820 1229 4875 in
1281 4819 1678 4892 c'leemosynatn
1733 4822 1880 4876 acci-

297 4908 426 4976 piat.
460 4928 480 4962 ι

366 4998 581 5056 Dictum
608 5003 661 5058 in
692 5001 921 5058 concilio
941 5010 1025 5059 est
1058 5019 1070 5056 :
1113 5020 1131 5053 ι
1163 5000 1220 5056 Si
1244 5001 1365 5071 quis
1392 5003 1459 5057 de
1486 5005 1755 5073 episcopis
1785 5004 1881 5059 ali-

298 5092 508 5162 quoties
540 5096 753 5159 timore,
786 5096 868 5150 vel
893 5110 1097 5160 amore,
1134 5096 1214 5150 vel
1252 5098 1480 5166 pecunia
1503 5114 1561 5153 se
1592 5095 1879 5170 inﬂuxerit,

1983 4561 2238 4618 tanquam
2267 4543 2433 4615 capiti
2465 4542 2709 4614 pr0prio,
2752 4539 2808 4595 in
2833 4537 3085 4595 onmibus
3106 4536 3367 4591 honorem
3416 4531 3570 4588 exhi-

1983 4645 2167 4697 beant.
2189 4638 2309 4709 Ipsa
2336 4644 2517 4692 autem
2543 4635 2699 4691 sedes
2732 4640 2788 4689 et
2817 4639 3015 4696 mater,
3039 4627 3346 4683 nullatenus
3363 4639 3395 4678 a
3430 4625 3569 4678 tilia-

1982 4734 2083 4789 bus
2111 4730 2227 4787 suis
2256 4727 2469 4784 caeteris
2495 4723 2750 4801 ecclesiis
2788 4722 2938 4792 justa
2974 4717 3275 4787 antiquitus
3312 4727 3572 4770 concessa

1986 4826 2141 4884 tollat
2170 4823 2447 4887 instituta,
2484 4832 2589 4879 nec
2617 4818 2699 4873 eis
2742 4816 2981 4887 impendi
3029 4815 3290 4867 honorem
3335 4807 3575 4863 debitum

1984 4919 2303 4991 prohibeat.
2321 4913 2573 4972 Gaudere
2602 4911 2751 4968 enim
2775 4907 3020 4977 pontifex
3046 4912 3101 4959 et
3133 4915 3419 4958 assensum
3445 4913 3581 4970 prae-

1986 5014 2120 5069 bcre
2142 5010 2322 5075 debet,
2361 5018 2420 5065 ut
2447 5004 2702 5061 Ecclesiae
2732 5000 2838 5054 sibi
2886 4996 3142 5066 subjectae
3167 4993 3222 5047 in
3254 4994 3587 5049 honore'ano

1993 5102 2145 5170 tiquo
2173 5101 2547 5167 perseverent.
2593 5092 2780 5157 Itaque
2823 5088 2880 5142 in
2912 5081 3065 5142 Beati
3111 5079 3380 5137 Martialis
3408 5094 3593 5178 mona-
