4044 5290
456 213 600 293 ιδιθδ

1425 218 1776 278 JORDANUS
1816 205 2308 277 LEMOVICENSIS
2344 217 2736 278 EPISCOPUS.

3567 218 3704 278 139G

460 305 725 402 ecclesiis,
753 331 841 389 ubi
887 333 955 390 ab
976 333 1213 405 antiquis
1245 333 1429 389 diebus
1458 335 1701 391 exerceri
1746 334 1799 390 id
1827 333 2045 390 solitum
2076 335 2123 394 A
2158 357 2174 389 ι
2221 335 2334 392 sive
2362 333 2547 401 famis,
2576 345 2668 390 aut
2696 335 3122 406 intemperantiae
3162 335 3328 403 aeris,
3362 335 3447 393 vel
3480 337 3527 394 si
3572 338 3703 408 quid

459 436 562 493 est,
589 435 665 481 tta
695 433 871 482 tamen
899 433 960 481 ut
988 426 1159 498 major
1187 440 1442 483 numerus
1489 428 1931 498 baptizandorum
1963 428 2034 482 sit

459 517 602 588 apud
643 517 787 572 hanc
833 525 1063 572 matrem
1114 517 1422 573 ecclesiam.
1478 519 1544 572 Et
1578 519 1632 574 hi
1660 519 1750 590 qui
1807 519 1860 574 in
1911 519 2032 576 aliis

456 607 705 664 ccclesiis
742 607 884 678 apud
923 607 1066 664 hanc
1099 609 1372 666 civitatem
1405 610 1767 680 baptizantur,
1798 611 1916 683 ipso
1944 612 2032 668 die

454 711 641 753 coram
669 697 922 768 episcopo
949 697 1017 752 ad
1037 698 1502 755 confirmationem
1526 701 1580 756 in
1611 701 1716 758 hae
1749 702 1878 759 sede
1906 717 2030 758 cum

453 786 813 850 luminaribus
841 787 1220 844 exhibeantur.
1247 787 1347 844 Ubi
1375 790 1518 846 enim
1546 805 1737 849 cereus
1762 792 2030 864 paschalis

454 889 802 936 consecratur
843 889 900 938 et
933 881 1234 954 baptismus
1275 886 1470 955 agitur,
1509 886 1580 942 ibi
1620 887 1901 944 honestius
1931 904 2026 959 pa-

451 969 654 1026 schalis
677 972 811 1028 ordo
837 971 1135 1043 perficitur,
1163 980 1220 1030 et
1249 981 1356 1031 tres
1399 974 1620 1044 litaniae,
1655 992 1777 1048 quae
1805 977 1859 1033 in
1886 976 2024 1034 Sab-

450 1061 596 1119 hatis
620 1061 842 1120 Paschte
862 1063 1280 1124 etPentecostcs
1302 1066 1446 1123 nulla
1457 1069 1667 1125 ratione
1687 1071 2025 1140 praetermitti

453 1166 703 1229 possunt,
733 1175 822 1226 ne,
855 1161 1000 1230 quod
1048 1161 1210 1230 absit,
1242 1163 1539 1220 auctoritas
1585 1162 1820 1236 Spiritus
1853 1167 2024 1222 sancti

450 1250 702 1320 vilescat,
729 1252 912 1323 aptius.
933 1253 1338 1323 persolvuntur.
1373 1255 1497 1311 Post
1523 1270 1616 1312 sex
1651 1257 1795 1312 enim
1834 1255 2022 1312 lectio-

454 1355 578 1408 nes,
612 1351 834 1413 septena
863 1331 995 1398 litin
1030 1344 1196 1400 chero
1217 1359 1247 1399 a
1263 1344 1504 1416 pluribus
1532 1345 1693 1402 simul
1713 1347 2026 1404 cantoribus

447 1428 763 1488 solemniter
801 1431 1026 1489 indutis.
1059 1433 1260 1490 Deinde
1289 1451 1411 1490 cum
1443 1445 1593 1492 terna
1628 1436 1729 1507 ipsi
1771 1447 2023 1496 cantores

447 1528 504 1575 ct
527 1522 838 1579 sacerdotes
877 1537 941 1580 ac
963 1523 1141 1581 caeteri
1174 1524 1402 1581 ministri
1424 1525 1718 1596 procedunt
1740 1529 1809 1584 ad
1825 1528 2020 1586 fontes.

445 1608 618 1667 Facto
644 1628 773 1670 vero
817 1613 1086 1684 baptismo
1135 1615 1202 1671 de
1240 1615 1414 1672 tribus
1463 1624 1672 1674 tantum
1725 1619 2022 1677 infantibus

2141 446 2160 480 ο
2203 425 2541 494 huiusmodi,
2592 433 2646 480 et
2698 441 2801 482 non
2849 427 3110 482 fuerimus
3153 437 3482 499 praesentes,
3528 430 3710 486 nullus

2140 534 2158 569 ι
2200 524 2445 571 nostrum
2475 525 2754 584 exspectet
2779 516 3046 584 edictum,
3089 518 3182 572 sed
3209 528 3392 574 mutuo
3423 535 3482 575 se
3505 521 3707 576 exhor-

2139 626 2157 661 ι
2203 614 2380 663 tantes
2403 605 2611 672 clerici,
2638 606 2753 663 sive
2781 607 3070 674 monachi,
3102 623 3206 664 una
3253 624 3373 664 cum
3403 611 3602 681 pepqu
3625 611 3715 666 fe-

2137 720 2156 755 ι
2203 699 2406 756 stinent
2433 699 2487 755 in
2519 699 2725 756 litaniis
2754 700 2836 756 vel
2875 699 3095 771 jejuniis
3123 701 3548 758 misericordiam
3594 705 3706 760 Do-

2138 809 2157 844 ι
2200 789 2332 846 mini
2362 803 2528 862 super
2564 804 2790 862 regnum
2818 801 3062 848 nostrum
3097 792 3375 850 inclinare.
3415 811 3436 846 ι
3469 795 3643 866 Igitur
3658 796 3708 854 si

2132 880 2260 936 talia
2299 880 2418 937 sine
2447 880 2590 936 sedis
2637 881 2913 947 consultu,
2944 883 3300 949 necessitate,
3338 899 3446 938 non
3481 883 3709 940 temerin

2131 977 2260 1036 tate,
2290 969 2394 1036 vel,
2427 971 2568 1040 quod
2595 970 2759 1037 absit,
2791 972 2956 1042 typho
2984 971 3268 1043 superbiae,
3295 973 3364 1028 ab
3393 973 3497 1028 alia
3521 973 3704 1029 eccle-

2129 1065 2208 1119 sia
2241 1062 2486 1118 instituta
2513 1061 2738 1129 fuerint,
2775 1062 2909 1117 nihil
2937 1073 3020 1119 est
3047 1065 3189 1135 quod
3217 1064 3566 1136 indignentur
3593 1067 3704 1121 cle-

2130 1153 2223 1208 rici
2249 1152 2414 1209 sedis.
2429 1151 2630 1207 Tamen
2655 1153 2725 1206 ita
2742 1154 3330 1211 cuuctaconcordantia
3356 1156 3707 1212 moderenttu

2129 1245 2182 1300 in
2219 1244 2450 1300 invicem
2493 1245 2634 1299 inter
2661 1259 2850 1300 omnes
2888 1244 3096 1302 vicinas
3123 1247 3577 1317 congregationes
3598 1289 3614 1313 ,
3646 1258 3705 1302 ut

2125 1350 2228 1404 pax
2259 1340 2315 1390 ct
2341 1333 2520 1389 unitas
2547 1333 2689 1391 inter
2715 1335 2897 1393 sedem
2927 1345 2983 1392 et
3023 1335 3157 1393 alias
3198 1338 3458 1394 ecclesias
3479 1355 3673 1410 peruia
3699 1375 3703 1377 -

2127 1432 2249 1480 neat
2272 1423 2606 1481 inconvulsa.
2647 1442 2668 1479 ι

2195 1514 2492 1588 Episcopus
2515 1524 2692 1572 autem
2718 1516 3177 1574 Pctracoricensis
3196 1521 3263 1576 de
3280 1523 3513 1592 quodam
3538 1538 3705 1579 cano-

2127 1606 2249 1662 nico
2293 1621 2394 1662 suo
2424 1615 2630 1663 tantum
2661 1609 2893 1676 clerico,
2937 1612 3028 1682 qui
3062 1627 3284 1668 uxorem
3321 1615 3580 1682 duxerat,
3615 1618 3700 1670 in-

447 1702 608 1768 (nam
640 1705 847 1772 caeteri,
875 1682 920 1762 si
951 1707 1070 1775 plus
1094 1705 1316 1773 fuerint,
1355 1709 1424 1764 ab
1449 1708 1556 1765 alio
1584 1712 1897 1783 presbytero
1929 1713 2020 1783 qui

2125 1696 2390 1767 quirendo
2415 1699 2718 1769 proposuit,
2747 1700 2934 1756 dicens
2965 1701 3354 1772 utjudicarent
3379 1705 3513 1775 quid
3538 1707 3606 1761 de
3636 1722 3704 1762 eo

445 1791 521 1848 ibi
550 1796 879 1853 remanserit
922 1797 1299 1870 baptizantur)
1335 1813 1458 1856 cum
1510 1809 1663 1857 terna
1699 1818 1731 1858 a
1782 1803 2023 1860 fontibus

447 1886 846 1954 regrediuntur,
866 1889 959 1959 qui
998 1889 1066 1944 ad
1093 1889 1348 1958 chorum,
1378 1893 1446 1948 ad
1475 1893 1732 1960 chorum;
1763 1905 1819 1951 et
1839 1897 1930 1966 qui
1955 1899 2022 1952 ad

446 1975 634 2042 altare,
662 1979 728 2034 ad
757 1977 948 2047 altare,
976 1995 1099 2037 cum
1125 1982 1299 2037 cereis
1328 1982 1565 2038 nondum
1601 1983 1900 2052 luminatis,
1930 2003 2019 2044 so-

444 2067 702 2126 nantibus
729 2069 946 2126 interim
979 2071 1242 2128 omnibus
1263 2073 1454 2144 signis.
1502 2073 1679 2131 Finita
1722 2077 1867 2132 enim
1907 2076 2021 2147 ipsa

444 2169 631 2230 terna,
666 2171 721 2219 et
757 2163 1099 2221 cessantibus
1139 2165 1429 2223 metallinis
1477 2167 1849 2238 clangoribus,
1896 2185 2020 2226 mox

443 2253 679 2324 hymnus
707 2253 1021 2326 angelorum
1043 2271 1074 2312 a
1103 2257 1388 2315 sacerdote
1411 2259 1624 2315 excelsa
1653 2275 1785 2316 voce
1812 2261 2020 2332 profer-

442 2351 554 2409 tur,
586 2343 888 2402 illuminata
933 2345 1048 2418 jam
1077 2348 1224 2405 omni
1253 2348 1506 2416 ecclesia,
1531 2365 1598 2404 ex
1629 2365 1736 2422 quo
1767 2361 2019 2409 cantores

442 2433 828 2492 clamaverint:
857 2439 1158 2496 Accendite.

518 2545 537 2579 ι
585 2526 710 2586 llaec
733 2530 800 2586 de
830 2529 1098 2602 baptismo
1135 2535 1269 2591 satis
1295 2537 1422 2592 sint.
1457 2536 1609 2594 Nune
1638 2538 1706 2595 de
1739 2553 2016 2595 servorum

441 2619 691 2678 libertate
722 2624 1032 2694 dicendum,
1065 2629 1191 2698 quia
1219 2630 1359 2688 hanc
1390 2647 1550 2704 agere
1583 2634 1789 2689 licitqu
1818 2645 1902 2690 est
1933 2636 2018 2690 vel

439 2713 582 2782 apud
627 2712 769 2772 hanc
801 2718 1008 2786 sedem,
1037 2719 1122 2775 vel
1162 2731 1289 2778 ante
1316 2739 1512 2794 corpus
1541 2727 1680 2781 beati
1732 2725 2016 2795 Martialis,

437 2802 524 2858 vel
560 2805 625 2860 ad
655 2819 1038 2879 quamcunque
1065 2812 1350 2868 ecclesiam
1384 2815 1589 2870 Douuui
1618 2817 1880 2887 elegerint
1927 2833 2010 2873 co-

439 2911 556 2950 ram
591 2899 838 2969 testibus,
867 2903 951 2957 vel
979 2911 1105 2959 ante
1141 2919 1341 2975 eorpus
1378 2906 1613 2963 defuncti
1644 2910 2011 2979 proximi,sic-

441 2994 503 3041 ut
555 3002 698 3060 sape
735 3007 828 3062 per
853 2994 1034 3063 plures
1057 2995 1306 3053 civitates
1337 3000 1452 3054 fieri
1481 3001 1758 3066 videmus;
1787 3002 1862 3057 ita
1887 3019 2017 3059 sane
2043 3029 2086 3088 ρ

438 3088 501 3134 ιιι
528 3078 688 3150 hujus
716 3085 862 3140 sedis
903 3087 1270 3145 nominativus
1301 3091 1660 3148 cancellarius
1708 3093 2014 3151 libertatem

438 3171 664 3229 scribat.
701 3173 836 3231 Nam
875 3185 931 3233 et
969 3180 1110 3247 apud
1151 3179 1331 3251 regale
1359 3181 1639 3251 palatium,
1667 3184 1752 3240 vel
1782 3185 1832 3239 in
1876 3199 2014 3254 quo-

437 3277 654 3334 cunque
676 3263 799 3322 loco
831 3281 925 3324 rex
949 3268 1132 3337 fuerit,
1161 3287 1346 3348 coram
1376 3288 1502 3345 rege
1556 3273 1837 3331 libertates
1888 3277 2016 3348 legi-

440 3353 603 3412 timas
653 3355 772 3414 ﬁeri
828 3360 1104 3416 cernimus
1134 3378 1150 3417 :
1176 3363 1285 3418 imo
1333 3362 1417 3419 lex
1461 3363 1637 3422 Salica
1677 3370 1918 3423 continet
1956 3378 2016 3424 ut

439 3447 746 3520 ubicunque
779 3451 922 3508 servi
960 3451 1213 3512 dominus
1262 3455 1522 3525 voluerit,
1574 3467 1747 3530 potest
1795 3472 2013 3516 servum

439 3537 706 3596 relaxare.
751 3559 772 3594 ι

511 3627 606 3687 llis
631 3632 813 3702 dictis,
845 3649 968 3692 cum
1000 3637 1219 3708 quidam
1240 3640 1310 3696 de
1343 3642 1726 3713 praedicatione
1753 3643 1819 3697 ad
1847 3658 2012 3714 popu-

427 3721 569 3788 lum,
607 3725 747 3782 etde
769 3725 1068 3785 indicendis
1104 3730 1329 3801 jejuniis
1357 3743 1412 3790 et
1441 3734 1646 3792 litaniis
1675 3751 1778 3805 pro
1811 3751 2010 3806 Oppor-

439 3813 670 3874 tunitate
695 3824 998 3888 temporum
1045 3823 1315 3889 dicerent,
1346 3829 1488 3894 quod
1521 3826 1636 3880 hrec
1665 3826 1802 3895 apud
1829 3828 2010 3882 sedem

437 3907 698 3964 duntaxat
719 3910 952 3968 debeant
975 3913 1185 3970 institui
1207 3925 1262 3970 et
1283 3916 1443 3983 edici,
1471 3918 1724 3974 dixerunt
1739 3920 2008 3990 episcopi:

441 4015 464 4049 ο
504 3997 826 4057 Praedicatio
849 4019 954 4059 non
987 4005 1160 4061 solum
1191 4009 1332 4077 apud
1367 4009 1571 4074 sedem,
1600 4010 1694 4066 sed
1721 4011 1886 4065 etiam
1917 4026 2012 4081 per

433 4105 624 4148 omnes
649 4093 908 4151 ecclesias
939 4096 1265 4152 assiduanda
1295 4109 1398 4165 est,
1430 4100 1518 4154 ubi
1560 4101 1697 4157 hanc
1719 4103 1850 4157 dare
1874 4110 2011 4158 stre-

435 4198 600 4238 nuum
633 4183 910 4242 doctorem
959 4187 1170 4243 Domini
1203 4187 1455 4245 voluntas
1508 4190 1771 4262 inspirat;
1809 4191 2009 4247 etenim

435 4273 574 4330 adeo
598 4277 923 4346 gemendum
954 4287 1058 4343 est,
1091 4279 1219 4351 quia
1248 4280 1404 4336 valde
1448 4283 1554 4336 rari
1601 4281 1802 4337 suntin
1834 4295 2011 4337 messe

434 4364 530 4417 Dei
553 4365 810 4432 operarii.
837 4366 903 4422 Et
927 4368 972 4422 si
1010 4369 1162 4425 multi
1189 4380 1317 4426 sunt
1349 4371 1441 4441 qui
1472 4372 1612 4426 bona
1643 4371 1884 4436 audiant,
1913 4371 2006 4428 sed
2039 4366 2086 4425 Ι)

435 4451 544 4506 rari
572 4462 700 4507 sunt
724 4454 816 4524 qui
859 4455 1062 4512 dicant.
1104 4457 1240 4513 Nam
1266 4475 1455 4514 omnes
1481 4460 1789 4516 sacerdotes
1813 4459 2009 4530 quibus

434 4543 693 4612 parochia
716 4546 1005 4602 commissa
1037 4556 1142 4615 est,
1165 4550 1417 4605 omnibus
1443 4550 1736 4607 Dominicis
1761 4561 1816 4606 et
1847 4550 2004 4606 festi-

432 4631 517 4688 vis
554 4632 746 4692 diebus
794 4635 1088 4692 admonere
1121 4639 1462 4708 praedicando
1496 4640 1750 4710 populum
1787 4641 2006 4706 debent,

433 4726 727 4783 Socundum
773 4726 942 4784 illud:
977 4728 1169 4799 Argue,
1206 4729 1441 4795 obsecra,
1489 4731 1699 4800 increpa
1741 4730 1826 4802 (II
1870 4730 2005 4785 Tim.

433 4816 529 4884 iv).
545 4817 682 4884 Quia
695 4819 972 4883 sacerdos,
988 4818 1030 4874 si
1047 4819 1166 4874 sine
1177 4818 1580 4889 praedicationis
1592 4819 2006 4882 sonituincedit,

432 4906 873 4965 iutermiuatione
895 4909 1074 4965 divina
1101 4911 1292 4965 mortis
1321 4923 1442 4964 reus
1460 4919 1570 4976 est;
1595 4909 1880 4980 cpiscopus
1901 4926 2010 4964 au-

2125 1793 2400 1858 agcretur.
2421 1787 2503 1842 Ad
2533 1787 2637 1844 hoc
2660 1787 2886 1844 verbum
2909 1789 2961 1845 in
2991 1791 3220 1847 concilio
3241 1807 3562 1864 responsum
3583 1805 3699 1851 est:

2129 1897 2147 1929 ι
2188 1877 2437 1934 Canones
2475 1879 2742 1950 judicent.
2775 1881 3056 1948 Quomodo
3093 1882 3238 1938 enim
3280 1893 3474 1940 nostro
3499 1901 3699 1956 possu-

2131 1983 2250 2023 mus
2302 1968 2534 2026 arbitrio
2575 1968 2828 2038 judicare
2883 1971 3215 2042 quidquam,
3261 1989 3384 2030 cum
3437 1976 3625 2031 omnia
3669 1993 3700 2031 a

2123 2058 2391 2128 prioribus
2409 2058 2649 2129 judicata
2675 2063 2817 2118 sint?
2850 2064 2984 2120 nihil
3011 2065 3211 2138 quippe
3234 2065 3529 2124 dicendum
3554 2070 3703 2140 quod

2124 2166 2228 2206 non
2259 2151 2409 2221 prius
2445 2153 2648 2208 dictum
2669 2154 2761 2210 sit.
2807 2172 2828 2209 ι

2193 2239 2346 2295 Tunc
2372 2239 2494 2296 lecti
2523 2251 2649 2297 sunt
2673 2242 2920 2301 Canones
2943 2245 3329 2316 apostolorum,
3355 2247 3447 2303 ubi
3480 2249 3535 2303 in
3557 2249 3706 2319 capi-

2123 2330 2234 2386 tulo
2261 2331 2330 2385 27
2361 2332 2434 2386 ita
2462 2332 2660 2388 dicitur
2691 2351 2704 2388 :
2743 2353 2762 2386 ε
2800 2334 2904 2402 Qui
2929 2335 3105 2391 clerici
3141 2338 3358 2393 debeant
3385 2339 3703 2410 conjugibus

2120 2423 2376 2493 copulari.
2408 2455 2476 2464 —
2507 2425 2751 2497 lnuuptis
2786 2428 2878 2499 qui
2923 2427 2993 2484 ad
3034 2429 3239 2485 clerum
3266 2433 3508 2501 provecti
3549 2442 3700 2498 sunt,

2120 2514 2468 2585 prtccipimus
2499 2525 2586 2583 ut,
2623 2517 2669 2572 si
2699 2517 2989 2586 voluerint,
3038 2535 3236 2578 uxores
3263 2522 3536 2593 accipiant
3558 2564 3574 2588 ,
3605 2526 3699 2578 sed

2120 2606 2348 2664 lectores
2373 2617 2738 2680 cantorcsque
2781 2611 3175 2668 tantummodo.
3218 2631 3239 2665 ι
3283 2613 3351 2668 Ει
3391 2614 3592 2671 iterum
3618 2617 3700 2670 di-

2119 2704 2264 2750 ctum
2290 2705 2373 2750 est
2404 2714 2418 2752 :
2454 2714 2472 2748 (
2507 2697 2755 2754 Canones
2786 2698 3031 2756 Toletani
3058 2700 3237 2756 ethoc
3266 2702 3516 2772 judicant
3555 2713 3617 2758 ut
3641 2705 3730 2768 in_

2119 2789 2470 2845 monasteriis
2516 2791 2704 2846 nutriti
2753 2807 2879 2848 cum
2924 2794 3172 2850 venerint
3211 2795 3278 2849 ad
3315 2810 3494 2852 annos
3517 2797 3698 2852 adole-

2118 2883 2357 2948 scentiae,
2391 2882 2546 2937 detur
2571 2883 2654 2939 eis
2691 2885 2838 2953 optio
2873 2884 3040 2940 libera
3067 2895 3251 2941 utrum
3287 2888 3456 2956 velint
3496 2904 3699 2944 vovere

2117 2969 2452 3040 propositum
2508 2987 2577 3026 an
2633 2973 2780 3028 inter
2830 2974 2998 3032 laicos
3049 2990 3188 3032 esse.
3239 2977 3342 3045 Qui
3397 2978 3698 3044 voluerint,

2119 3075 2316 3117 uxores
2344 3061 2572 3129 ducant;
2610 3065 2702 3135 qui
2739 3073 2918 3121 autem
2961 3067 3297 3137 propositum
3330 3068 3383 3122 in
3413 3083 3513 3124 sua
3545 3081 3700 3140 pote-

2117 3160 2260 3207 state
2286 3151 2458 3208 relicti
2485 3155 2754 3223 voverint,
2787 3172 2891 3212 non
2917 3156 3052 3212 ultra
3079 3159 3160 3215 eis
3186 3159 3254 3213 ad
3279 3158 3536 3215 sarculum
3570 3161 3698 3216 licet

2118 3241 2411 3310 respicere.
2447 3241 2581 3297 Nam
2609 3244 2898 3299 concilium
2931 3230 3315 3314 'Bituriccnse,
3357 3249 3503 3305 sicut
3540 3251 3699 3304 audio

2116 3331 2608 3402 vimus,judicavit
2634 3345 2691 3391 ut
2725 3337 2818 3406 qui
2854 3337 3232 3395 clericaturam
3258 3354 3413 3398 Suam
3445 3341 3696 3410 dimittit,

2116 3422 2184 3478 ab
2206 3423 2326 3479 aliis
2351 3423 2562 3480 clericis
2591 3436 2890 3496 separetur.
2939 3446 2959 3482 ι

2186 3515 2317 3569 Item
2347 3515 2415 3570 de
2457 3515 2747 3573 abbatibus
2787 3519 3109 3588 quibusdam
3142 3521 3420 3592 proposita
3460 3523 3698 3592 quaestio

2114 3614 2218 3672 cst,
2241 3606 2334 3676 qui
2365 3606 2660 3676 majoribus
2685 3607 2840 3664 festis
2868 3609 3200 3680 capellanum
3223 3621 3276 3667 et
3297 3611 3484 3682 plures
3509 3612 3698 3670 diaco-

2114 3712 2214 3752 nos
2234 3697 2303 3752 ad
2331 3696 2710 3755 celebrandam
2737 3699 2980 3766 missam,
3011 3701 3151 3756 sicut
3168 3701 3430 3772 episcOpi,
3457 3703 3696 3769 habent;

2114 3795 2168 3840 ct
2196 3785 2439 3842 consulte
2467 3796 2757 3843 tractatum
2787 3800 2870 3845 est
2895 3791 3000 3846 hoc
3028 3805 3134 3846 non
3174 3805 3272 3862 pro
3302 3795 3695 3864 usurpatione,

2114 3879 2209 3933 sed
2235 3878 2442 3934 honore
2471 3880 2830 3937 solemnitatis
2853 3881 3002 3950 fieri;
3030 3897 3130 3939 nec
3164 3884 3337 3940 solum
3363 3885 3658 3941 abbatibus
3676 3927 3696 3953 ,

2113 3969 2211 4025 sed
2239 3971 2405 4026 etiam
2434 3971 2556 4028 aliis
2593 3976 2970 4032 sacerdotibus
3017 3977 3159 4048 apud
3193 3977 3376 4048 plures
3404 3978 3696 4047 ecclesias,

2115 4062 2205 4118 ubi
2237 4064 2416 4132 magni
2455 4066 2666 4121 numeri
2703 4067 3150 4139 congregationes
3178 4068 3571 4126 monachorum
3599 4082 3702 4127 aut

2112 4155 2498 4210 cauonicorum
2527 4165 2675 4223 sunt,
2704 4167 2926 4227 propter
2946 4158 3305 4215 solemnitatis
3328 4162 3697 4218 reverentiam

2113 4247 2358 4301 exhiberi
2388 4246 2593 4302 licitum
2622 4251 2857 4306 videtur.
2887 4250 3003 4305 Non
3036 4260 3215 4307 tamen
3246 4251 3368 4320 plus
3390 4267 3555 4322 quam
3581 4262 3698 4309 tres

2112 4335 2323 4392 diaconi
2349 4337 2636 4393 abbatibus
2661 4339 2746 4395 vel
2773 4339 2994 4410 reliquis
3017 4339 3387 4397 sacerdotibus
3409 4342 3468 4397 in
3494 4342 3695 4398 solem-

2113 4427 2369 4482 nitatibus
2417 4427 2761 4484 adhibentur.
2817 4430 3099 4501 Episcopis
3153 4442 3334 4487 autem
3398 4431 3693 4502 aliquando

2115 4529 2259 4588 tres,
2297 4520 2591 4591 aliquoties
2621 4522 2892 4592 quinque,
2924 4537 3308 4594 nonnunquam
3334 4531 3544 4594 septem
3575 4524 3692 4579 dia-

2110 4614 2232 4669 coni
2261 4630 2360 4684 pro
2397 4615 2801 4684 opportunitate
2827 4614 3175 4670 fcstivitatum
3201 4625 3254 4670 et
3280 4614 3349 4668 ad
3372 4629 3565 4670 omnes
3593 4631 3690 4686 pu-

2111 4707 2280 4762 blicas
2312 4705 2508 4762 missas
2537 4714 2736 4777 prtesto
2765 4706 2894 4768 sint.
2923 4705 3057 4760 Nam
3090 4706 3147 4762 in
3175 4707 3516 4762 monasterio
3539 4705 3690 4760 Beati

2087 4797 2408 4864 'Martialis,
2438 4806 2626 4852 notum
2657 4807 2739 4853 est
2765 4813 2981 4869 semper
3010 4799 3292 4868 antiquum
3335 4812 3549 4853 morem
3576 4812 3689 4852 ser-

2111 4900 2292 4947 vatum
2315 4891 2582 4960 hodieque
2605 4889 2832 4955 servari,
2863 4900 2918 4945 et
2947 4904 3219 4958 nunquam
3241 4888 3442 4944 debere
3463 4897 3688 4959 przeter-

2591 4981 2628 4992 ἢ
