  <div class='ocr_page' id='page_1' title='image "/cluster/home/n/w/nwhite01/storage/ocr_20150623/142/hvd.32044015471808/704.png"; bbox 0 0 4044 5290; ppageno 0'>
   <div class='ocr_carea' id='block_1_1' title="bbox 283 311 439 372">
    <p class='ocr_par' dir='ltr' id='par_1_1' title="bbox 283 311 439 372">
     <span class='ocr_line' id='line_1_1' title="bbox 283 311 439 372; baseline -0.013 0"><span class='ocrx_word' id='word_1_1' title='bbox 283 311 439 372; x_wconf 71' lang='lat' dir='ltr'><strong>i597</strong></span> 
     </span>
    </p>
   </div>
   <div class='ocr_carea' id='block_1_2' title="bbox 1358 304 2511 365">
    <p class='ocr_par' dir='ltr' id='par_1_2' title="bbox 1358 304 2511 365">
     <span class='ocr_line' id='line_1_2' title="bbox 1358 304 2511 365; baseline -0.001 0"><span class='ocrx_word' id='word_1_2' title='bbox 1358 305 1536 365; x_wconf 83' lang='lat' dir='ltr'><strong>ACTA</strong></span> <span class='ocrx_word' id='word_1_3' title='bbox 1579 304 1870 365; x_wconf 77' lang='lat' dir='ltr'><strong>CONCIIJI</strong></span> <span class='ocrx_word' id='word_1_4' title='bbox 1910 306 2406 365; x_wconf 76' lang='lat' dir='ltr'><strong>LEMOVICENSIS</strong></span> <span class='ocrx_word' id='word_1_5' title='bbox 2448 308 2511 365; x_wconf 88' lang='lat' dir='ltr'><strong>ll.</strong></span> 
     </span>
    </p>
   </div>
   <div class='ocr_carea' id='block_1_3' title="bbox 3436 306 3577 366">
    <p class='ocr_par' dir='ltr' id='par_1_3' title="bbox 3436 306 3577 366">
     <span class='ocr_line' id='line_1_3' title="bbox 3436 306 3577 366; baseline 0.007 -1"><span class='ocrx_word' id='word_1_6' title='bbox 3436 306 3577 366; x_wconf 68' lang='lat'><strong>1598</strong></span> 
     </span>
    </p>
   </div>
   <div class='ocr_carea' id='block_1_4' title="bbox 286 417 3581 493">
    <p class='ocr_par' dir='ltr' id='par_1_4' title="bbox 286 417 3581 493">
     <span class='ocr_line' id='line_1_4' title="bbox 286 417 3581 493; baseline -0.003 -9"><span class='ocrx_word' id='word_1_7' title='bbox 286 430 350 484; x_wconf 77' lang='lat' dir='ltr'><strong>in</strong></span> <span class='ocrx_word' id='word_1_8' title='bbox 401 425 592 483; x_wconf 87' lang='lat' dir='ltr'><strong>laicali</strong></span> <span class='ocrx_word' id='word_1_9' title='bbox 638 425 834 482; x_wconf 83' lang='lat' dir='ltr'><strong>ordino</strong></span> <span class='ocrx_word' id='word_1_10' title='bbox 881 422 1239 481; x_wconf 85' lang='lat' dir='ltr'><strong>homicidium</strong></span> <span class='ocrx_word' id='word_1_11' title='bbox 1288 421 1561 491; x_wconf 81' lang='lat' dir='ltr'><strong>iecerant,</strong></span> <span class='ocrx_word' id='word_1_12' title='bbox 1605 429 1660 477; x_wconf 91' lang='lat' dir='ltr'><strong>et</strong></span> <span class='ocrx_word' id='word_1_13' title='bbox 1702 427 1889 493; x_wconf 84' lang='lat' dir='ltr'><strong>postea</strong></span> <span class='ocrx_word' id='word_1_14' title='bbox 1923 425 1966 483; x_wconf 72' lang='grc' dir='ltr'>Α</span> <span class='ocrx_word' id='word_1_15' title='bbox 2002 439 2020 472; x_wconf 77' lang='grc' dir='ltr'><strong>ι</strong></span> <span class='ocrx_word' id='word_1_16' title='bbox 2066 418 2210 475; x_wconf 89' lang='lat' dir='ltr'><strong>aliud</strong></span> <span class='ocrx_word' id='word_1_17' title='bbox 2246 435 2408 489; x_wconf 88' lang='lat' dir='ltr'><strong>quam</strong></span> <span class='ocrx_word' id='word_1_18' title='bbox 2445 420 2652 475; x_wconf 91' lang='lat' dir='ltr'><strong>luctum</strong></span> <span class='ocrx_word' id='word_1_19' title='bbox 2680 427 2825 492; x_wconf 85' lang='lat' dir='ltr'><strong>agat,</strong></span> <span class='ocrx_word' id='word_1_20' title='bbox 2861 419 2906 475; x_wconf 87' lang='lat' dir='ltr'><strong>sl</strong></span> <span class='ocrx_word' id='word_1_21' title='bbox 2940 417 3079 475; x_wconf 88' lang='lat' dir='ltr'><strong>forte</strong></span> <span class='ocrx_word' id='word_1_22' title='bbox 3123 417 3233 475; x_wconf 91' lang='lat' dir='ltr'><strong>illic</strong></span> <span class='ocrx_word' id='word_1_23' title='bbox 3267 418 3581 492; x_wconf 84' lang='lat' dir='ltr'><strong>misericor-.</strong></span> 
     </span>
    </p>
   </div>
   <div class='ocr_carea' id='block_1_5' title="bbox 289 515 1888 589">
    <p class='ocr_par' dir='ltr' id='par_1_5' title="bbox 289 515 1888 589">
     <span class='ocr_line' id='line_1_5' title="bbox 289 515 1888 589; baseline -0.004 -13"><span class='ocrx_word' id='word_1_24' title='bbox 289 520 562 576; x_wconf 82' lang='lat' dir='ltr'><strong>monachi</strong></span> <span class='ocrx_word' id='word_1_25' title='bbox 581 518 738 587; x_wconf 77' lang='lat' dir='ltr'><strong>facti,</strong></span> <span class='ocrx_word' id='word_1_26' title='bbox 764 519 989 589; x_wconf 82' lang='lat' dir='ltr'><strong>gradum</strong></span> <span class='ocrx_word' id='word_1_27' title='bbox 1019 517 1253 574; x_wconf 86' lang='lat' dir='ltr'><strong>diaconii</strong></span> <span class='ocrx_word' id='word_1_28' title='bbox 1276 525 1642 589; x_wconf 82' lang='lat' dir='ltr'><strong>susceperant.</strong></span> <span class='ocrx_word' id='word_1_29' title='bbox 1676 515 1888 570; x_wconf 85' lang='lat' dir='ltr'><strong>Dictum</strong></span> 
     </span>
    </p>
   </div>
   <div class='ocr_carea' id='block_1_6' title="bbox 284 610 1893 680">
    <p class='ocr_par' dir='ltr' id='par_1_6' title="bbox 284 610 1893 680">
     <span class='ocr_line' id='line_1_6' title="bbox 284 610 1893 680; baseline -0.001 -13"><span class='ocrx_word' id='word_1_30' title='bbox 284 614 362 669; x_wconf 84' lang='lat' dir='ltr'><strong>de</strong></span> <span class='ocrx_word' id='word_1_31' title='bbox 394 614 488 668; x_wconf 88' lang='lat' dir='ltr'><strong>his</strong></span> <span class='ocrx_word' id='word_1_32' title='bbox 512 614 566 669; x_wconf 89' lang='lat' dir='ltr'><strong>in</strong></span> <span class='ocrx_word' id='word_1_33' title='bbox 587 612 817 669; x_wconf 91' lang='lat' dir='ltr'><strong>concilio</strong></span> <span class='ocrx_word' id='word_1_34' title='bbox 839 622 951 669; x_wconf 89' lang='lat' dir='ltr'><strong>est:</strong></span> <span class='ocrx_word' id='word_1_35' title='bbox 978 631 997 663; x_wconf 79' lang='grc' dir='ltr'><strong>ι</strong></span> <span class='ocrx_word' id='word_1_36' title='bbox 1024 611 1176 666; x_wconf 81' lang='lat' dir='ltr'><strong>Nulla</strong></span> <span class='ocrx_word' id='word_1_37' title='bbox 1201 612 1288 667; x_wconf 89' lang='lat' dir='ltr'><strong>his</strong></span> <span class='ocrx_word' id='word_1_38' title='bbox 1315 610 1684 666; x_wconf 83' lang='lat' dir='ltr'><strong>misericordia</strong></span> <span class='ocrx_word' id='word_1_39' title='bbox 1714 618 1893 680; x_wconf 87' lang='lat' dir='ltr'><strong>potest</strong></span> 
     </span>
    </p>
   </div>
   <div class='ocr_carea' id='block_1_7' title="bbox 288 704 1889 778">
    <p class='ocr_par' dir='ltr' id='par_1_7' title="bbox 288 704 1889 778">
     <span class='ocr_line' id='line_1_7' title="bbox 288 704 1889 778; baseline 0 -19"><span class='ocrx_word' id='word_1_40' title='bbox 288 707 500 772; x_wconf 90' lang='lat' dir='ltr'><strong>tribui,</strong></span> <span class='ocrx_word' id='word_1_41' title='bbox 530 706 661 778; x_wconf 89' lang='lat' dir='ltr'><strong>quin</strong></span> <span class='ocrx_word' id='word_1_42' title='bbox 683 720 873 761; x_wconf 87' lang='lat' dir='ltr'><strong>omnes</strong></span> <span class='ocrx_word' id='word_1_43' title='bbox 897 705 1253 775; x_wconf 89' lang='lat' dir='ltr'><strong>deponantur.</strong></span> <span class='ocrx_word' id='word_1_44' title='bbox 1301 704 1358 761; x_wconf 91' lang='lat' dir='ltr'><strong>Si</strong></span> <span class='ocrx_word' id='word_1_45' title='bbox 1382 705 1528 761; x_wconf 89' lang='lat' dir='ltr'><strong>enim</strong></span> <span class='ocrx_word' id='word_1_46' title='bbox 1559 720 1694 775; x_wconf 90' lang='lat' dir='ltr'><strong>quos</strong></span> <span class='ocrx_word' id='word_1_47' title='bbox 1716 705 1889 759; x_wconf 89' lang='lat' dir='ltr'><strong>sancti</strong></span> 
     </span>
    </p>
   </div>
   <div class='ocr_carea' id='block_1_8' title="bbox 286 794 1889 863">
    <p class='ocr_par' dir='ltr' id='par_1_8' title="bbox 286 794 1889 863">
     <span class='ocr_line' id='line_1_8' title="bbox 286 794 1889 863; baseline -0.001 -13"><span class='ocrx_word' id='word_1_48' title='bbox 286 794 501 852; x_wconf 80' lang='lat' dir='ltr'><strong>Patres</strong></span> <span class='ocrx_word' id='word_1_49' title='bbox 528 797 808 863; x_wconf 88' lang='lat' dir='ltr'><strong>damnant,</strong></span> <span class='ocrx_word' id='word_1_50' title='bbox 838 794 1200 860; x_wconf 82' lang='lat' dir='ltr'><strong>absolvimus,</strong></span> <span class='ocrx_word' id='word_1_51' title='bbox 1229 795 1419 850; x_wconf 79' lang='lat' dir='ltr'><strong>falsam</strong></span> <span class='ocrx_word' id='word_1_52' title='bbox 1466 797 1544 851; x_wconf 89' lang='lat' dir='ltr'><strong>eis</strong></span> <span class='ocrx_word' id='word_1_53' title='bbox 1581 794 1889 850; x_wconf 87' lang='lat' dir='ltr'><strong>misericor-</strong></span> 
     </span>
    </p>
   </div>
   <div class='ocr_carea' id='block_1_9' title="bbox 286 885 1561 958">
    <p class='ocr_par' dir='ltr' id='par_1_9' title="bbox 286 885 1561 958">
     <span class='ocr_line' id='line_1_9' title="bbox 286 885 1561 958; baseline -0.002 -15"><span class='ocrx_word' id='word_1_54' title='bbox 286 885 449 943; x_wconf 81' lang='lat' dir='ltr'><strong>diam</strong></span> <span class='ocrx_word' id='word_1_55' title='bbox 478 896 537 943; x_wconf 91' lang='lat' dir='ltr'><strong>et</strong></span> <span class='ocrx_word' id='word_1_56' title='bbox 557 894 817 943; x_wconf 70' lang='lat' dir='ltr'><strong>aeternam</strong></span> <span class='ocrx_word' id='word_1_57' title='bbox 846 897 1079 942; x_wconf 89' lang='lat' dir='ltr'><strong>mortem</strong></span> <span class='ocrx_word' id='word_1_58' title='bbox 1112 887 1492 958; x_wconf 87' lang='lat' dir='ltr'><strong>impendimus.</strong></span> <span class='ocrx_word' id='word_1_59' title='bbox 1542 906 1561 940; x_wconf 73' lang='grc' dir='ltr'><strong>ι</strong></span> 
     </span>
    </p>
   </div>
   <div class='ocr_carea' id='block_1_10' title="bbox 366 979 1890 1052">
    <p class='ocr_par' dir='ltr' id='par_1_10' title="bbox 366 979 1890 1052">
     <span class='ocr_line' id='line_1_10' title="bbox 366 979 1890 1052; baseline 0.001 -16"><span class='ocrx_word' id='word_1_60' title='bbox 366 979 537 1036; x_wconf 82' lang='lat' dir='ltr'><strong>Tune</strong></span> <span class='ocrx_word' id='word_1_61' title='bbox 564 980 812 1037; x_wconf 87' lang='lat' dir='ltr'><strong>Canones</strong></span> <span class='ocrx_word' id='word_1_62' title='bbox 835 980 1203 1051; x_wconf 87' lang='lat' dir='ltr'><strong>apostolorum</strong></span> <span class='ocrx_word' id='word_1_63' title='bbox 1227 981 1422 1052; x_wconf 87' lang='lat' dir='ltr'><strong>prolati</strong></span> <span class='ocrx_word' id='word_1_64' title='bbox 1453 991 1600 1050; x_wconf 88' lang='lat' dir='ltr'><strong>sunt,</strong></span> <span class='ocrx_word' id='word_1_65' title='bbox 1625 982 1718 1038; x_wconf 90' lang='lat' dir='ltr'><strong>ubi</strong></span> <span class='ocrx_word' id='word_1_66' title='bbox 1746 983 1890 1052; x_wconf 86' lang='lat' dir='ltr'><strong>capi-</strong></span> 
     </span>
    </p>
   </div>
   <div class='ocr_carea' id='block_1_11' title="bbox 286 1071 1891 1148">
    <p class='ocr_par' dir='ltr' id='par_1_11' title="bbox 286 1071 1891 1148">
     <span class='ocr_line' id='line_1_11' title="bbox 286 1071 1891 1148; baseline 0 -18"><span class='ocrx_word' id='word_1_67' title='bbox 286 1072 415 1130; x_wconf 81' lang='lat' dir='ltr'><strong>tulo</strong></span> <span class='ocrx_word' id='word_1_68' title='bbox 442 1073 520 1128; x_wconf 78' lang='lat'><strong>30</strong></span> <span class='ocrx_word' id='word_1_69' title='bbox 546 1073 747 1142; x_wconf 77' lang='lat' dir='ltr'><strong>legitur</strong></span> <span class='ocrx_word' id='word_1_70' title='bbox 773 1090 788 1128; x_wconf 89' lang='lat'><strong>:</strong></span> <span class='ocrx_word' id='word_1_71' title='bbox 839 1091 860 1125; x_wconf 72' lang='grc' dir='ltr'><strong>ι</strong></span> <span class='ocrx_word' id='word_1_72' title='bbox 901 1071 958 1128; x_wconf 92' lang='lat' dir='ltr'><strong>Si</strong></span> <span class='ocrx_word' id='word_1_73' title='bbox 987 1074 1108 1144; x_wconf 87' lang='lat' dir='ltr'><strong>quis</strong></span> <span class='ocrx_word' id='word_1_74' title='bbox 1136 1076 1442 1145; x_wconf 88' lang='lat' dir='ltr'><strong>cpiscopus,</strong></span> <span class='ocrx_word' id='word_1_75' title='bbox 1471 1074 1760 1148; x_wconf 72' lang='lat' dir='ltr'><strong>presbyter</strong></span> <span class='ocrx_word' id='word_1_76' title='bbox 1798 1084 1891 1131; x_wconf 90' lang='lat' dir='ltr'><strong>aut</strong></span> 
     </span>
    </p>
   </div>
   <div class='ocr_carea' id='block_1_12' title="bbox 283 1164 1889 1237">
    <p class='ocr_par' dir='ltr' id='par_1_12' title="bbox 283 1164 1889 1237">
     <span class='ocr_line' id='line_1_12' title="bbox 283 1164 1889 1237; baseline -0.001 -17"><span class='ocrx_word' id='word_1_77' title='bbox 283 1164 593 1232; x_wconf 82' lang='lat' dir='ltr'><strong>diaconus,</strong></span> <span class='ocrx_word' id='word_1_78' title='bbox 629 1180 728 1236; x_wconf 88' lang='lat' dir='ltr'><strong>per</strong></span> <span class='ocrx_word' id='word_1_79' title='bbox 750 1164 1016 1234; x_wconf 84' lang='lat' dir='ltr'><strong>pecunias</strong></span> <span class='ocrx_word' id='word_1_80' title='bbox 1046 1166 1185 1221; x_wconf 87' lang='lat' dir='ltr'><strong>hanc</strong></span> <span class='ocrx_word' id='word_1_81' title='bbox 1213 1165 1506 1221; x_wconf 86' lang='lat' dir='ltr'><strong>obtinuerit</strong></span> <span class='ocrx_word' id='word_1_82' title='bbox 1540 1166 1889 1237; x_wconf 81' lang='lat' dir='ltr'><strong>dignitatem,</strong></span> 
     </span>
    </p>
   </div>
   <div class='ocr_carea' id='block_1_13' title="bbox 283 1254 1890 1325">
    <p class='ocr_par' dir='ltr' id='par_1_13' title="bbox 283 1254 1890 1325">
     <span class='ocr_line' id='line_1_13' title="bbox 283 1254 1890 1325; baseline 0 -15"><span class='ocrx_word' id='word_1_83' title='bbox 283 1254 598 1325; x_wconf 80' lang='lat' dir='ltr'><strong>dejiciatur</strong></span> <span class='ocrx_word' id='word_1_84' title='bbox 644 1262 702 1311; x_wconf 89' lang='lat' dir='ltr'><strong>et</strong></span> <span class='ocrx_word' id='word_1_85' title='bbox 751 1254 870 1325; x_wconf 90' lang='lat' dir='ltr'><strong>ipse</strong></span> <span class='ocrx_word' id='word_1_86' title='bbox 913 1262 969 1311; x_wconf 87' lang='lat' dir='ltr'><strong>et</strong></span> <span class='ocrx_word' id='word_1_87' title='bbox 994 1256 1276 1310; x_wconf 84' lang='lat' dir='ltr'><strong>ordinatur</strong></span> <span class='ocrx_word' id='word_1_88' title='bbox 1305 1254 1451 1323; x_wconf 87' lang='lat' dir='ltr'><strong>ejus.</strong></span> <span class='ocrx_word' id='word_1_89' title='bbox 1481 1264 1536 1310; x_wconf 92' lang='lat' dir='ltr'><strong>et</strong></span> <span class='ocrx_word' id='word_1_90' title='bbox 1562 1272 1598 1311; x_wconf 90' lang='lat' dir='ltr'><strong>a</strong></span> <span class='ocrx_word' id='word_1_91' title='bbox 1642 1271 1890 1311; x_wconf 86' lang='lat' dir='ltr'><strong>commu-</strong></span> 
     </span>
    </p>
   </div>
   <div class='ocr_carea' id='block_1_14' title="bbox 284 1342 1891 1416">
    <p class='ocr_par' dir='ltr' id='par_1_14' title="bbox 284 1342 1891 1416">
     <span class='ocr_line' id='line_1_14' title="bbox 284 1342 1891 1416; baseline 0.002 -18"><span class='ocrx_word' id='word_1_92' title='bbox 284 1344 467 1400; x_wconf 81' lang='lat' dir='ltr'><strong>nione</strong></span> <span class='ocrx_word' id='word_1_93' title='bbox 500 1343 677 1400; x_wconf 79' lang='lat' dir='ltr'><strong>modis</strong></span> <span class='ocrx_word' id='word_1_94' title='bbox 702 1342 954 1400; x_wconf 86' lang='lat' dir='ltr'><strong>omnibus</strong></span> <span class='ocrx_word' id='word_1_95' title='bbox 983 1344 1362 1410; x_wconf 78' lang='lat' dir='ltr'><strong>abscindatur,</strong></span> <span class='ocrx_word' id='word_1_96' title='bbox 1393 1346 1537 1401; x_wconf 87' lang='lat' dir='ltr'><strong>sicut</strong></span> <span class='ocrx_word' id='word_1_97' title='bbox 1572 1361 1671 1416; x_wconf 81' lang='lat' dir='ltr'><strong>ego</strong></span> <span class='ocrx_word' id='word_1_98' title='bbox 1699 1345 1891 1402; x_wconf 87' lang='lat' dir='ltr'><strong>Petrus</strong></span> 
     </span>
    </p>
   </div>
   <div class='ocr_carea' id='block_1_15' title="bbox 283 1432 1891 1506">
    <p class='ocr_par' dir='ltr' id='par_1_15' title="bbox 283 1432 1891 1506">
     <span class='ocr_line' id='line_1_15' title="bbox 283 1432 1891 1506; baseline 0.002 -17"><span class='ocrx_word' id='word_1_99' title='bbox 283 1433 592 1490; x_wconf 83' lang='lat' dir='ltr'><strong>Simonem</strong></span> <span class='ocrx_word' id='word_1_100' title='bbox 625 1432 839 1505; x_wconf 76' lang='lat' dir='ltr'><strong>Magum</strong></span> <span class='ocrx_word' id='word_1_101' title='bbox 877 1434 1070 1504; x_wconf 84' lang='lat' dir='ltr'><strong>dejeei.</strong></span> <span class='ocrx_word' id='word_1_102' title='bbox 1110 1433 1294 1490; x_wconf 76' lang='lat' dir='ltr'><strong>rltem</strong></span> <span class='ocrx_word' id='word_1_103' title='bbox 1344 1435 1584 1506; x_wconf 86' lang='lat' dir='ltr'><strong>capitulo</strong></span> <span class='ocrx_word' id='word_1_104' title='bbox 1619 1436 1682 1491; x_wconf 76' lang='lat'><strong>51</strong></span> <span class='ocrx_word' id='word_1_105' title='bbox 1716 1453 1731 1489; x_wconf 87' lang='lat'><strong>:</strong></span> <span class='ocrx_word' id='word_1_106' title='bbox 1768 1454 1788 1487; x_wconf 73' lang='grc' dir='ltr'><strong>ι</strong></span> <span class='ocrx_word' id='word_1_107' title='bbox 1832 1437 1891 1492; x_wconf 88' lang='lat' dir='ltr'><strong>Si</strong></span> 
     </span>
    </p>
   </div>
   <div class='ocr_carea' id='block_1_16' title="bbox 282 1525 1891 1599">
    <p class='ocr_par' dir='ltr' id='par_1_16' title="bbox 282 1525 1891 1599">
     <span class='ocr_line' id='line_1_16' title="bbox 282 1525 1891 1599; baseline -0.001 -18"><span class='ocrx_word' id='word_1_108' title='bbox 282 1527 421 1599; x_wconf 81' lang='lat' dir='ltr'><strong>quis</strong></span> <span class='ocrx_word' id='word_1_109' title='bbox 470 1528 785 1598; x_wconf 83' lang='lat' dir='ltr'><strong>cpiscopus,</strong></span> <span class='ocrx_word' id='word_1_110' title='bbox 815 1525 1164 1581; x_wconf 79' lang='lat' dir='ltr'><strong>saecularibus</strong></span> <span class='ocrx_word' id='word_1_111' title='bbox 1207 1526 1573 1595; x_wconf 85' lang='lat' dir='ltr'><strong>potestatibus</strong></span> <span class='ocrx_word' id='word_1_112' title='bbox 1599 1541 1747 1593; x_wconf 90' lang='lat' dir='ltr'><strong>usus,</strong></span> <span class='ocrx_word' id='word_1_113' title='bbox 1776 1527 1891 1596; x_wconf 85' lang='lat' dir='ltr'><strong>epi-</strong></span> 
     </span>
    </p>
   </div>
   <div class='ocr_carea' id='block_1_17' title="bbox 282 1617 1891 1691">
    <p class='ocr_par' dir='ltr' id='par_1_17' title="bbox 282 1617 1891 1691">
     <span class='ocr_line' id='line_1_17' title="bbox 282 1617 1891 1691; baseline -0.001 -15"><span class='ocrx_word' id='word_1_114' title='bbox 282 1628 587 1691; x_wconf 82' lang='lat' dir='ltr'><strong>scopatum</strong></span> <span class='ocrx_word' id='word_1_115' title='bbox 628 1618 713 1675; x_wconf 86' lang='lat' dir='ltr'><strong>vel</strong></span> <span class='ocrx_word' id='word_1_116' title='bbox 753 1617 1042 1675; x_wconf 81' lang='lat' dir='ltr'><strong>ecclesiam</strong></span> <span class='ocrx_word' id='word_1_117' title='bbox 1084 1633 1183 1688; x_wconf 88' lang='lat' dir='ltr'><strong>per</strong></span> <span class='ocrx_word' id='word_1_118' title='bbox 1208 1617 1332 1672; x_wconf 90' lang='lat' dir='ltr'><strong>illos</strong></span> <span class='ocrx_word' id='word_1_119' title='bbox 1358 1617 1675 1685; x_wconf 90' lang='lat' dir='ltr'><strong>obtinuerit,</strong></span> <span class='ocrx_word' id='word_1_120' title='bbox 1719 1620 1891 1689; x_wconf 86' lang='lat' dir='ltr'><strong>depo-</strong></span> 
     </span>
    </p>
   </div>
   <div class='ocr_carea' id='block_1_18' title="bbox 286 1707 1882 1782">
    <p class='ocr_par' dir='ltr' id='par_1_18' title="bbox 286 1707 1882 1782">
     <span class='ocr_line' id='line_1_18' title="bbox 286 1707 1882 1782; baseline 0 -19"><span class='ocrx_word' id='word_1_121' title='bbox 286 1717 462 1763; x_wconf 87' lang='lat' dir='ltr'><strong>natur</strong></span> <span class='ocrx_word' id='word_1_122' title='bbox 488 1718 546 1765; x_wconf 88' lang='lat' dir='ltr'><strong>et</strong></span> <span class='ocrx_word' id='word_1_123' title='bbox 566 1717 900 1782; x_wconf 84' lang='lat' dir='ltr'><strong>segregetur,</strong></span> <span class='ocrx_word' id='word_1_124' title='bbox 919 1713 973 1767; x_wconf 91' lang='lat' dir='ltr'><strong>et</strong></span> <span class='ocrx_word' id='word_1_125' title='bbox 994 1725 1184 1766; x_wconf 89' lang='lat' dir='ltr'><strong>omnes</strong></span> <span class='ocrx_word' id='word_1_126' title='bbox 1205 1707 1293 1781; x_wconf 89' lang='lat' dir='ltr'><strong>qui</strong></span> <span class='ocrx_word' id='word_1_127' title='bbox 1320 1709 1395 1765; x_wconf 84' lang='lat' dir='ltr'><strong>illi</strong></span> <span class='ocrx_word' id='word_1_128' title='bbox 1423 1710 1840 1765; x_wconf 89' lang='lat' dir='ltr'><strong>communicant.</strong></span> <span class='ocrx_word' id='word_1_129' title='bbox 1863 1730 1882 1763; x_wconf 73' lang='grc' dir='ltr'><strong>ι</strong></span> 
     </span>
    </p>
   </div>
   <div class='ocr_carea' id='block_1_19' title="bbox 285 1800 1890 1873">
    <p class='ocr_par' dir='ltr' id='par_1_19' title="bbox 285 1800 1890 1873">
     <span class='ocr_line' id='line_1_19' title="bbox 285 1800 1890 1873; baseline 0.002 -18"><span class='ocrx_word' id='word_1_130' title='bbox 285 1800 430 1856; x_wconf 79' lang='lat' dir='ltr'><strong>Item</strong></span> <span class='ocrx_word' id='word_1_131' title='bbox 476 1800 719 1871; x_wconf 87' lang='lat' dir='ltr'><strong>capitulo</strong></span> <span class='ocrx_word' id='word_1_132' title='bbox 751 1801 815 1855; x_wconf 79' lang='grc'><strong>17</strong></span> <span class='ocrx_word' id='word_1_133' title='bbox 847 1818 860 1855; x_wconf 90' lang='lat'><strong>:</strong></span> <span class='ocrx_word' id='word_1_134' title='bbox 897 1821 915 1853; x_wconf 73' lang='grc' dir='ltr'><strong>ι</strong></span> <span class='ocrx_word' id='word_1_135' title='bbox 936 1800 992 1856; x_wconf 90' lang='lat' dir='ltr'><strong>Si</strong></span> <span class='ocrx_word' id='word_1_136' title='bbox 1037 1801 1158 1872; x_wconf 89' lang='lat' dir='ltr'><strong>quis</strong></span> <span class='ocrx_word' id='word_1_137' title='bbox 1189 1810 1311 1873; x_wconf 90' lang='lat' dir='ltr'><strong>post</strong></span> <span class='ocrx_word' id='word_1_138' title='bbox 1338 1800 1605 1872; x_wconf 88' lang='lat' dir='ltr'><strong>baptisma</strong></span> <span class='ocrx_word' id='word_1_139' title='bbox 1635 1800 1890 1858; x_wconf 84' lang='lat' dir='ltr'><strong>secundis</strong></span> 
     </span>
    </p>
   </div>
   <div class='ocr_carea' id='block_1_20' title="bbox 284 1890 1889 1963">
    <p class='ocr_par' dir='ltr' id='par_1_20' title="bbox 284 1890 1889 1963">
     <span class='ocr_line' id='line_1_20' title="bbox 284 1890 1889 1963; baseline -0.001 -14"><span class='ocrx_word' id='word_1_140' title='bbox 284 1890 509 1963; x_wconf 84' lang='lat' dir='ltr'><strong>nuptiis</strong></span> <span class='ocrx_word' id='word_1_141' title='bbox 551 1890 719 1947; x_wconf 86' lang='lat' dir='ltr'><strong>fuerit</strong></span> <span class='ocrx_word' id='word_1_142' title='bbox 748 1890 1055 1961; x_wconf 89' lang='lat' dir='ltr'><strong>copulatus,</strong></span> <span class='ocrx_word' id='word_1_143' title='bbox 1096 1898 1191 1944; x_wconf 88' lang='lat' dir='ltr'><strong>aut</strong></span> <span class='ocrx_word' id='word_1_144' title='bbox 1220 1891 1581 1947; x_wconf 86' lang='lat' dir='ltr'><strong>concubinam</strong></span> <span class='ocrx_word' id='word_1_145' title='bbox 1616 1892 1889 1961; x_wconf 84' lang='lat' dir='ltr'><strong>habuerit,</strong></span> 
     </span>
    </p>
   </div>
   <div class='ocr_carea' id='block_1_21' title="bbox 287 1984 1889 2055">
    <p class='ocr_par' dir='ltr' id='par_1_21' title="bbox 287 1984 1889 2055">
     <span class='ocr_line' id='line_1_21' title="bbox 287 1984 1889 2055; baseline 0.001 -15"><span class='ocrx_word' id='word_1_146' title='bbox 287 2000 403 2041; x_wconf 91' lang='lat' dir='ltr'><strong>non</strong></span> <span class='ocrx_word' id='word_1_147' title='bbox 433 1992 622 2055; x_wconf 88' lang='lat' dir='ltr'><strong>potest</strong></span> <span class='ocrx_word' id='word_1_148' title='bbox 656 1997 778 2039; x_wconf 88' lang='lat' dir='ltr'><strong>esse</strong></span> <span class='ocrx_word' id='word_1_149' title='bbox 804 1984 1113 2055; x_wconf 88' lang='lat' dir='ltr'><strong>episcopus,</strong></span> <span class='ocrx_word' id='word_1_150' title='bbox 1142 2000 1249 2041; x_wconf 91' lang='lat' dir='ltr'><strong>non</strong></span> <span class='ocrx_word' id='word_1_151' title='bbox 1294 1984 1580 2053; x_wconf 86' lang='lat' dir='ltr'><strong>diaconus,</strong></span> <span class='ocrx_word' id='word_1_152' title='bbox 1609 1994 1704 2041; x_wconf 90' lang='lat' dir='ltr'><strong>aut</strong></span> <span class='ocrx_word' id='word_1_153' title='bbox 1730 2000 1889 2055; x_wconf 89' lang='lat' dir='ltr'><strong>pror-</strong></span> 
     </span>
    </p>
   </div>
   <div class='ocr_carea' id='block_1_22' title="bbox 284 2074 1887 2145">
    <p class='ocr_par' dir='ltr' id='par_1_22' title="bbox 284 2074 1887 2145">
     <span class='ocr_line' id='line_1_22' title="bbox 284 2074 1887 2145; baseline -0.001 -13"><span class='ocrx_word' id='word_1_154' title='bbox 284 2091 390 2132; x_wconf 81' lang='lat' dir='ltr'><strong>sus</strong></span> <span class='ocrx_word' id='word_1_155' title='bbox 419 2090 499 2132; x_wconf 84' lang='lat' dir='ltr'><strong>ex</strong></span> <span class='ocrx_word' id='word_1_156' title='bbox 540 2088 769 2130; x_wconf 86' lang='lat' dir='ltr'><strong>numero</strong></span> <span class='ocrx_word' id='word_1_157' title='bbox 804 2088 991 2129; x_wconf 88' lang='lat' dir='ltr'><strong>eorum</strong></span> <span class='ocrx_word' id='word_1_158' title='bbox 1022 2075 1115 2145; x_wconf 88' lang='lat' dir='ltr'><strong>qui</strong></span> <span class='ocrx_word' id='word_1_159' title='bbox 1159 2074 1464 2130; x_wconf 89' lang='lat' dir='ltr'><strong>ministerio</strong></span> <span class='ocrx_word' id='word_1_160' title='bbox 1504 2090 1663 2131; x_wconf 90' lang='lat' dir='ltr'><strong>sacro</strong></span> <span class='ocrx_word' id='word_1_161' title='bbox 1702 2078 1887 2131; x_wconf 89' lang='lat' dir='ltr'><strong>descr-</strong></span> 
     </span>
    </p>
   </div>
   <div class='ocr_carea' id='block_1_23' title="bbox 284 2165 1892 2238">
    <p class='ocr_par' dir='ltr' id='par_1_23' title="bbox 284 2165 1892 2238">
     <span class='ocr_line' id='line_1_23' title="bbox 284 2165 1892 2238; baseline 0.001 -17"><span class='ocrx_word' id='word_1_162' title='bbox 284 2168 475 2222; x_wconf 71' lang='lat' dir='ltr'><strong>viunt.</strong></span> <span class='ocrx_word' id='word_1_163' title='bbox 516 2185 537 2220; x_wconf 69' lang='grc' dir='ltr'><em>υ</em></span> <span class='ocrx_word' id='word_1_164' title='bbox 567 2165 700 2223; x_wconf 88' lang='lat' dir='ltr'><strong>Item</strong></span> <span class='ocrx_word' id='word_1_165' title='bbox 732 2166 967 2238; x_wconf 88' lang='lat' dir='ltr'><strong>capitulo</strong></span> <span class='ocrx_word' id='word_1_166' title='bbox 994 2167 1059 2222; x_wconf 80' lang='grc'><strong>18</strong></span> <span class='ocrx_word' id='word_1_167' title='bbox 1089 2184 1103 2220; x_wconf 87' lang='lat'><strong>:</strong></span> <span class='ocrx_word' id='word_1_168' title='bbox 1142 2186 1160 2219; x_wconf 77' lang='grc' dir='ltr'><strong>ι</strong></span> <span class='ocrx_word' id='word_1_169' title='bbox 1198 2165 1254 2221; x_wconf 89' lang='lat' dir='ltr'><strong>Si</strong></span> <span class='ocrx_word' id='word_1_170' title='bbox 1283 2167 1405 2237; x_wconf 91' lang='lat' dir='ltr'><strong>quis</strong></span> <span class='ocrx_word' id='word_1_171' title='bbox 1427 2167 1643 2221; x_wconf 82' lang='lat' dir='ltr'><strong>viduam</strong></span> <span class='ocrx_word' id='word_1_172' title='bbox 1672 2166 1754 2222; x_wconf 86' lang='lat' dir='ltr'><strong>vel</strong></span> <span class='ocrx_word' id='word_1_173' title='bbox 1781 2166 1892 2236; x_wconf 87' lang='lat' dir='ltr'><strong>eje-</strong></span> 
     </span>
    </p>
   </div>
   <div class='ocr_carea' id='block_1_24' title="bbox 285 2257 1891 2329">
    <p class='ocr_par' dir='ltr' id='par_1_24' title="bbox 285 2257 1891 2329">
     <span class='ocr_line' id='line_1_24' title="bbox 285 2257 1891 2329; baseline 0.001 -15"><span class='ocrx_word' id='word_1_174' title='bbox 285 2267 446 2315; x_wconf 88' lang='lat' dir='ltr'><strong>ctam</strong></span> <span class='ocrx_word' id='word_1_175' title='bbox 496 2258 804 2329; x_wconf 89' lang='lat' dir='ltr'><strong>acceperit,</strong></span> <span class='ocrx_word' id='word_1_176' title='bbox 848 2267 943 2313; x_wconf 91' lang='lat' dir='ltr'><strong>aut</strong></span> <span class='ocrx_word' id='word_1_177' title='bbox 970 2257 1260 2324; x_wconf 88' lang='lat' dir='ltr'><strong>ancillam,</strong></span> <span class='ocrx_word' id='word_1_178' title='bbox 1307 2257 1391 2313; x_wconf 90' lang='lat' dir='ltr'><strong>vel</strong></span> <span class='ocrx_word' id='word_1_179' title='bbox 1435 2258 1673 2328; x_wconf 82' lang='lat' dir='ltr'><strong>aliquam</strong></span> <span class='ocrx_word' id='word_1_180' title='bbox 1710 2258 1891 2315; x_wconf 86' lang='lat' dir='ltr'><strong>dehis</strong></span> 
     </span>
    </p>
   </div>
   <div class='ocr_carea' id='block_1_25' title="bbox 286 2347 1893 2419">
    <p class='ocr_par' dir='ltr' id='par_1_25' title="bbox 286 2347 1893 2419">
     <span class='ocr_line' id='line_1_25' title="bbox 286 2347 1893 2419; baseline 0.001 -17"><span class='ocrx_word' id='word_1_181' title='bbox 286 2362 421 2419; x_wconf 66' lang='lat' dir='ltr'><strong>qua:</strong></span> <span class='ocrx_word' id='word_1_182' title='bbox 437 2347 674 2418; x_wconf 87' lang='lat' dir='ltr'><strong>publicis</strong></span> <span class='ocrx_word' id='word_1_183' title='bbox 695 2348 1072 2418; x_wconf 84' lang='lat' dir='ltr'><strong>mancipantur</strong></span> <span class='ocrx_word' id='word_1_184' title='bbox 1091 2348 1437 2419; x_wconf 85' lang='lat' dir='ltr'><strong>spectaculis,</strong></span> <span class='ocrx_word' id='word_1_185' title='bbox 1456 2362 1558 2402; x_wconf 84' lang='lat' dir='ltr'><strong>neu</strong></span> <span class='ocrx_word' id='word_1_186' title='bbox 1572 2359 1747 2418; x_wconf 86' lang='lat' dir='ltr'><strong>potest</strong></span> <span class='ocrx_word' id='word_1_187' title='bbox 1769 2363 1893 2404; x_wconf 88' lang='lat' dir='ltr'><strong>esse</strong></span> 
     </span>
    </p>
   </div>
   <div class='ocr_carea' id='block_1_26' title="bbox 287 2438 1889 2510">
    <p class='ocr_par' dir='ltr' id='par_1_26' title="bbox 287 2438 1889 2510">
     <span class='ocr_line' id='line_1_26' title="bbox 287 2438 1889 2510; baseline -0.001 -16"><span class='ocrx_word' id='word_1_188' title='bbox 287 2439 627 2510; x_wconf 87' lang='lat' dir='ltr'><strong>episcopus,</strong></span> <span class='ocrx_word' id='word_1_189' title='bbox 672 2452 781 2493; x_wconf 88' lang='lat' dir='ltr'><strong>non</strong></span> <span class='ocrx_word' id='word_1_190' title='bbox 830 2438 1151 2509; x_wconf 82' lang='lat' dir='ltr'><strong>presbyter,</strong></span> <span class='ocrx_word' id='word_1_191' title='bbox 1203 2452 1311 2493; x_wconf 91' lang='lat' dir='ltr'><strong>non</strong></span> <span class='ocrx_word' id='word_1_192' title='bbox 1354 2439 1643 2503; x_wconf 85' lang='lat' dir='ltr'><strong>diaconus,</strong></span> <span class='ocrx_word' id='word_1_193' title='bbox 1689 2450 1789 2493; x_wconf 86' lang='lat' dir='ltr'><strong>nec</strong></span> <span class='ocrx_word' id='word_1_194' title='bbox 1823 2453 1889 2492; x_wconf 80' lang='lat' dir='ltr'><strong>ex</strong></span> 
     </span>
    </p>
   </div>
   <div class='ocr_carea' id='block_1_27' title="bbox 290 2530 1917 2600">
    <p class='ocr_par' dir='ltr' id='par_1_27' title="bbox 290 2530 1917 2600">
     <span class='ocr_line' id='line_1_27' title="bbox 290 2530 1917 2600; baseline -0.001 -15"><span class='ocrx_word' id='word_1_195' title='bbox 290 2545 535 2585; x_wconf 87' lang='lat' dir='ltr'><strong>numero</strong></span> <span class='ocrx_word' id='word_1_196' title='bbox 563 2545 755 2586; x_wconf 89' lang='lat' dir='ltr'><strong>eorum</strong></span> <span class='ocrx_word' id='word_1_197' title='bbox 798 2530 889 2600; x_wconf 93' lang='lat' dir='ltr'><strong>qui</strong></span> <span class='ocrx_word' id='word_1_198' title='bbox 921 2532 990 2586; x_wconf 90' lang='lat' dir='ltr'><strong>ad</strong></span> <span class='ocrx_word' id='word_1_199' title='bbox 1030 2530 1202 2587; x_wconf 91' lang='lat' dir='ltr'><strong>altare</strong></span> <span class='ocrx_word' id='word_1_200' title='bbox 1227 2531 1560 2586; x_wconf 89' lang='lat' dir='ltr'><strong>deserviunt.</strong></span> <span class='ocrx_word' id='word_1_201' title='bbox 1596 2551 1614 2583; x_wconf 77' lang='grc' dir='ltr'><strong>ι</strong></span> <span class='ocrx_word' id='word_1_202' title='bbox 1640 2531 1771 2586; x_wconf 85' lang='lat' dir='ltr'><strong>item</strong></span> <span class='ocrx_word' id='word_1_203' title='bbox 1802 2546 1917 2585; x_wconf 79' lang='lat' dir='ltr'><strong>ca-~</strong></span> 
     </span>
    </p>
   </div>
   <div class='ocr_carea' id='block_1_28' title="bbox 293 2620 1892 2693">
    <p class='ocr_par' dir='ltr' id='par_1_28' title="bbox 293 2620 1892 2693">
     <span class='ocr_line' id='line_1_28' title="bbox 293 2620 1892 2693; baseline 0.001 -17"><span class='ocrx_word' id='word_1_204' title='bbox 293 2621 478 2693; x_wconf 87' lang='lat' dir='ltr'><strong>pitulo</strong></span> <span class='ocrx_word' id='word_1_205' title='bbox 495 2620 558 2676; x_wconf 77' lang='grc'>21</span> <span class='ocrx_word' id='word_1_206' title='bbox 582 2638 596 2675; x_wconf 89' lang='lat'><strong>:</strong></span> <span class='ocrx_word' id='word_1_207' title='bbox 619 2640 636 2674; x_wconf 72' lang='grc' dir='ltr'><strong>ε</strong></span> <span class='ocrx_word' id='word_1_208' title='bbox 664 2622 958 2678; x_wconf 84' lang='lat' dir='ltr'><strong>Eunuchus</strong></span> <span class='ocrx_word' id='word_1_209' title='bbox 984 2622 1027 2677; x_wconf 90' lang='lat' dir='ltr'><strong>si</strong></span> <span class='ocrx_word' id='word_1_210' title='bbox 1041 2638 1137 2692; x_wconf 90' lang='lat' dir='ltr'><strong>per</strong></span> <span class='ocrx_word' id='word_1_211' title='bbox 1161 2623 1384 2679; x_wconf 83' lang='lat' dir='ltr'><strong>insidias</strong></span> <span class='ocrx_word' id='word_1_212' title='bbox 1414 2623 1690 2678; x_wconf 90' lang='lat' dir='ltr'><strong>hominum</strong></span> <span class='ocrx_word' id='word_1_213' title='bbox 1718 2622 1892 2677; x_wconf 87' lang='lat' dir='ltr'><strong>factus</strong></span> 
     </span>
    </p>
   </div>
   <div class='ocr_carea' id='block_1_29' title="bbox 288 2712 1889 2784">
    <p class='ocr_par' dir='ltr' id='par_1_29' title="bbox 288 2712 1889 2784">
     <span class='ocr_line' id='line_1_29' title="bbox 288 2712 1889 2784; baseline -0.002 -15"><span class='ocrx_word' id='word_1_214' title='bbox 288 2722 405 2780; x_wconf 86' lang='lat' dir='ltr'><strong>est,</strong></span> <span class='ocrx_word' id='word_1_215' title='bbox 430 2712 520 2768; x_wconf 85' lang='lat' dir='ltr'><strong>vel</strong></span> <span class='ocrx_word' id='word_1_216' title='bbox 538 2713 583 2769; x_wconf 91' lang='lat' dir='ltr'><strong>si</strong></span> <span class='ocrx_word' id='word_1_217' title='bbox 610 2713 663 2768; x_wconf 90' lang='lat' dir='ltr'><strong>in</strong></span> <span class='ocrx_word' id='word_1_218' title='bbox 687 2714 1070 2784; x_wconf 88' lang='lat' dir='ltr'><strong>persecutione</strong></span> <span class='ocrx_word' id='word_1_219' title='bbox 1092 2724 1221 2768; x_wconf 90' lang='lat' dir='ltr'><strong>sunt</strong></span> <span class='ocrx_word' id='word_1_220' title='bbox 1242 2714 1359 2784; x_wconf 90' lang='lat' dir='ltr'><strong>ejus</strong></span> <span class='ocrx_word' id='word_1_221' title='bbox 1387 2724 1664 2783; x_wconf 90' lang='lat' dir='ltr'><strong>amputata</strong></span> <span class='ocrx_word' id='word_1_222' title='bbox 1696 2713 1889 2779; x_wconf 82' lang='lat' dir='ltr'><strong>virilia,</strong></span> 
     </span>
    </p>
   </div>
   <div class='ocr_carea' id='block_1_30' title="bbox 290 2804 1889 2877">
    <p class='ocr_par' dir='ltr' id='par_1_30' title="bbox 290 2804 1889 2877">
     <span class='ocr_line' id='line_1_30' title="bbox 290 2804 1889 2877; baseline 0 -15"><span class='ocrx_word' id='word_1_223' title='bbox 290 2804 386 2863; x_wconf 80' lang='lat' dir='ltr'><strong>vel</strong></span> <span class='ocrx_word' id='word_1_224' title='bbox 412 2804 463 2862; x_wconf 89' lang='lat' dir='ltr'><strong>si</strong></span> <span class='ocrx_word' id='word_1_225' title='bbox 491 2806 565 2861; x_wconf 83' lang='lat' dir='ltr'><strong>ita</strong></span> <span class='ocrx_word' id='word_1_226' title='bbox 593 2814 750 2861; x_wconf 86' lang='lat' dir='ltr'><strong>natus</strong></span> <span class='ocrx_word' id='word_1_227' title='bbox 775 2814 882 2870; x_wconf 89' lang='lat' dir='ltr'><strong>est,</strong></span> <span class='ocrx_word' id='word_1_228' title='bbox 927 2813 982 2860; x_wconf 90' lang='lat' dir='ltr'><strong>et</strong></span> <span class='ocrx_word' id='word_1_229' title='bbox 1009 2814 1094 2860; x_wconf 82' lang='lat' dir='ltr'><strong>est</strong></span> <span class='ocrx_word' id='word_1_230' title='bbox 1140 2807 1353 2877; x_wconf 89' lang='lat' dir='ltr'><strong>dignus,</strong></span> <span class='ocrx_word' id='word_1_231' title='bbox 1381 2806 1648 2861; x_wconf 84' lang='lat' dir='ltr'><strong>eﬂiciatur</strong></span> <span class='ocrx_word' id='word_1_232' title='bbox 1676 2808 1889 2876; x_wconf 83' lang='lat' dir='ltr'><strong>episco-</strong></span> 
     </span>
    </p>
   </div>
   <div class='ocr_carea' id='block_1_31' title="bbox 291 2894 1886 2967">
    <p class='ocr_par' dir='ltr' id='par_1_31' title="bbox 291 2894 1886 2967">
     <span class='ocr_line' id='line_1_31' title="bbox 291 2894 1886 2967; baseline 0.001 -18"><span class='ocrx_word' id='word_1_233' title='bbox 291 2910 422 2967; x_wconf 85' lang='lat' dir='ltr'><strong>pus.</strong></span> <span class='ocrx_word' id='word_1_234' title='bbox 460 2914 478 2949; x_wconf 80' lang='grc' dir='ltr'><strong>ι</strong></span> <span class='ocrx_word' id='word_1_235' title='bbox 523 2895 652 2951; x_wconf 89' lang='lat' dir='ltr'><strong>Item</strong></span> <span class='ocrx_word' id='word_1_236' title='bbox 688 2894 928 2965; x_wconf 88' lang='lat' dir='ltr'><strong>capitulo</strong></span> <span class='ocrx_word' id='word_1_237' title='bbox 955 2894 1026 2948; x_wconf 75' lang='lat'><strong>‘22</strong></span> <span class='ocrx_word' id='word_1_238' title='bbox 1056 2909 1071 2949; x_wconf 91' lang='lat'>:</span> <span class='ocrx_word' id='word_1_239' title='bbox 1110 2915 1129 2948; x_wconf 87' lang='grc'><strong>‹</strong></span> <span class='ocrx_word' id='word_1_240' title='bbox 1164 2897 1221 2951; x_wconf 93' lang='lat' dir='ltr'><strong>Si</strong></span> <span class='ocrx_word' id='word_1_241' title='bbox 1254 2898 1376 2967; x_wconf 88' lang='lat' dir='ltr'><strong>quis</strong></span> <span class='ocrx_word' id='word_1_242' title='bbox 1411 2898 1645 2952; x_wconf 87' lang='lat' dir='ltr'><strong>abscidit</strong></span> <span class='ocrx_word' id='word_1_243' title='bbox 1682 2908 1886 2953; x_wconf 85' lang='lat' dir='ltr'><strong>semct-</strong></span> 
     </span>
    </p>
   </div>
   <div class='ocr_carea' id='block_1_32' title="bbox 290 2986 1893 3058">
    <p class='ocr_par' dir='ltr' id='par_1_32' title="bbox 290 2986 1893 3058">
     <span class='ocr_line' id='line_1_32' title="bbox 290 2986 1893 3058; baseline 0.002 -17"><span class='ocrx_word' id='word_1_244' title='bbox 290 2986 582 3058; x_wconf 77' lang='lat' dir='ltr'><strong>ipsum,id</strong></span> <span class='ocrx_word' id='word_1_245' title='bbox 608 2994 692 3041; x_wconf 88' lang='lat' dir='ltr'><strong>est</strong></span> <span class='ocrx_word' id='word_1_246' title='bbox 719 2987 763 3041; x_wconf 88' lang='lat' dir='ltr'><strong>si</strong></span> <span class='ocrx_word' id='word_1_247' title='bbox 796 2987 917 3056; x_wconf 89' lang='lat' dir='ltr'><strong>quis</strong></span> <span class='ocrx_word' id='word_1_248' title='bbox 944 2988 1242 3056; x_wconf 85' lang='lat' dir='ltr'><strong>amputavit</strong></span> <span class='ocrx_word' id='word_1_249' title='bbox 1271 2989 1375 3043; x_wconf 88' lang='lat' dir='ltr'><strong>sibi</strong></span> <span class='ocrx_word' id='word_1_250' title='bbox 1420 2989 1630 3057; x_wconf 83' lang='lat' dir='ltr'><strong>virilia,</strong></span> <span class='ocrx_word' id='word_1_251' title='bbox 1666 3007 1769 3045; x_wconf 89' lang='lat' dir='ltr'><strong>non</strong></span> <span class='ocrx_word' id='word_1_252' title='bbox 1798 2990 1893 3044; x_wconf 83' lang='lat' dir='ltr'><strong>fiat</strong></span> 
     </span>
    </p>
   </div>
   <div class='ocr_carea' id='block_1_33' title="bbox 289 3073 1888 3147">
    <p class='ocr_par' dir='ltr' id='par_1_33' title="bbox 289 3073 1888 3147">
     <span class='ocr_line' id='line_1_33' title="bbox 289 3073 1888 3147; baseline 0.001 -16"><span class='ocrx_word' id='word_1_253' title='bbox 289 3075 557 3141; x_wconf 79' lang='lat' dir='ltr'><strong>clericus,</strong></span> <span class='ocrx_word' id='word_1_254' title='bbox 588 3075 715 3145; x_wconf 89' lang='lat' dir='ltr'><strong>quia</strong></span> <span class='ocrx_word' id='word_1_255' title='bbox 743 3091 875 3130; x_wconf 91' lang='lat' dir='ltr'><strong>suus</strong></span> <span class='ocrx_word' id='word_1_256' title='bbox 903 3073 1014 3147; x_wconf 80' lang='lat' dir='ltr'><strong>[sui</strong></span> <span class='ocrx_word' id='word_1_257' title='bbox 1040 3075 1233 3147; x_wconf 83' lang='lat' dir='ltr'><strong>ipsius]</strong></span> <span class='ocrx_word' id='word_1_258' title='bbox 1266 3076 1534 3131; x_wconf 88' lang='lat' dir='ltr'><strong>homicida</strong></span> <span class='ocrx_word' id='word_1_259' title='bbox 1579 3088 1684 3143; x_wconf 90' lang='lat' dir='ltr'><strong>est,</strong></span> <span class='ocrx_word' id='word_1_260' title='bbox 1716 3086 1772 3132; x_wconf 93' lang='lat' dir='ltr'><strong>ct</strong></span> <span class='ocrx_word' id='word_1_261' title='bbox 1797 3079 1888 3132; x_wconf 87' lang='lat' dir='ltr'><strong>Dei</strong></span> 
     </span>
    </p>
   </div>
   <div class='ocr_carea' id='block_1_34' title="bbox 290 3163 1892 3237">
    <p class='ocr_par' dir='ltr' id='par_1_34' title="bbox 290 3163 1892 3237">
     <span class='ocr_line' id='line_1_34' title="bbox 290 3163 1892 3237; baseline 0.003 -18"><span class='ocrx_word' id='word_1_262' title='bbox 290 3163 632 3219; x_wconf 87' lang='lat' dir='ltr'><strong>conditionis</strong></span> <span class='ocrx_word' id='word_1_263' title='bbox 661 3163 935 3220; x_wconf 90' lang='lat' dir='ltr'><strong>inimicus.</strong></span> <span class='ocrx_word' id='word_1_264' title='bbox 967 3183 986 3217; x_wconf 74' lang='grc' dir='ltr'><strong>ι</strong></span> <span class='ocrx_word' id='word_1_265' title='bbox 1016 3164 1154 3237; x_wconf 87' lang='lat' dir='ltr'><strong>(cap.</strong></span> <span class='ocrx_word' id='word_1_266' title='bbox 1182 3165 1297 3237; x_wconf 76' lang='lat'><strong>25.)</strong></span> <span class='ocrx_word' id='word_1_267' title='bbox 1331 3185 1349 3218; x_wconf 74' lang='grc' dir='ltr'><strong>ι</strong></span> <span class='ocrx_word' id='word_1_268' title='bbox 1385 3166 1441 3222; x_wconf 90' lang='lat' dir='ltr'><strong>Si</strong></span> <span class='ocrx_word' id='word_1_269' title='bbox 1465 3167 1613 3237; x_wconf 86' lang='lat' dir='ltr'><strong>quis,</strong></span> <span class='ocrx_word' id='word_1_270' title='bbox 1634 3184 1752 3222; x_wconf 77' lang='lat' dir='ltr'><strong>cum</strong></span> <span class='ocrx_word' id='word_1_271' title='bbox 1784 3168 1892 3224; x_wconf 89' lang='lat' dir='ltr'><strong>cle-</strong></span> 
     </span>
    </p>
   </div>
   <div class='ocr_carea' id='block_1_35' title="bbox 292 3254 1892 3328">
    <p class='ocr_par' dir='ltr' id='par_1_35' title="bbox 292 3254 1892 3328">
     <span class='ocr_line' id='line_1_35' title="bbox 292 3254 1892 3328; baseline 0.005 -20"><span class='ocrx_word' id='word_1_272' title='bbox 292 3254 452 3310; x_wconf 87' lang='lat' dir='ltr'><strong>ricus</strong></span> <span class='ocrx_word' id='word_1_273' title='bbox 480 3254 666 3322; x_wconf 89' lang='lat' dir='ltr'><strong>fuerit,</strong></span> <span class='ocrx_word' id='word_1_274' title='bbox 692 3256 986 3311; x_wconf 88' lang='lat' dir='ltr'><strong>absciderit</strong></span> <span class='ocrx_word' id='word_1_275' title='bbox 1012 3258 1394 3328; x_wconf 88' lang='lat' dir='ltr'><strong>semetipsum,</strong></span> <span class='ocrx_word' id='word_1_276' title='bbox 1418 3260 1641 3315; x_wconf 87' lang='lat' dir='ltr'><strong>omnino</strong></span> <span class='ocrx_word' id='word_1_277' title='bbox 1666 3260 1892 3316; x_wconf 85' lang='lat' dir='ltr'><strong>damne-</strong></span> 
     </span>
    </p>
   </div>
   <div class='ocr_carea' id='block_1_36' title="bbox 291 3346 1893 3422">
    <p class='ocr_par' dir='ltr' id='par_1_36' title="bbox 291 3346 1893 3422">
     <span class='ocr_line' id='line_1_36' title="bbox 291 3346 1893 3422; baseline 0.005 -22"><span class='ocrx_word' id='word_1_278' title='bbox 291 3354 415 3422; x_wconf 86' lang='lat' dir='ltr'><strong>tur,</strong></span> <span class='ocrx_word' id='word_1_279' title='bbox 463 3346 594 3416; x_wconf 88' lang='lat' dir='ltr'><strong>quia</strong></span> <span class='ocrx_word' id='word_1_280' title='bbox 634 3361 766 3403; x_wconf 88' lang='lat' dir='ltr'><strong>suus</strong></span> <span class='ocrx_word' id='word_1_281' title='bbox 804 3346 1077 3403; x_wconf 90' lang='lat' dir='ltr'><strong>homicida</strong></span> <span class='ocrx_word' id='word_1_282' title='bbox 1108 3356 1211 3404; x_wconf 91' lang='lat' dir='ltr'><strong>est.</strong></span> <span class='ocrx_word' id='word_1_283' title='bbox 1260 3368 1280 3401; x_wconf 75' lang='grc' dir='ltr'><strong>ι</strong></span> <span class='ocrx_word' id='word_1_284' title='bbox 1308 3348 1449 3422; x_wconf 85' lang='lat' dir='ltr'><strong>(cap.</strong></span> <span class='ocrx_word' id='word_1_285' title='bbox 1496 3350 1612 3422; x_wconf 73' lang='grc'><strong>24.)</strong></span> <span class='ocrx_word' id='word_1_286' title='bbox 1645 3371 1664 3404; x_wconf 73' lang='grc' dir='ltr'><strong>ι</strong></span> <span class='ocrx_word' id='word_1_287' title='bbox 1698 3351 1893 3408; x_wconf 86' lang='lat' dir='ltr'><strong>Laicus</strong></span> 
     </span>
    </p>
   </div>
   <div class='ocr_carea' id='block_1_37' title="bbox 290 3430 1889 3507">
    <p class='ocr_par' dir='ltr' id='par_1_37' title="bbox 290 3430 1889 3507">
     <span class='ocr_line' id='line_1_37' title="bbox 290 3430 1889 3507; baseline 0.005 -16"><span class='ocrx_word' id='word_1_288' title='bbox 290 3435 662 3505; x_wconf 79' lang='lat' dir='ltr'><strong>semetipsum</strong></span> <span class='ocrx_word' id='word_1_289' title='bbox 707 3430 1057 3505; x_wconf 88' lang='lat' dir='ltr'><strong>abscindens,</strong></span> <span class='ocrx_word' id='word_1_290' title='bbox 1088 3437 1246 3507; x_wconf 81' lang='lat' dir='ltr'><strong>annis</strong></span> <span class='ocrx_word' id='word_1_291' title='bbox 1289 3440 1463 3496; x_wconf 92' lang='lat' dir='ltr'><strong>tribus</strong></span> <span class='ocrx_word' id='word_1_292' title='bbox 1504 3443 1889 3500; x_wconf 88' lang='lat' dir='ltr'><strong>communione</strong></span> 
     </span>
    </p>
   </div>
   <div class='ocr_carea' id='block_1_38' title="bbox 292 3525 1885 3598">
    <p class='ocr_par' dir='ltr' id='par_1_38' title="bbox 292 3525 1885 3598">
     <span class='ocr_line' id='line_1_38' title="bbox 292 3525 1885 3598; baseline 0.006 -18"><span class='ocrx_word' id='word_1_293' title='bbox 292 3525 566 3598; x_wconf 87' lang='lat' dir='ltr'><strong>privetur,</strong></span> <span class='ocrx_word' id='word_1_294' title='bbox 599 3526 727 3596; x_wconf 90' lang='lat' dir='ltr'><strong>quia</strong></span> <span class='ocrx_word' id='word_1_295' title='bbox 753 3542 866 3582; x_wconf 79' lang='lat' dir='ltr'><strong>sua:</strong></span> <span class='ocrx_word' id='word_1_296' title='bbox 894 3528 1026 3584; x_wconf 82' lang='lat' dir='ltr'><strong>vitae</strong></span> <span class='ocrx_word' id='word_1_297' title='bbox 1052 3529 1344 3587; x_wconf 88' lang='lat' dir='ltr'><strong>insidiator</strong></span> <span class='ocrx_word' id='word_1_298' title='bbox 1367 3532 1597 3588; x_wconf 78' lang='lat' dir='ltr'><strong>exstitit.</strong></span> <span class='ocrx_word' id='word_1_299' title='bbox 1631 3552 1651 3584; x_wconf 77' lang='grc' dir='ltr'><strong>ι</strong></span> <span class='ocrx_word' id='word_1_300' title='bbox 1682 3534 1758 3589; x_wconf 87' lang='lat' dir='ltr'><strong>De</strong></span> <span class='ocrx_word' id='word_1_301' title='bbox 1790 3535 1885 3591; x_wconf 90' lang='lat' dir='ltr'><strong>ho-</strong></span> 
     </span>
    </p>
   </div>
   <div class='ocr_carea' id='block_1_39' title="bbox 294 3616 1888 3695">
    <p class='ocr_par' dir='ltr' id='par_1_39' title="bbox 294 3616 1888 3695">
     <span class='ocr_line' id='line_1_39' title="bbox 294 3616 1888 3695; baseline 0.006 -25"><span class='ocrx_word' id='word_1_302' title='bbox 294 3616 522 3673; x_wconf 88' lang='lat' dir='ltr'><strong>micidis</strong></span> <span class='ocrx_word' id='word_1_303' title='bbox 570 3629 703 3673; x_wconf 84' lang='lat' dir='ltr'><strong>vero</strong></span> <span class='ocrx_word' id='word_1_304' title='bbox 732 3616 939 3674; x_wconf 88' lang='lat' dir='ltr'><strong>dictum</strong></span> <span class='ocrx_word' id='word_1_305' title='bbox 968 3628 1091 3676; x_wconf 90' lang='lat' dir='ltr'><strong>est:</strong></span> <span class='ocrx_word' id='word_1_306' title='bbox 1133 3638 1153 3674; x_wconf 73' lang='grc' dir='ltr'><strong>ι</strong></span> <span class='ocrx_word' id='word_1_307' title='bbox 1195 3620 1268 3678; x_wconf 91' lang='lat' dir='ltr'><strong>Ut</strong></span> <span class='ocrx_word' id='word_1_308' title='bbox 1297 3621 1343 3676; x_wconf 91' lang='lat' dir='ltr'><strong>si</strong></span> <span class='ocrx_word' id='word_1_309' title='bbox 1374 3624 1498 3693; x_wconf 88' lang='lat' dir='ltr'><strong>quis</strong></span> <span class='ocrx_word' id='word_1_310' title='bbox 1529 3622 1888 3695; x_wconf 83' lang='lat' dir='ltr'><strong>voluntarius,</strong></span> 
     </span>
    </p>
   </div>
   <div class='ocr_carea' id='block_1_40' title="bbox 293 3711 1893 3781">
    <p class='ocr_par' dir='ltr' id='par_1_40' title="bbox 293 3711 1893 3781">
     <span class='ocr_line' id='line_1_40' title="bbox 293 3711 1893 3781; baseline 0.006 -18"><span class='ocrx_word' id='word_1_311' title='bbox 293 3718 497 3764; x_wconf 85' lang='lat' dir='ltr'><strong>etnon</strong></span> <span class='ocrx_word' id='word_1_312' title='bbox 543 3725 643 3781; x_wconf 89' lang='lat' dir='ltr'><strong>per</strong></span> <span class='ocrx_word' id='word_1_313' title='bbox 689 3711 1113 3780; x_wconf 85' lang='lat' dir='ltr'><strong>necessitatem,</strong></span> <span class='ocrx_word' id='word_1_314' title='bbox 1159 3712 1354 3769; x_wconf 79' lang='lat' dir='ltr'><strong>fecerit</strong></span> <span class='ocrx_word' id='word_1_315' title='bbox 1405 3714 1792 3781; x_wconf 86' lang='lat' dir='ltr'><strong>homicidium,</strong></span> <span class='ocrx_word' id='word_1_316' title='bbox 1838 3724 1893 3772; x_wconf 89' lang='lat' dir='ltr'><strong>et</strong></span> 
     </span>
    </p>
   </div>
   <div class='ocr_carea' id='block_1_41' title="bbox 294 3799 1892 3875">
    <p class='ocr_par' dir='ltr' id='par_1_41' title="bbox 294 3799 1892 3875">
     <span class='ocr_line' id='line_1_41' title="bbox 294 3799 1892 3875; baseline 0.004 -21"><span class='ocrx_word' id='word_1_317' title='bbox 294 3808 492 3869; x_wconf 80' lang='lat' dir='ltr'><strong>postea</strong></span> <span class='ocrx_word' id='word_1_318' title='bbox 538 3799 837 3857; x_wconf 88' lang='lat' dir='ltr'><strong>monachus</strong></span> <span class='ocrx_word' id='word_1_319' title='bbox 881 3801 1049 3859; x_wconf 81' lang='lat' dir='ltr'><strong>fuerit</strong></span> <span class='ocrx_word' id='word_1_320' title='bbox 1095 3802 1274 3859; x_wconf 88' lang='lat' dir='ltr'><strong>factus</strong></span> <span class='ocrx_word' id='word_1_321' title='bbox 1300 3844 1315 3870; x_wconf 93' lang='lat'><strong>,</strong></span> <span class='ocrx_word' id='word_1_322' title='bbox 1352 3804 1419 3859; x_wconf 89' lang='lat' dir='ltr'><strong>ad</strong></span> <span class='ocrx_word' id='word_1_323' title='bbox 1456 3806 1659 3875; x_wconf 78' lang='lat' dir='ltr'><strong>gradus</strong></span> <span class='ocrx_word' id='word_1_324' title='bbox 1700 3806 1892 3861; x_wconf 88' lang='lat' dir='ltr'><strong>altaris</strong></span> 
     </span>
    </p>
   </div>
   <div class='ocr_carea' id='block_1_42' title="bbox 295 3893 1892 3970">
    <p class='ocr_par' dir='ltr' id='par_1_42' title="bbox 295 3893 1892 3970">
     <span class='ocr_line' id='line_1_42' title="bbox 295 3893 1892 3970; baseline 0.005 -24"><span class='ocrx_word' id='word_1_325' title='bbox 295 3894 613 3962; x_wconf 88' lang='lat' dir='ltr'><strong>promoveri</strong></span> <span class='ocrx_word' id='word_1_326' title='bbox 645 3908 753 3948; x_wconf 90' lang='lat' dir='ltr'><strong>non</strong></span> <span class='ocrx_word' id='word_1_327' title='bbox 783 3902 980 3963; x_wconf 82' lang='lat' dir='ltr'><strong>potest.</strong></span> <span class='ocrx_word' id='word_1_328' title='bbox 1015 3893 1266 3951; x_wconf 79' lang='lat' dir='ltr'><strong>Monachi</strong></span> <span class='ocrx_word' id='word_1_329' title='bbox 1308 3898 1452 3951; x_wconf 90' lang='lat' dir='ltr'><strong>enim</strong></span> <span class='ocrx_word' id='word_1_330' title='bbox 1481 3899 1574 3969; x_wconf 89' lang='lat' dir='ltr'><strong>qui</strong></span> <span class='ocrx_word' id='word_1_331' title='bbox 1600 3898 1667 3953; x_wconf 89' lang='lat' dir='ltr'><strong>ad</strong></span> <span class='ocrx_word' id='word_1_332' title='bbox 1694 3899 1892 3970; x_wconf 89' lang='lat' dir='ltr'><strong>gradus</strong></span> 
     </span>
    </p>
   </div>
   <div class='ocr_carea' id='block_1_43' title="bbox 296 3980 1890 4062">
    <p class='ocr_par' dir='ltr' id='par_1_43' title="bbox 296 3980 1890 4062">
     <span class='ocr_line' id='line_1_43' title="bbox 296 3980 1890 4062; baseline 0.007 -26"><span class='ocrx_word' id='word_1_333' title='bbox 296 3980 687 4053; x_wconf 84' lang='lat' dir='ltr'><strong>provehantur</strong></span> <span class='ocrx_word' id='word_1_334' title='bbox 730 3983 1151 4052; x_wconf 87' lang='lat' dir='ltr'><strong>ecclesiasticos,</strong></span> <span class='ocrx_word' id='word_1_335' title='bbox 1204 4003 1554 4061; x_wconf 87' lang='lat' dir='ltr'><strong>summopere</strong></span> <span class='ocrx_word' id='word_1_336' title='bbox 1603 3993 1890 4062; x_wconf 86' lang='lat' dir='ltr'><strong>providen-</strong></span> 
     </span>
    </p>
   </div>
   <div class='ocr_carea' id='block_1_44' title="bbox 296 4072 1893 4151">
    <p class='ocr_par' dir='ltr' id='par_1_44' title="bbox 296 4072 1893 4151">
     <span class='ocr_line' id='line_1_44' title="bbox 296 4072 1893 4151; baseline 0.009 -23"><span class='ocrx_word' id='word_1_337' title='bbox 296 4072 431 4129; x_wconf 86' lang='lat' dir='ltr'><strong>dum</strong></span> <span class='ocrx_word' id='word_1_338' title='bbox 463 4084 548 4129; x_wconf 91' lang='lat' dir='ltr'><strong>est</strong></span> <span class='ocrx_word' id='word_1_339' title='bbox 581 4076 763 4132; x_wconf 87' lang='lat' dir='ltr'><strong>abbati</strong></span> <span class='ocrx_word' id='word_1_340' title='bbox 792 4077 912 4135; x_wconf 92' lang='lat' dir='ltr'><strong>illos</strong></span> <span class='ocrx_word' id='word_1_341' title='bbox 936 4081 1191 4151; x_wconf 90' lang='lat' dir='ltr'><strong>episcopo</strong></span> <span class='ocrx_word' id='word_1_342' title='bbox 1233 4082 1514 4149; x_wconf 87' lang='lat' dir='ltr'><strong>offerenti,</strong></span> <span class='ocrx_word' id='word_1_343' title='bbox 1540 4094 1599 4141; x_wconf 89' lang='lat' dir='ltr'><strong>ut</strong></span> <span class='ocrx_word' id='word_1_344' title='bbox 1635 4087 1808 4142; x_wconf 89' lang='lat' dir='ltr'><strong>idonei</strong></span> <span class='ocrx_word' id='word_1_345' title='bbox 1839 4097 1893 4142; x_wconf 91' lang='lat' dir='ltr'><strong>ct</strong></span> 
     </span>
    </p>
   </div>
   <div class='ocr_carea' id='block_1_45' title="bbox 301 4165 1885 4238">
    <p class='ocr_par' dir='ltr' id='par_1_45' title="bbox 301 4165 1885 4238">
     <span class='ocr_line' id='line_1_45' title="bbox 301 4165 1885 4238; baseline 0.011 -23"><span class='ocrx_word' id='word_1_346' title='bbox 301 4165 523 4233; x_wconf 80' lang='lat' dir='ltr'><strong>probati</strong></span> <span class='ocrx_word' id='word_1_347' title='bbox 567 4166 711 4231; x_wconf 90' lang='lat' dir='ltr'><strong>sint,</strong></span> <span class='ocrx_word' id='word_1_348' title='bbox 747 4167 903 4236; x_wconf 87' lang='lat' dir='ltr'><strong>juxta</strong></span> <span class='ocrx_word' id='word_1_349' title='bbox 934 4171 1078 4238; x_wconf 91' lang='lat' dir='ltr'><strong>quod</strong></span> <span class='ocrx_word' id='word_1_350' title='bbox 1122 4184 1347 4229; x_wconf 90' lang='lat' dir='ltr'><strong>sanctus</strong></span> <span class='ocrx_word' id='word_1_351' title='bbox 1392 4175 1716 4233; x_wconf 87' lang='lat' dir='ltr'><strong>Benedictus</strong></span> <span class='ocrx_word' id='word_1_352' title='bbox 1766 4179 1885 4232; x_wconf 87' lang='lat' dir='ltr'><strong>ait:</strong></span> 
     </span>
    </p>
   </div>
   <div class='ocr_carea' id='block_1_46' title="bbox 308 4254 1887 4334">
    <p class='ocr_par' dir='ltr' id='par_1_46' title="bbox 308 4254 1887 4334">
     <span class='ocr_line' id='line_1_46' title="bbox 308 4254 1887 4334; baseline 0.011 -28"><span class='ocrx_word' id='word_1_353' title='bbox 308 4272 327 4305; x_wconf 75' lang='grc' dir='ltr'><strong>ι</strong></span> <span class='ocrx_word' id='word_1_354' title='bbox 374 4254 433 4309; x_wconf 92' lang='lat' dir='ltr'><strong>Si</strong></span> <span class='ocrx_word' id='word_1_355' title='bbox 463 4256 586 4325; x_wconf 91' lang='lat' dir='ltr'><strong>quis</strong></span> <span class='ocrx_word' id='word_1_356' title='bbox 615 4257 783 4312; x_wconf 85' lang='lat' dir='ltr'><strong>abbas</strong></span> <span class='ocrx_word' id='word_1_357' title='bbox 810 4259 913 4315; x_wconf 86' lang='lat' dir='ltr'><strong>sibi</strong></span> <span class='ocrx_word' id='word_1_358' title='bbox 943 4264 1317 4334; x_wconf 86' lang='lat' dir='ltr'><strong>presbyterum</strong></span> <span class='ocrx_word' id='word_1_359' title='bbox 1346 4266 1432 4322; x_wconf 89' lang='lat' dir='ltr'><strong>vel</strong></span> <span class='ocrx_word' id='word_1_360' title='bbox 1473 4269 1763 4324; x_wconf 77' lang='lat' dir='ltr'><strong>diaconum</strong></span> <span class='ocrx_word' id='word_1_361' title='bbox 1795 4286 1887 4325; x_wconf 91' lang='lat' dir='ltr'><strong>or-</strong></span> 
     </span>
    </p>
   </div>
   <div class='ocr_carea' id='block_1_47' title="bbox 310 4347 1886 4429">
    <p class='ocr_par' dir='ltr' id='par_1_47' title="bbox 310 4347 1886 4429">
     <span class='ocr_line' id='line_1_47' title="bbox 310 4347 1886 4429; baseline 0.012 -32"><span class='ocrx_word' id='word_1_362' title='bbox 310 4363 329 4397; x_wconf 80' lang='grc' dir='ltr'><strong>ι</strong></span> <span class='ocrx_word' id='word_1_363' title='bbox 376 4347 555 4402; x_wconf 87' lang='lat' dir='ltr'><strong>dinari</strong></span> <span class='ocrx_word' id='word_1_364' title='bbox 592 4350 832 4418; x_wconf 87' lang='lat' dir='ltr'><strong>petierit,</strong></span> <span class='ocrx_word' id='word_1_365' title='bbox 869 4352 937 4408; x_wconf 88' lang='lat' dir='ltr'><strong>de</strong></span> <span class='ocrx_word' id='word_1_366' title='bbox 980 4354 1094 4409; x_wconf 91' lang='lat' dir='ltr'><strong>suis</strong></span> <span class='ocrx_word' id='word_1_367' title='bbox 1128 4357 1294 4427; x_wconf 84' lang='lat' dir='ltr'><strong>eligat</strong></span> <span class='ocrx_word' id='word_1_368' title='bbox 1322 4359 1411 4427; x_wconf 90' lang='lat' dir='ltr'><strong>qui</strong></span> <span class='ocrx_word' id='word_1_369' title='bbox 1458 4360 1654 4429; x_wconf 86' lang='lat' dir='ltr'><strong>dignus</strong></span> <span class='ocrx_word' id='word_1_370' title='bbox 1697 4362 1770 4416; x_wconf 89' lang='lat' dir='ltr'><strong>sit</strong></span> <span class='ocrx_word' id='word_1_371' title='bbox 1799 4378 1886 4416; x_wconf 88' lang='lat' dir='ltr'><strong>sa-</strong></span> 
     </span>
    </p>
   </div>
   <div class='ocr_carea' id='block_1_48' title="bbox 2002 507 3578 581">
    <p class='ocr_par' dir='ltr' id='par_1_48' title="bbox 2002 507 3578 581">
     <span class='ocr_line' id='line_1_48' title="bbox 2002 507 3578 581; baseline 0.004 -19"><span class='ocrx_word' id='word_1_372' title='bbox 2002 529 2020 562; x_wconf 73' lang='grc' dir='ltr'><strong>ι</strong></span> <span class='ocrx_word' id='word_1_373' title='bbox 2068 511 2211 564; x_wconf 88' lang='lat' dir='ltr'><strong>diam</strong></span> <span class='ocrx_word' id='word_1_374' title='bbox 2235 509 2494 564; x_wconf 86' lang='lat' dir='ltr'><strong>inveniat.</strong></span> <span class='ocrx_word' id='word_1_375' title='bbox 2525 509 2602 564; x_wconf 90' lang='lat' dir='ltr'><strong>Ita</strong></span> <span class='ocrx_word' id='word_1_376' title='bbox 2632 511 2896 565; x_wconf 88' lang='lat' dir='ltr'><strong>hactenus</strong></span> <span class='ocrx_word' id='word_1_377' title='bbox 2925 507 3015 566; x_wconf 91' lang='lat' dir='ltr'><strong>ille</strong></span> <span class='ocrx_word' id='word_1_378' title='bbox 3042 508 3213 577; x_wconf 84' lang='lat' dir='ltr'><strong>vivat,</strong></span> <span class='ocrx_word' id='word_1_379' title='bbox 3245 524 3578 581; x_wconf 84' lang='lat' dir='ltr'><strong>permanens</strong></span> 
     </span>
    </p>
   </div>
   <div class='ocr_carea' id='block_1_49' title="bbox 1996 600 3579 672">
    <p class='ocr_par' dir='ltr' id='par_1_49' title="bbox 1996 600 3579 672">
     <span class='ocr_line' id='line_1_49' title="bbox 1996 600 3579 672; baseline 0.004 -18"><span class='ocrx_word' id='word_1_380' title='bbox 1996 622 2017 655; x_wconf 81' lang='grc'><strong>‹</strong></span> <span class='ocrx_word' id='word_1_381' title='bbox 2063 601 2117 655; x_wconf 88' lang='lat' dir='ltr'><strong>in</strong></span> <span class='ocrx_word' id='word_1_382' title='bbox 2148 601 2484 671; x_wconf 64' lang='lat' dir='ltr'><strong>poenitentia:</strong></span> <span class='ocrx_word' id='word_1_383' title='bbox 2512 602 2685 670; x_wconf 89' lang='lat' dir='ltr'><strong>luctu,</strong></span> <span class='ocrx_word' id='word_1_384' title='bbox 2717 617 2825 660; x_wconf 90' lang='lat' dir='ltr'><strong>non</strong></span> <span class='ocrx_word' id='word_1_385' title='bbox 2845 600 3107 672; x_wconf 69' lang='lat' dir='ltr'><strong>oﬂ‘ereus,</strong></span> <span class='ocrx_word' id='word_1_386' title='bbox 3138 617 3247 660; x_wconf 92' lang='lat' dir='ltr'><strong>non</strong></span> <span class='ocrx_word' id='word_1_387' title='bbox 3272 604 3579 662; x_wconf 87' lang='lat' dir='ltr'><strong>communi-</strong></span> 
     </span>
    </p>
   </div>
   <div class='ocr_carea' id='block_1_50' title="bbox 1996 710 2282 752">
    <p class='ocr_par' dir='ltr' id='par_1_50' title="bbox 1996 710 2282 752">
     <span class='ocr_line' id='line_1_50' title="bbox 1996 710 2282 752; baseline -0.003 -3"><span class='ocrx_word' id='word_1_388' title='bbox 1996 716 2017 749; x_wconf 70' lang='grc'>1</span> <span class='ocrx_word' id='word_1_389' title='bbox 2064 710 2217 752; x_wconf 72' lang='lat' dir='ltr'><strong>cans.</strong></span> <span class='ocrx_word' id='word_1_390' title='bbox 2263 715 2282 748; x_wconf 74' lang='grc' dir='ltr'><strong>Ι</strong></span> 
     </span>
    </p>
   </div>
   <div class='ocr_carea' id='block_1_51' title="bbox 2063 786 3575 861">
    <p class='ocr_par' dir='ltr' id='par_1_51' title="bbox 2063 786 3575 861">
     <span class='ocr_line' id='line_1_51' title="bbox 2063 786 3575 861; baseline 0.003 -19"><span class='ocrx_word' id='word_1_391' title='bbox 2063 786 2196 843; x_wconf 85' lang='lat' dir='ltr'><strong>Item</strong></span> <span class='ocrx_word' id='word_1_392' title='bbox 2253 788 2573 860; x_wconf 83' lang='lat' dir='ltr'><strong>inquisitum</strong></span> <span class='ocrx_word' id='word_1_393' title='bbox 2641 797 2728 845; x_wconf 83' lang='lat' dir='ltr'><strong>est.</strong></span> <span class='ocrx_word' id='word_1_394' title='bbox 2792 788 2861 845; x_wconf 89' lang='lat' dir='ltr'><strong>de</strong></span> <span class='ocrx_word' id='word_1_395' title='bbox 2930 788 3269 861; x_wconf 84' lang='lat' dir='ltr'><strong>temporibus</strong></span> <span class='ocrx_word' id='word_1_396' title='bbox 3322 789 3575 849; x_wconf 81' lang='lat' dir='ltr'><strong>ordinum</strong></span> 
     </span>
    </p>
   </div>
   <div class='ocr_carea' id='block_1_52' title="bbox 1993 879 3574 953">
    <p class='ocr_par' dir='ltr' id='par_1_52' title="bbox 1993 879 3574 953">
     <span class='ocr_line' id='line_1_52' title="bbox 1993 879 3574 953; baseline 0.005 -21"><span class='ocrx_word' id='word_1_397' title='bbox 1993 879 2121 949; x_wconf 90' lang='lat' dir='ltr'><strong>quia</strong></span> <span class='ocrx_word' id='word_1_398' title='bbox 2167 881 2407 937; x_wconf 85' lang='lat' dir='ltr'><strong>nonnulli</strong></span> <span class='ocrx_word' id='word_1_399' title='bbox 2455 897 2522 937; x_wconf 85' lang='lat' dir='ltr'><strong>ex</strong></span> <span class='ocrx_word' id='word_1_400' title='bbox 2574 881 2844 953; x_wconf 87' lang='lat' dir='ltr'><strong>episcopis</strong></span> <span class='ocrx_word' id='word_1_401' title='bbox 2886 895 2986 953; x_wconf 85' lang='lat' dir='ltr'><strong>per</strong></span> <span class='ocrx_word' id='word_1_402' title='bbox 3031 889 3208 938; x_wconf 87' lang='lat' dir='ltr'><strong>totum</strong></span> <span class='ocrx_word' id='word_1_403' title='bbox 3249 897 3452 940; x_wconf 76' lang='lat' dir='ltr'><strong>annum</strong></span> <span class='ocrx_word' id='word_1_404' title='bbox 3482 898 3574 940; x_wconf 85' lang='lat' dir='ltr'><strong>or-</strong></span> 
     </span>
    </p>
   </div>
   <div class='ocr_carea' id='block_1_53' title="bbox 1994 970 3576 1048">
    <p class='ocr_par' dir='ltr' id='par_1_53' title="bbox 1994 970 3576 1048">
     <span class='ocr_line' id='line_1_53' title="bbox 1994 970 3576 1048; baseline 0.004 -22"><span class='ocrx_word' id='word_1_405' title='bbox 1994 970 2303 1028; x_wconf 87' lang='lat' dir='ltr'><strong>dinationes</strong></span> <span class='ocrx_word' id='word_1_406' title='bbox 2353 988 2509 1028; x_wconf 87' lang='lat' dir='ltr'><strong>nunc</strong></span> <span class='ocrx_word' id='word_1_407' title='bbox 2562 971 2805 1039; x_wconf 78' lang='lat' dir='ltr'><strong>faciunt,</strong></span> <span class='ocrx_word' id='word_1_408' title='bbox 2860 974 3006 1043; x_wconf 88' lang='lat' dir='ltr'><strong>quod</strong></span> <span class='ocrx_word' id='word_1_409' title='bbox 3068 974 3283 1044; x_wconf 88' lang='lat' dir='ltr'><strong>priores</strong></span> <span class='ocrx_word' id='word_1_410' title='bbox 3333 975 3576 1048; x_wconf 83' lang='lat' dir='ltr'><strong>episcopi</strong></span> 
     </span>
    </p>
   </div>
   <div class='ocr_carea' id='block_1_54' title="bbox 1993 1060 3574 1136">
    <p class='ocr_par' dir='ltr' id='par_1_54' title="bbox 1993 1060 3574 1136">
     <span class='ocr_line' id='line_1_54' title="bbox 1993 1060 3574 1136; baseline 0.006 -21"><span class='ocrx_word' id='word_1_411' title='bbox 1993 1076 2101 1116; x_wconf 88' lang='lat' dir='ltr'><strong>non</strong></span> <span class='ocrx_word' id='word_1_412' title='bbox 2151 1060 2447 1118; x_wconf 78' lang='lat' dir='ltr'><strong>faciebant.</strong></span> <span class='ocrx_word' id='word_1_413' title='bbox 2505 1061 2770 1119; x_wconf 80' lang='lat' dir='ltr'><strong>Revoluta</strong></span> <span class='ocrx_word' id='word_1_414' title='bbox 2815 1072 2944 1118; x_wconf 87' lang='lat' dir='ltr'><strong>sunt</strong></span> <span class='ocrx_word' id='word_1_415' title='bbox 2997 1079 3129 1136; x_wconf 82' lang='lat' dir='ltr'><strong>ergo</strong></span> <span class='ocrx_word' id='word_1_416' title='bbox 3185 1064 3408 1123; x_wconf 80' lang='lat' dir='ltr'><strong>Palmm</strong></span> <span class='ocrx_word' id='word_1_417' title='bbox 3460 1074 3574 1123; x_wconf 85' lang='lat' dir='ltr'><strong>sta-</strong></span> 
     </span>
    </p>
   </div>
   <div class='ocr_carea' id='block_1_55' title="bbox 1996 1155 3575 1227">
    <p class='ocr_par' dir='ltr' id='par_1_55' title="bbox 1996 1155 3575 1227">
     <span class='ocr_line' id='line_1_55' title="bbox 1996 1155 3575 1227; baseline 0.005 -19"><span class='ocrx_word' id='word_1_418' title='bbox 1996 1161 2151 1220; x_wconf 88' lang='lat' dir='ltr'><strong>tuta;</strong></span> <span class='ocrx_word' id='word_1_419' title='bbox 2222 1162 2278 1210; x_wconf 91' lang='lat' dir='ltr'><strong>et</strong></span> <span class='ocrx_word' id='word_1_420' title='bbox 2336 1155 2616 1211; x_wconf 79' lang='lat' dir='ltr'><strong>inventura</strong></span> <span class='ocrx_word' id='word_1_421' title='bbox 2666 1156 2794 1227; x_wconf 86' lang='lat' dir='ltr'><strong>quia</strong></span> <span class='ocrx_word' id='word_1_422' title='bbox 2864 1157 3128 1226; x_wconf 79' lang='lat' dir='ltr'><strong>graduum</strong></span> <span class='ocrx_word' id='word_1_423' title='bbox 3201 1158 3575 1217; x_wconf 81' lang='lat' dir='ltr'><strong>ordinationes</strong></span> 
     </span>
    </p>
   </div>
   <div class='ocr_carea' id='block_1_56' title="bbox 1994 1244 3576 1323">
    <p class='ocr_par' dir='ltr' id='par_1_56' title="bbox 1994 1244 3576 1323">
     <span class='ocr_line' id='line_1_56' title="bbox 1994 1244 3576 1323; baseline 0.006 -23"><span class='ocrx_word' id='word_1_424' title='bbox 1994 1252 2145 1301; x_wconf 90' lang='lat' dir='ltr'><strong>recte</strong></span> <span class='ocrx_word' id='word_1_425' title='bbox 2196 1244 2333 1301; x_wconf 84' lang='lat' dir='ltr'><strong>ﬁunt</strong></span> <span class='ocrx_word' id='word_1_426' title='bbox 2368 1261 2464 1317; x_wconf 89' lang='lat' dir='ltr'><strong>per</strong></span> <span class='ocrx_word' id='word_1_427' title='bbox 2504 1262 2745 1304; x_wconf 87' lang='lat' dir='ltr'><strong>mensem</strong></span> <span class='ocrx_word' id='word_1_428' title='bbox 2785 1246 3039 1304; x_wconf 82' lang='lat' dir='ltr'><strong>Martium</strong></span> <span class='ocrx_word' id='word_1_429' title='bbox 3077 1258 3132 1306; x_wconf 89' lang='lat' dir='ltr'><strong>et</strong></span> <span class='ocrx_word' id='word_1_430' title='bbox 3161 1246 3403 1318; x_wconf 84' lang='lat' dir='ltr'><strong>Junium,</strong></span> <span class='ocrx_word' id='word_1_431' title='bbox 3441 1251 3576 1323; x_wconf 43' lang='lat' dir='ltr'><strong>Sep.</strong></span> 
     </span>
    </p>
   </div>
   <div class='ocr_carea' id='block_1_57' title="bbox 1994 1335 3576 1410">
    <p class='ocr_par' dir='ltr' id='par_1_57' title="bbox 1994 1335 3576 1410">
     <span class='ocr_line' id='line_1_57' title="bbox 1994 1335 3576 1410; baseline 0.005 -17"><span class='ocrx_word' id='word_1_432' title='bbox 1994 1335 2263 1393; x_wconf 88' lang='lat' dir='ltr'><strong>tembrem</strong></span> <span class='ocrx_word' id='word_1_433' title='bbox 2292 1353 2507 1409; x_wconf 90' lang='lat' dir='ltr'><strong>quoque</strong></span> <span class='ocrx_word' id='word_1_434' title='bbox 2530 1347 2693 1410; x_wconf 89' lang='lat' dir='ltr'><strong>atque</strong></span> <span class='ocrx_word' id='word_1_435' title='bbox 2734 1339 3085 1396; x_wconf 87' lang='lat' dir='ltr'><strong>Decembrem</strong></span> <span class='ocrx_word' id='word_1_436' title='bbox 3121 1341 3362 1401; x_wconf 86' lang='lat' dir='ltr'><strong>Sabbato</strong></span> <span class='ocrx_word' id='word_1_437' title='bbox 3389 1344 3576 1401; x_wconf 82' lang='lat' dir='ltr'><strong>videli-</strong></span> 
     </span>
    </p>
   </div>
   <div class='ocr_carea' id='block_1_58' title="bbox 1991 1427 3577 1506">
    <p class='ocr_par' dir='ltr' id='par_1_58' title="bbox 1991 1427 3577 1506">
     <span class='ocr_line' id='line_1_58' title="bbox 1991 1427 3577 1506; baseline 0.005 -22"><span class='ocrx_word' id='word_1_438' title='bbox 1991 1435 2075 1484; x_wconf 86' lang='lat' dir='ltr'><strong>cet</strong></span> <span class='ocrx_word' id='word_1_439' title='bbox 2115 1427 2166 1483; x_wconf 91' lang='lat' dir='ltr'><strong>in</strong></span> <span class='ocrx_word' id='word_1_440' title='bbox 2199 1427 2483 1486; x_wconf 83' lang='lat' dir='ltr'><strong>duodecim</strong></span> <span class='ocrx_word' id='word_1_441' title='bbox 2506 1429 2871 1498; x_wconf 89' lang='lat' dir='ltr'><strong>Lectionibus,</strong></span> <span class='ocrx_word' id='word_1_442' title='bbox 2886 1433 3312 1506; x_wconf 87' lang='lat' dir='ltr'><strong>quandojejunia</strong></span> <span class='ocrx_word' id='word_1_443' title='bbox 3334 1436 3577 1506; x_wconf 84' lang='lat' dir='ltr'><strong>Quatuor</strong></span> 
     </span>
    </p>
   </div>
   <div class='ocr_carea' id='block_1_59' title="bbox 1992 1516 3578 1592">
    <p class='ocr_par' dir='ltr' id='par_1_59' title="bbox 1992 1516 3578 1592">
     <span class='ocr_line' id='line_1_59' title="bbox 1992 1516 3578 1592; baseline 0.007 -19"><span class='ocrx_word' id='word_1_444' title='bbox 1992 1516 2319 1588; x_wconf 81' lang='lat' dir='ltr'><strong>Tcmporum</strong></span> <span class='ocrx_word' id='word_1_445' title='bbox 2360 1530 2612 1592; x_wconf 86' lang='lat' dir='ltr'><strong>aguntur.</strong></span> <span class='ocrx_word' id='word_1_446' title='bbox 2662 1520 2761 1578; x_wconf 89' lang='lat' dir='ltr'><strong>Ubi</strong></span> <span class='ocrx_word' id='word_1_447' title='bbox 2794 1523 2842 1579; x_wconf 90' lang='lat' dir='ltr'><strong>si</strong></span> <span class='ocrx_word' id='word_1_448' title='bbox 2897 1532 3043 1579; x_wconf 88' lang='lat' dir='ltr'><strong>tanta</strong></span> <span class='ocrx_word' id='word_1_449' title='bbox 3083 1525 3370 1584; x_wconf 87' lang='lat' dir='ltr'><strong>multitudo</strong></span> <span class='ocrx_word' id='word_1_450' title='bbox 3414 1527 3578 1584; x_wconf 85' lang='lat' dir='ltr'><strong>fuerit</strong></span> 
     </span>
    </p>
   </div>
   <div class='ocr_carea' id='block_1_60' title="bbox 1991 1607 3581 1692">
    <p class='ocr_par' dir='ltr' id='par_1_60' title="bbox 1991 1607 3581 1692">
     <span class='ocr_line' id='line_1_60' title="bbox 1991 1607 3581 1692; baseline 0.011 -31"><span class='ocrx_word' id='word_1_451' title='bbox 1991 1607 2444 1678; x_wconf 89' lang='lat' dir='ltr'><strong>ordinandorum,</strong></span> <span class='ocrx_word' id='word_1_452' title='bbox 2474 1620 2534 1666; x_wconf 91' lang='lat' dir='ltr'><strong>ut</strong></span> <span class='ocrx_word' id='word_1_453' title='bbox 2556 1612 2794 1670; x_wconf 90' lang='lat' dir='ltr'><strong>Sabbato</strong></span> <span class='ocrx_word' id='word_1_454' title='bbox 2818 1629 2925 1671; x_wconf 93' lang='lat' dir='ltr'><strong>non</strong></span> <span class='ocrx_word' id='word_1_455' title='bbox 2954 1617 3127 1687; x_wconf 88' lang='lat' dir='ltr'><strong>possit</strong></span> <span class='ocrx_word' id='word_1_456' title='bbox 3154 1632 3345 1676; x_wconf 74' lang='lat' dir='ltr'><strong>omnes</strong></span> <span class='ocrx_word' id='word_1_457' title='bbox 3373 1619 3581 1692; x_wconf 84' lang='lat' dir='ltr'><strong>episeo-</strong></span> 
     </span>
    </p>
   </div>
   <div class='ocr_carea' id='block_1_61' title="bbox 1990 1697 3577 1783">
    <p class='ocr_par' dir='ltr' id='par_1_61' title="bbox 1990 1697 3577 1783">
     <span class='ocr_line' id='line_1_61' title="bbox 1990 1697 3577 1783; baseline 0.008 -28"><span class='ocrx_word' id='word_1_458' title='bbox 1990 1714 2091 1769; x_wconf 90' lang='lat' dir='ltr'><strong>pus</strong></span> <span class='ocrx_word' id='word_1_459' title='bbox 2143 1714 2486 1772; x_wconf 89' lang='lat' dir='ltr'><strong>consecrare,</strong></span> <span class='ocrx_word' id='word_1_460' title='bbox 2535 1703 2592 1760; x_wconf 94' lang='lat' dir='ltr'><strong>in</strong></span> <span class='ocrx_word' id='word_1_461' title='bbox 2649 1705 2889 1763; x_wconf 90' lang='lat' dir='ltr'><strong>crastina</strong></span> <span class='ocrx_word' id='word_1_462' title='bbox 2944 1707 3223 1766; x_wconf 88' lang='lat' dir='ltr'><strong>Dominica</strong></span> <span class='ocrx_word' id='word_1_463' title='bbox 3284 1725 3457 1783; x_wconf 84' lang='lat' dir='ltr'><strong>usque</strong></span> <span class='ocrx_word' id='word_1_464' title='bbox 3491 1697 3577 1768; x_wconf 81' lang='lat' dir='ltr'><strong>ao</strong></span> 
     </span>
    </p>
   </div>
   <div class='ocr_carea' id='block_1_62' title="bbox 1923 1775 3577 1871">
    <p class='ocr_par' dir='ltr' id='par_1_62' title="bbox 1923 1775 3577 1871">
     <span class='ocr_line' id='line_1_62' title="bbox 1923 1775 3577 1871; baseline 0.008 -25"><span class='ocrx_word' id='word_1_465' title='bbox 1923 1775 1963 1834; x_wconf 77' lang='grc' dir='ltr'>Β</span> <span class='ocrx_word' id='word_1_466' title='bbox 1992 1791 2182 1849; x_wconf 89' lang='lat' dir='ltr'><strong>horam</strong></span> <span class='ocrx_word' id='word_1_467' title='bbox 2213 1803 2423 1851; x_wconf 79' lang='lat' dir='ltr'><strong>sextam</strong></span> <span class='ocrx_word' id='word_1_468' title='bbox 2451 1811 2483 1852; x_wconf 87' lang='lat' dir='ltr'><strong>a</strong></span> <span class='ocrx_word' id='word_1_469' title='bbox 2512 1811 2671 1854; x_wconf 88' lang='lat' dir='ltr'><strong>mane</strong></span> <span class='ocrx_word' id='word_1_470' title='bbox 2714 1798 2807 1869; x_wconf 87' lang='lat' dir='ltr'><strong>qui</strong></span> <span class='ocrx_word' id='word_1_471' title='bbox 2851 1800 3219 1871; x_wconf 89' lang='lat' dir='ltr'><strong>superfuerint</strong></span> <span class='ocrx_word' id='word_1_472' title='bbox 3259 1775 3461 1862; x_wconf 75' lang='lat' dir='ltr'><strong>debent</strong></span> <span class='ocrx_word' id='word_1_473' title='bbox 3484 1819 3577 1860; x_wconf 88' lang='lat' dir='ltr'><strong>or-</strong></span> 
     </span>
    </p>
   </div>
   <div class='ocr_carea' id='block_1_63' title="bbox 1992 1883 3579 1968">
    <p class='ocr_par' dir='ltr' id='par_1_63' title="bbox 1992 1883 3579 1968">
     <span class='ocr_line' id='line_1_63' title="bbox 1992 1883 3579 1968; baseline 0.009 -29"><span class='ocrx_word' id='word_1_474' title='bbox 1992 1883 2192 1942; x_wconf 89' lang='lat' dir='ltr'><strong>dinari.</strong></span> <span class='ocrx_word' id='word_1_475' title='bbox 2220 1885 2371 1944; x_wconf 87' lang='lat' dir='ltr'><strong>Alias</strong></span> <span class='ocrx_word' id='word_1_476' title='bbox 2393 1895 2577 1945; x_wconf 89' lang='lat' dir='ltr'><strong>autem</strong></span> <span class='ocrx_word' id='word_1_477' title='bbox 2605 1888 2754 1946; x_wconf 90' lang='lat' dir='ltr'><strong>nullo</strong></span> <span class='ocrx_word' id='word_1_478' title='bbox 2793 1891 2977 1957; x_wconf 86' lang='lat' dir='ltr'><strong>modo,</strong></span> <span class='ocrx_word' id='word_1_479' title='bbox 3019 1894 3122 1950; x_wconf 90' lang='lat' dir='ltr'><strong>nisi</strong></span> <span class='ocrx_word' id='word_1_480' title='bbox 3169 1908 3337 1952; x_wconf 87' lang='lat' dir='ltr'><strong>causa</strong></span> <span class='ocrx_word' id='word_1_481' title='bbox 3359 1898 3579 1968; x_wconf 77' lang='lat' dir='ltr'><strong>grandis</strong></span> 
     </span>
    </p>
   </div>
   <div class='ocr_carea' id='block_1_64' title="bbox 1991 1977 3578 2059">
    <p class='ocr_par' dir='ltr' id='par_1_64' title="bbox 1991 1977 3578 2059">
     <span class='ocr_line' id='line_1_64' title="bbox 1991 1977 3578 2059; baseline 0.005 -28"><span class='ocrx_word' id='word_1_482' title='bbox 1991 1977 2368 2043; x_wconf 87' lang='lat' dir='ltr'><strong>necessitatis,</strong></span> <span class='ocrx_word' id='word_1_483' title='bbox 2403 1978 2469 2034; x_wconf 91' lang='lat' dir='ltr'><strong>de</strong></span> <span class='ocrx_word' id='word_1_484' title='bbox 2498 1979 2788 2035; x_wconf 86' lang='lat' dir='ltr'><strong>diaeonatu</strong></span> <span class='ocrx_word' id='word_1_485' title='bbox 2833 1988 3041 2036; x_wconf 89' lang='lat' dir='ltr'><strong>tantum</strong></span> <span class='ocrx_word' id='word_1_486' title='bbox 3084 1980 3169 2037; x_wconf 87' lang='lat' dir='ltr'><strong>vel</strong></span> <span class='ocrx_word' id='word_1_487' title='bbox 3200 1986 3578 2059; x_wconf 86' lang='lat' dir='ltr'><strong>presbyteratu</strong></span> 
     </span>
    </p>
   </div>
   <div class='ocr_carea' id='block_1_65' title="bbox 1992 2071 3577 2142">
    <p class='ocr_par' dir='ltr' id='par_1_65' title="bbox 1992 2071 3577 2142">
     <span class='ocr_line' id='line_1_65' title="bbox 1992 2071 3577 2142; baseline 0.007 -21"><span class='ocrx_word' id='word_1_488' title='bbox 1992 2079 2207 2138; x_wconf 86' lang='lat' dir='ltr'><strong>Oportet</strong></span> <span class='ocrx_word' id='word_1_489' title='bbox 2235 2071 2607 2126; x_wconf 87' lang='lat' dir='ltr'><strong>ordinationes</strong></span> <span class='ocrx_word' id='word_1_490' title='bbox 2639 2071 2746 2142; x_wconf 87' lang='lat' dir='ltr'><strong>agi.</strong></span> <span class='ocrx_word' id='word_1_491' title='bbox 2767 2071 2836 2127; x_wconf 87' lang='lat' dir='ltr'><strong>Et</strong></span> <span class='ocrx_word' id='word_1_492' title='bbox 2874 2073 2979 2129; x_wconf 88' lang='lat' dir='ltr'><strong>hoc</strong></span> <span class='ocrx_word' id='word_1_493' title='bbox 3012 2072 3066 2128; x_wconf 92' lang='lat' dir='ltr'><strong>in</strong></span> <span class='ocrx_word' id='word_1_494' title='bbox 3094 2074 3238 2129; x_wconf 89' lang='lat' dir='ltr'><strong>nulla</strong></span> <span class='ocrx_word' id='word_1_495' title='bbox 3259 2074 3577 2142; x_wconf 83' lang='lat' dir='ltr'><strong>festivitate,</strong></span> 
     </span>
    </p>
   </div>
   <div class='ocr_carea' id='block_1_66' title="bbox 1992 2158 3581 2239">
    <p class='ocr_par' dir='ltr' id='par_1_66' title="bbox 1992 2158 3581 2239">
     <span class='ocr_line' id='line_1_66' title="bbox 1992 2158 3581 2239; baseline 0.008 -28"><span class='ocrx_word' id='word_1_496' title='bbox 1992 2158 2097 2212; x_wconf 88' lang='lat' dir='ltr'><strong>nisi</strong></span> <span class='ocrx_word' id='word_1_497' title='bbox 2127 2159 2407 2219; x_wconf 88' lang='lat' dir='ltr'><strong>Dominica</strong></span> <span class='ocrx_word' id='word_1_498' title='bbox 2450 2160 2557 2226; x_wconf 92' lang='lat' dir='ltr'><strong>die,</strong></span> <span class='ocrx_word' id='word_1_499' title='bbox 2609 2176 2772 2231; x_wconf 90' lang='lat' dir='ltr'><strong>quam</strong></span> <span class='ocrx_word' id='word_1_500' title='bbox 2806 2171 2987 2220; x_wconf 88' lang='lat' dir='ltr'><strong>tamen</strong></span> <span class='ocrx_word' id='word_1_501' title='bbox 3025 2163 3290 2235; x_wconf 87' lang='lat' dir='ltr'><strong>jejunium</strong></span> <span class='ocrx_word' id='word_1_502' title='bbox 3328 2167 3581 2239; x_wconf 79' lang='lat' dir='ltr'><strong>generale</strong></span> 
     </span>
    </p>
   </div>
   <div class='ocr_carea' id='block_1_67' title="bbox 1995 2247 3580 2328">
    <p class='ocr_par' dir='ltr' id='par_1_67' title="bbox 1995 2247 3580 2328">
     <span class='ocr_line' id='line_1_67' title="bbox 1995 2247 3580 2328; baseline 0.006 -25"><span class='ocrx_word' id='word_1_503' title='bbox 1995 2248 2048 2303; x_wconf 93' lang='lat' dir='ltr'><strong>in</strong></span> <span class='ocrx_word' id='word_1_504' title='bbox 2066 2247 2315 2327; x_wconf 84' lang='lat' dir='ltr'><strong>Sabbato</strong></span> <span class='ocrx_word' id='word_1_505' title='bbox 2331 2251 2691 2320; x_wconf 67' lang='lat' dir='ltr'><strong>pmcesserit.</strong></span> <span class='ocrx_word' id='word_1_506' title='bbox 2725 2248 2861 2307; x_wconf 84' lang='lat' dir='ltr'><strong>Nam</strong></span> <span class='ocrx_word' id='word_1_507' title='bbox 2891 2260 2948 2308; x_wconf 87' lang='lat' dir='ltr'><strong>et</strong></span> <span class='ocrx_word' id='word_1_508' title='bbox 2978 2253 3090 2324; x_wconf 89' lang='lat' dir='ltr'><strong>ipse</strong></span> <span class='ocrx_word' id='word_1_509' title='bbox 3118 2255 3408 2328; x_wconf 90' lang='lat' dir='ltr'><strong>episcopus</strong></span> <span class='ocrx_word' id='word_1_510' title='bbox 3433 2258 3580 2314; x_wconf 56' lang='lat' dir='ltr'><strong>ordic</strong></span> 
     </span>
    </p>
   </div>
   <div class='ocr_carea' id='block_1_68' title="bbox 1993 2341 3578 2416">
    <p class='ocr_par' dir='ltr' id='par_1_68' title="bbox 1993 2341 3578 2416">
     <span class='ocr_line' id='line_1_68' title="bbox 1993 2341 3578 2416; baseline 0.007 -20"><span class='ocrx_word' id='word_1_511' title='bbox 1993 2341 2113 2396; x_wconf 89' lang='lat' dir='ltr'><strong>nari</strong></span> <span class='ocrx_word' id='word_1_512' title='bbox 2151 2358 2257 2397; x_wconf 91' lang='lat' dir='ltr'><strong>non</strong></span> <span class='ocrx_word' id='word_1_513' title='bbox 2289 2351 2487 2412; x_wconf 89' lang='lat' dir='ltr'><strong>potest,</strong></span> <span class='ocrx_word' id='word_1_514' title='bbox 2521 2343 2624 2400; x_wconf 91' lang='lat' dir='ltr'><strong>nisi</strong></span> <span class='ocrx_word' id='word_1_515' title='bbox 2653 2343 2709 2400; x_wconf 90' lang='lat' dir='ltr'><strong>in</strong></span> <span class='ocrx_word' id='word_1_516' title='bbox 2744 2345 3024 2403; x_wconf 89' lang='lat' dir='ltr'><strong>Dominica</strong></span> <span class='ocrx_word' id='word_1_517' title='bbox 3059 2347 3167 2416; x_wconf 89' lang='lat' dir='ltr'><strong>die,</strong></span> <span class='ocrx_word' id='word_1_518' title='bbox 3208 2349 3354 2406; x_wconf 86' lang='lat' dir='ltr'><strong>circa</strong></span> <span class='ocrx_word' id='word_1_519' title='bbox 3388 2351 3578 2408; x_wconf 88' lang='lat' dir='ltr'><strong>horam</strong></span> 
     </span>
    </p>
   </div>
   <div class='ocr_carea' id='block_1_69' title="bbox 1992 2434 3581 2512">
    <p class='ocr_par' dir='ltr' id='par_1_69' title="bbox 1992 2434 3581 2512">
     <span class='ocr_line' id='line_1_69' title="bbox 1992 2434 3581 2512; baseline 0.004 -22"><span class='ocrx_word' id='word_1_520' title='bbox 1992 2434 2097 2490; x_wconf 88' lang='lat' dir='ltr'><strong>diei</strong></span> <span class='ocrx_word' id='word_1_521' title='bbox 2149 2434 2386 2489; x_wconf 89' lang='lat' dir='ltr'><strong>tertiam.</strong></span> <span class='ocrx_word' id='word_1_522' title='bbox 2441 2436 2517 2491; x_wconf 91' lang='lat' dir='ltr'><strong>De</strong></span> <span class='ocrx_word' id='word_1_523' title='bbox 2558 2445 2751 2493; x_wconf 86' lang='lat' dir='ltr'><strong>sancto</strong></span> <span class='ocrx_word' id='word_1_524' title='bbox 2798 2444 2982 2494; x_wconf 90' lang='lat' dir='ltr'><strong>autem</strong></span> <span class='ocrx_word' id='word_1_525' title='bbox 3051 2437 3315 2512; x_wconf 81' lang='lat' dir='ltr'><strong>Gregorio</strong></span> <span class='ocrx_word' id='word_1_526' title='bbox 3365 2451 3581 2499; x_wconf 88' lang='lat' dir='ltr'><strong>constat</strong></span> 
     </span>
    </p>
   </div>
   <div class='ocr_carea' id='block_1_70' title="bbox 1992 2526 3582 2596">
    <p class='ocr_par' dir='ltr' id='par_1_70' title="bbox 1992 2526 3582 2596">
     <span class='ocr_line' id='line_1_70' title="bbox 1992 2526 3582 2596; baseline 0.008 -17"><span class='ocrx_word' id='word_1_527' title='bbox 1992 2526 2120 2595; x_wconf 88' lang='lat' dir='ltr'><strong>quia</strong></span> <span class='ocrx_word' id='word_1_528' title='bbox 2161 2541 2436 2596; x_wconf 87' lang='lat' dir='ltr'><strong>nunquam</strong></span> <span class='ocrx_word' id='word_1_529' title='bbox 2496 2528 2599 2583; x_wconf 90' lang='lat' dir='ltr'><strong>nisi</strong></span> <span class='ocrx_word' id='word_1_530' title='bbox 2644 2528 2701 2584; x_wconf 89' lang='lat' dir='ltr'><strong>in</strong></span> <span class='ocrx_word' id='word_1_531' title='bbox 2742 2543 2931 2587; x_wconf 89' lang='lat' dir='ltr'><strong>mense</strong></span> <span class='ocrx_word' id='word_1_532' title='bbox 2969 2529 3166 2588; x_wconf 81' lang='lat' dir='ltr'><strong>Martio</strong></span> <span class='ocrx_word' id='word_1_533' title='bbox 3207 2531 3582 2591; x_wconf 80' lang='lat' dir='ltr'><strong>ordinationes</strong></span> 
     </span>
    </p>
   </div>
   <div class='ocr_carea' id='block_1_71' title="bbox 1992 2617 3578 2693">
    <p class='ocr_par' dir='ltr' id='par_1_71' title="bbox 1992 2617 3578 2693">
     <span class='ocr_line' id='line_1_71' title="bbox 1992 2617 3578 2693; baseline 0.006 -20"><span class='ocrx_word' id='word_1_534' title='bbox 1992 2618 2124 2691; x_wconf 82' lang='lat' dir='ltr'><strong>egit.</strong></span> <span class='ocrx_word' id='word_1_535' title='bbox 2160 2617 2362 2674; x_wconf 88' lang='lat' dir='ltr'><strong>Beatus</strong></span> <span class='ocrx_word' id='word_1_536' title='bbox 2409 2634 2539 2676; x_wconf 85' lang='lat' dir='ltr'><strong>vero</strong></span> <span class='ocrx_word' id='word_1_537' title='bbox 2594 2618 2790 2676; x_wconf 84' lang='lat' dir='ltr'><strong>Petrus</strong></span> <span class='ocrx_word' id='word_1_538' title='bbox 2839 2622 3117 2693; x_wconf 87' lang='lat' dir='ltr'><strong>apostolus</strong></span> <span class='ocrx_word' id='word_1_539' title='bbox 3155 2623 3212 2680; x_wconf 92' lang='lat' dir='ltr'><strong>in</strong></span> <span class='ocrx_word' id='word_1_540' title='bbox 3254 2638 3443 2683; x_wconf 88' lang='lat' dir='ltr'><strong>mense</strong></span> <span class='ocrx_word' id='word_1_541' title='bbox 3473 2626 3578 2683; x_wconf 87' lang='lat' dir='ltr'><strong>De-</strong></span> 
     </span>
    </p>
   </div>
   <div class='ocr_carea' id='block_1_72' title="bbox 1993 2708 3582 2777">
    <p class='ocr_par' dir='ltr' id='par_1_72' title="bbox 1993 2708 3582 2777">
     <span class='ocr_line' id='line_1_72' title="bbox 1993 2708 3582 2777; baseline 0.002 -12"><span class='ocrx_word' id='word_1_542' title='bbox 1993 2708 2252 2775; x_wconf 86' lang='lat' dir='ltr'><strong>cembrio,</strong></span> <span class='ocrx_word' id='word_1_543' title='bbox 2313 2718 2370 2765; x_wconf 90' lang='lat' dir='ltr'><strong>et</strong></span> <span class='ocrx_word' id='word_1_544' title='bbox 2415 2726 2522 2767; x_wconf 88' lang='lat' dir='ltr'><strong>non</strong></span> <span class='ocrx_word' id='word_1_545' title='bbox 2574 2710 2770 2777; x_wconf 91' lang='lat' dir='ltr'><strong>aliubi;</strong></span> <span class='ocrx_word' id='word_1_546' title='bbox 2802 2711 2856 2768; x_wconf 91' lang='lat' dir='ltr'><strong>in</strong></span> <span class='ocrx_word' id='word_1_547' title='bbox 2905 2710 3066 2768; x_wconf 85' lang='lat' dir='ltr'><strong>Junio</strong></span> <span class='ocrx_word' id='word_1_548' title='bbox 3112 2723 3294 2771; x_wconf 88' lang='lat' dir='ltr'><strong>autem</strong></span> <span class='ocrx_word' id='word_1_549' title='bbox 3345 2723 3582 2772; x_wconf 76' lang='lat' dir='ltr'><strong>tanturn-</strong></span> 
     </span>
    </p>
   </div>
   <div class='ocr_carea' id='block_1_73' title="bbox 1993 2800 3581 2876">
    <p class='ocr_par' dir='ltr' id='par_1_73' title="bbox 1993 2800 3581 2876">
     <span class='ocr_line' id='line_1_73' title="bbox 1993 2800 3581 2876; baseline 0.006 -21"><span class='ocrx_word' id='word_1_550' title='bbox 1993 2800 2155 2855; x_wconf 88' lang='lat' dir='ltr'><strong>modo</strong></span> <span class='ocrx_word' id='word_1_551' title='bbox 2188 2800 2569 2859; x_wconf 86' lang='lat' dir='ltr'><strong>beatus........</strong></span> <span class='ocrx_word' id='word_1_552' title='bbox 2596 2817 2761 2874; x_wconf 89' lang='lat' dir='ltr'><strong>porro</strong></span> <span class='ocrx_word' id='word_1_553' title='bbox 2803 2801 2862 2859; x_wconf 90' lang='lat' dir='ltr'><strong>in</strong></span> <span class='ocrx_word' id='word_1_554' title='bbox 2913 2802 3219 2876; x_wconf 85' lang='lat' dir='ltr'><strong>Septembri</strong></span> <span class='ocrx_word' id='word_1_555' title='bbox 3244 2813 3305 2863; x_wconf 86' lang='lat' dir='ltr'><strong>et</strong></span> <span class='ocrx_word' id='word_1_556' title='bbox 3331 2819 3442 2864; x_wconf 86' lang='lat' dir='ltr'><strong>non</strong></span> <span class='ocrx_word' id='word_1_557' title='bbox 3476 2805 3581 2864; x_wconf 86' lang='lat' dir='ltr'><strong>alio</strong></span> 
     </span>
    </p>
   </div>
   <div class='ocr_carea' id='block_1_74' title="bbox 1992 2889 2300 2946">
    <p class='ocr_par' dir='ltr' id='par_1_74' title="bbox 1992 2889 2300 2946">
     <span class='ocr_line' id='line_1_74' title="bbox 1992 2889 2300 2946; baseline 0.003 -2"><span class='ocrx_word' id='word_1_558' title='bbox 1992 2889 2300 2946; x_wconf 89' lang='lat' dir='ltr'><strong>beatus.....</strong></span> 
     </span>
    </p>
   </div>
   <div class='ocr_carea' id='block_1_75' title="bbox 2067 2982 3583 3064">
    <p class='ocr_par' dir='ltr' id='par_1_75' title="bbox 2067 2982 3583 3064">
     <span class='ocr_line' id='line_1_75' title="bbox 2067 2982 3583 3064; baseline 0.008 -27"><span class='ocrx_word' id='word_1_559' title='bbox 2067 2982 2300 3038; x_wconf 79' lang='lat' dir='ltr'><strong>Rursum</strong></span> <span class='ocrx_word' id='word_1_560' title='bbox 2349 2983 2405 3040; x_wconf 93' lang='lat' dir='ltr'><strong>in</strong></span> <span class='ocrx_word' id='word_1_561' title='bbox 2471 2983 2703 3042; x_wconf 90' lang='lat' dir='ltr'><strong>concilio</strong></span> <span class='ocrx_word' id='word_1_562' title='bbox 2742 2986 3109 3058; x_wconf 89' lang='lat' dir='ltr'><strong>conquisitum</strong></span> <span class='ocrx_word' id='word_1_563' title='bbox 3158 2987 3314 3064; x_wconf 60' lang='lat' dir='ltr'><strong>[iam</strong></span> <span class='ocrx_word' id='word_1_564' title='bbox 3344 3004 3583 3063; x_wconf 83' lang='lat' dir='ltr'><strong>conque-</strong></span> 
     </span>
    </p>
   </div>
   <div class='ocr_carea' id='block_1_76' title="bbox 1993 3075 3581 3157">
    <p class='ocr_par' dir='ltr' id='par_1_76' title="bbox 1993 3075 3581 3157">
     <span class='ocr_line' id='line_1_76' title="bbox 1993 3075 3581 3157; baseline 0.005 -25"><span class='ocrx_word' id='word_1_565' title='bbox 1993 3075 2186 3149; x_wconf 89' lang='lat' dir='ltr'><strong>stum],</strong></span> <span class='ocrx_word' id='word_1_566' title='bbox 2232 3087 2318 3133; x_wconf 86' lang='lat' dir='ltr'><strong>est</strong></span> <span class='ocrx_word' id='word_1_567' title='bbox 2355 3078 2424 3135; x_wconf 90' lang='lat' dir='ltr'><strong>de</strong></span> <span class='ocrx_word' id='word_1_568' title='bbox 2452 3080 2944 3138; x_wconf 88' lang='lat' dir='ltr'><strong>excommunicatis</strong></span> <span class='ocrx_word' id='word_1_569' title='bbox 2991 3082 3424 3157; x_wconf 81' lang='lat' dir='ltr'><strong>Aquitanlgenis,</strong></span> <span class='ocrx_word' id='word_1_570' title='bbox 3487 3086 3581 3156; x_wconf 89' lang='lat' dir='ltr'><strong>qui</strong></span> 
     </span>
    </p>
   </div>
   <div class='ocr_carea' id='block_1_77' title="bbox 1996 3164 3584 3247">
    <p class='ocr_par' dir='ltr' id='par_1_77' title="bbox 1996 3164 3584 3247">
     <span class='ocr_line' id='line_1_77' title="bbox 1996 3164 3584 3247; baseline 0.006 -26"><span class='ocrx_word' id='word_1_571' title='bbox 1996 3167 2367 3237; x_wconf 84' lang='lat' dir='ltr'><strong>ignorantibus</strong></span> <span class='ocrx_word' id='word_1_572' title='bbox 2403 3169 2675 3241; x_wconf 88' lang='lat' dir='ltr'><strong>episcopis</strong></span> <span class='ocrx_word' id='word_1_573' title='bbox 2704 3171 2819 3229; x_wconf 87' lang='lat' dir='ltr'><strong>suis</strong></span> <span class='ocrx_word' id='word_1_574' title='bbox 2861 3185 2892 3227; x_wconf 91' lang='lat' dir='ltr'><strong>a</strong></span> <span class='ocrx_word' id='word_1_575' title='bbox 2921 3171 3170 3231; x_wconf 83' lang='lat' dir='ltr'><strong>Romano</strong></span> <span class='ocrx_word' id='word_1_576' title='bbox 3210 3164 3350 3247; x_wconf 83' lang='lat' dir='ltr'><strong>papa</strong></span> <span class='ocrx_word' id='word_1_577' title='bbox 3399 3175 3584 3246; x_wconf 79' lang='lat' dir='ltr'><strong>pomi-</strong></span> 
     </span>
    </p>
   </div>
   <div class='ocr_carea' id='block_1_78' title="bbox 1995 3261 3580 3337">
    <p class='ocr_par' dir='ltr' id='par_1_78' title="bbox 1995 3261 3580 3337">
     <span class='ocr_line' id='line_1_78' title="bbox 1995 3261 3580 3337; baseline 0.006 -22"><span class='ocrx_word' id='word_1_578' title='bbox 1995 3261 2220 3317; x_wconf 89' lang='lat' dir='ltr'><strong>tentiam</strong></span> <span class='ocrx_word' id='word_1_579' title='bbox 2256 3271 2311 3318; x_wconf 91' lang='lat' dir='ltr'><strong>et</strong></span> <span class='ocrx_word' id='word_1_580' title='bbox 2338 3263 2734 3320; x_wconf 89' lang='lat' dir='ltr'><strong>absolutionem</strong></span> <span class='ocrx_word' id='word_1_581' title='bbox 2765 3264 3064 3337; x_wconf 89' lang='lat' dir='ltr'><strong>accipiunt,</strong></span> <span class='ocrx_word' id='word_1_582' title='bbox 3102 3275 3158 3323; x_wconf 89' lang='lat' dir='ltr'><strong>et</strong></span> <span class='ocrx_word' id='word_1_583' title='bbox 3186 3267 3294 3325; x_wconf 88' lang='lat' dir='ltr'><strong>hac</strong></span> <span class='ocrx_word' id='word_1_584' title='bbox 3316 3267 3385 3325; x_wconf 88' lang='lat' dir='ltr'><strong>de</strong></span> <span class='ocrx_word' id='word_1_585' title='bbox 3413 3282 3580 3324; x_wconf 85' lang='lat' dir='ltr'><strong>causa</strong></span> 
     </span>
    </p>
   </div>
   <div class='ocr_carea' id='block_1_79' title="bbox 1991 3355 3584 3434">
    <p class='ocr_par' dir='ltr' id='par_1_79' title="bbox 1991 3355 3584 3434">
     <span class='ocr_line' id='line_1_79' title="bbox 1991 3355 3584 3434; baseline 0.008 -27"><span class='ocrx_word' id='word_1_586' title='bbox 1991 3369 2095 3423; x_wconf 82' lang='lat' dir='ltr'><strong>pax</strong></span> <span class='ocrx_word' id='word_1_587' title='bbox 2132 3363 2185 3410; x_wconf 92' lang='lat' dir='ltr'><strong>et</strong></span> <span class='ocrx_word' id='word_1_588' title='bbox 2213 3355 2504 3411; x_wconf 87' lang='lat' dir='ltr'><strong>concilium</strong></span> <span class='ocrx_word' id='word_1_589' title='bbox 2536 3356 2590 3411; x_wconf 90' lang='lat' dir='ltr'><strong>in</strong></span> <span class='ocrx_word' id='word_1_590' title='bbox 2615 3357 2910 3427; x_wconf 81' lang='lat' dir='ltr'><strong>Aquitania</strong></span> <span class='ocrx_word' id='word_1_591' title='bbox 2935 3361 3264 3429; x_wconf 90' lang='lat' dir='ltr'><strong>destruitur,</strong></span> <span class='ocrx_word' id='word_1_592' title='bbox 3294 3362 3422 3419; x_wconf 91' lang='lat' dir='ltr'><strong>dum</strong></span> <span class='ocrx_word' id='word_1_593' title='bbox 3445 3376 3584 3434; x_wconf 84' lang='lat' dir='ltr'><strong>quos</strong></span> 
     </span>
    </p>
   </div>
   <div class='ocr_carea' id='block_1_80' title="bbox 1995 3444 3583 3520">
    <p class='ocr_par' dir='ltr' id='par_1_80' title="bbox 1995 3444 3583 3520">
     <span class='ocr_line' id='line_1_80' title="bbox 1995 3444 3583 3520; baseline 0.008 -21"><span class='ocrx_word' id='word_1_594' title='bbox 1995 3444 2083 3500; x_wconf 88' lang='lat' dir='ltr'><strong>isti</strong></span> <span class='ocrx_word' id='word_1_595' title='bbox 2107 3444 2254 3515; x_wconf 90' lang='lat' dir='ltr'><strong>juste</strong></span> <span class='ocrx_word' id='word_1_596' title='bbox 2286 3448 2480 3520; x_wconf 84' lang='lat' dir='ltr'><strong>ligant,</strong></span> <span class='ocrx_word' id='word_1_597' title='bbox 2508 3449 2598 3504; x_wconf 90' lang='lat' dir='ltr'><strong>ille</strong></span> <span class='ocrx_word' id='word_1_598' title='bbox 2626 3449 2828 3520; x_wconf 87' lang='lat' dir='ltr'><strong>injuste</strong></span> <span class='ocrx_word' id='word_1_599' title='bbox 2854 3452 3109 3509; x_wconf 89' lang='lat' dir='ltr'><strong>absolvit.</strong></span> <span class='ocrx_word' id='word_1_600' title='bbox 3140 3453 3227 3509; x_wconf 80' lang='lat' dir='ltr'><strong>Ad</strong></span> <span class='ocrx_word' id='word_1_601' title='bbox 3268 3454 3385 3512; x_wconf 65' lang='lat' dir='ltr'><strong>haec</strong></span> <span class='ocrx_word' id='word_1_602' title='bbox 3416 3469 3583 3512; x_wconf 58' lang='lat' dir='ltr'><strong>vene.</strong></span> 
     </span>
    </p>
   </div>
   <div class='ocr_carea' id='block_1_81' title="bbox 2001 3538 3584 3611">
    <p class='ocr_par' dir='ltr' id='par_1_81' title="bbox 2001 3538 3584 3611">
     <span class='ocr_line' id='line_1_81' title="bbox 2001 3538 3584 3611; baseline 0.008 -20"><span class='ocrx_word' id='word_1_603' title='bbox 2001 3538 2200 3593; x_wconf 88' lang='lat' dir='ltr'><strong>randns</strong></span> <span class='ocrx_word' id='word_1_604' title='bbox 2215 3539 2528 3611; x_wconf 79' lang='lat' dir='ltr'><strong>Engelricus</strong></span> <span class='ocrx_word' id='word_1_605' title='bbox 2540 3542 2837 3599; x_wconf 85' lang='lat' dir='ltr'><strong>canonieus</strong></span> <span class='ocrx_word' id='word_1_606' title='bbox 2856 3543 3071 3600; x_wconf 64' lang='lat' dir='ltr'><strong>Sanctae</strong></span> <span class='ocrx_word' id='word_1_607' title='bbox 3083 3542 3266 3602; x_wconf 70' lang='lat' dir='ltr'><strong>Mariae</strong></span> <span class='ocrx_word' id='word_1_608' title='bbox 3274 3544 3584 3603; x_wconf 78' lang='lat' dir='ltr'><strong>Aniciensis</strong></span> 
     </span>
    </p>
   </div>
   <div class='ocr_carea' id='block_1_82' title="bbox 1994 3630 3580 3710">
    <p class='ocr_par' dir='ltr' id='par_1_82' title="bbox 1994 3630 3580 3710">
     <span class='ocr_line' id='line_1_82' title="bbox 1994 3630 3580 3710; baseline 0.004 -23"><span class='ocrx_word' id='word_1_609' title='bbox 1994 3630 2259 3699; x_wconf 74' lang='lat' dir='ltr'><strong>ecclesizc,</strong></span> <span class='ocrx_word' id='word_1_610' title='bbox 2282 3632 2447 3703; x_wconf 67' lang='lat' dir='ltr'><strong>coepit</strong></span> <span class='ocrx_word' id='word_1_611' title='bbox 2481 3633 2989 3703; x_wconf 84' lang='lat' dir='ltr'><strong>explicare,dieens</strong></span> <span class='ocrx_word' id='word_1_612' title='bbox 3020 3653 3034 3690; x_wconf 91' lang='lat'><strong>:</strong></span> <span class='ocrx_word' id='word_1_613' title='bbox 3069 3654 3088 3690; x_wconf 74' lang='grc' dir='ltr'><strong>ι</strong></span> <span class='ocrx_word' id='word_1_614' title='bbox 3130 3636 3441 3710; x_wconf 86' lang='lat' dir='ltr'><strong>Stephanus</strong></span> <span class='ocrx_word' id='word_1_615' title='bbox 3473 3638 3580 3694; x_wconf 75' lang='lat' dir='ltr'><strong>Ar-</strong></span> 
     </span>
    </p>
   </div>
   <div class='ocr_carea' id='block_1_83' title="bbox 1996 3726 3580 3797">
    <p class='ocr_par' dir='ltr' id='par_1_83' title="bbox 1996 3726 3580 3797">
     <span class='ocr_line' id='line_1_83' title="bbox 1996 3726 3580 3797; baseline 0.008 -22"><span class='ocrx_word' id='word_1_616' title='bbox 1996 3726 2278 3781; x_wconf 85' lang='lat' dir='ltr'><strong>vcrnensis</strong></span> <span class='ocrx_word' id='word_1_617' title='bbox 2304 3726 2498 3797; x_wconf 66' lang='lat' dir='ltr'><strong>praesul</strong></span> <span class='ocrx_word' id='word_1_618' title='bbox 2528 3737 2657 3784; x_wconf 90' lang='lat' dir='ltr'><strong>ante</strong></span> <span class='ocrx_word' id='word_1_619' title='bbox 2694 3728 2794 3783; x_wconf 90' lang='lat' dir='ltr'><strong>hos</strong></span> <span class='ocrx_word' id='word_1_620' title='bbox 2831 3741 3005 3785; x_wconf 89' lang='lat' dir='ltr'><strong>annos</strong></span> <span class='ocrx_word' id='word_1_621' title='bbox 3040 3727 3288 3787; x_wconf 90' lang='lat' dir='ltr'><strong>Pontium</strong></span> <span class='ocrx_word' id='word_1_622' title='bbox 3325 3731 3580 3789; x_wconf 88' lang='lat' dir='ltr'><strong>comitem</strong></span> 
     </span>
    </p>
   </div>
   <div class='ocr_carea' id='block_1_84' title="bbox 1991 3816 3582 3896">
    <p class='ocr_par' dir='ltr' id='par_1_84' title="bbox 1991 3816 3582 3896">
     <span class='ocr_line' id='line_1_84' title="bbox 1991 3816 3582 3896; baseline 0.008 -27"><span class='ocrx_word' id='word_1_623' title='bbox 1991 3816 2390 3872; x_wconf 86' lang='lat' dir='ltr'><strong>Arvernensem</strong></span> <span class='ocrx_word' id='word_1_624' title='bbox 2471 3819 3042 3877; x_wconf 88' lang='lat' dir='ltr'><strong>excommunicatione</strong></span> <span class='ocrx_word' id='word_1_625' title='bbox 3089 3821 3413 3888; x_wconf 75' lang='lat' dir='ltr'><strong>obstrinxit,</strong></span> <span class='ocrx_word' id='word_1_626' title='bbox 3480 3839 3582 3896; x_wconf 86' lang='lat' dir='ltr'><strong>pro</strong></span> 
     </span>
    </p>
   </div>
   <div class='ocr_carea' id='block_1_85' title="bbox 1993 3907 3579 3980">
    <p class='ocr_par' dir='ltr' id='par_1_85' title="bbox 1993 3907 3579 3980">
     <span class='ocr_line' id='line_1_85' title="bbox 1993 3907 3579 3980; baseline 0.008 -19"><span class='ocrx_word' id='word_1_627' title='bbox 1993 3922 2163 3962; x_wconf 77' lang='lat' dir='ltr'><strong>uxore</strong></span> <span class='ocrx_word' id='word_1_628' title='bbox 2208 3907 2465 3980; x_wconf 87' lang='lat' dir='ltr'><strong>legitima,</strong></span> <span class='ocrx_word' id='word_1_629' title='bbox 2512 3925 2676 3980; x_wconf 86' lang='lat' dir='ltr'><strong>quam</strong></span> <span class='ocrx_word' id='word_1_630' title='bbox 2716 3910 3018 3980; x_wconf 88' lang='lat' dir='ltr'><strong>dimiserat,</strong></span> <span class='ocrx_word' id='word_1_631' title='bbox 3044 3922 3102 3970; x_wconf 86' lang='lat' dir='ltr'><strong>et</strong></span> <span class='ocrx_word' id='word_1_632' title='bbox 3126 3912 3290 3969; x_wconf 87' lang='lat' dir='ltr'><strong>aliam</strong></span> <span class='ocrx_word' id='word_1_633' title='bbox 3330 3915 3579 3974; x_wconf 86' lang='lat' dir='ltr'><strong>duxerat.</strong></span> 
     </span>
    </p>
   </div>
   <div class='ocr_carea' id='block_1_86' title="bbox 1993 3996 3581 4072">
    <p class='ocr_par' dir='ltr' id='par_1_86' title="bbox 1993 3996 3581 4072">
     <span class='ocr_line' id='line_1_86' title="bbox 1993 3996 3581 4072; baseline 0.009 -23"><span class='ocrx_word' id='word_1_634' title='bbox 1993 3996 2164 4065; x_wconf 86' lang='lat' dir='ltr'><strong>Quem</strong></span> <span class='ocrx_word' id='word_1_635' title='bbox 2217 4014 2341 4055; x_wconf 90' lang='lat' dir='ltr'><strong>eum</strong></span> <span class='ocrx_word' id='word_1_636' title='bbox 2388 4000 2539 4057; x_wconf 91' lang='lat' dir='ltr'><strong>nulla</strong></span> <span class='ocrx_word' id='word_1_637' title='bbox 2614 4002 2827 4059; x_wconf 89' lang='lat' dir='ltr'><strong>ratione</strong></span> <span class='ocrx_word' id='word_1_638' title='bbox 2871 4003 3034 4061; x_wconf 87' lang='lat' dir='ltr'><strong>vellet</strong></span> <span class='ocrx_word' id='word_1_639' title='bbox 3098 4003 3407 4072; x_wconf 80' lang='lat' dir='ltr'><strong>absolvere,</strong></span> <span class='ocrx_word' id='word_1_640' title='bbox 3474 4006 3581 4063; x_wconf 89' lang='lat' dir='ltr'><strong>nisi</strong></span> 
     </span>
    </p>
   </div>
   <div class='ocr_carea' id='block_1_87' title="bbox 1991 4090 3583 4170">
    <p class='ocr_par' dir='ltr' id='par_1_87' title="bbox 1991 4090 3583 4170">
     <span class='ocr_line' id='line_1_87' title="bbox 1991 4090 3583 4170; baseline 0.006 -26"><span class='ocrx_word' id='word_1_641' title='bbox 1991 4090 2361 4159; x_wconf 90' lang='lat' dir='ltr'><strong>emendatum,</strong></span> <span class='ocrx_word' id='word_1_642' title='bbox 2416 4109 2601 4150; x_wconf 89' lang='lat' dir='ltr'><strong>comes</strong></span> <span class='ocrx_word' id='word_1_643' title='bbox 2640 4095 2828 4152; x_wconf 62' lang='lat' dir='ltr'><strong>Romae</strong></span> <span class='ocrx_word' id='word_1_644' title='bbox 2872 4112 2903 4151; x_wconf 89' lang='lat' dir='ltr'><strong>a</strong></span> <span class='ocrx_word' id='word_1_645' title='bbox 2941 4097 3140 4154; x_wconf 89' lang='lat' dir='ltr'><strong>domno</strong></span> <span class='ocrx_word' id='word_1_646' title='bbox 3172 4111 3311 4170; x_wconf 87' lang='lat' dir='ltr'><strong>papa</strong></span> <span class='ocrx_word' id='word_1_647' title='bbox 3361 4098 3583 4155; x_wconf 84' lang='lat' dir='ltr'><strong>absolu-</strong></span> 
     </span>
    </p>
   </div>
   <div class='ocr_carea' id='block_1_88' title="bbox 1995 4180 3582 4255">
    <p class='ocr_par' dir='ltr' id='par_1_88' title="bbox 1995 4180 3582 4255">
     <span class='ocr_line' id='line_1_88' title="bbox 1995 4180 3582 4255; baseline 0.005 -20"><span class='ocrx_word' id='word_1_648' title='bbox 1995 4180 2197 4236; x_wconf 90' lang='lat' dir='ltr'><strong>tionem</strong></span> <span class='ocrx_word' id='word_1_649' title='bbox 2227 4181 2458 4252; x_wconf 89' lang='lat' dir='ltr'><strong>accepit,</strong></span> <span class='ocrx_word' id='word_1_650' title='bbox 2498 4182 2781 4254; x_wconf 81' lang='lat' dir='ltr'><strong>ignorante</strong></span> <span class='ocrx_word' id='word_1_651' title='bbox 2814 4200 2952 4255; x_wconf 87' lang='lat' dir='ltr'><strong>papa</strong></span> <span class='ocrx_word' id='word_1_652' title='bbox 2979 4201 3102 4242; x_wconf 89' lang='lat' dir='ltr'><strong>eum</strong></span> <span class='ocrx_word' id='word_1_653' title='bbox 3136 4188 3582 4245; x_wconf 83' lang='lat' dir='ltr'><strong>excommunica-</strong></span> 
     </span>
    </p>
   </div>
   <div class='ocr_carea' id='block_1_89' title="bbox 1994 4269 3581 4350">
    <p class='ocr_par' dir='ltr' id='par_1_89' title="bbox 1994 4269 3581 4350">
     <span class='ocr_line' id='line_1_89' title="bbox 1994 4269 3581 4350; baseline 0.008 -26"><span class='ocrx_word' id='word_1_654' title='bbox 1994 4280 2128 4325; x_wconf 91' lang='lat' dir='ltr'><strong>tum.</strong></span> <span class='ocrx_word' id='word_1_655' title='bbox 2162 4269 2314 4337; x_wconf 87' lang='lat' dir='ltr'><strong>Quod</strong></span> <span class='ocrx_word' id='word_1_656' title='bbox 2336 4271 2575 4342; x_wconf 86' lang='lat' dir='ltr'><strong>graviter</strong></span> <span class='ocrx_word' id='word_1_657' title='bbox 2602 4275 2890 4346; x_wconf 83' lang='lat' dir='ltr'><strong>cpiscopus</strong></span> <span class='ocrx_word' id='word_1_658' title='bbox 2924 4275 3130 4345; x_wconf 82' lang='lat' dir='ltr'><strong>ferens,</strong></span> <span class='ocrx_word' id='word_1_659' title='bbox 3162 4277 3581 4350; x_wconf 89' lang='lat' dir='ltr'><strong>conquisitorias</strong></span> 
     </span>
    </p>
   </div>
   <div class='ocr_carea' id='block_1_90' title="bbox 1996 4360 3583 4442">
    <p class='ocr_par' dir='ltr' id='par_1_90' title="bbox 1996 4360 3583 4442">
     <span class='ocr_line' id='line_1_90' title="bbox 1996 4360 3583 4442; baseline 0.009 -27"><span class='ocrx_word' id='word_1_660' title='bbox 1996 4360 2183 4434; x_wconf 82' lang='lat' dir='ltr'><strong>[corr.,</strong></span> <span class='ocrx_word' id='word_1_661' title='bbox 2226 4365 2662 4437; x_wconf 90' lang='lat' dir='ltr'><strong>conquestorias]</strong></span> <span class='ocrx_word' id='word_1_662' title='bbox 2708 4366 2921 4423; x_wconf 88' lang='lat' dir='ltr'><strong>litteras</strong></span> <span class='ocrx_word' id='word_1_663' title='bbox 2998 4369 3229 4425; x_wconf 82' lang='lat' dir='ltr'><strong>Romam</strong></span> <span class='ocrx_word' id='word_1_664' title='bbox 3286 4370 3583 4442; x_wconf 87' lang='lat' dir='ltr'><strong>apostolico</strong></span> 
     </span>
    </p>
   </div>
   <div class='ocr_carea' id='block_1_91' title="bbox 311 4436 3578 4535">
    <p class='ocr_par' dir='ltr' id='par_1_91' title="bbox 311 4436 3578 4535">
     <span class='ocr_line' id='line_1_91' title="bbox 311 4436 3578 4535; baseline 0.01 -50"><span class='ocrx_word' id='word_1_665' title='bbox 311 4452 331 4485; x_wconf 74' lang='grc' dir='ltr'><strong>ι</strong></span> <span class='ocrx_word' id='word_1_666' title='bbox 374 4436 623 4535; x_wconf 61' lang='lat' dir='ltr'><strong>cerdotio</strong></span> <span class='ocrx_word' id='word_1_667' title='bbox 651 4438 823 4510; x_wconf 76' lang='lat' dir='ltr'><strong>fungi.</strong></span> <span class='ocrx_word' id='word_1_668' title='bbox 878 4461 897 4495; x_wconf 74' lang='grc' dir='ltr'><strong>ι</strong></span> <span class='ocrx_word' id='word_1_669' title='bbox 928 4441 1064 4498; x_wconf 85' lang='lat' dir='ltr'><strong>Nam</strong></span> <span class='ocrx_word' id='word_1_670' title='bbox 1106 4445 1195 4500; x_wconf 90' lang='lat' dir='ltr'><strong>ille</strong></span> <span class='ocrx_word' id='word_1_671' title='bbox 1224 4449 1315 4516; x_wconf 86' lang='lat' dir='ltr'><strong>qui</strong></span> <span class='ocrx_word' id='word_1_672' title='bbox 1348 4450 1527 4505; x_wconf 91' lang='lat' dir='ltr'><strong>adhuc</strong></span> <span class='ocrx_word' id='word_1_673' title='bbox 1573 4452 1760 4508; x_wconf 90' lang='lat' dir='ltr'><strong>vivens</strong></span> <span class='ocrx_word' id='word_1_674' title='bbox 1785 4460 1886 4520; x_wconf 88' lang='lat' dir='ltr'><strong>est,</strong></span> <span class='ocrx_word' id='word_1_675' title='bbox 1921 4475 1968 4534; x_wconf 72' lang='grc' dir='ltr'>ι)</span> <span class='ocrx_word' id='word_1_676' title='bbox 1995 4452 2174 4518; x_wconf 87' lang='lat' dir='ltr'><strong>misit;</strong></span> <span class='ocrx_word' id='word_1_677' title='bbox 2204 4453 2293 4509; x_wconf 91' lang='lat' dir='ltr'><strong>cui</strong></span> <span class='ocrx_word' id='word_1_678' title='bbox 2346 4453 2438 4510; x_wconf 88' lang='lat' dir='ltr'><strong>ille</strong></span> <span class='ocrx_word' id='word_1_679' title='bbox 2474 4455 2530 4510; x_wconf 90' lang='lat' dir='ltr'><strong>in</strong></span> <span class='ocrx_word' id='word_1_680' title='bbox 2568 4436 2713 4512; x_wconf 79' lang='lat' dir='ltr'><strong>hunc</strong></span> <span class='ocrx_word' id='word_1_681' title='bbox 2758 4458 2978 4535; x_wconf 73' lang='lat' dir='ltr'><strong>modum</strong></span> <span class='ocrx_word' id='word_1_682' title='bbox 3019 4461 3229 4517; x_wconf 85' lang='lat' dir='ltr'><strong>remisit</strong></span> <span class='ocrx_word' id='word_1_683' title='bbox 3270 4436 3578 4533; x_wconf 81' lang='lat' dir='ltr'><strong>epistolam.</strong></span> 
     </span>
    </p>
   </div>
   <div class='ocr_carea' id='block_1_92' title="bbox 306 4528 1889 4606">
    <p class='ocr_par' dir='ltr' id='par_1_92' title="bbox 306 4528 1889 4606">
     <span class='ocr_line' id='line_1_92' title="bbox 306 4528 1889 4606; baseline 0.013 -25"><span class='ocrx_word' id='word_1_684' title='bbox 306 4528 400 4599; x_wconf 87' lang='lat' dir='ltr'><strong>qui</strong></span> <span class='ocrx_word' id='word_1_685' title='bbox 437 4528 772 4601; x_wconf 90' lang='lat' dir='ltr'><strong>Stephanum</strong></span> <span class='ocrx_word' id='word_1_686' title='bbox 822 4536 1137 4606; x_wconf 90' lang='lat' dir='ltr'><strong>episcopum</strong></span> <span class='ocrx_word' id='word_1_687' title='bbox 1178 4539 1303 4596; x_wconf 89' lang='lat' dir='ltr'><strong>dolo</strong></span> <span class='ocrx_word' id='word_1_688' title='bbox 1345 4542 1585 4606; x_wconf 89' lang='lat' dir='ltr'><strong>occidit,</strong></span> <span class='ocrx_word' id='word_1_689' title='bbox 1616 4560 1742 4600; x_wconf 90' lang='lat' dir='ltr'><strong>cum</strong></span> <span class='ocrx_word' id='word_1_690' title='bbox 1783 4562 1889 4602; x_wconf 87' lang='lat' dir='ltr'><strong>non</strong></span> 
     </span>
    </p>
   </div>
   <div class='ocr_carea' id='block_1_93' title="bbox 307 4617 1913 4702">
    <p class='ocr_par' dir='ltr' id='par_1_93' title="bbox 307 4617 1913 4702">
     <span class='ocr_line' id='line_1_93' title="bbox 307 4617 1913 4702; baseline 0.013 -28"><span class='ocrx_word' id='word_1_691' title='bbox 307 4617 578 4678; x_wconf 84' lang='lat' dir='ltr'><strong>inveniret</strong></span> <span class='ocrx_word' id='word_1_692' title='bbox 600 4640 700 4695; x_wconf 88' lang='lat' dir='ltr'><strong>pro</strong></span> <span class='ocrx_word' id='word_1_693' title='bbox 729 4633 881 4681; x_wconf 90' lang='lat' dir='ltr'><strong>tanto</strong></span> <span class='ocrx_word' id='word_1_694' title='bbox 908 4629 1138 4686; x_wconf 89' lang='lat' dir='ltr'><strong>crimine</strong></span> <span class='ocrx_word' id='word_1_695' title='bbox 1168 4633 1544 4702; x_wconf 72' lang='lat' dir='ltr'><strong>pcenitentiam</strong></span> <span class='ocrx_word' id='word_1_696' title='bbox 1573 4636 1913 4694; x_wconf 36' lang='lat' dir='ltr'><strong>Cluniacum‘</strong></span> 
     </span>
    </p>
   </div>
   <div class='ocr_carea' id='block_1_94' title="bbox 306 4712 1893 4798">
    <p class='ocr_par' dir='ltr' id='par_1_94' title="bbox 306 4712 1893 4798">
     <span class='ocr_line' id='line_1_94' title="bbox 306 4712 1893 4798; baseline 0.013 -32"><span class='ocrx_word' id='word_1_697' title='bbox 306 4712 615 4768; x_wconf 67' lang='lat' dir='ltr'><strong>cmnobium</strong></span> <span class='ocrx_word' id='word_1_698' title='bbox 643 4716 819 4785; x_wconf 88' lang='lat' dir='ltr'><strong>petiit,</strong></span> <span class='ocrx_word' id='word_1_699' title='bbox 851 4720 1149 4776; x_wconf 88' lang='lat' dir='ltr'><strong>monachus</strong></span> <span class='ocrx_word' id='word_1_700' title='bbox 1174 4722 1247 4777; x_wconf 90' lang='lat' dir='ltr'><strong>ibi</strong></span> <span class='ocrx_word' id='word_1_701' title='bbox 1274 4722 1501 4781; x_wconf 82' lang='lat' dir='ltr'><strong>eﬂ‘eetus</strong></span> <span class='ocrx_word' id='word_1_702' title='bbox 1528 4737 1635 4784; x_wconf 87' lang='lat' dir='ltr'><strong>est.</strong></span> <span class='ocrx_word' id='word_1_703' title='bbox 1684 4729 1786 4798; x_wconf 90' lang='lat' dir='ltr'><strong>Qui</strong></span> <span class='ocrx_word' id='word_1_704' title='bbox 1816 4729 1893 4786; x_wconf 90' lang='lat' dir='ltr'><strong>le-</strong></span> 
     </span>
    </p>
   </div>
   <div class='ocr_carea' id='block_1_95' title="bbox 310 4810 1894 4889">
    <p class='ocr_par' dir='ltr' id='par_1_95' title="bbox 310 4810 1894 4889">
     <span class='ocr_line' id='line_1_95' title="bbox 310 4810 1894 4889; baseline 0.016 -36"><span class='ocrx_word' id='word_1_705' title='bbox 310 4813 439 4868; x_wconf 78' lang='lat' dir='ltr'><strong>gere</strong></span> <span class='ocrx_word' id='word_1_706' title='bbox 465 4810 523 4856; x_wconf 92' lang='lat' dir='ltr'><strong>et</strong></span> <span class='ocrx_word' id='word_1_707' title='bbox 558 4813 781 4860; x_wconf 87' lang='lat' dir='ltr'><strong>cantare</strong></span> <span class='ocrx_word' id='word_1_708' title='bbox 808 4815 1064 4878; x_wconf 88' lang='lat' dir='ltr'><strong>tanquam</strong></span> <span class='ocrx_word' id='word_1_709' title='bbox 1092 4812 1301 4881; x_wconf 89' lang='lat' dir='ltr'><strong>peritus</strong></span> <span class='ocrx_word' id='word_1_710' title='bbox 1331 4814 1565 4874; x_wconf 89' lang='lat' dir='ltr'><strong>clericus</strong></span> <span class='ocrx_word' id='word_1_711' title='bbox 1590 4819 1800 4889; x_wconf 90' lang='lat' dir='ltr'><strong>sciens,</strong></span> <span class='ocrx_word' id='word_1_712' title='bbox 1823 4823 1894 4878; x_wconf 88' lang='lat' dir='ltr'><strong>ab</strong></span> 
     </span>
    </p>
   </div>
   <div class='ocr_carea' id='block_1_96' title="bbox 314 4889 1892 4986">
    <p class='ocr_par' dir='ltr' id='par_1_96' title="bbox 314 4889 1892 4986">
     <span class='ocr_line' id='line_1_96' title="bbox 314 4889 1892 4986; baseline 0.017 -42"><span class='ocrx_word' id='word_1_713' title='bbox 314 4889 537 4986; x_wconf 68' lang='lat' dir='ltr'><strong>Ddilone</strong></span> <span class='ocrx_word' id='word_1_714' title='bbox 564 4895 760 4952; x_wconf 88' lang='lat' dir='ltr'><strong>abbate</strong></span> <span class='ocrx_word' id='word_1_715' title='bbox 791 4899 1135 4969; x_wconf 83' lang='lat' dir='ltr'><strong>cogitabatur</strong></span> <span class='ocrx_word' id='word_1_716' title='bbox 1160 4903 1342 4961; x_wconf 77' lang='lat' dir='ltr'><strong>oll‘erri</strong></span> <span class='ocrx_word' id='word_1_717' title='bbox 1387 4911 1643 4983; x_wconf 88' lang='lat' dir='ltr'><strong>episcopo</strong></span> <span class='ocrx_word' id='word_1_718' title='bbox 1681 4914 1748 4968; x_wconf 87' lang='lat' dir='ltr'><strong>ad</strong></span> <span class='ocrx_word' id='word_1_719' title='bbox 1771 4931 1892 4986; x_wconf 85' lang='lat' dir='ltr'><strong>gra-</strong></span> 
     </span>
    </p>
   </div>
   <div class='ocr_carea' id='block_1_97' title="bbox 310 4980 1889 5075">
    <p class='ocr_par' dir='ltr' id='par_1_97' title="bbox 310 4980 1889 5075">
     <span class='ocr_line' id='line_1_97' title="bbox 310 4980 1889 5075; baseline 0.02 -41"><span class='ocrx_word' id='word_1_720' title='bbox 310 4980 413 5075; x_wconf 80' lang='lat' dir='ltr'><strong>dus</strong></span> <span class='ocrx_word' id='word_1_721' title='bbox 436 4985 643 5044; x_wconf 90' lang='lat' dir='ltr'><strong>altaris.</strong></span> <span class='ocrx_word' id='word_1_722' title='bbox 664 4990 736 5044; x_wconf 86' lang='lat' dir='ltr'><strong>At</strong></span> <span class='ocrx_word' id='word_1_723' title='bbox 756 4991 1049 5060; x_wconf 85' lang='lat' dir='ltr'><strong>prudenter</strong></span> <span class='ocrx_word' id='word_1_724' title='bbox 1074 5002 1317 5053; x_wconf 89' lang='lat' dir='ltr'><strong>tractans</strong></span> <span class='ocrx_word' id='word_1_725' title='bbox 1339 4980 1679 5060; x_wconf 77' lang='lat' dir='ltr'><strong>venerandus</strong></span> <span class='ocrx_word' id='word_1_726' title='bbox 1704 4980 1889 5075; x_wconf 79' lang='lat' dir='ltr'><strong>abbas,</strong></span> 
     </span>
    </p>
   </div>
   <div class='ocr_carea' id='block_1_98' title="bbox 315 5072 1855 5124">
    <p class='ocr_par' dir='ltr' id='par_1_98' title="bbox 315 5072 1855 5124">
     <span class='ocr_line' id='line_1_98' title="bbox 315 5072 1855 5124; baseline 0 0"><span class='ocrx_word' id='word_1_727' title='bbox 315 5072 508 5124; x_wconf 72' lang='lat' dir='ltr'><strong>litteris</strong></span> <span class='ocrx_word' id='word_1_728' title='bbox 530 5078 752 5124; x_wconf 69' lang='lat' dir='ltr'><strong>tlimnlin</strong></span> <span class='ocrx_word' id='word_1_729' title='bbox 778 5080 845 5124; x_wconf 72' lang='lat' dir='ltr'><strong>ad</strong></span> <span class='ocrx_word' id='word_1_730' title='bbox 875 5097 1065 5124; x_wconf 69' lang='lat' dir='ltr'><strong>nnnnm</strong></span> <span class='ocrx_word' id='word_1_731' title='bbox 1120 5085 1422 5124; x_wconf 74' lang='grc' dir='ltr'><strong>Ωηιιιηηυη.</strong></span> <span class='ocrx_word' id='word_1_732' title='bbox 1461 5097 1760 5124; x_wconf 64' lang='grc' dir='ltr'><strong>η-..,...ι......</strong></span> <span class='ocrx_word' id='word_1_733' title='bbox 1799 5118 1855 5124; x_wconf 59' lang='grc' dir='ltr'><strong>η..</strong></span> 
     </span>
    </p>
   </div>
   <div class='ocr_carea' id='block_1_99' title="bbox 2000 4543 3580 4621">
    <p class='ocr_par' dir='ltr' id='par_1_99' title="bbox 2000 4543 3580 4621">
     <span class='ocr_line' id='line_1_99' title="bbox 2000 4543 3580 4621; baseline 0.009 -25"><span class='ocrx_word' id='word_1_734' title='bbox 2000 4562 2019 4596; x_wconf 74' lang='grc' dir='ltr'><strong>ι</strong></span> <span class='ocrx_word' id='word_1_735' title='bbox 2065 4543 2217 4611; x_wconf 85' lang='lat' dir='ltr'><strong>Quod</strong></span> <span class='ocrx_word' id='word_1_736' title='bbox 2252 4544 2558 4600; x_wconf 88' lang='lat' dir='ltr'><strong>nescienter</strong></span> <span class='ocrx_word' id='word_1_737' title='bbox 2584 4546 2692 4618; x_wconf 87' lang='lat' dir='ltr'><strong>egi,</strong></span> <span class='ocrx_word' id='word_1_738' title='bbox 2722 4547 2894 4604; x_wconf 87' lang='lat' dir='ltr'><strong>frater</strong></span> <span class='ocrx_word' id='word_1_739' title='bbox 2918 4547 3258 4618; x_wconf 75' lang='lat' dir='ltr'><strong>charissima,</strong></span> <span class='ocrx_word' id='word_1_740' title='bbox 3287 4566 3397 4609; x_wconf 90' lang='lat' dir='ltr'><strong>non</strong></span> <span class='ocrx_word' id='word_1_741' title='bbox 3434 4566 3580 4621; x_wconf 82' lang='lat' dir='ltr'><strong>mea,</strong></span> 
     </span>
    </p>
   </div>
   <div class='ocr_carea' id='block_1_100' title="bbox 2000 4637 3583 4715">
    <p class='ocr_par' dir='ltr' id='par_1_100' title="bbox 2000 4637 3583 4715">
     <span class='ocr_line' id='line_1_100' title="bbox 2000 4637 3583 4715; baseline 0.008 -26"><span class='ocrx_word' id='word_1_742' title='bbox 2000 4656 2018 4689; x_wconf 74' lang='grc' dir='ltr'><strong>ε</strong></span> <span class='ocrx_word' id='word_1_743' title='bbox 2066 4637 2160 4693; x_wconf 88' lang='lat' dir='ltr'><strong>sed</strong></span> <span class='ocrx_word' id='word_1_744' title='bbox 2202 4646 2291 4692; x_wconf 89' lang='lat' dir='ltr'><strong>tua</strong></span> <span class='ocrx_word' id='word_1_745' title='bbox 2322 4647 2409 4693; x_wconf 88' lang='lat' dir='ltr'><strong>est.</strong></span> <span class='ocrx_word' id='word_1_746' title='bbox 2452 4639 2629 4709; x_wconf 89' lang='lat' dir='ltr'><strong>culpa.</strong></span> <span class='ocrx_word' id='word_1_747' title='bbox 2667 4640 2787 4697; x_wconf 90' lang='lat' dir='ltr'><strong>Scis</strong></span> <span class='ocrx_word' id='word_1_748' title='bbox 2824 4641 2968 4697; x_wconf 89' lang='lat' dir='ltr'><strong>enim</strong></span> <span class='ocrx_word' id='word_1_749' title='bbox 3009 4642 3135 4713; x_wconf 89' lang='lat' dir='ltr'><strong>quia</strong></span> <span class='ocrx_word' id='word_1_750' title='bbox 3168 4643 3480 4715; x_wconf 87' lang='lat' dir='ltr'><strong>quicunque</strong></span> <span class='ocrx_word' id='word_1_751' title='bbox 3513 4646 3583 4701; x_wconf 90' lang='lat' dir='ltr'><strong>de</strong></span> 
     </span>
    </p>
   </div>
   <div class='ocr_carea' id='block_1_101' title="bbox 2000 4729 3586 4803">
    <p class='ocr_par' dir='ltr' id='par_1_101' title="bbox 2000 4729 3586 4803">
     <span class='ocr_line' id='line_1_101' title="bbox 2000 4729 3586 4803; baseline 0.006 -22"><span class='ocrx_word' id='word_1_752' title='bbox 2000 4747 2019 4780; x_wconf 69' lang='grc' dir='ltr'><strong>ι</strong></span> <span class='ocrx_word' id='word_1_753' title='bbox 2068 4729 2320 4784; x_wconf 89' lang='lat' dir='ltr'><strong>universa</strong></span> <span class='ocrx_word' id='word_1_754' title='bbox 2347 4731 2440 4786; x_wconf 91' lang='lat' dir='ltr'><strong>Dei</strong></span> <span class='ocrx_word' id='word_1_755' title='bbox 2471 4730 2737 4799; x_wconf 88' lang='lat' dir='ltr'><strong>Ecclesia,</strong></span> <span class='ocrx_word' id='word_1_756' title='bbox 2760 4748 2882 4803; x_wconf 70' lang='lat' dir='ltr'><strong>qua:</strong></span> <span class='ocrx_word' id='word_1_757' title='bbox 2905 4742 2988 4788; x_wconf 89' lang='lat' dir='ltr'><strong>est</strong></span> <span class='ocrx_word' id='word_1_758' title='bbox 3011 4733 3067 4788; x_wconf 89' lang='lat' dir='ltr'><strong>itt</strong></span> <span class='ocrx_word' id='word_1_759' title='bbox 3097 4742 3210 4789; x_wconf 91' lang='lat' dir='ltr'><strong>toto</strong></span> <span class='ocrx_word' id='word_1_760' title='bbox 3249 4734 3385 4790; x_wconf 90' lang='lat' dir='ltr'><strong>orbe</strong></span> <span class='ocrx_word' id='word_1_761' title='bbox 3411 4742 3586 4790; x_wconf 85' lang='lat' dir='ltr'><strong>terra-</strong></span> 
     </span>
    </p>
   </div>
   <div class='ocr_carea' id='block_1_102' title="bbox 2001 4822 3591 4896">
    <p class='ocr_par' dir='ltr' id='par_1_102' title="bbox 2001 4822 3591 4896">
     <span class='ocr_line' id='line_1_102' title="bbox 2001 4822 3591 4896; baseline 0.002 -21"><span class='ocrx_word' id='word_1_762' title='bbox 2001 4842 2019 4875; x_wconf 74' lang='grc' dir='ltr'><strong>ι</strong></span> <span class='ocrx_word' id='word_1_763' title='bbox 2067 4837 2209 4887; x_wconf 90' lang='lat' dir='ltr'><strong>rum,</strong></span> <span class='ocrx_word' id='word_1_764' title='bbox 2251 4822 2319 4877; x_wconf 90' lang='lat' dir='ltr'><strong>ad</strong></span> <span class='ocrx_word' id='word_1_765' title='bbox 2360 4839 2446 4879; x_wconf 88' lang='lat' dir='ltr'><strong>me</strong></span> <span class='ocrx_word' id='word_1_766' title='bbox 2480 4838 2643 4879; x_wconf 87' lang='lat' dir='ltr'><strong>causa</strong></span> <span class='ocrx_word' id='word_1_767' title='bbox 2689 4824 2911 4880; x_wconf 89' lang='lat' dir='ltr'><strong>remedii</strong></span> <span class='ocrx_word' id='word_1_768' title='bbox 2945 4823 3198 4888; x_wconf 88' lang='lat' dir='ltr'><strong>recurrit,</strong></span> <span class='ocrx_word' id='word_1_769' title='bbox 3248 4822 3591 4896; x_wconf 86' lang='lat' dir='ltr'><strong>impossibile</strong></span> 
     </span>
    </p>
   </div>
   <div class='ocr_carea' id='block_1_103' title="bbox 2001 4901 3598 4987">
    <p class='ocr_par' dir='ltr' id='par_1_103' title="bbox 2001 4901 3598 4987">
     <span class='ocr_line' id='line_1_103' title="bbox 2001 4901 3598 4987; baseline -0.002 -19"><span class='ocrx_word' id='word_1_770' title='bbox 2001 4934 2020 4968; x_wconf 73' lang='grc' dir='ltr'><strong>ι</strong></span> <span class='ocrx_word' id='word_1_771' title='bbox 2065 4924 2151 4970; x_wconf 84' lang='grc' dir='ltr'><strong>εει</strong></span> <span class='ocrx_word' id='word_1_772' title='bbox 2193 4901 2328 4969; x_wconf 90' lang='lat' dir='ltr'><strong>mihi</strong></span> <span class='ocrx_word' id='word_1_773' title='bbox 2373 4912 2491 4985; x_wconf 88' lang='lat' dir='ltr'><strong>ejus</strong></span> <span class='ocrx_word' id='word_1_774' title='bbox 2539 4930 2726 4971; x_wconf 90' lang='lat' dir='ltr'><strong>curam</strong></span> <span class='ocrx_word' id='word_1_775' title='bbox 2763 4915 3056 4987; x_wconf 84' lang='lat' dir='ltr'><strong>negligere,</strong></span> <span class='ocrx_word' id='word_1_776' title='bbox 3095 4914 3323 4975; x_wconf 72' lang='lat' dir='ltr'><strong>dicente</strong></span> <span class='ocrx_word' id='word_1_777' title='bbox 3364 4913 3598 4972; x_wconf 80' lang='lat' dir='ltr'><strong>Domino</strong></span> 
     </span>
    </p>
   </div>
   <div class='ocr_carea' id='block_1_104' title="bbox 2004 5003 3610 5083">
    <p class='ocr_par' dir='ltr' id='par_1_104' title="bbox 2004 5003 3610 5083">
     <span class='ocr_line' id='line_1_104' title="bbox 2004 5003 3610 5083; baseline -0.002 -27"><span class='ocrx_word' id='word_1_778' title='bbox 2004 5025 2022 5056; x_wconf 76' lang='grc' dir='ltr'>σ</span> <span class='ocrx_word' id='word_1_779' title='bbox 2070 5005 2138 5061; x_wconf 89' lang='lat' dir='ltr'><strong>ad</strong></span> <span class='ocrx_word' id='word_1_780' title='bbox 2179 5006 2396 5061; x_wconf 88' lang='lat' dir='ltr'><strong>beatum</strong></span> <span class='ocrx_word' id='word_1_781' title='bbox 2425 5006 2738 5076; x_wconf 90' lang='lat' dir='ltr'><strong>specialiter</strong></span> <span class='ocrx_word' id='word_1_782' title='bbox 2784 5004 3009 5061; x_wconf 88' lang='lat' dir='ltr'><strong>Petrum</strong></span> <span class='ocrx_word' id='word_1_783' title='bbox 3038 5022 3052 5058; x_wconf 89' lang='lat'><strong>:</strong></span> <span class='ocrx_word' id='word_1_784' title='bbox 3079 5003 3258 5072; x_wconf 84' lang='lat' dir='ltr'><strong>Pelre,</strong></span> <span class='ocrx_word' id='word_1_785' title='bbox 3301 5018 3465 5083; x_wconf 71' lang='lat' dir='ltr'><strong>pasce</strong></span> <span class='ocrx_word' id='word_1_786' title='bbox 3491 5016 3610 5056; x_wconf 79' lang='lat' dir='ltr'><strong>oues</strong></span> 
     </span>
    </p>
   </div>
   <div class='ocr_carea' id='block_1_105' title="bbox 2072 5091 3627 5124">
    <p class='ocr_par' dir='ltr' id='par_1_105' title="bbox 2072 5091 3627 5124">
     <span class='ocr_line' id='line_1_105' title="bbox 2072 5091 3627 5124; baseline 0 0"><span class='ocrx_word' id='word_1_787' title='bbox 2072 5110 2212 5124; x_wconf 65' lang='grc' dir='ltr'><strong>διὶηηο</strong></span> <span class='ocrx_word' id='word_1_788' title='bbox 2239 5094 2255 5124; x_wconf 80' lang='grc' dir='ltr'><em>Ι</em></span> <span class='ocrx_word' id='word_1_789' title='bbox 2273 5091 2399 5124; x_wconf 63' lang='grc' dir='ltr'>ῐηιικ</span> <span class='ocrx_word' id='word_1_790' title='bbox 2475 5094 2590 5124; x_wconf 53' lang='grc' dir='ltr'><strong>ννιῖ</strong></span> <span class='ocrx_word' id='word_1_791' title='bbox 2667 5092 2785 5124; x_wconf 77' lang='lat' dir='ltr'><strong>nun</strong></span> <span class='ocrx_word' id='word_1_792' title='bbox 2828 5109 2958 5124; x_wconf 67' lang='grc' dir='ltr'><strong>Λυιηιι</strong></span> <span class='ocrx_word' id='word_1_793' title='bbox 2988 5093 3145 5124; x_wconf 65' lang='grc' dir='ltr'><strong>..ιΛΛΛ</strong></span> <span class='ocrx_word' id='word_1_794' title='bbox 3172 5095 3323 5124; x_wconf 43' lang='lat' dir='ltr'><strong>cna“</strong></span> <span class='ocrx_word' id='word_1_795' title='bbox 3347 5119 3366 5124; x_wconf 69' lang='lat'><strong>-</strong></span> <span class='ocrx_word' id='word_1_796' title='bbox 3413 5100 3627 5124; x_wconf 60' lang='lat' dir='ltr'><strong>«ranula.</strong></span> 
     </span>
    </p>
   </div>
  </div>
