4044 5290
279 305 3473 340 W

1601 456 1738 498 ANNO
1779 455 1966 496 DOIINI
2002 455 2158 495 ιιιιιι.

677 582 1272 787 GUIDO
1383 624 1636 777 DE
1752 612 3057 804 CASTELLIONE

1385 887 1734 945 REMENSIS
1764 882 2374 942 ARCHIEPISCOPUS.

1662 1045 2114 1064 -ῇ

524 1198 923 1302 ΝΟΤΙΤΙΑ
993 1194 1511 1298 HISTOBIGA
1584 1188 1688 1292 IN
1759 1189 2275 1293 GUIDONEM
2347 1190 2475 1291 DE
2549 1186 3239 1292 CASTELLIONE.

1429 1394 1595 1469 (Call.
1625 1393 1846 1461 Christ,
1874 1402 2005 1450 tom.
2036 1393 2104 1449 IX
2145 1408 2200 1465 p.
2229 1392 2343 1466 65.)

1663 1532 1999 1552 ἠ

328 1666 496 1723 Anno
532 1663 705 1731 l033,
731 1677 921 1719 mense
955 1660 1132 1728 Julio,
1169 1658 1690 1730 archiepiscopalem
1725 1657 1848 1714 iniit
1874 1660 1921 1719 Α
2023 1674 2042 1711 σ
2086 1656 2187 1713 Die
2217 1657 2411 1728 quinto
2438 1656 2624 1713 Nonas
2657 1655 2930 1724 Octobris,
2959 1655 3215 1728 inquiunt
3253 1654 3354 1725 illi,
3392 1670 3527 1714 eon-

258 1759 584 1830 dignitatem
609 1756 787 1813 Guido
820 1756 890 1811 de
925 1753 1282 1819 Castellione,
1326 1753 1487 1823 cujus
1527 1750 1840 1822 prosapiam

262 1858 527 1906 accurate
565 1854 892 1920 prosecutus
942 1853 1027 1903 est
1078 1844 1326 1900 Andreas
1368 1842 1743 1911 Quercetanus
1786 1843 1843 1898 in

260 1942 442 2012 gentis
470 1940 847 1998 Castellionea‘.
881 1936 1230 2010 genealogica
1265 1934 1527 1992 Historia.
1563 1934 1664 1991 llic
1704 1935 1845 1991 duos

261 2032 465 2089 fratres
492 2032 686 2088 habuit
700 2073 717 2100 ,
744 2029 1066 2087 Gervasium
1086 2028 1153 2084 de
1176 2025 1529 2095 Castellione,
1560 2025 1846 2083 Remensis

259 2122 524 2180 Ecclesia:
548 2124 670 2181 vice
702 2122 984 2181 dominum
1008 2120 1276 2192 (dignitas
1299 2117 1392 2173 illa
1426 2126 1560 2173 tunc
1583 2117 1847 2187 temporis

261 2231 436 2285 penes
462 2215 634 2273 laicos
653 2213 816 2286 erat),
843 2222 900 2271 et
922 2212 1186 2269 Miletium
1204 2211 1274 2268 de
1304 2209 1653 2266 Castellione.
1680 2207 1851 2263 Scho-

262 2307 331 2364 l:
354 2305 618 2365 Remensi
656 2306 893 2363 traditus
929 2320 963 2362 a
998 2302 1233 2376 pueritia
1255 2344 1272 2370 ,
1301 2317 1401 2375 per
1433 2301 1643 2373 aliquot
1674 2313 1851 2357 annos

264 2400 323 2455 in
360 2401 477 2455 vita
502 2398 810 2457 canonicali
835 2405 892 2455 et
924 2397 1123 2455 ritibus
1147 2394 1539 2452 ecclesiasticis
1565 2392 1758 2450 sedulo
1790 2405 1853 2449 se

264 2491 535 2548 exercuit.
569 2489 732 2548 Anno
769 2490 1122 2563 episcopatus
1152 2487 1241 2545 sui
1268 2486 1531 2554 secundo,
1574 2486 1749 2541 altare
1788 2483 1848 2540 8.

268 2583 540 2656 Stephani
578 2582 728 2641 dedit
766 2581 1097 2637 monialibus
1127 2578 1313 2635 Sancti
1348 2578 1496 2634 Petri
1521 2577 1849 2646 Remensis;

267 2691 421 2732 anno
450 2690 584 2731 vero
612 2673 753 2730 1040
788 2674 962 2730 altare
991 2670 1334 2729 Crusciniaci
1359 2670 1647 2727 monachis
1677 2668 1857 2725 Remi-

267 2767 472 2838 gianis.
498 2764 616 2823 Hoc
652 2765 845 2822 eodem
873 2780 1020 2821 anno
1047 2779 1176 2821 cum
1208 2764 1280 2821 lis
1315 2771 1505 2819 exorta
1531 2769 1680 2819 esset
1714 2761 1856 2817 inter

268 2858 577 2915 Ecclesiam
603 2856 927 2915 Remensem
960 2864 1016 2913 et
1037 2855 1394 2925 Richardum,
1432 2854 1490 2912 8.
1521 2854 1706 2911 Vitoni
1732 2852 1856 2909 Vir-

267 2950 542 3008 dnnensis
561 2950 836 3017 abbatem,
864 2964 966 3020 pro
995 2956 1217 3005 moneta
1239 2946 1642 3020 Mosomagensi
1658 2988 1673 3014 ,
1688 2961 1855 3016 quam

269 3042 482 3099 Ebalus
519 3040 967 3112 archiepiscopus
1005 3049 1239 3095 monetae
1274 3037 1531 3096 Remensi
1556 3038 1857 3109 coniunxe-

268 3140 381 3201 rat,
413 3132 669 3203 adeptam
691 3133 844 3204 prius
862 3131 1270 3203 possessionem
1290 3131 1488 3186 iterum
1518 3130 1755 3187 asseruit
1773 3144 1858 3186 ec-

268 3226 464 3285 clesia
496 3240 611 3280 suae
650 3223 857 3281 ﬁndere
896 3223 1035 3281 inito
1064 3238 1190 3279 cum
1212 3223 1442 3290 abbate,
1474 3222 1585 3290 cui,
1619 3229 1682 3277 ut
1702 3222 1857 3278 dam-

273 3334 416 3377 num
459 3324 866 3388 compensaret,
912 3317 1232 3389 parochiam
1261 3316 1330 3372 de
1351 3314 1528 3372 vineis
1566 3314 1859 3371 liberaliter

275 3410 578 3469 concessit.
624 3408 786 3465 Anno
834 3409 974 3465 1045
1004 3408 1154 3465 dedit
1196 3409 1535 3465 monasterio
1581 3407 1858 3464 Mosoma.

276 3500 439 3575 gensi
473 3500 763 3557 ecclesiam
786 3500 1133 3557 Germereeii.
1171 3499 1332 3555 Anno
1356 3501 1494 3556 1047
1534 3499 1862 3571 subscripsit

277 3593 486 3667 placito
511 3592 656 3664 regis
667 3591 886 3648 Henrici
912 3608 1012 3663 pro
1028 3593 1281 3649 cenobio
1310 3591 1368 3647 S.
1394 3591 1635 3648 Medardi
1663 3594 1861 3648 adver-

278 3701 382 3741 sus
438 3683 739 3739 Robertum
787 3683 1258 3740 Codiciacensem.
1294 3683 1455 3739 Anno
1501 3684 1642 3739 1048
1689 3683 1864 3740 adluit

279 3776 525 3833 concilio
546 3775 964 3832 Silvanectensi.
993 3775 1154 3831 Anno
1189 3775 1327 3832 1049
1356 3774 1595 3832 Leonem
1622 3775 1693 3830 IX
1721 3792 1862 3848 pon-

280 3868 492 3924 tiﬁcem
518 3868 844 3935 maximum,
867 3866 1261 3923 comitantibus
1287 3865 1617 3935 Trevirensi,
1642 3867 1864 3941 Lugdu-

281 3959 448 4016 nensi
469 3975 535 4015 ac
573 3957 922 4015 Vesuntiensi
955 3958 1377 4030 archiepiscopis
1396 4000 1412 4027 ,
1440 3975 1637 4031 magna
1668 3946 1867 4034 pompa

281 4051 505 4123 excepit
542 4051 601 4107 in
635 4052 774 4107 urbe
809 4067 912 4107 sua
953 4051 1401 4122 metropolitana,
1439 4052 1532 4107 ubi
1578 4055 1867 4110 sanctissi-

285 4159 418 4199 mus
455 4142 724 4214 pontifex,
761 4143 1009 4200 dedicata
1026 4159 1081 4199 vr
1117 4141 1258 4198 Non.
1296 4140 1519 4199 Octobr.
1546 4143 1869 4219 Remigiana

284 4234 552 4302 basilica,
602 4235 792 4291 eodem
837 4234 895 4290 in
929 4235 1134 4305 templo
1175 4235 1439 4306 postridie
1470 4236 1716 4307 ejusdem
1761 4239 1871 4295 diei

1942 1750 2151 1822 gregati
2176 1758 2308 1806 sunt
2338 1750 2392 1805 in
2429 1759 2731 1806 memorata
2766 1750 2990 1806 basilica
3021 1749 3263 1821 episcopi
3297 1766 3531 1807 numero

1945 1842 2156 1914 viginti,
2190 1857 2318 1898 cum
2358 1843 2720 1915 quadraginta
2761 1844 3074 1908 abbatibus,
3108 1851 3164 1897 et
3196 1843 3319 1898 aliis
3355 1844 3532 1899 eccle-

1945 1934 2156 1990 siastici
2198 1935 2411 1991 ordinis
2454 1951 2624 2005 quam
2684 1934 2958 2005 plurimis.
3003 1932 3108 1989 Ubi
3147 1934 3336 1990 statim
3370 1943 3532 1991 vetus

1945 2027 2169 2096 querela
2187 2027 2330 2083 inter
2354 2027 2643 2085 Remensis
2665 2036 2722 2083 et
2736 2026 3080 2083 Trevirensis
3097 2027 3534 2101 archiepiscopo-

1946 2135 2072 2175 rum
2113 2122 2346 2179 clericos
2390 2127 2478 2176 est
2515 2128 2810 2187 renovata,
2845 2119 2953 2175 illis
2993 2120 3377 2185 astruentibus
3400 2122 3531 2191 quia

1949 2216 2236 2272 Remensis
2261 2213 2471 2286 primas
2504 2213 2727 2269 essetin
2750 2212 2945 2281 Gallia,
2979 2212 3211 2284 ideoque
3233 2213 3313 2268 illi
3339 2212 3534 2285 dispo-

1950 2309 2078 2366 sitio
2105 2291 2441 2378 competeret
2473 2304 2770 2377 synodica;
2797 2319 2831 2360 e
2856 2312 3051 2362 contra
3079 2320 3213 2365 vero
3239 2305 3319 2360 illi
3344 2305 3533 2361 archi-

1948 2400 2208 2472 episcopo
2224 2394 2799 2454 Trevirensieamdem
2832 2396 3152 2469 dignitatem
3189 2398 3539 2453 conabantur

1951 2493 2245 2559 ascribere,
2273 2490 2619 2562 primamque
2645 2489 2828 2545 sedem
2848 2496 2975 2560 post
3003 2488 3263 2546 Romanae
3277 2489 3533 2546 Ecclesia:

1952 2584 2241 2657 praesulem
2285 2584 2341 2637 in
2387 2580 2715 2639 celebrando
2765 2581 3003 2637 concilio
3048 2582 3337 2652 acquirere
3354 2623 3370 2648 ,
3422 2590 3529 2637 etc.

1952 2675 2082 2733 Post
2116 2677 2234 2732 haec
2260 2675 2630 2731 consederunt
2657 2687 2852 2729 omnes
2875 2673 3073 2729 ordine
3109 2690 3220 2744 quo
3249 2673 3535 2731 Remensis

1955 2768 2310 2838 archipraasul
2334 2765 2635 2837 disposuit;
2665 2765 2924 2822 dominus
2948 2765 3168 2837 quidem
3192 2777 3329 2840 papa
3353 2766 3406 2819 in
3427 2782 3535 2820 me-

1955 2860 2049 2916 dio
2076 2859 2253 2926 chori,
2275 2873 2437 2914 verso
2469 2859 2620 2913 vultu
2648 2867 2717 2913 ad
2745 2858 3057 2928 sepulcrum
3086 2856 3147 2912 Β.
3171 2856 3401 2930 Remigii
3432 2858 3539 2913 Re-

1958 2952 2166 3007 mensis
2188 2952 2244 3006 in
2265 2952 2492 3018 dextra;
2517 2950 2872 3007 Treverenlis
2901 2949 2955 3004 in
2977 2957 3132 3021 parte
3160 2952 3366 3006 resedit
3396 2951 3537 3007 sini~

1957 3054 2090 3101 stra.
2121 3043 2252 3099 Post
2292 3042 2615 3099 Remensem
2663 3041 2858 3097 deinde
2898 3042 3220 3098 resederunt
3269 3043 3534 3100 Beroldus

1958 3136 2393 3204 Suessionensis,
2410 3135 2590 3208 Drogo
2600 3135 2944 3204 Morinensis,
2960 3135 3287 3195 Frollandus
3301 3137 3544 3195 Silvane-

1957 3230 2194 3296 ctensis,
2237 3229 2502 3285 Adelbero
2530 3228 2786 3285 Metensis
2814 3247 2829 3296 ;
2870 3229 2937 3285 ad
2967 3231 3327 3288 meridianam
3354 3241 3536 3289 autem

1960 3322 2174 3393 plagam
2230 3321 2559 3377 Haimardus
2620 3322 3069 3393 archiepiscopus
3116 3323 3500 3396 Lugdunensis
3524 3369 3540 3392 ,

1962 3411 2117 3486 [iugo
2146 3406 2530 3485 Lingonensis,
2557 3414 2821 3471 Joﬂ'ridus
2840 3415 3302 3485 Constantiensis,
3330 3418 3424 3476 lvo
3450 3419 3545 3474 Sa-

1961 3504 2197 3575 giensis,
2246 3504 2546 3562 llerbertus
2594 3506 2931 3576 Lisoiensis,
2981 3507 3140 3581 Hugo
3182 3510 3501 3583 Bajoeensis
3525 3556 3541 3580 ,

1962 3595 2141 3669 Hugo'
2172 3596 2559 3664 Abrincensis,
2610 3599 2986 3657 Theudoricus
3030 3601 3429 3676 Virdunensis;
3478 3608 3545 3663 ad

1964 3690 2443 3761 septentrionalem
2482 3707 2617 3747 vero
2651 3693 2866 3765 plagam
2901 3692 3059 3765 Hugo
3097 3697 3545 3770 archiepiscopus

1968 3778 2418 3850 Vcsuntinensis,
2455 3782 2614 3856 llugo
2637 3784 3027 3855 Nivemensis,
3056 3788 3325 3848 Eusebius
3360 3792 3543 3849 Ande-

1966 3876 2239 3947 gavensis,
2256 3875 2494 3934 Pudicus
2518 3875 2902 3946 Nannetensis,
2919 3880 3210 3951 episcopus
3222 3882 3544 3956 Anglorum,

1966 3976 2023 4023 et
2054 3967 2296 4025 Joannes
2334 3967 2673 4025 Portuensis.
2715 3969 2846 4026 Post
2882 3987 3121 4041 quorum
3152 3983 3300 4047 terga
3331 3977 3385 4032 in
3422 3994 3545 4033 mo-

1967 4060 2098 4116 dum
2124 4074 2340 4116 coronaa
2351 4060 2603 4116 similiter
2619 4061 2941 4118 resederunt
2964 4063 3188 4122 abbates
3204 4067 3312 4124 hoc
3334 4069 3551 4138 ordine,

1970 4151 2179 4208 scilicet
2206 4151 2378 4208 abbas
2403 4151 2461 4206 8.
2488 4151 2721 4224 Remigii
2742 4152 3064 4213 Herimarus
3084 4200 3099 4225 ,
3138 4157 3292 4233 [Iugo
3317 4160 3546 4218 Clunia-

1970 4244 2174 4311 eensis,
2216 4241 2521 4315 Sigefridus
2559 4244 2906 4315 Gorziensis,
2943 4248 3113 4307 Fulco
3163 4252 3547 4324 Corbeicnsis.

286 4324 1159 4420 conciliumAcelebravitgviginti
1196 4326 1581 4420 episcoporum
1619 4338 1676 4386 et
1706 4332 1872 4402 quin-
1899 4340 1943 4399 (3
1974 4336 2270 4392 Rotbertus
2326 4335 2731 4406 Prumeiensis,
2788 4338 3090 4400 Rainoldus
3147 4343 3205 4401 8.
3271 4346 3510 4405 Medardi
3533 4396 3549 4420 ,

287 4417 556 4488 quaginta
576 4417 856 4487 abbatum,
871 4418 964 4475 ubi
987 4419 1358 4475 controversia
1384 4420 1527 4475 inter
1545 4419 1871 4480 Remenseu

253 4511 256 4514 ’
288 4514 348 4562 et
372 4506 756 4566 Trevirensem
776 4517 968 4566 exorta
988 4511 1057 4566 de
1076 4511 1328 4582 primatia
1351 4512 1497 4569 sedis
1525 4521 1581 4569 et
1606 4529 1876 4588 praeroga-

289 4596 408 4655 tiva
433 4600 699 4658 sessionis
734 4611 1005 4672 praesente
1037 4601 1221 4659 Leone
1261 4603 1464 4676 agitata
1493 4613 1612 4674 est,
1652 4622 1755 4663 nec
1790 4608 1874 4665 di-

289 4700 541 4761 rempta;
568 4708 677 4763 qua
702 4693 770 4750 de
796 4708 963 4751 causa
982 4736 998 4763 ,
1029 4702 1094 4752 ut
1120 4696 1408 4753 tolleretur
1432 4698 1616 4755 omnis
1641 4709 1873 4757 conten-

292 4782 465 4838 tionis
485 4783 726 4853 occasio,
741 4786 1300 4860 sediliapraalatorum
1323 4788 1380 4846 in
1401 4790 1627 4849 modum
1654 4808 1875 4852 coronae

292 4873 562 4945 disposita
589 4884 740 4932 sunt.

364 4962 511 5031 Quid
550 4982 682 5024 vero
724 4967 781 5023 in
811 4983 878 5025 ea
914 4972 1128 5041 synodo
1163 4980 1431 5031 statutum
1480 4974 1648 5033 fuerit
1678 4977 1877 5035 docent

293 5069 538 5102 canorum
582 5058 776 5102 ειαηηίίί
807 5060 876 5102 διδ
892 5060 1200 5102 Rimnniona
1231 5064 1422 5102 lima;
1451 5082 1518 5102 nn
1545 5069 1874 5102 ηι-ἷιιιηιυισιηι

1972 4427 2248 4483 Girvinius
2284 4427 2341 4482 8.
2385 4428 2626 4485 Richarii
2644 4472 2659 4498 ,
2684 4430 2969 4490 Gotl'ridus
2994 4433 3390 4496 Vezeliaccnsis
3409 4485 3424 4508 ,
3450 4442 3555 4498 Ar-

1974 4519 2170 4575 noldus
2194 4519 2552 4579 Pultariensis
2572 4564 2588 4589 ,
2616 4521 2881 4583 Rodoli‘us
2915 4526 3278 4588 Mosomcnsis
3296 4575 3310 4601 ,
3353 4532 3547 4606 Oylar-

1973 4611 2076 4667 dus
2101 4611 2519 4670 Catalaunensis
2536 4657 2551 4681 ,
2579 4614 2709 4672 Milo
2733 4617 3044 4689 Dervensis,
3066 4621 3393 4695 Norgaudus
3412 4628 3553 4683 Alti-

1974 4703 2308 4772 villarensis,
2353 4708 2610 4765 Albertus
2653 4708 2712 4764 8.
2751 4710 3106 4780 Theoderici,
3157 4714 3468 4787 Stephanus
3494 4722 3550 4776 S.

1977 4793 2204 4864 Urbani,
2244 4796 2485 4859 ericus
2526 4800 2583 4857 S.
2626 4802 2915 4875 Augustini
2963 4806 3379 4865 Cantuariensis
3406 4853 3421 4876 ,
3461 4812 3555 4867 Al-

1975 4886 2154 4944 winus
2207 4887 2265 4943 8.
2320 4891 2602 4952 Benedicti
2651 4895 2721 4950 de
2767 4905 2911 4951 terra
2955 4896 3280 4967 Anglorum.
3347 4901 3567 4970 Quibus

1978 4981 2053 5034 ita
2123 4981 2504 5044 resedentibus
2539 5026 2554 5052 ,
2616 5000 2683 5041 ex
2756 4995 3027 5058 praecepto
3095 5001 3255 5059 papae
3327 4998 3573 5052 surrexit

1977 5071 2170 5102 Das-un.

2298 5086 2469 5102 ΛοιΑΔ...
2585 5090 2790 5102 Λαίδα-αα
2840 5078 3095 5102 D--|-..2...
