4044 5290
597 262 738 320 1403

1401 266 1730 330 GUIDONIS
1768 267 1856 325 DE
1884 261 2369 326 CASTELLIONE
2396 263 2695 324 REMENS.
2725 265 3042 326 ARCHIEP.

3702 275 3809 330 “ill

593 381 676 439 eis
703 381 758 436 in
788 380 946 439 atriis
985 381 1342 440 ecclesiarum
1386 385 1815 457 accipiebantur,
1857 386 1925 441 dc
1962 385 2186 440 incestis
2215 383 2261 439 A
2287 381 2355 438 ad
2385 392 2744 439 memoratam
2772 385 3053 442 basilicam
3092 385 3534 446 convenientibus
3563 391 3811 466 cpismpis,

592 473 885 546 coniugiis,
914 481 970 530 et
997 474 1078 532 eis
1100 476 1217 548 qui,
1248 477 1523 548 legitimas
1560 478 1931 549 relinquentes
1958 493 2180 547 uxores,

590 565 914 624 adulterinis
942 566 1143 624 iterum
1185 570 1395 640 nuptiis
1424 570 1866 642 implicabantur,
1895 570 1963 625 de
1991 586 2183 627 mona-

588 657 710 715 chis
735 665 792 714 et
818 658 1037 716 clericis
1061 675 1093 716 a
1122 667 1313 717 sancto
1362 646 1648 733 proposito
1701 670 1756 719 et
1801 663 1990 718 habitu
2027 676 2180 718 rece-

588 749 869 821 dentibus,
896 751 1029 808 item
1056 753 1125 809 de
1150 752 1368 810 clericis
1398 754 1693 810 mundanae
1719 754 1926 810 militiae
1952 754 2181 811 studen-

584 842 765 912 tibus,
790 842 860 901 de
892 841 1228 902 Sodomitico
1248 845 1407 914 vitio,
1436 852 1493 902 et
1517 846 1849 917 quibusdam
1879 845 2181 903 hazresibus

587 950 715 1006 qua:
740 935 799 993 in
825 935 1030 994 eisdem
1057 937 1465 1009 pullulavcrant
1508 938 1780 1011 partibus.
1812 936 2025 1006 Quibus
2050 952 2180 1009 pro-

586 1026 815 1099 positis,
843 1029 1131 1086 admonuit
1146 1045 1342 1088 omnes
1362 1031 1459 1103 qui
1486 1031 1736 1100 aderant,
1750 1039 1812 1087 ut
1838 1030 1964 1087 inde
1990 1045 2178 1088 secum

586 1121 843 1193 prudenti
872 1121 1265 1179 deliberatione
1290 1130 1609 1191 tractarent,
1623 1122 2026 1193 consiliumque
2050 1137 2178 1179 cum

586 1222 899 1285 opportuno
925 1214 1200 1286 adiutorio
1226 1229 1382 1288 papa:
1406 1215 1735 1287 praeberent,
1757 1214 2036 1286 quomodo
2061 1214 2179 1272 haec

586 1308 818 1377 zizania,
847 1322 1028 1379 prava:
1050 1307 1248 1390 segetis
1276 1323 1485 1377 semen,
1533 1306 1856 1365 suﬂbcantia
1884 1307 2177 1379 exstirpari

584 1401 845 1457 valerent.
874 1398 1009 1457 Post
1032 1400 1151 1457 haec
1176 1400 1244 1455 ad
1271 1400 1563 1472 episcopos
1593 1415 1849 1457 sermone
1874 1414 2141 1456 converso
2158 1441 2174 1469 ,

583 1493 927 1550 commonuit
951 1492 1099 1560 illos,
1136 1492 1242 1550 sub
1271 1493 1620 1549 anathemate
1648 1491 1964 1563 apostolicae
1985 1501 2176 1548 aucto-

583 1585 784 1654 ritatis,
811 1592 874 1642 ut
907 1584 956 1642 si
985 1584 1110 1657 quis
1138 1599 1331 1640 eorum
1380 1599 1479 1657 per
1506 1583 1812 1641 Simoniam
1839 1584 2176 1656 pervenisset

582 1679 668 1734 vel
695 1677 921 1750 praemio
947 1676 1250 1749 quemlibet
1300 1676 1371 1733 ad
1410 1676 1659 1733 eamdem
1686 1676 2006 1749 dignitatem
2046 1691 2175 1747 pro-

582 1770 865 1837 movisset,
894 1769 1112 1840 publica
1161 1767 1510 1826 confessione
1559 1767 1909 1841 patefaceret.
1952 1767 2173 1828 Primus

581 1877 714 1934 ergo
741 1859 1085 1918 Trevirensis
1110 1862 1563 1933 archiepiscopus
1591 1862 1662 1917 ad
1691 1862 1811 1919 haec
1852 1860 2019 1918 verba
2047 1878 2173 1919 sur-

581 1954 744 2022 rexit,
774 1968 942 2024 seque
974 1967 1076 2009 nec
1102 1954 1311 2026 aliquid
1340 1953 1557 2027 dedisse
1583 1954 1668 2012 vel
1719 1953 2044 2025 promisisse
2068 1969 2171 2025 pro

579 2046 776 2116 adepto
801 2045 1119 2116 episcopatu
1174 2060 1353 2117 neque
1379 2046 1545 2102 alicui
1570 2061 1762 2104 sacros
1791 2046 2013 2104 ordines
2038 2062 2171 2103 ven-

576 2138 783 2195 didisse
832 2136 1131 2208 respondit.
1172 2136 1377 2194 Deinde
1427 2137 1810 2210 Lugdunensis
1861 2147 1919 2196 et
1969 2138 2171 2197 Veson—

576 2229 772 2287 ticnsis
798 2236 1105 2300 surgentes,
1134 2229 1205 2285 ab
1232 2229 1552 2301 huiusmodi
1579 2232 1741 2302 culpa
1768 2230 2005 2303 professi
2039 2241 2170 2288 sunt

574 2337 701 2381 esse
728 2321 1024 2378 immunes.
1052 2320 1207 2378 Tunc
1232 2321 1495 2394 praefatus
1522 2314 1815 2381 diaconus
1837 2324 1906 2380 ad
1933 2323 2167 2381 Remen-

575 2429 693 2470 sem
722 2412 1200 2484 archiepiscopum
1242 2430 1304 2471 se
1329 2416 1622 2484 convertit,
1650 2425 1706 2473 et
1731 2415 1864 2488 quid
1891 2416 1958 2472 de
1986 2416 2073 2473 his
2098 2431 2166 2473 ex

572 2507 778 2578 quibus
804 2521 837 2562 a
862 2506 1076 2564 caeteris
1114 2505 1260 2563 facta
1297 2506 1478 2564 fuerat
1504 2509 1757 2581 purgatio
1806 2509 2042 2565 ediceret
2079 2524 2165 2565 rc-

571 2598 821 2671 quisivit.
850 2599 924 2654 At
947 2598 1038 2655 ille
1086 2614 1320 2671 surgens
1371 2600 1622 2658 inducias
1673 2600 1831 2672 petiit
1879 2616 2055 2672 usque
2106 2601 2162 2659 in

570 2691 874 2748 crastinum
928 2692 1097 2760 diem,
1151 2691 1343 2750 dicens
1372 2688 1432 2749 se
1469 2693 1606 2749 velle
1632 2693 1888 2765 privatim
1916 2692 2068 2765 loqui
2094 2693 2162 2750 ad

569 2784 1246 2855 domnum‘apostoticum.
1298 2783 1548 2856 Cumque
1580 2785 1722 2842 data:
1746 2793 1951 2853 essent,
1979 2786 2162 2842 eteteri

569 2892 767 2934 omnes
791 2864 1152 2933 surrexerunt
1177 2876 1234 2932 in
1261 2877 1454 2934 ordine
1480 2877 1783 2934 secundum
1814 2877 1980 2934 verba
2011 2877 2161 2949 prio-

569 2979 1024 3043 rum,purgantes
1050 2986 1111 3027 se
1129 2971 1200 3026 ab
1226 2969 1544 3041 huiusmodi
1561 2970 1896 3041 suspicione,
1923 2978 2162 3040 quatuor

570 3064 953 3119 tantummodo
995 3062 1257 3133 exceptis,
1302 3061 1641 3134 Lingonensi
1666 3061 1939 3130 videlicet,
1967 3060 2160 3118 Niver-

570 3154 749 3223 nensi,
777 3153 1189 3211 Constantiensi
1229 3163 1289 3210 et
1338 3152 1699 3222 Nannetensi;
1730 3169 1968 3225 quorum
1996 3168 2165 3211 causa

570 3262 642 3304 eo
667 3247 757 3304 die
781 3247 851 3304 ad
879 3244 1284 3304 discutiendum
1339 3244 1550 3312 relicta,
1580 3246 1847 3303 diaconus
1892 3246 2164 3304 sermonis

568 3353 796 3397 cursum
852 3338 923 3394 ad
971 3338 1195 3394 abbates
1219 3336 1316 3410 qui
1366 3336 1594 3393 aderant
1621 3336 1802 3405 vertit,
1854 3351 2059 3409 eosque
2095 3352 2164 3393 ne

524 3491 532 3499 η
568 3430 711 3487 forte
726 3430 830 3502 ipsi
846 3431 902 3487 in
915 3430 1058 3488 ovile
1087 3429 1433 3489 Dominicum
1455 3429 1694 3498 aliunde,
1709 3444 1821 3486 non
1848 3444 1945 3501 per
1958 3429 2162 3486 ostium

568 3522 913 3592 introissent,
971 3522 1221 3580 confiteri
1275 3522 1583 3579 admonuit.
1615 3520 1837 3578 Primus
1867 3519 1926 3577 S.
1971 3520 2162 3578 Remi-

566 3615 641 3689 gii
669 3616 841 3672 abbas
867 3615 1186 3673 Herimarus
1224 3614 1497 3684 surrexit,
1529 3629 1698 3687 seque
1740 3614 1812 3670 ab
1838 3613 2159 3686 huiusmodi

566 3706 729 3780 culpa
754 3723 997 3781 congrua
1043 3708 1402 3780 responsione
1441 3707 1712 3781 purgavit.
1756 3705 1963 3762 Deinde
2002 3705 2161 3778 Hugo

564 3797 950 3858 Cluniacensis
1001 3800 1331 3858 subsecutus
1371 3800 1516 3856 hanc
1550 3797 1895 3871 purgationis
1922 3814 2039 3855 sua:
2064 3814 2157 3854 ra-

568 3889 776 3948 tionem
821 3891 1131 3961 subintulit,
1159 3892 1346 3949 dicens
1372 3910 1386 3948 :
1414 3882 1523 3948 Pro
1549 3891 1901 3963 adipiscendo
1927 3890 2160 3947 abbatis;

568 3982 799 4055 honore,
827 3983 943 4042 Deo
991 3992 1153 4053 teste,
1207 3984 1348 4041 nihil
1400 3984 1526 4042 dedi
1576 3984 1663 4040 vel
1715 3982 1979 4054 promisi;
2008 3983 2157 4054 quod

565 4076 791 4147 quidem
819 4091 950 4133 caro
976 4078 1172 4147 voluit,
1206 4077 1305 4134 sed
1356 4092 1514 4134 mens
1562 4084 1619 4132 et
1644 4075 1784 4132 ratio
1812 4075 2152 4147 repugnavit.

564 4166 698 4225 Post
723 4169 871 4225 hunc
898 4183 958 4226 se
985 4170 1209 4241 quidam
1234 4184 1477 4242 congrue
1499 4183 1764 4225 excusare
1789 4168 2153 4236 studuerunt;

565 4259 658 4315 alii
682 4252 814 4317 vero
840 4261 979 4316 nihil
1027 4261 1444 4333 respondentes,
1472 4268 1686 4317 reatum
1711 4274 1874 4317 suum
1903 4259 2156 4317 occulere

564 4365 731 4421 quam
757 4352 1062 4423 patefacere
1089 4352 1608 4412 maluerunt..Tunc
1649 4351 2013 4423 Lingonensis
2037 4351 2155 4424 epi-

565 4456 768 4512 scopus
794 4459 1043 4515 surgens,
1090 4462 1255 4517 super
1281 4446 1475 4502 abbate
1500 4444 1852 4513 Pultariensi,
1880 4444 2146 4502 ditecesa-

566 4549 640 4588 no
665 4548 790 4601 suo,
820 4535 1114 4604 plurimum
1140 4545 1227 4594 est
1251 4549 1607 4608 conquestus,
1637 4538 1786 4608 quod
1810 4536 2060 4592 videlicet
2086 4537 2143 4594 in

567 4623 739 4682 fetore
765 4625 995 4682 luxuria:
1017 4627 1228 4695 vivens,
1266 4629 1516 4699 pluribus
1544 4630 1762 4701 ﬂagitiis
1787 4628 2142 4698 inserviebat,

565 4717 725 4774 beato
746 4733 968 4790 quoque
995 4717 1176 4786 Petro,
1205 4719 1433 4791 eiusque
1472 4721 1700 4788 vicario,
1751 4720 2014 4777 Romanae
2043 4722 2147 4776 sei-

566 4808 692 4866 licct
717 4809 971 4867 Ecclesiae
1010 4811 1277 4883 pontifici,
1305 4813 1465 4881 cuius
1498 4812 1715 4867 abbatis
1743 4812 1835 4867 illa
1881 4820 2020 4878 erat,
2050 4812 2146 4869 de-

565 4902 738 4958 bitum
765 4919 994 4960 censum
1042 4902 1342 4976 quotannis
1382 4904 1691 4974 persolvere
1717 4905 2144 4975 detrectaverat;

564 5003 621 5040 Pl
647 4994 771 5040 ξῖίῐῖἶέ
799 4997 1307 5040 ἦῐρηῐηιηιιηίιωιιια
1335 4995 1633 5040 micam-nm
1684 5004 2027 5040 ααοναηὶρηια
2057 5012 2149 5040 ρο-

2284 486 2422 544 papa
2453 489 2578 530 cum
2607 476 2935 546 quibusdam
2977 492 3170 533 eorum
3198 481 3423 535 secessit
3470 482 3525 536 in
3550 488 3816 545 oratorium

2286 563 2343 620 S.
2374 564 2676 635 Trinitatis,
2706 567 2799 622 ubi
2827 567 2957 623 dum
2986 584 3113 624 cum
3136 584 3202 625 eo
3218 570 3572 631 confessionis
3596 592 3699 631 sua:
3721 581 3816 650 pri-

2281 664 2468 713 vatum
2486 656 2820 729 colloquium
2846 656 3131 717 Remensis
3154 662 3430 720 habuisset
3455 666 3743 739 episcopus,
3776 682 3819 727 et

2282 747 2349 804 de
2375 749 2761 805 ecclesiasticae
2787 749 3068 822 religionis
3101 752 3346 823 profectu
3394 763 3678 816 tractatum
3699 770 3818 818 esset

2281 842 2507 910 diutius,
2534 857 2601 898 eo
2648 842 2837 899 ordine
2863 858 2974 914 quo
3006 852 3061 900 et
3089 853 3360 903 transacta
3386 848 3494 916 die,
3525 853 3817 921 apostolicus

2281 932 2407 989 inde
2430 933 2716 1005 processit.
2775 933 2978 990 Deinde
3004 951 3107 993 suo
3139 936 3262 994 loco
3314 940 3687 1013 residentibus,
3732 942 3815 1001 Re-

2280 1041 2525 1082 mensem
2572 1026 3043 1098 archiepiscopum
3090 1037 3151 1085 ut
3176 1029 3243 1085 de
3273 1028 3582 1090 Simoniaca
3634 1036 3815 1105 haresi,

2278 1117 2347 1174 de
2379 1133 2486 1190 qua
2515 1117 2797 1175 hesternas
2823 1119 3131 1176 obtinuerat
3146 1121 3412 1192 inducias,
3441 1126 3697 1184 rationem
3715 1131 3813 1185 red-

2277 1209 2451 1279 deret,
2478 1207 2739 1281 praafatus
2781 1212 2974 1267 annuit
3001 1213 3383 1284 cancellarius,
3441 1216 3696 1289 impetens
3712 1236 3813 1277 eum

2276 1301 2439 1358 etiam
2468 1302 2536 1358 de
2563 1302 2750 1359 multis
2782 1318 2906 1373 qua:
2933 1320 3012 1371 se,
3039 1304 3184 1362 fama
3210 1308 3491 1380 vulgante,
3527 1313 3815 1384 comperisse

2276 1394 2556 1452 asserebat
2581 1394 2924 1452 criminibus.
2985 1396 3068 1453 Ad
3106 1397 3224 1455 hzec
3264 1400 3696 1474 archiepiscopus
3717 1420 3811 1461 sur-

2276 1501 2432 1558 gens,
2462 1493 2524 1541 ut
2549 1485 2653 1542 sibi
2681 1486 3005 1543 consiliandi
3042 1487 3272 1546 facultas
3317 1493 3697 1550 concederetur
3735 1511 3810 1552 ex-

2275 1577 2448 1650 petiit.
2512 1576 2633 1646 Qua
2685 1578 2993 1649 impetrata,
3033 1578 3545 1652 Vesuntionensem,
3603 1584 3811 1646 Suessio-

2217 1686 2249 1744 μ,
2276 1684 2523 1738 nensem,
2547 1668 3013 1741 Audegavensem,
3040 1669 3450 1744 Nivernensem,
3493 1675 3811 1737 Silvanectea-

2205 1725 2250 1783 Β
2275 1777 2393 1819 sem
2436 1777 2502 1819 ac
2531 1760 2899 1819 Morinensem
2940 1762 3230 1835 episcopos
3255 1780 3589 1837 convocans,
3616 1786 3728 1826 cum
3748 1772 3809 1830 eis

2274 1854 2594 1927 mysterium
2646 1853 2840 1910 habuit
2881 1855 3105 1913 consilii
3157 1857 3265 1925 sui,
3315 1859 3552 1931 indeque
3600 1876 3808 1921 reversus

2271 1961 2499 2004 causam
2527 1962 2686 2004 suam
2737 1954 2799 2003 ut
2847 1946 3271 2010 Silvanectensis
3319 1962 3603 2022 peroraret
3648 1969 3676 2009 a
3700 1971 3805 2027 papa

2271 2039 2525 2096 obtinuit.
2567 2039 2809 2112 Surgens
2849 2048 3034 2098 autem
3085 2043 3377 2114 cpiscOpus
3409 2044 3805 2121 Silvanectensis,

2269 2133 2523 2190 eumdem
2556 2133 3025 2206 archiepiscopum
3070 2138 3353 2209 respondit
3396 2156 3509 2197 non
3536 2157 3650 2199 esse
3682 2159 3802 2202 reum

2270 2222 2599 2282 Simoniaca:
2623 2226 2868 2295 heresis;
2895 2228 2982 2284 his
2995 2229 3218 2299 auditis,
3244 2234 3583 2303 apostolicus
3597 2239 3803 2307 pmpit

2269 2327 2331 2374 ut
2356 2319 2473 2375 haec
2510 2319 2586 2375 ita
2616 2333 2738 2374 esse
2774 2329 3123 2379 sacramento
3158 2327 3546 2395 comprobaret
3584 2328 3802 2398 archiepi-

2267 2425 2501 2482 scopus;
2537 2419 2596 2466 at
2620 2411 2709 2467 ille
2736 2412 3033 2468 canonicas
3072 2415 3321 2473 inducias
3371 2418 3501 2475 inde
3536 2421 3797 2490 postulavit,

2265 2519 2435 2575 seque
2476 2511 2603 2576 post
2645 2520 2837 2560 earum
2871 2505 3249 2575 'expletionem
3282 2511 3435 2582 quod
3471 2514 3608 2568 ratio
3646 2528 3798 2584 purga-

2266 2595 2432 2651 tionis
2472 2604 2724 2668 posceret
2766 2605 3119 2667 peracturum
3166 2603 3486 2672 spopondit.
3552 2603 3735 2671 Quibus
3762 2603 3797 2658 ei

2263 2687 2561 2755 concessis,
2593 2696 2858 2745 statutum
2872 2697 2956 2744 est
2972 2697 3030 2745 ut
3046 2691 3227 2748 medio
3245 2694 3420 2764 Aprili
3447 2697 3667 2752 concilio
3687 2695 3795 2768 quod

2264 2776 2453 2834 Romae
2463 2779 2845 2835 celebrandum
2865 2790 2986 2836 erat
3009 2781 3317 2840 interesset.
3341 2784 3556 2842 Caetera
3574 2803 3689 2843 vero
3707 2800 3796 2857 qua:

2262 2869 2314 2927 ei
2348 2870 2560 2941 obiecta
2583 2880 2732 2939 sunt,
2760 2871 2889 2943 quia
2917 2872 3143 2945 legitimi
3172 2878 3518 2934 accusatoris
3530 2880 3795 2935 videbantur

2261 2963 2537 3020 delatione
2559 2978 2771 3032 carere,
2794 2966 3077 3021 decretum
3105 2975 3192 3023 est
3215 2968 3282 3024 ad
3316 2984 3562 3040 praesens
3587 2970 3794 3026 indiscus-

2186 3070 2229 3130 α
2261 3071 2323 3112 sa
2351 3072 2412 3111 re
2459 3071 2701 3112 manere.
2760 3075 2780 3110 ι
2831 3054 3070 3114 Narrant
3093 3057 3198 3115 ista
3249 3061 3481 3118 totidem
3522 3062 3685 3118 verbis
3705 3070 3792 3116 aeta

2264 3146 2504 3203 concilii.
2562 3145 2639 3204 De
2665 3148 2891 3219 reliquis
2942 3133 3107 3208 rebus
3155 3153 3326 3224 gestis
3376 3155 3626 3212 consulat
3673 3152 3793 3207 Baro-

2264 3238 2416 3294 nium
2447 3238 2541 3310 qui
2568 3240 2723 3310 plura
2753 3241 3005 3299 voluerit.

2332 3331 2416 3385 Ah
2442 3331 2546 3387 hac
2589 3333 2799 3404 synodo
2848 3351 3098 3393 reversus
3120 3335 3296 3393 Guido
3335 3340 3650 3407 celebravit,
3684 3354 3791 3395 anno

2264 3422 2423 3490 1051,
2447 3422 2503 3478 in
2523 3424 2752 3481 ecclesia
2769 3442 2869 3482 sua
2892 3430 3311 3500 metropolitana
3325 3434 3546 3504 nuptias
3562 3431 3745 3488 Henrici
3760 3428 3788 3493 Ι.

2261 3513 2599 3573 Francorum
2627 3518 2789 3591 regis,
2813 3527 2869 3575 et
2894 3519 3084 3586 Anum,
3128 3531 3492 3596 sanctumque
3512 3524 3793 3580 Lietbertum

2259 3609 2601 3665 consecravit
2637 3611 2954 3683 episcopum
2983 3611 3454 3673 Cameracensem.
3496 3616 3643 3672 Anno
3666 3613 3788 3677 W53.

2259 3715 2314 3756 vr
2334 3698 2479 3758 Non.
2507 3700 2653 3770 Maii,
2680 3704 3027 3776 episcopatus
3048 3707 3156 3775 sui,
3179 3708 3426 3777 utaiunt,
3450 3724 3598 3776 xxix,
3613 3722 3693 3763 seu
3716 3720 3789 3777 po-

2260 3791 2370 3849 tius
2389 3808 2504 3860 χιχ,
2535 3794 2829 3853 celebravit
2852 3797 3209 3855 elevationem
3230 3801 3480 3872 corporis
3505 3801 3565 3856 Β.
3593 3796 3789 3855 Berthini

2258 3884 2314 3939 in
2354 3887 2690 3942 monasterio
2722 3887 3004 3958 Sithiensi,
3048 3891 3354 3947 astantibus
3395 3892 3636 3964 Drogone
3656 3887 3787 3943 Mori-

2258 3977 2436 4045 nensi,
2476 3978 2874 4052 abbatibusque
2894 3981 3179 4038 llerimaro
3223 3981 3281 4038 S.
3334 3978 3787 4055 Remigii,Alfredo

2259 4068 2318 4125 S.
2344 4069 2616 4138 Wilmari,
2645 4071 2884 4128 Gcrvino
2915 4072 2972 4145 ὃ.
2999 4073 3259 4144 Rieharii,
3294 4075 3553 4133 Fulberto
3573 4074 3626 4130 S.
3651 4073 3786 4126 Baro-

2256 4161 2363 4229 nis,
2393 4161 2666 4219 Rumoldo
2716 4163 2773 4219 S.
2820 4164 3030 4232 Vinoci,
3062 4175 3328 4236 pnesente
3353 4166 3482 4222 item
3522 4165 3671 4222 Adela
3700 4160 3785 4215 Ro-

2255 4254 2395 4311 berti
2422 4254 2764 4312 Francorum
2787 4256 2932 4329 regis
2953 4257 3064 4312 lilia
3088 4256 3412 4337 ctBalduini
3433 4257 3659 4315 lnsulani
3680 4267 3782 4308 con-

2250 4347 2414 4420 iuge,
2462 4363 2587 4420 qua:
2644 4348 2945 4404 brandeum
2987 4349 3282 4407 liberaliter
3318 4346 3667 4421 suppeditavit
3701 4356 3784 4413 quo

2253 4439 2497 4511 reliquim
2556 4440 2815 4496 involuta:
2881 4450 3029 4497 sunt.
3077 4441 3281 4499 Eodem
3322 4456 3468 4498 anno
3512 4432 3785 4504 subscripsit

2245 4533 2442 4589 litteris
2490 4531 2714 4589 Henrici
2760 4531 2784 4588 Ι
2839 4534 2985 4605 regis
3033 4535 3090 4590 in
3142 4534 3370 4606 gratiam
3398 4531 3550 4599 ,novi
3589 4524 3783 4586 οωηοῦῖί

2245 4624 2528 4682 Cassa-Dei
2577 4624 2741 4682 datis.
2784 4626 2945 4682 Anno
2993 4626 3135 4683 1055
3179 4628 3347 4682 altare
3373 4624 3607 4682 basilicae
3640 4616 3777 4677 curtis

2247 4717 2511 4788 impertiit
2528 4718 2863 4773 monasterio
2886 4717 2944 4773 S.
2970 4717 3224 4790 Remigii,
3254 4719 3345 4773 ubi
3363 4718 3681 4788 sepulturam
3699 4709 3780 4763 elc-

2247 4816 2417 4881 gerat.
2441 4808 2647 4866 Eodem
2668 4824 2815 4866 anno
2841 4810 3049 4867 donum
3088 4811 3234 4881 quod
3263 4811 3317 4864 in
3339 4810 3460 4865 loco
3486 4809 3625 4865 dicto
3647 4799 3780 4857 Urillo

2250 4900 2426 4958 eidem
2475 4902 2811 4959 monasterio
2853 4903 3160 4959 contulerat
3200 4900 3476 4957 Manasses
3517 4896 3686 4952 fratris
3717 4888 3780 4946 sui

2250 4995 2394 5040 ﬁlius
2440 4994 2815 5040 conﬁrmavit!
2868 4993 3168 5040 'nrlfnitmm
3203 4990 3493 5040 detractioni
3543 4994 3780 5040 sacrorum

2183 4412 2229 4468 D
