4044 5290
246 61 387 125 1405

1665 57 2079 119 οιριοΜΑΤΑ.

3377 72 3524 127 M06

238 281 3476 316 Μ

1069 421 1750 544 GUIDONIS
1833 420 2698 538 DIPLOMATA.

245 859 505 914 Guidonis
558 851 894 929 priuilegium
944 801 1120 929 ρᾶέιω
1151 847 1436 904 abbatissa
1481 843 1836 902 Parthenonis

791 968 806 983 .
835 925 988 981 Petri
1013 936 1337 978 concessum.

842 1017 1024 1088 (Anno
1054 1010 1240 1081 1055.)

348 1112 530 1186 [Dom.
577 1107 831 1177 ΜΑιιιοτ,
862 1104 1168 1177 Metropolis
1192 1101 1485 1170 Remensis,
1517 1097 1583 1168 Il,
1609 1096 1728 1171 84.]

313 1203 372 1259 In
397 1205 619 1260 nomine
645 1203 764 1260 Dei.
789 1202 984 1257 Amen.

318 1297 431 1367 Ego
453 1296 612 1362 Vido,
651 1295 948 1352 Remorum
988 1291 1451 1362 archiepiscopus,
1482 1295 1674 1343 notum
1720 1285 1838 1341 fieri

243 1389 372 1445 volo
392 1389 651 1445 omnibus
670 1385 1000 1444 Christianis
1027 1385 1150 1440 fidei
1178 1382 1505 1449 cultoribus,
1529 1377 1730 1434 futuris
1750 1385 1838 1433 at-

240 1497 351 1552 que
405 1481 786 1552 praesentibus,
838 1488 1044 1536 nostra:
1101 1473 1484 1532 conventionis
1545 1484 1840 1528 commune

240 1583 508 1630 statutum
534 1575 679 1645 quod
700 1574 767 1629 de
788 1573 948 1629 altari
967 1570 1153 1627 Sancti
1171 1566 1436 1640 Stephani
1458 1564 1689 1622 fecimus
1710 1580 1838 1621 cum

242 1667 430 1723 Sancti
449 1666 595 1722 Petri
617 1666 894 1722 abbatissa
922 1664 1166 1731 Odila,et
1181 1659 1708 1719 sanctimonialibus.
1734 1657 1839 1714 De-

239 1761 430 1816 functo
459 1759 702 1826 Dodone,
733 1759 882 1814 venit
923 1759 981 1813 in
1019 1764 1211 1813 nostra
1251 1769 1419 1810 manu
1467 1762 1523 1810 et
1568 1760 1839 1825 potestate

238 1851 618 1922 supradictum
647 1852 855 1919 altare;
902 1851 1183 1907 abbatissa
1228 1863 1380 1915 vero,
1424 1847 1611 1903 audita
1660 1855 1838 1902 morte

239 1945 505 2012 Dodonis,
529 1959 696 2015 quam
723 1944 889 2000 citius
912 1944 1110 2014 potuit,
1160 1941 1296 1997 adiit
1340 1941 1688 2012 prmsentiam
1736 1952 1838 1994 no-

237 2047 485 2094 stris"...
529 2037 915 2093 familiaritatis
941 2045 997 2093 et
1022 2044 1084 2092 ut
1109 2050 1252 2106 saepe
1271 2034 1476 2090 dictum
1499 2034 1669 2088 altare
1703 2046 1835 2086 san-

1857 736 1905 807 A
1997 746 2288 806 Oldaricus
2314 751 2382 807 ad
2402 751 2578 809 vicem
2605 751 2871 812 llarduini
2900 758 3204 816 cancellani
3224 759 3526 837 scripsitet

1939 841 2281 914 subscripsit.

2691 984 2758 1043 II.

1941 1071 2144 1130 Charta
2180 1072 2428 1159 Widonis
2457 1077 2870 1159 archiepiscopi,
2912 1099 3018 1159 qua
3044 1083 3373 1159 Remigianis
3394 1106 3522 1146 con~

2318 1146 2421 1216 fert
2449 1149 2621 1205 altare
2635 1146 2710 1205 'de
2740 1146 3114 1211 Crusci'niano.

2516 1264 2700 1338 (Anno
2732 1266 2920 1340 roso.)

2091 1372 2179 1446 [0.
2212 1373 2468 1447 ΜΑιιιοτ,
2501 1377 2811 1452 Metropolis
2846 1382 3138 1454 Bernensis,
3159 1384 3226 1454 ll,
3251 1386 3371 1461 85.]

2011 1463 2070 1520 In
2114 1467 2340 1525 nomine
2381 1480 2586 1528 sanetae
2633 1481 2689 1530 et
2729 1473 3023 1532 individua:
3065 1477 3372 1537 Trinitatis.
3413 1479 3531 1554 Ego

1941 1555 2126 1624 Wido,
2142 1557 2238 1616 Dei
2256 1563 2432 1633 gratia
2444 1562 2745 1622 Remorum
2758 1568 3226 1642 archiepiscopus,
3246 1572 3529 1629 notificare

1940 1649 2102 1721 cupio
2127 1648 2389 1712 Ecclesia
2427 1668 2655 1728 nostm,
2695 1669 2807 1716 tam
2834 1664 3198 1734 prmsentibus
3239 1680 3408 1736 quam
3437 1665 3527 1720 fu-

1940 1743 2082 1800 turis
2104 1743 2375 1816 fidelibus,
2400 1751 2637 1821 qualiter
2663 1768 2696 1810 a
2725 1752 2948 1810 domino
2969 1754 3166 1810 abbate
3187 1753 3530 1823 Theoderico

1939 1837 2264 1910 caeterisquc
2307 1851 2497 1898 oratus
2543 1851 2600 1900 et
2622 1853 2883 1902 exoratus
2929 1847 3104 1904 altare
3141 1848 3209 1904 de
3249 1847 3374 1904 villa
3404 1866 3530 1919 qum

1937 1927 2332 1990 Crusciniacus
2370 1933 2576 1990 dicitur
2640 1952 2743 2008 pro
2806 1939 3006 1995 anime
3076 1954 3212 1995 mea:
3273 1943 3520 1996 remedio

1941 2019 2000 2077 S.
2044 2021 2275 2096 Remigii
2327 2028 2646 2085 tradiderim
2681 2031 2968 2100 cmnobio,
3012 2033 3081 2090 ad
3131 2032 3227 2089 Dei
3263 2032 3525 2104 gloriam,

237 2139 328 2187 cto
344 2131 506 2187 Petro
533 2130 891 2186 concederem
929 2099 1368 2200 impersonalitcr
1395 2126 1495 2200 (l),
1531 2123 1835 2196 requisivit.
1872 2099 1915 2156 Β
1940 2116 2088 2171 beati
2114 2132 2335 2190 quoque
2362 2119 2545 2179 Patris
2580 2131 2638 2179 et
2672 2099 3041 2182 antecesseris
3086 2099 3527 2199 nostrivRemigii

238 2221 359 2278 Tali
381 2231 571 2280 tenore
590 2223 926 2296 prazhuimus
954 2239 1245 2280 assensum
1273 2220 1523 2293 petitioni
1547 2219 1840 2276 abbatissa

236 2325 294 2371 et
323 2317 828 2373 sanctimonialium
858 2326 939 2384 ut,
964 2316 1208 2394 quandiu
1249 2315 1305 2370 in
1345 2315 1452 2370 hoc
1478 2312 1680 2370 saeculo
1725 2311 1836 2366 vita

235 2409 439 2465 comite
466 2409 755 2479 fuerimus,
781 2411 1046 2466 memoria
1084 2408 1261 2465 nostri
1310 2408 1465 2464 fieret
1504 2421 1838 2478 unaquaque

237 2502 375 2557 hora
405 2501 460 2557 in
483 2503 826 2560 orationibus
847 2518 1056 2561 earum.

305 2594 604 2668 Postquam
622 2611 878 2668 suprema
894 2597 1030 2663 dies,
1054 2596 1335 2652 subtracto
1362 2594 1589 2661 lumine,
1613 2601 1836 2651 nostros

233 2689 718 2757 clauseritoculos,
737 2690 1044 2758 annuatim,
1069 2690 1212 2747 sicut
1222 2689 1511 2747 conventio
1527 2689 1652 2758 fuit,
1671 2689 1833 2745 anni-

231 2781 542 2836 versarium
565 2789 814 2836 nostrum
836 2781 1108 2838 recoletur
1120 2782 1190 2836 ab
1210 2781 1334 2850 illis,
1359 2783 1434 2838 ita
1461 2792 1520 2839 ut
1553 2784 1610 2838 in
1632 2784 1728 2842 illo
1747 2783 1836 2840 die

228 2888 337 2944 pro
360 2873 556 2928 animae
577 2881 784 2929 nostra:
811 2874 1053 2929 remedio
1079 2874 1386 2930 celebretur
1430 2875 1613 2948 vigilia
1643 2885 1700 2933 et
1739 2878 1834 2934 de-

227 2965 550 3020 functorum
574 2966 668 3021 fiat
696 2966 1119 3035 commendatio,
1177 2968 1492 3025 convocatis
1543 2969 1832 3026 duodecim

229 3058 588 3130 presbyteris,
613 3059 838 3116 totidem
862 3061 1046 3118 missa:
1065 3060 1259 3116 eodem
1304 3060 1392 3117 die
1437 3070 1728 3131 canantur,
1778 3070 1833 3119 ct

230 3166 337 3221 pro
365 3151 547 3207 anima
587 3161 774 3209 nostra
831 3153 887 3208 in
926 3153 1220 3210 refectorio
1258 3154 1525 3210 satientur
1564 3171 1831 3228 pauperes

231 3242 478 3314 triginta,
509 3244 580 3300 ob
609 3246 932 3301 memoriam
962 3246 1136 3302 nostri
1165 3245 1220 3300 in
1274 3263 1444 3301 unum
1494 3263 1831 3319 congregen-

232 3345 346 3402 tur,
366 3344 439 3403 et,
465 3337 745 3392 utdictum
767 3347 871 3405 est,
894 3353 994 3408 pro
1017 3338 1332 3408 supradicto
1353 3339 1512 3394 altari
1531 3340 1584 3393 in
1608 3340 1828 3395 nomine

1939 2223 2208 2280 amorem,
2243 2213 2526 2272 evidenter
2555 2217 2917 2274 considerans
2954 2234 3055 2290 par
3085 2233 3213 2274 esse
3235 2218 3404 2289 justis
3429 2237 3525 2289 pe~

1939 2302 2226 2362 titionibus
2276 2308 2656 2379 acquiescere,
2706 2310 3110 2383 Dominamque
3161 2313 3424 2368 honorari
3471 2315 3524 2367 in

1937 2397 2115 2453 sancti
2161 2399 2250 2455 sui
2291 2401 2627 2461 confessoris
2678 2405 3050 2462 veneratione.
3098 2403 3217 2462 Non
3245 2404 3392 2462 enim
3437 2405 3524 2462 di-

1938 2506 2107 2563 gnum
2130 2493 2375 2564 judicavi
2399 2512 2515 2552 rem
2552 2499 2780 2569 petitam
2823 2499 3144 2571 denegando
3182 2499 3522 2556 Francorum

1937 2587 2189 2655 apostolo
2217 2595 2383 2659 atque
2412 2598 2667 2660 patrono,
2711 2593 2998 2664 refragari,
3029 2593 3190 2663 cujus
3215 2594 3524 2664 patrocinio

1936 2691 2040 2735 nos
2065 2694 2354 2750 speramus
2379 2697 2596 2754 semper
2621 2693 2678 2741 et
2705 2685 2910 2757 ubique
2948 2687 3182 2759 protegi.
3225 2685 3304 2743 Ne
3337 2696 3520 2743 autem

1937 2770 2248 2831 inconsulta
2287 2773 2344 2829 in
2387 2775 2549 2832 altari
2598 2777 2801 2834 tradito
2844 2787 3066 2849 putetur
3105 2780 3381 2837 temeritas
3419 2781 3520 2852 (5),

1934 2879 2210 2925 consensu
2237 2876 2403 2940 atque
2425 2871 2662 2928 consilio
2700 2871 2919 2929 Beroldi
2955 2871 3378 2930 Sucssionensis
3403 2874 3521 2944 cpi-

1935 2961 2118 3032 scopi,
2165 2961 2491 3019 clericorum
2538 2965 2706 3022 etiam
2765 2981 2834 3022 ac
2887 2965 3155 3024 laicorum
3200 2974 3522 3023 nostrorum

1932 3051 2218 3124 instinctu,
2247 3056 2571 3128 praadictum
2597 3046 2770 3116 altare
2804 3058 3008 3117 Sancto
3032 3058 3286 3132 Remigio
3322 3059 3521 3116 tradidi

1931 3149 2324 3218 possidendum
2348 3146 2472 3222 jure
2501 3153 2748 3222 perenni,
2791 3153 2888 3208 tali
2928 3152 3293 3224 permissione
3336 3152 3521 3208 habita

1932 3249 2012 3309 ut,
2043 3257 2153 3299 una
2179 3257 2419 3314 persona
2442 3243 2721 3313 defuncta,
2748 3261 2781 3301 a
2807 3245 2915 3302 loci
2940 3246 3138 3301 abbate
3162 3253 3522 3315 praesentetur

1930 3333 2132 3404 altera,
2161 3335 2252 3392 cui
2295 3336 2467 3392 altare
2502 3338 2764 3394 reddatur
2801 3338 3010 3410 absque
3061 3337 3215 3392 omni
3265 3337 3519 3408 pecunia,

230 3428 443 3483 Christi
467 3429 801 3496 reficiantur,
826 3429 954 3501 quia
979 3430 1245 3500 scriptum
1273 3438 1358 3486 est
1383 3449 1396 3486 :
1434 3430 1589 3497 Quod
1623 3432 1716 3485 uni
1764 3447 1829 3486 ea:
1855 3447 1898 3505 ο
1931 3426 2168 3498 talisque
2205 3428 2280 3484 sit
2308 3444 2676 3500 personarum
2703 3430 3025 3488 substitutio
3065 3445 3163 3501 per
3189 3429 3409 3486 mula.
3442 3429 3521 3487 Ita

234 3520 473 3576 minimis
503 3523 632 3576 meis
652 3523 875 3594 fecistis,
903 3524 1034 3577 mihi
1056 3525 1279 3594 fecistis.
1313 3523 1380 3578 Et
1414 3532 1476 3579 ut
1495 3525 1601 3580 hoc
1630 3534 1832 3581 nostra:

233 3613 580 3670 auctoritatis
635 3615 899 3686 scriptum
955 3615 1102 3686 quod
1159 3613 1390 3672 fecimus
1439 3617 1830 3675 inconcuSsum

233 3714 458 3760 maneat
496 3707 709 3762 cunctis
749 3707 943 3764 diebus
993 3716 1183 3764 nostra
1231 3709 1557 3765 auctoritate
1603 3711 1830 3766 omnino

234 3799 681 3855 cerroboramus.
714 3798 941 3871 Insuper
966 3811 1021 3856 et
1042 3802 1218 3858 sancti
1265 3802 1432 3871 Petri,
1459 3805 1609 3876 regni
1656 3807 1828 3862 coelo-

234 3906 362 3946 rum
413 3890 690 3962 clavigeri,
740 3892 828 3948 cui
886 3894 1205 3962 praedictum
1252 3897 1425 3952 altare
1472 3901 1827 3970 contulimus,

235 3984 344 4038 hoc
371 3983 633 4054 scriptum
655 3999 756 4039 nos
774 3985 877 4056 ipsi
897 3986 1256 4056 firmavimus,
1282 4006 1560 4062 manuque
1587 3993 1828 4052 fidelium

238 4084 554 4130 nostrorum
584 4077 836 4133 roborari
866 4077 1118 4135 fecimus.

311 4167 506 4224 Actum
538 4167 747 4236 Remis,
796 4181 1059 4242 regnante
1100 4189 1227 4245 rege
1283 4173 1518 4235 Henrico
1565 4197 1655 4237 an.
1707 4200 1825 4250 vni,

239 4260 586 4331 episcopatus
614 4261 801 4316 domni
823 4261 1089 4321 Guidonis
1109 4282 1199 4324 an.
1230 4284 1267 4322 ιι
1304 4269 1400 4325 ’2l.

308 4353 420 4426 Sig.
454 4352 719 4409 llarduini
749 4355 1146 4413 archidiaconi.

311 4445 422 4517 Sig.
455 4445 715 4503 Richardl
743 4448 1144 4508 archidiaconi.

310 4539 422 4610 Sig.
451 4539 734 4596 Conranni
763 4542 978 4598 decani.

303 4630 415 4702 Sig.
449 4632 654 4687 Albcrti
684 4635 994 4691 camerarii.

1934 3525 2115 3577 tamen
2143 3529 2204 3577 ut
2226 3537 2327 3593 pro
2347 3531 2602 3595 respectu
2619 3523 2884 3581 denarios
2901 3521 3206 3580 octodecim
3224 3563 3241 3589 ,
3264 3523 3410 3578 sicut
3429 3538 3518 3579 re-

1933 3613 2082 3685 liqua
2108 3615 2336 3684 altaria,
2366 3624 2483 3672 tam
2530 3616 2668 3672 mihi
2699 3632 2868 3688 quam
2901 3615 3321 3673 successoribus
3349 3615 3520 3684 meis,

1932 3709 2111 3764 solvat
2142 3709 2197 3764 in
2227 3711 2436 3783 synodo
2464 3725 2669 3767 annua.
2696 3708 2874 3782 Hujus
2894 3707 3315 3767 eonVentionem
3346 3707 3520 3764 tradi-

1931 3801 2100 3859 tionis
2125 3803 2315 3859 volcns
2347 3818 2671 3874 permanere
2695 3803 3066 3860 inviolabilem
3100 3800 3308 3872 scripto
3337 3801 3522 3858 studio

1931 3893 2200 3951 destinavi
2226 3896 2462 3967 posteris
2492 3897 2563 3953 ad
2597 3896 3090 3954 conservationem.
3129 3893 3390 3962 Quinimo
3417 3909 3519 3949 au-

1931 3988 2184 4044 ctoritate
2208 3987 2306 4044 Dei
2329 3990 2721 4061 omnipotentis
2737 3988 2945 4058 Patris,
2961 3996 3018 4044 et
3035 3986 3182 4055 Filii,
3201 3995 3257 4043 et
3283 3985 3522 4058 Spiritus

1932 4082 2129 4151 sancti,
2156 4098 2258 4140 nec
2279 4098 2389 4138 non
2419 4083 2595 4146 beata:
2615 4082 2800 4139 Maria:
2825 4082 3074 4155 virginis,
3099 4081 3276 4139 sancti
3299 4094 3522 4151 quoque

1933 4172 2164 4248 Remigii
2204 4177 2565 4248 omniumque
2592 4184 2914 4234 sanctorum
2947 4174 3375 4246 suffragantibus
3399 4188 3521 4228 me-

1931 4267 2073 4336 ritis,
2109 4269 2653 4325 excommunicamus
2673 4267 2915 4340 praefatae
2947 4266 3328 4326 conventionis
3345 4265 3522 4325 viola-

1933 4369 2130 4428 torem,
2156 4363 2391 4420 testibus
2415 4362 2505 4418 his
2531 4361 2921 4434 praesentibus.

2007 4453 2237 4512 Widone
2265 4457 2698 4530 archiepiscopo.

2004 4551 2224 4608 Albrico
2247 4551 2565 4624 praeposito.

2001 4647 2373 4705 Constantino
2394 4647 2625 4704 decano.

309 4724 403 4797 Sig
430 4725 686 4783 Alberici.

306 4814 420 4890 Sig.
453 4817 719 4877 Harduini
741 4820 906 4891 hujus
929 4821 1036 4880 loci
1059 4824 1355 4895 praepositi.

2002 4740 2235 4795 Beroldo
2265 4741 2543 4811 episcopo.

1862 4794 1907 4851 Ι)
2007 4833 2336 4892 Guntranno
2356 4832 2775 4904 chorepiscopo.

306 4972 383 5049 (ι)
421 4978 1169 5060 Impersonaliterjenendum
1193 4987 1459 5060 concedit,
1484 4997 1580 5047 hoc
1613 5003 1830 5060 estsine

233 5065 455 5117 persona
475 5067 591 5120 quin
611 5069 733 5136 uere
757 5049 993 5136 titularis
1017 5052 1297 5121 succedat,
1325 5067 1378 5110 et
1421 5049 1506 5118 sic
1535 5049 1829 5136 forsan'iz'i:

235 5128 348 5173 tare
373 5137 500 5180 cum
525 5140 677 5178 onere
696 5122 877 5174 datur.
1222 5147 1224 5149 ν

233 5259 272 5290 r
303 5190 381 5272 (ᾖ)
420 5191 521 5272 An.
549 5191 754 5290 l2regni
786 5189 1022 5262 Henrici,
1046 5195 1373 5250 numerando
1402 5217 1441 5254 a
1467 5206 1554 5262 die
1599 5226 1828 5276 εονοηα,

1936 4992 2309 5066 scopislibera
2336 4992 2407 5048 ab
2427 4987 2578 5046 omni
2601 4999 2932 5066 personam
2961 4977 3564 5066 dafgﬂﬂjngrafiam

1937 5050 2352 5136 iurgiosorum.
2399 5071 2460 5117 ιιι
2484 5050 2637 5136 pateﬁt
2774 5050 3277 5136 ἓιιειιθὲἓηὲῐιάί
3310 5050 3570 5136 tantum

1937 5117 2185 5212 ἑείἱίξέόιὶξ
2209 5135 2261 5188 in
2293 5117 2533 5212 Historiis
2560 5128 2828 5198 Dionysii
2861 5117 2964 5212 fol:
2988 5117 3578 5212 .493--l‘f“‘.2§3“_33‘

1939 5193 2092 5271 6'65-
2124 5193 2332 5290 T'wrta
2360 5221 2456 5275 ρετ
2485 5193 2802 5290 Name“?
2837 5193 3430 5290 δτριέἳνλὲξὲηέίὲθθ
3451 5208 3584 5290 92?:

2918 5259 2941 5290 ι-
2973 5259 3202 5290 πει-Ληνη
3235 5259 3274 5290 α
3330 5262 3589 5290 ἶ)-..-ι...ἶη
