4044 5290
554 322 577 375 1
588 319 692 376 407

621 429 916 495 Richardo,
942 426 1217 491 Odalrico,
1246 435 1350 480 etc.

619 524 815 579 Actum
844 528 931 576 est
974 518 1181 585 Remis,
1221 533 1368 574 anno
1410 517 1707 573 Dominica:
1733 516 2130 573 incarnationis

551 616 709 682 1040,
750 614 939 670 indict.
977 629 1095 678 vm,
1124 620 1387 683 regnante
1432 610 1665 666 Henrico
1702 626 1827 680 rege
1854 625 1980 664 ann.
2027 626 2128 677 xu,

549 708 896 779 episcopatus
948 705 1158 761 domini
1185 702 1437 759 Widonis
1465 719 1562 757 vn.
1611 701 1803 759 Testes
1829 701 2130 770 Gerardus,

550 800 887 866 Erlebaldus,
910 798 1200 863 l‘lcnricns,
1248 797 1576 863 Bernaerus,
1614 796 1776 861 Boso,
1809 796 2129 863 Rainaldus,

551 893 807 950 Varinus.
834 892 1217 949 Vauteraunus
1232 880 1598 948 'cancellarius
1625 889 1845 960 scripsit
1868 888 1907 961 -ι-
1928 896 1982 944 et
2003 888 2134 944 sub-

549 987 771 1059 scripsit
803 985 903 1057 (4).

1292 1097 1381 1153 lll.

550 1192 849 1250 Concordia
908 1190 1156 1269 Widonis
1218 1190 1625 1269 arcbiepiscopi
1671 1187 1943 1269 Bernensis
2010 1202 2131 1240 cum

747 1263 975 1318 Βίωνάο
1003 1264 1192 1318 abbate
1220 1262 1277 1318 S.
1323 1259 1527 1317 Vitonis
1562 1259 1926 1315 Virdunensis.

1139 1355 1322 1427 (Anno
1360 1350 1544 1423 1040.)

550 1469 1040 1549 [γλιιιιηηᾼτριιὶυεε
1058 1464 1598 1549 administratives’ti‘e
1617 1465 1672 1547 la
1696 1463 1821 1549 vill'loe
1845 1463 1908 1549 tie
1933 1461 2132 1549 Reims,

690 1532 901 1613 p.906,
932 1557 998 1595 ex
1025 1537 1358 1595 chartulario
1396 1536 1454 1591 8.
1487 1534 1700 1591 Vitonis
1736 1532 1992 1605 Virdun.]

620 1634 733 1707 Ego
753 1633 939 1701 Wido,
965 1633 1061 1688 Dei
1084 1647 1314 1687 munere
1332 1630 1633 1688 Remorum
1658 1629 2131 1700 archiepiscopus,

549 1728 891 1783 innotescere
922 1725 1048 1782 volo
1075 1726 1288 1781 cunctis
1321 1724 1690 1795 praesentibus
1708 1730 1764 1777 et
1796 1721 1998 1778 futuris
2025 1721 2134 1777 Ec-

1148 312 1474 371 GUlDONlS
1510 312 1599 366 DE
1624 308 2108 367 CASTELLIONE
2131 310 2431 365 REML‘NS.
2459 310 2778 370 ARCHIEP.
2821 314 3238 371 DIPLOMATA.

3684 317 3823 374 uos

2160 424 2205 480 A
2231 421 2625 478 canonicorum
2652 434 2946 494 conventu,
2970 435 3192 497 precatu
3232 442 3453 499 quoque
3487 429 3686 485 domui
3715 430 3826 485 Ro-

2231 512 2363 568 dulil
2407 514 2620 570 abbatis
2656 524 3091 589 caaterorumque
3142 519 3401 587 fratrum,
3448 525 3825 580 concesserim

2232 606 2505 675 quoddam
2547 608 2719 664 altare
2741 609 2794 664 in
2835 610 2961 666 villa
3016 627 3139 682 qua:
3189 612 3389 668 dicitur
3416 611 3806 669 Germereium

2232 696 2463 753 abbatiae
2503 707 2712 756 sanctae
2752 698 2938 757 Maria:
2972 701 3368 771 Mosomensis,
3412 704 3487 760 ob
3516 703 3828 759 remedium

2233 786 2430 843 animae
2471 805 2626 858 meae,
2661 806 2730 847 eo
2773 807 2906 848 vero
2942 801 3165 862 tenore,
3216 802 3302 864 ut,
3342 793 3605 852 defuncta
3648 795 3829 867 ipsius

2233 878 2425 935 altaris
2450 895 2705 950 persona,
2751 882 2859 938 alia
2887 884 2957 939 ab
3001 884 3196 941 abbate
3222 925 3237 953 ,
3284 900 3680 957 quamcunque
3727 902 3831 941 vo-

2234 969 2418 1037 luerit,
2444 981 2774 1041 praasentata
2819 975 3029 1047 absque
3074 977 3262 1048 aliquo
3307 993 3536 1033 munere
3558 978 3832 1033 canonim

2236 1062 2572 1118 restituatur.
2618 1063 2688 1121 Et
2713 1073 2773 1121 ut
2815 1067 2921 1122 hoc
2953 1067 3174 1123 ﬁrmum
3215 1077 3272 1125 et
3296 1068 3493 1125 stabile
3528 1069 3585 1122 in
3631 1083 3835 1139 perpe-

2235 1160 2391 1208 tuum
2420 1164 2666 1224 maneat,
2715 1157 3037 1214 violatorem
3079 1167 3137 1215 et
3167 1158 3522 1217 iuiractorem
3546 1160 3722 1231 hujus
3746 1160 3832 1214 rei

2232 1244 2416 1316 jaculo
2455 1247 2818 1305 auatbematis
2854 1251 3214 1323 percutimus,
3257 1260 3315 1312 et
3334 1253 3559 1310 vinculo
3600 1266 3832 1310 escom-

2236 1337 2626 1397 municatiouis
2651 1341 2958 1413 alligamus.

2303 1430 2345 1500 -ι-
2369 1428 2600 1501 Signum
2637 1431 2890 1489 Widonis
2916 1434 3216 1492 Remorum
3250 1437 3531 1508 praesulis.

2307 1518 2534 1593 Signum
2564 1522 2773 1581 Odonis
2819 1528 3214 1585 archidiaconi.
3257 1530 3316 1586 S.
3362 1529 3572 1586 Albrici
3603 1543 3829 1603 prapo—

2239 1610 2348 1668 siti.
2384 1612 2441 1669 8.
2490 1614 2703 1671 Wariui
2742 1618 3133 1677 archidiaconi.
3161 1620 3219 1677 S.
3254 1622 3567 1679 Constantii
3604 1623 3831 1679 decani.

2241 1702 2299 1759 8.
2334 1696 2593 1763 Richardi
2615 1709 2879 1766 cantoris.
2914 1710 2973 1766 8.
3002 1711 3219 1770 Rieheri
3244 1716 3571 1788 presbyteri.
3620 1714 3686 1772 S.
3729 1718 3834 1772 Al-

549 1768 1991 1890 ἕὶὲὲῖξξῖἷιζὲῖιιεζιίἷιεῖἷιέἐιζῖιιῖἓιῖξῐίᾲῖἐὲζιῆἒξπίίε
2030 1823 2137 1871 ιη..
2171 1768 2214 1823 ¹³
2239 1797 2398 1890 beru.
2433 1797 2490 1890 δ.
2523 1798 2765 1873 Rotseri-
2801 1801 2858 1857 s.
2889 1801 3134 1862 θεηταί.
3170 1805 3229 1862 s.
3255 1806 3563 1866 Erlebardi.
3596 1808 3659 1864 s.
3709 1808 3833 1864 Hu-

549 1916 778 1972 diderim
820 1913 1072 1969 cmnobio
1113 1912 1174 1967 B.
1231 1911 1419 1979 Petri,
1462 1911 1752 1981 sanctique
1805 1908 2021 1966 Vitonis
2078 1909 2134 1964 in

549 2008 815 2063 suburbio
831 2004 1181 2073 Virdunensi,
1210 2005 1264 2059 in
1284 2003 1468 2060 dando
1488 2018 1701 2061 annexa
1722 2002 2015 2060 occasione
2037 2004 2136 2060 hu-

544 2099 787 2170 jusmodi
812 2118 826 2154 :
853 2097 1162 2154 Richardus
1186 2097 1357 2153 abbas
1383 2105 1438 2152 et
1461 2096 1659 2152 fratres
1680 2096 1926 2168 ejusdem
1947 2111 2136 2153 emno-

548 2192 623 2247 bii
675 2193 855 2263 questi
903 2203 1036 2246 sunt
1079 2190 1225 2262 apud
1278 2203 1367 2245 me
1409 2190 1558 2261 quod
1613 2195 1932 2245 antecessor
1977 2204 2136 2247 meus

547 2284 808 2339 dominus
842 2282 1074 2339 Ebalus
1110 2282 1314 2353 injuste
1340 2281 1631 2338 abstulerit
1656 2288 1935 2336 monetam
1961 2281 2138 2340 Meso-

548 2391 793 2433 meusem
849 2376 920 2433 de
957 2377 1213 2433 coenobio
1257 2375 1574 2447 supradicto
1595 2416 1612 2443 ,
1671 2390 1841 2447 quam
1891 2375 2138 2448 legaliter

547 2470 806 2529 tenebant
847 2486 917 2527 ex
958 2470 1105 2527 dono
1145 2468 1493 2541 imperatoris
1529 2469 1746 2528 Henrici
1763 2511 1780 2537 ,
1826 2469 2136 2529 interventu

547 2578 770 2635 quoque
792 2561 1113 2619 Herimanni
1150 2563 1370 2619 comitis
1415 2564 1575 2637 cujus
1607 2562 1933 2625 beneﬁcium
1962 2565 2135 2623 exsti-

546 2663 705 2712 terat.
734 2655 885 2712 Hanc
905 2656 1054 2713 enim
1076 2672 1192 2714 suae
1211 2666 1446 2715 moneta:
1467 2658 1723 2716 Remensi
1751 2656 2132 2730 coujunxerat.

550 2748 626 2806 De
657 2765 765 2821 qua
811 2765 872 2805 re
918 2751 1119 2823 saapius
1149 2760 1452 2808 conventus
1488 2769 1520 2809 a
1553 2753 1757 2809 domno
1801 2753 1998 2810 abbate
2037 2752 2137 2809 Ri-

548 2843 757 2898 cbardo
795 2859 863 2900 ac
909 2843 1177 2902 fratribus
1222 2845 1364 2917 ejus,
1397 2862 1527 2903 cum
1572 2846 1880 2903 renuissem
1908 2847 2139 2908 reddere

548 2951 714 3006 quam
743 2939 1064 3007 repetebant
1092 2951 1392 3011 monetam,
1418 2960 1488 3000 ne
1511 2945 1727 3001 viderer
1757 2943 2011 3000 mutilare
2032 2959 2136 2999 no-

550 3040 679 3087 stra:
706 3032 957 3089 utilitatis
996 3035 1371 3104 commodum,
1406 3046 1460 3094 et
1493 3047 1773 3095 monetam
1809 3038 2137 3095 Remeusem

551 3123 932 3179 imminuendo
972 3125 1220 3182 viliorem
1250 3127 1430 3185 facere
1453 3173 1468 3199 ,
1513 3132 1702 3188 habito
1741 3131 1976 3188 consilio
2009 3148 2136 3189 cum
2165 3116 2207 3175 ο

551 3217 769 3273 clericis
805 3217 1056 3274 ﬁdelibus
1083 3228 1138 3275 et
1180 3221 1335 3278 laieis
1374 3224 1582 3292 nostris
1609 3240 1709 3295 pro
1733 3227 2141 3283 restauratione

552 3317 788 3366 monetae
833 3309 1218 3380 Mosomensis,
1260 3321 1317 3369 et
1367 3316 1497 3387 quia
1548 3315 1696 3373 Deus
1738 3317 2045 3373 honoratur
2083 3320 2139 3375 in

492 3392 496 3396 “
552 3401 812 3470 servitiis,
841 3417 1096 3474 personae
1132 3406 1204 3461 ab
1231 3405 1312 3463 eis
1343 3415 1684 3478 przesentatte
1730 3411 1900 3466 altare
1944 3428 2141 3483 supra-

551 3494 758 3550 dictum
788 3496 1006 3563 tradidi,
1030 3498 1160 3554 dato
1197 3507 1388 3557 tenore
1433 3501 1664 3575 hujusce
1704 3504 2012 3576 privilegii,
2058 3515 2136 3573 ut,

553 3603 788 3658 persona
825 3588 1117 3659 defuncta,
1174 3592 1336 3649 alteri
1374 3609 1626 3666 personae
1666 3598 1732 3654 ad
1763 3614 1904 3670 opus
1944 3612 2139 3654 mona—

552 3682 786 3735 chorum
832 3681 1004 3739 altare
1045 3684 1307 3741 reddatur
1338 3687 1548 3760 absque
1575 3690 1729 3746 omni
1771 3691 2026 3763 pecunia.
2054 3699 2141 3747 ta-

555 3772 733 3843 lisque
771 3773 844 3830 sit
880 3788 1246 3844 personarum
1296 3781 1579 3837 successio
1610 3797 1734 3853 per.
1758 3782 1979 3839 sazcuia.
2028 3783 2144 3842 Hoc

553 3864 833 3920 decretum
857 3868 1203 3926 auctoritatis
1227 3878 1432 3929 nostra:
1458 3874 1715 3945 praecepti
1739 3875 2144 3946 conscriptione

555 3957 872 4016 studuimus
915 3959 1246 4019 conﬁrmare
1268 4002 1285 4031 ,
1315 3979 1387 4020 ne
1433 3965 1560 4036 quis
1592 3966 1793 4023 amodo
1844 3979 2146 4038 priesumat

556 4050 793 4119 violare;
821 4052 917 4107 sed
940 4062 997 4109 et
1023 4054 1069 4109 si
1096 4054 1222 4125 quis
1248 4057 1559 4126 tentaverit,
1602 4059 1785 4115 videat
1823 4075 1894 4115 ne
1920 4060 2027 4115 sibi
2058 4061 2145 4132 ja-

556 4160 695 4200 nuas
737 4145 862 4200 coeli
902 4145 1183 4215 clauserit,
1213 4149 1363 4219 quod
1404 4149 1663 4221 janitoris
1710 4152 1969 4225 injuriam
1996 4195 2011 4222 ,
2055 4169 2146 4211 res

555 4235 678 4307 ejus
703 4234 982 4305 auferens,
1014 4238 1287 4296 inciderit.

625 4328 824 4385 Datum
868 4345 1015 4386 anno
1061 4330 1458 4391 incarnationis
1488 4335 1705 4393 Domini
1754 4335 1913 4406 low,
1954 4336 2142 4396 indict.

561 4435 677 4475 vni.
724 4420 924 4479 Actum
971 4422 1188 4494 Remis,
1235 4437 1499 4500 regnante
1544 4428 1781 4486 Henrico
1829 4446 1957 4502 rege
2000 4447 2147 4487 anno
2179 4461 2223 4515 Ι)

562 4512 807 4567 secundo
830 4553 848 4579 ,
893 4514 1245 4586 episcopatus
1288 4518 1478 4575 domui
1522 4520 1776 4579 Widonis
1832 4537 1980 4578 anno
2045 4541 2141 4581 vn.

561 4600 849 4659 Odalricus
870 4607 1236 4667 caucellarius
1265 4612 1502 4682 scripsit
1511 4622 1568 4671 et
1586 4615 1932 4688 subscripsit.

1313 4701 1406 4759 IV.
1510 4736 1515 4741 -

564 4809 805 4866 Widonis
846 4812 1251 4889 “archiepiscopi
1317 4816 1588 4875 Remensis
1635 4823 1821 4879 charta
1861 4829 1926 4883 de
1985 4833 2149 4889 altari

836 4880 1125 4940 Germereii
1146 4880 1244 4956 pro
1270 4888 1505 4943 coenobio
1530 4890 1867 4952 Mosomensi.

1164 4978 1348 5049 (Anno
1374 4979 1564 5053 1045.)

616 5060 867 5131 ὶΜΑιςιω..
901 5063 980 5120 De
1003 5083 1058 5122 re
1085 5070 1307 5140 diplom.
1357 5071 1422 5140 II,
1455 5073 1582 5144 6433,
1608 5091 1677 5133 ex
1705 5084 2095 5150 autographo.'l

2236 1889 2414 1960 genis.
2445 1889 2503 1947 S.
2533 1890 2782 1950 Widrici.
2819 1893 2877 1950 8.
2915 1895 3144 1955 Odonis.
3186 1897 3246 1955 8.
3288 1898 3583 1971 Sigeberti.
3624 1902 3688 1956 S.
3721 1901 3834 1957 He-

2236 1979 2494 2037 rimanni.
2555 1981 2613 2041 S.
2674 1984 2925 2043 Leuviui.
2989 1986 3048 2045 8.
3117 1987 3383 2063 Hugouis.
3436 1991 3498 2048 8.
3550 1991 3833 2049 Hanasse.

2238 2068 2297 2127 8.
2334 2070 2607 2130 Roderici.
2641 2074 2699 2130 8.
2732 2076 3003 2135 Rotberti.

2308 2162 2503 2220 Actum
2529 2165 2716 2224 Remis
2749 2183 2895 2225 anno
2923 2170 3316 2230 incarnationis
3339 2171 3645 2231 Dominicaa
3671 2174 3837 2241 1043,

2236 2252 2423 2312 indict.
2463 2273 2542 2325 ιι,
2567 2266 2830 2331 regnante
2856 2260 3095 2320 Henrico
3124 2272 3269 2336 'rege
3292 2263 3641 2324 Francorum
3688 2283 3839 2324 amne

2234 2361 2370 2416 xvu,
2386 2347 2734 2421 episcopatus
2757 2368 2888 2410 vero
2913 2354 3102 2412 domui
3125 2354 3380 2415 Widonis

2236 2453 2384 2496 anno
2408 2457 2486 2497 ιι.
2522 2440 2812 2504 Odalricus
2835 2448 3198 2507 caucellarius
3226 2449 3468 2523 scripsit.

2983 2579 3047 2639 V.

2239 2686 2413 2785 διεξίω
2485 2691 2909 2785 archiepiscopus
2966 2654 3238 2785 Regillensis
3294 2700 3582 2785 conﬁrmat
3636 2702 3836 2785 {mni

2314 2760 2612 2835 yanassisg
2648 2760 2850 2835 nepotis
2910 2768 2995 2822 sui
3055 2767 3341 2825 Herimaro
3392 2760 3582 2827 abbati
3645 2771 3834 2828 Sancti

2308 2827 2539 2913 Remigii
2578 2833 2645 2913 de
2689 2827 3008 2913 quibusdam
3044 2840 3229 2913 terris,
3270 2842 3328 2913 in
3378 2844 3614 2913 conﬁnio
3668 2847 3834 2897 rastri

2309 2901 2736 2982 beatiZReniigii
2762 2907 2904 2977 sitis,
2951 2901 3446 2982 prwsenti'cltarta,
3478 2901 3521 2968 ἀ
3546 2914 3834 2974 nobilibus

2309 2973 2501 3027 vicinis
2528 2973 2853 3048 subscripta.

2834 3070 3014 3141 (Anno
3053 3073 3240 3146 1055.)

2451 3155 2538 3230 [D.
2565 3157 2818 3230 Marmor,
2851 3161 3130 3236 Metropol.
3158 3165 3334 3233 Rem,
3366 3165 3434 3234 ll,
3468 3169 3624 3242 il0.]

2314 3266 2370 3322 ln
2410 3271 2634 3328 nomine
2673 3282 2878 3332 sarctte
2903 3284 2958 3332 ct
2986 3277 3283 3335 individua:
3311 3279 3624 3338 Trinitatis.
3659 3282 3757 3338 Est
3781 3285 3833 3338 in

2241 3360 2481 3416 conﬁnio
2504 3365 2673 3420 castri
2710 3368 2888 3423 sancti
2925 3367 3156 3442 Remigii
3187 3379 3331 3429 terra
3353 3373 3618 3444 adjacens
3642 3377 3834 3431 vieini-

2244 3453 2340 3507 tali
2370 3462 2641 3511 terrarum
2668 3458 3037 3529 adjacentium
3064 3462 3120 3517 in
3140 3464 3270 3519 villa
3299 3466 3474 3521 sancti
3505 3466 3743 3539 Remigii
3769 3486 3832 3523 ex

2242 3555 2397 3613 parte
2428 3563 2552 3618 qua:
2573 3564 2606 3605 a
2630 3549 2873 3607 Viridate
2894 3553 3096 3609 dicitur
3117 3555 3368 3628 (Vrilly),
3391 3558 3460 3613 de
3481 3562 3836 3630 possessione

2243 3637 2532 3707 cujusdam
2572 3640 2899 3699 vicedomini
2939 3643 3228 3704 Remensis
3268 3650 3365 3720 qui
3404 3650 3698 3706 dicebatur
3729 3652 3836 3708 Na—

2244 3743 2437 3784 nasscs
2461 3728 2682 3800 Calvus,
2708 3749 2879 3805 nepos
2906 3735 3156 3795 Widouis
3178 3740 3603 3812 archiepiscopi.
3639 3742 3839 3799 Volens

2243 3835 2373 3891 ergo
2394 3821 2651 3880 dominus
2693 3826 2865 3882 abbas
2914 3827 3234 3887 lierimarus
3271 3834 3556 3903 quoddam
3594 3836 3839 3891 mansio-

2245 3912 2354 3967 nile
2398 3913 2474 3968 ibi
2522 3931 2690 3987 prope
2740 3928 3100 3975 memoratam
3128 3923 3316 3978 villam
3356 3934 3708 3993 construere,
3738 3945 3839 3983 no-

2246 4003 2393 4060 mine
2416 4003 2804 4076 Tollensviam,
2829 4026 2930 4081 pro
2958 4027 3025 4068 eo
3050 4008 3200 4085 quod
3218 4016 3367 4071 viam
3399 4018 3695 4075 abstulerit
3719 4036 3842 4090 qua:

2248 4095 2472 4165 perinde
2491 4099 2653 4154 solita
2667 4110 2786 4156 erat
2806 4102 2944 4171 ﬁeri,
2965 4105 3095 4175 quia
3106 4106 3360 4180 contigua
3377 4117 3433 4164 et
3447 4110 3699 4166 immista
3722 4121 3842 4167 erat

2247 4187 2366 4259 ipsa
2389 4195 2533 4245 terra
2548 4192 2774 4262 reliquis
2797 4195 2957 4252 terris
2974 4197 3159 4254 Sancti
3181 4198 3434 4273 Remigii,
3450 4218 3521 4258 ue
3541 4203 3843 4274 aliquando

2246 4287 2566 4349 paterentur
2608 4284 2831 4355 aliquod
2860 4290 3183 4347 scandalum
3211 4292 3467 4350 homines
3488 4293 3719 4351 easdem
3744 4311 3836 4351 co-

2247 4372 2421 4429 lentes
2463 4389 2495 4429 a
2546 4374 2773 4432 domino
2810 4394 3130 4450 possessore
3176 4384 3352 4455 ipsius
3401 4394 3594 4456 terrae,
3633 4388 3705 4443 de
3734 4403 3838 4459 qua

2249 4480 2417 4536 supra
2462 4466 2772 4537 retulimus,
2801 4473 2991 4541 petivit
3020 4474 3075 4529 in
3117 4477 3406 4546 przesentia
3432 4478 3629 4534 domui
3663 4479 3840 4536 archi-

2250 4558 2502 4627 prazsulis
2524 4557 2777 4617 Widonis
2796 4564 2866 4617 ab
2892 4564 3011 4635 ipso
3032 4565 3282 4623 Manasse
3302 4566 3475 4625 Calvo
3493 4569 3618 4625 dari
3642 4566 3841 4629 Sancto

2246 4646 2500 4720 Remigio
2525 4665 2648 4705 eam
2676 4667 2778 4724 pro
2802 4656 3048 4712 remedio
3078 4657 3275 4713 animae
3303 4675 3418 4715 sum
3437 4668 3494 4715 et
3526 4662 3839 4719 animarum

2254 4738 2493 4795 ﬁliorum
2518 4756 2768 4798 suorum.
2803 4744 2921 4815 Ipse
2942 4736 3330 4805 autemnoluit
3366 4751 3472 4806 hoc
3514 4752 3703 4808 facere
3742 4755 3837 4809 nisi

2200 4884 2212 4892 _
2252 4844 2317 4884 ea
2341 4830 2655 4888 conditione
2695 4842 2757 4889 ut
2781 4836 3046 4892 darentur
3084 4839 3187 4895 sibi
3225 4850 3446 4896 centum
3490 4844 3658 4898 solidi
3695 4854 3840 4915 quot-

2255 4922 2415 4977 annis
2453 4923 2579 4979 vita:
2608 4940 2743 4992 suae,
2774 4935 2829 4982 et
2865 4939 2993 4999 post
3020 4941 3251 4986 mortem
3288 4948 3392 4989 suo
3428 4934 3658 4992 hmredi.
3688 4935 3839 4991 lleri-

2255 5028 2443 5070 marus
2483 5023 2687 5085 autem,
2716 5019 2949 5077 consilio
2984 5022 3171 5079 habito
3192 5039 3317 5080 cum
3349 5024 3606 5083 Manasse
3647 5028 3844 5083 comite

2255 5104 2348 5144 ηιιί
2372 5111 2503 5150 tunc
2535 5123 2774 5150 nmconc
2806 5112 2991 5150 mlmmr
3049 5124 3098 5150 οι

3137 5131 3261 5150 num
3292 5116 3518 5150 νηιῖηιιῖο
3548 5120 3722 5150 ηηοαιῖ
