4044 5290
262 310 421 366 9415

1075 307 1252 365 HIST.
1288 308 1508 364 DEDlC.
1534 310 1893 365 ECCLESIAS
1922 313 1979 364 b'.
2016 313 2299 368 llLMlCll.
2332 345 2403 354 -—
2426 315 2765 375 MONITUM.

3412 322 3548 383 HM

260 424 602 489 Germanos,
629 423 725 494 qui
757 423 830 479 ibi
851 422 1168 494 frequentes
1200 419 1517 487 adfuerunt,
1556 419 1637 475 sic
1655 419 1723 473 de
1743 418 1865 475 aliis
1894 426 1938 482 Α
1968 418 2091 473 inde
2118 418 2651 496 Constantinopolim
2682 426 3036 498 perrexit"...
3064 427 3339 491 Reversus
3362 442 3548 492 autem

259 517 496 588 populis
521 515 762 587 loquitur
788 514 928 571 libro
953 532 1013 583 ιι,
1037 529 1157 585 cap.
1184 513 1239 581 4,
1266 510 1402 567 Vitze
1426 510 1599 568 sancti
1625 510 1854 566 Leonis:

266 628 287 659 ι
335 607 630 673 lnvitatur,
666 626 685 657 ι
724 606 833 662 Leo
868 621 1028 677 papa,
1068 626 1086 658 ι
1122 606 1191 660 ab
1227 603 1511 658 llerimaro
1536 602 1729 657 abbate
1763 618 1856 657 ve-

257 700 506 756 nerandi
535 699 770 755 cmnobii
792 700 965 755 sancti
996 699 1290 755 Remorum
1320 695 1611 767 pontificis,
1635 695 1703 749 ad
1728 709 1859 749 con-

257 793 599 850 secrandam
644 792 933 849 ecclesiam
967 791 1022 848 in
1055 792 1175 861 ejus
1215 790 1424 844 honore
1452 795 1855 854 constructam;

258 886 363 940 ubi
392 901 509 940 non
541 891 626 940 est
658 884 806 940 dictu
834 882 992 940 facile
1022 891 1228 955 quanta
1266 879 1556 935 multitudo
1591 894 1622 932 a
1656 877 1858 934 finibus

256 985 456 1043 terrae,
487 975 873 1046 Hispanorum,
906 976 1314 1040 Britannorum,
1344 971 1710 1037 Francorum,
1743 969 1856 1024 An-

254 1070 511 1143 glorum,
540 1068 818 1124 advenerit
842 1070 962 1141 ejus
999 1069 1233 1125 invisere
1268 1063 1633 1145 prmsentiam.
1665 1059 1722 1115 ln

257 1161 564 1235 praesentia
593 1159 767 1216 adfuit
785 1163 952 1217 etiam
993 1176 1102 1217 non
1144 1160 1392 1216 modicus
1430 1164 1608 1212 coetus
1633 1154 1857 1225 pontifi-

255 1272 425 1314 cum.
467 1274 489 1308 )

330 1349 394 1405 Ξ.
429 1344 586 1403 Hanc
617 1346 1020 1404 solemnitatem
1057 1345 1182 1401 data
1215 1357 1382 1416 Opera
1421 1336 1712 1409 descripsit
1742 1337 1857 1393 An-

252 1443 499 1507 selmus,
525 1440 830 1495 monachus
855 1441 1100 1512 ejusdem
1125 1435 1361 1494 cmnobii
1389 1432 1573 1488 Sancti
1606 1430 1856 1504 Remigii,

245 1542 425 1606 jussu
465 1531 737 1588 Herimari
760 1534 994 1600 abbatis,
1017 1534 1075 1588 in
1104 1530 1286 1611 libello
1322 1524 1586 1627 singulari
1617 1539 1682 1579 ea
1707 1524 1775 1580 de
1800 1539 1859 1627 re

248 1628 410 1682 edito
441 1626 546 1681 sub
571 1625 726 1682 titulo
753 1624 1021 1683 Itinerarii
1048 1640 1202 1696 papa:
1222 1620 1443 1686 Leonis,
1460 1619 1516 1673 in
1538 1630 1650 1688 quo
1673 1619 1858 1672 omnia

247 1735 385 1791 qua:
409 1734 658 1791 pnesens
687 1719 896 1774 viderat
915 1726 970 1773 et
994 1717 1242 1772 audierat
1262 1711 1578 1811 singillatim
1611 1708 1853 1811 exponit.

249 1810 445 1883 Hujus
472 1810 713 1868 auctoris
740 1812 988 1869 meminit
1017 1805 1504 1864 Trithemiuslibro
1528 1802 1604 1857 De
1631 1802 1859 1870 scripto-

248 1904 418 1961 ribus
447 1903 852 1971 ecclesiasticis,
875 1919 1036 1973 quem
1068 1903 1124 1957 in
1149 1897 1447 1969 Scripturis
1473 1893 1674 1984 divinis
1694 1908 1855 1948 exer-

246 1996 656 2054 citatissimum
679 1995 871 2063 fuisse,
892 2005 947 2052 ct
971 1997 1080 2051 alia
1109 1992 1374 2069 epuscula
1398 1998 1595 2061 pneter
1622 1985 1855 2056 Itinera-

246 2088 404 2145 rium
418 2089 684 2157 edidisse,
708 2089 916 2144 scribit.
934 2089 1010 2144 De
1030 2087 1313 2145 itinerario
1337 2082 1521 2140 autem
1545 2082 1627 2139 sic
1648 2081 1850 2136 habet:

252 2201 273 2233 ι
311 2180 614 2252 Congessit
631 2181 688 2236 in
711 2198 882 2237 unum
903 2183 1156 2238 volumen
1190 2188 1342 2257 gesta
1374 2176 1576 2233 Leonis
1602 2190 1759 2246 papae
1780 2171 1852 2228 IX

246 2289 352 2343 per
383 2272 620 2329 Galliam
646 2273 702 2328 in
724 2274 972 2347 conciliis
997 2284 1052 2330 et
1079 2271 1438 2331 conventibus
1467 2268 1632 2335 facta,
1660 2274 1724 2322 ut
1746 2280 1850 2321 no—

246 2366 497 2421 tiﬁcaret
529 2375 734 2436 quanta
766 2369 1094 2447 auctoritate
1131 2366 1320 2423 Remis
1348 2364 1435 2419 vel
1461 2363 1516 2417 in
1546 2361 1671 2417 aliis
1693 2359 1851 2414 urbi-

248 2458 360 2514 bus
389 2458 660 2529 synodum
690 2460 1073 2528 celebraverit,
1112 2466 1317 2533 quanta
1347 2453 1618 2511 industria
1640 2460 1697 2508 et
1719 2452 1851 2507 sub-

250 2549 457 2603 tilitate
505 2550 897 2607 examinaverit
947 2550 1144 2610 causas
1193 2546 1619 2614 ecclesiasticas,
1673 2558 1850 2646 quave

247 2640 600 2698 districtione
658 2653 946 2713 peccantes
998 2643 1315 2709 c0rrexerit,
1364 2640 1751 2715 quomodoquc
1796 2640 1848 2691 ei

247 2732 436 2789 virtus
462 2734 644 2790 divina
669 2746 961 2807 eooperata
987 2740 1085 2806 sit,
1113 2757 1137 2792 ι
1169 2745 1274 2793 etc.
1307 2734 1434 2790 Hzec
1458 2741 1741 2789 mutuatus
1764 2735 1850 2785 est

248 2823 599 2881 Trithemius
627 2845 694 2883 ex
726 2828 1027 2900 Sigeberto,
1060 2832 1155 2902 qui
1187 2829 1376 2886 eadem
1414 2828 1641 2884 omnino
1679 2822 1847 2879 verba

248 2916 427 2972 habet
452 2919 507 2973 in
524 2921 661 2974 libro
683 2920 757 2976 De
781 2924 1142 2994 scriptoribus
1162 2920 1564 2978 ecclesiasticis.
1588 2916 1846 2989 Ejusdem

246 3025 500 3079 quoque,
524 3022 648 3079 post
679 3014 816 3069 alios
840 3024 1096 3072 auctores
1120 3015 1390 3085 vulgatos,
1426 3011 1675 3068 meminit
1702 3007 1847 3062 Mar-

1960 509 2215 579 Sagium,
2289 516 2579 574 ecclesiam
2641 527 2755 575 tam
2823 537 3082 594 magnam
3144 526 3313 597 coepit
3376 527 3547 584 aedili-

1958 616 2117 669 care,
2157 622 2177 655 ›
2216 612 2321 662 etc.
2369 606 2489 664 Non
2527 618 2711 666 tamen
2746 614 3020 671 malitiose
3054 616 3349 675 ecclesiam
3387 633 3546 676 suam

1958 691 2273 751 incenderat
2299 697 2412 769 lvo,
2454 708 2514 757 ut
2555 718 2623 758 ex
2660 719 2782 776 cap.
2825 705 2893 761 l5
2926 706 3172 778 ejusdem
3204 710 3327 767 libri
3366 719 3545 784 patet;

1959 784 2054 840 sed
2096 782 2224 841 cum
2263 804 2328 844 ea
2365 807 2396 846 a
2432 794 2709 853 seditiosis
2746 806 3014 870 occupata
3047 798 3271 870 fuisset,
3311 782 3549 862 incensa

1958 881 2089 929 sunt
2112 876 2306 934 vicinae
2339 880 2556 953 domus,
2593 894 2648 942 et
2680 887 2845 945 flante
2868 899 3032 948 vento
3068 892 3384 952 incendium
3409 896 3549 953 adeo

1957 967 2184 1035 exarsit,
2216 978 2276 1025 ut
2306 974 2535 1031 ecclesia
2559 993 2780 1051 quoque
2804 981 2970 1038 simul
2999 1000 3127 1042 cum
3164 986 3272 1043 illis
3303 995 3548 1045 cremata

1959 1053 2142 1113 fuerit.
2174 1058 2422 1120 Meminit
2458 1066 2703 1138 ejusdem
2741 1074 3102 1135 dedicationis
3141 1088 3196 1135 et
3224 1079 3445 1138 concilii
3481 1096 3548 1137 ea

1958 1151 2248 1209 occasione
2270 1155 2440 1212 habiti
2470 1156 2764 1223 Ordcricus
2800 1165 3015 1237 Vitalis,
3056 1170 3198 1228 libro
3233 1189 3269 1228 v
3293 1171 3550 1229 Historia:

1957 1242 2361 1316 ecclesiasticae,
2405 1250 2497 1305 ubi
2529 1252 2784 1313 observat
2821 1261 3169 1334 presbyteros
3195 1280 3264 1322 ex
3298 1278 3367 1321 eo
3404 1273 3547 1321 tem-

1957 1346 2091 1403 pore
2105 1341 2556 1399 consuetudinem
2574 1361 2726 1403 arma
2741 1349 3017 1408 deferendi
3035 1357 3238 1412 sensim
3256 1356 3542 1429 abjecissc.

1965 1443 1985 1477 ι
2015 1424 2188 1495 Tunc,
2222 1428 2419 1502 inquit,
2453 1436 2652 1495 ibidem
2675 1443 2926 1513 generale
2946 1448 3237 1505 concilium
3255 1424 3447 1515 tenuit,
3468 1456 3545 1515 et,

1958 1515 2101 1573 inter
2159 1521 2368 1594 reliqua
2431 1525 2696 1589 Ecclesiae
2748 1538 3038 1594 commoda
3097 1558 3221 1613 quae
3276 1540 3543 1607 instituit,

1957 1611 2290 1685 presbyteris
2339 1632 2494 1676 arma
2532 1621 2675 1682 ferre
2722 1634 2777 1682 et
2822 1629 3084 1703 conjuges
3115 1611 3324 1690 habere
3363 1633 3548 1704 prohi-
3582 1680 3583 1683 η

1959 1700 2095 1759 buit.
2119 1704 2327 1764 Exinde
2351 1717 2693 1774 consuetudo
2725 1700 2943 1781 lethalis
2972 1700 3235 1795 paulatim
3273 1700 3543 1806 exinaniri
3610 1718 3617 1726 '

1956 1797 2141 1893 coepit.
2174 1797 2342 1857 Arma
2370 1805 2591 1877 quidem
2620 1810 2764 1868 ferre
2801 1817 3103 1889 presbyteri
3125 1820 3240 1891 jam
3267 1802 3545 1893 gratanter

1955 1887 2186 1958 desiere,
2211 1894 2307 1949 sed
2328 1911 2358 1951 a
2380 1899 2667 1968 pellicibus
2692 1906 2873 1964 adhuc
2898 1887 3091 1967 nolunt
3117 1887 3415 1981 abstinere,
3443 1929 3544 1969 nec

1954 1982 2231 2052 pudicitia:
2284 1985 2572 2049 inhaerere.
2616 2014 2637 2047 ι
2687 1994 2885 2054 Mirum
2926 2010 3110 2058 autem
3164 2013 3250 2060 est
3293 2006 3432 2061 nihil
3476 2006 3545 2062 dc

1952 2073 2284 2147 presbyteris
2310 2084 2719 2145 concubinariis
2741 2090 2931 2148 haberi
2960 2094 3106 2151 inter
3142 2112 3383 2154 canones
3405 2113 3542 2152 con-

1952 2163 2064 2219 cilii
2099 2182 2241 2239 quos
2269 2168 2564 2233 Anselmus
2602 2182 2807 2250 retulit,
2832 2185 2939 2240 nisi
2971 2185 3112 2244 forte
3139 2188 3206 2243 dc
3238 2188 3306 2245 iis
3339 2189 3542 2261 intelli-

1951 2265 2113 2326 gatur
2170 2275 2348 2319 canon
2404 2267 2668 2329 adversus
2728 2274 3072 2344 incestuOSas
3126 2281 3544 2352 conjunctiones

1950 2350 2214 2418 prolatus.
2252 2354 2479 2416 Certum
2514 2372 2599 2420 est
2625 2373 2809 2423 tamen
2846 2384 2913 2424 eo
2945 2371 3000 2426 in
3038 2350 3272 2429 concilio
3311 2375 3539 2448 presby-

1950 2448 2193 2506 terorum
2227 2450 2480 2524 conjugia
2509 2460 2814 2531 proscripta
2842 2461 3035 2533 fuisse,
3064 2466 3213 2536 quod
3244 2466 3337 2521 alii
3372 2468 3539 2523 etiam

1948 2547 2203 2600 auctores
2226 2554 2424 2616 praeter
2444 2546 2767 2608 0rdericum
2798 2554 3183 2612 observarunt.
3208 2556 3346 2614 Nam
3374 2559 3538 2615 Albe-

1949 2631 2098 2689 ricus
2128 2629 2181 2690 in
2214 2637 2490 2695 Chronico
2523 2642 2781 2700 observat
2813 2647 2987 2702 sancti
3037 2647 3285 2720 Hugonis
3311 2652 3537 2709 Clunia—

1946 2725 2128 2782 censis
2165 2728 2381 2787 abbatis
2421 2734 2653 2790 consilio
2692 2752 2888 2808 papam
2936 2738 3172 2797 Leonem
3213 2742 3271 2799 in
3305 2746 3541 2801 concilio

1947 2813 2206 2875 Remensi
2252 2823 2701 2895 presbyterorum
2745 2829 3000 2903 eonjugia
3048 2832 3419 2904 prohibuisse.
3471 2838 3540 2893 Et

1945 2910 2166 2978 quidem
2189 2911 2503 2985 Raynaldus
2530 2919 2701 2976 abbas
2729 2920 3125 2983 cheliacensis
3156 2927 3212 2982 in
3238 2926 3360 2984 Vita
3382 2930 3535 3001 ejus-

1944 3001 2066 3057 dem
2109 3005 2286 3060 sancti
2320 3005 2568 3080 Hugonis
2606 3013 2800 3069 scribit
2843 3015 3062 3072 beatum
3108 3017 3370 3088 Leonem,
3411 3041 3431 3073 ι
3464 3025 3538 3080 ob

248 3102 425 3168 lotus,
453 3111 583 3157 tom.
601 3103 645 3156 ll
664 3103 915 3162 Historia:
944 3106 1247 3172 Remensis,
1273 3106 1412 3160 inter
1429 3105 1579 3160 viros
1604 3103 1845 3157 illustres
1872 3111 1914 3169 ο
1947 3094 2182 3153 haereses
2206 3098 2646 3160 Simoniacorum
2677 3113 2734 3161 et
2753 3103 3146 3166 Nicolaitarum
3167 3128 3200 3167 a
3222 3112 3411 3170 Galliis
3438 3131 3536 3171 ex-

243 3195 348 3263 qui
383 3192 573 3250 Remis
610 3198 713 3252 sub
739 3197 1002 3256 Gervasio
1040 3198 1452 3269 archiepiscopo
1498 3197 1837 3252 claruerunt.

242 3285 433 3342 Porro
464 3287 516 3342 id
548 3291 875 3359 opusculum
905 3294 1020 3364 jam
1056 3310 1151 3365 per
1179 3300 1364 3363 partes
1406 3289 1577 3346 ferme
1611 3289 1839 3355 editum,

248 3379 373 3444 hic,
431 3387 486 3435 et
537 3381 758 3450 quidem
810 3385 1081 3457 integrum
1125 3401 1192 3440 ex
1236 3382 1598 3439 Remensibus
1641 3395 1840 3436 manu-

246 3470 482 3540 scriptis
522 3473 682 3528 edere
722 3476 901 3531 visum
948 3488 1060 3547 est,
1100 3494 1168 3533 ne
1204 3485 1368 3532 tanta:
1402 3473 1755 3539 celebritatis,
1787 3478 1843 3527 et

251 3559 495 3618 fortasse
517 3566 764 3621 omnium
789 3570 1017 3640 majoris
1038 3587 1161 3642 qua:
1199 3571 1256 3625 in
1288 3569 1647 3625 ecclesiarum
1684 3565 1838 3622 dedi-

248 3655 565 3713 cationibus
586 3673 829 3729 unquam
848 3660 992 3717 facta
1008 3662 1194 3725 fuerit,
1205 3661 1500 3731 descriptio
1515 3661 1572 3716 in
1587 3660 1675 3718 his
1687 3658 1839 3716 Actis

248 3746 676 3803 desideraretur.

321 3839 377 3892 '5.
412 3838 615 3896 Prmter
643 3842 961 3903 Anselmum
989 3851 1079 3904 alii
1118 3863 1339 3920 quoque
1368 3858 1665 3919 scriptores
1690 3846 1839 3904 basi-

251 3928 373 3985 lica:
394 3930 729 4005 Remigianae
762 3939 1159 3996 dedicationem
1198 3949 1253 3997 et
1295 3943 1589 3998 concilium
1634 3941 1837 3997 ibidem

250 4020 499 4078 habitum
538 4026 756 4097 scriptis
791 4031 907 4085 suis
941 4033 1305 4089 celebrarunt.
1336 4034 1643 4091 Willelmns
1675 4034 1839 4091 Gem-
1880 4070 1883 4071 ν

250 4114 565 4171 ineticensis
611 4120 750 4175 libro
802 4139 875 4177 vn
928 4123 1181 4181 Historia:
1216 4124 1656 4183 Normannorum
1692 4127 1834 4183 inte-

244 4220 409 4271 grum
441 4217 605 4277 caput
634 4212 701 4266 15
720 4227 785 4267 ea
811 4214 878 4268 de
901 4231 959 4270 re
986 4216 1168 4283 habet,
1198 4217 1291 4271 ubi
1312 4218 1563 4288 quaedam
1584 4218 1652 4273 de
1671 4217 1834 4275 Ivone

248 4294 499 4365 Sagiensi
525 4302 781 4374 episeopo
812 4316 1027 4374 narrat,
1055 4324 1179 4378 quae
1208 4309 1263 4364 in
1295 4309 1537 4365 Anselmi
1567 4311 1833 4381 opusculo

246 4388 420 4443 relata
454 4404 566 4447 non
600 4403 757 4463 sunt,
787 4412 910 4467 quae
942 4399 1064 4455 ideo
1101 4401 1191 4457 hic
1227 4402 1406 4458 visum
1434 4409 1521 4458 est
1545 4402 1828 4475 proferre:

744 4449 756 4463 ν
942 4449 1059 4455 -κη
1101 4449 1190 4457 --ν
1239 4449 1406 4458 --ν-μ-
1437 4449 1520 4458 νν-
1545 4449 1828 4475 ιντν-ν--ν-
1864 4449 1910 4505 D

251 4495 270 4528 ι
300 4476 362 4534 In
389 4480 484 4536 illo
524 4490 766 4556 tempore
785 4498 1012 4546 sanctus
1040 4491 1152 4548 Leo
1176 4508 1317 4564 papa
1346 4493 1551 4551 Gallias
1584 4495 1831 4567 expetiit,

244 4572 532 4629 ceclcsiam
546 4573 732 4633 Sancti
748 4578 979 4652 Remigii
992 4582 1277 4641 Remensis
1288 4585 1529 4657 episcopi
1542 4602 1830 4644 consecra¢

244 4660 341 4728 vit,
374 4664 604 4736 ejusque
645 4686 846 4742 corpus
883 4674 937 4727 in
978 4675 1268 4733 ecclesiam
1311 4693 1485 4749 nuper
1524 4679 1831 4737 dedicatam

1944 3187 2255 3259 stirpandas
2282 3190 2468 3251 Remis
2511 3199 2781 3269 synodum
2796 3200 3122 3260 celebrasse.
3150 3223 3169 3258 ι
3193 3205 3261 3261 Ει
3289 3206 3344 3263 in
3365 3208 3536 3266 altera

1942 3279 2187 3350 ejusdem
2231 3285 2407 3340 sancti
2448 3285 2606 3358 Vita,
2652 3307 2819 3362 quam
2861 3290 3204 3354 Hildebertus
3244 3300 3538 3372 episcopus

1942 3369 2375 3433 Cenomanensis
2389 3377 2587 3438 Pontio
2607 3384 2791 3438 abbati
2810 3383 3157 3445 Cluniacensi
3174 3369 3531 3465 nuncupavit,

1942 3462 2178 3520 refertur
2211 3466 2450 3524 Leonem
2473 3488 2677 3529 nonum
2713 3473 2900 3532 Remis
2942 3479 3200 3548 synodum
3228 3462 3534 3545 celebrasse

1940 3556 2269 3627 generalem,
2316 3576 2402 3629 ac,
2426 3578 2493 3619 eo
2529 3565 2784 3635 jubente,
2828 3567 2904 3622 ibi
2942 3567 3225 3642 Hugonem
3272 3576 3533 3635 habuisse

1947 3664 1966 3700 ι
2006 3657 2252 3706 sanctam
2285 3661 2340 3708 et
2367 3654 2585 3725 plenam
2625 3659 2815 3731 gratiae
2848 3662 3184 3733 orationem,
3212 3683 3320 3739 qua
3346 3680 3401 3726 et
3435 3673 3526 3727 Si-

1939 3740 2178 3797 moniaci
2216 3757 2248 3798 e
2286 3746 2427 3802 male
2461 3744 2794 3821 comparatis
2833 3752 3043 3823 expulsi
3084 3768 3213 3812 sunt
3244 3761 3527 3831 dignitati-

1938 3832 2061 3901 bus,
2088 3835 2232 3890 etde
2260 3840 2507 3895 sacrario
2534 3840 2750 3897 Domini
2772 3842 3132 3904 fornicatores
3158 3849 3372 3908 inhibiti
3399 3864 3531 3911 sunt

1937 3929 2266 3986 sacerdotes.
2306 3949 2325 3984 ι
2359 3931 2436 3988 De
2456 3932 2560 3989 hac
2579 3941 2760 3989 autem
2782 3934 3028 4009 Hugonis
3056 3942 3304 3999 oratione
3331 3944 3387 3998 in
3418 3944 3529 4002 Re-

1936 4021 2112 4079 mensi
2140 4023 2377 4079 concilio
2405 4025 2591 4082 habita
2616 4027 2918 4099 loquuntur
2943 4031 3110 4087 etiam
3138 4033 3231 4090 alii
3254 4036 3376 4107 ejus
3390 4036 3529 4096 Vitae

1935 4113 2253 4185 scriptores,
2282 4116 2377 4173 sed
2406 4117 2544 4174 nihil
2570 4119 2868 4190 quidquam
2903 4136 2971 4178 ex
3012 4136 3078 4180 ea
3116 4136 3385 4198 superest.
3414 4130 3529 4188 Cae-

1933 4211 2115 4260 terum
2147 4214 2275 4263 ante
2311 4208 2414 4266 hos
2441 4219 2697 4268 auctores
2729 4210 3076 4273 Hermannus
3113 4216 3441 4280 Contractus
3469 4224 3525 4280 in

1933 4294 2210 4354 Chronico
2251 4315 2354 4356 suo
2386 4300 2503 4372 jam
2540 4311 2827 4361 notaverat
2859 4325 2878 4358 ι
2907 4323 3105 4379 papam
3144 4308 3382 4369 Leonem
3420 4330 3523 4370 au-

1933 4391 2166 4445 tumnali
2218 4399 2463 4463 tempore
2516 4396 2787 4467 synodum
2840 4414 3094 4473 magnam
3144 4400 3334 4462 Remis
3394 4421 3523 4479 cum

1935 4482 2236 4539 Galliarum
2263 4486 2536 4558 episcopis
2561 4488 2839 4547 habuisse.
2877 4509 2897 4544 ι

2000 4595 2056 4650 4.
2091 4596 2198 4653 Sed
2222 4597 2492 4658 illustrius
2516 4611 2604 4658 est
2637 4600 3004 4675 fragmentum
3028 4606 3157 4664 libri
3178 4607 3521 4672 fundationis

1931 4692 2252 4747 monasterii
2284 4691 2660 4754 Ramesiensis
2706 4697 2762 4752 in
2789 4698 2984 4771 Anglia
3018 4716 3185 4772 quam
3215 4711 3335 4760 uta
3356 4707 3520 4763 nobis

244 4758 540 4812 transtulit.
570 4757 723 4818 Tunc
748 4762 935 4821 Remis
958 4766 1102 4823 idem
1138 4784 1277 4839 papa
1299 4771 1505 4841 grande
1533 4772 1830 4829 concilium
1929 4783 2408 4855 praetermittatur;
2439 4802 2508 4844 ex
2532 4804 2599 4845 eo
2626 4789 2829 4861 quippe
2855 4757 3121 4849 discimus
3151 4809 3351 4865 papam
3374 4795 3518 4854 Leo—

245 4847 437 4915 tenuit,
466 4858 522 4905 et
550 4851 764 4911 desides
792 4858 1084 4930 episcopos
1114 4861 1200 4915 vel
1236 4861 1464 4919 abbates
1499 4863 1703 4920 acriter
1735 4880 1827 4922 re-
1928 4847 2055 4928 nem
2084 4889 2197 4930 non
2234 4877 2417 4934 solum
2446 4878 2655 4948 Galliae,
2684 4882 2780 4937 sed
2805 4882 2974 4938 etiam
3013 4882 3244 4940 aliarum
3275 4889 3518 4958 gentium

245 4934 453 4958 .I__._A,-.
494 4941 505 4958 ε
553 4950 565 4958 .
936 4951 967 4958 --
1519 4957 1528 4958 κ
1648 4955 1658 4958 -

241 4934 476 5009 darguit,
489 4941 632 4998 inter
653 4962 814 5015 quos,
840 4959 899 5004 ut
918 4951 1126 5019 dicunt,
1147 4962 1372 5024 propter
1391 4955 1827 5013 combustionem
1927 4963 2215 5037 episcopos
2244 4971 2313 5025 ad
2342 4972 2637 5028 concilium
2670 4971 2942 5030 Remense
2983 4934 3335 5034 convocass'e.
3364 4977 3522 5039 Unde

241 5030 484 5089 ecclesiae
508 5033 658 5091 Ivoni
697 5039 836 5094 dixit
860 5060 873 5095 :
906 5042 1049 5109 Quid
1080 5045 1277 5114 fecisti,
1315 5049 1558 5118 perﬁde?
1583 5065 1687 5121 qua
1715 5049 1827 5123 tege
1926 5030 2039 5112 non
2069 5030 2272 5115 mirum
2289 5072 2375 5120 est
2403 5064 2452 5120 si
2477 5064 2683 5134 passim
2725 5079 2758 5119 a
2786 5064 3018 5121 vetustis
3044 5069 3362 5128 auctoribus
3389 5089 3521 5129 cou-

240 5116 484 5164 damn/"'1'
510 5126 661 5164 ᾹοΙιοο
711 5132 799 5164 non:
834 5145 1054 5164 nil-luam
1100 5142 1242 5164 luna...-
