4044 5290
516 244 652 303 HIS

1464 245 1767 304 ANSELMI
1798 245 2101 303 MONACIII
2135 247 2192 303 S.
2220 243 2477 302 REMIGII
2511 241 2851 301 REMENSIS

3653 242 3792 302 ωδ

515 365 782 422 Edwardo
837 362 1027 419 Duduc
1089 361 1380 433 episcopus
1441 361 1821 435 (Wellensis),
1874 370 1929 416 et
1981 361 2096 431 ipse
2126 363 2169 417 Α
2198 357 2367 413 fuisse
2396 377 2413 408 ι
2453 364 2703 423 testatur,
2738 355 2831 426 qui
2859 354 2909 409 ei
2947 351 3266 409 interfuerat
3301 351 3625 419 Odalrieus,
3650 366 3794 424 pra—

514 458 782 512 Alfvvinus
819 455 1108 521 Ramesite,
1124 462 1178 509 et
1202 453 1463 509 Wlfrieus
1488 454 1556 509 de
1580 453 1782 508 Sancto
1797 452 2102 525 Augustino

514 551 773 615 abbates,
817 548 1038 603 decreta
1076 546 1509 602 Christianitatis
1544 561 1666 616 qua:
1709 546 1781 599 ibi
1822 562 1851 599 a
1897 545 2103 601 sanctis

514 639 768 696 Patribus
809 640 1189 694 statuebantur
1229 637 1474 693 relaturi.
1542 636 1654 692 Nec
1702 638 1920 693 silentio
1960 639 2100 709 prae?

514 731 837 787 tereundum
865 730 1013 802 quod
1041 737 1377 784 memoratus
1405 729 1574 784 abbas
1598 728 1866 785 Alfwinus
1899 730 1955 784 in
1983 745 2102 784 me-

514 831 730 879 morato
770 823 1005 879 concilio
1034 821 1292 877 Remensi
1333 827 1537 875 tantam
1579 820 1633 876 in
1682 822 1857 878 oculis
1896 821 2103 877 domini

514 928 669 985 papae
695 913 897 971 Leonis
923 914 1152 986 gratiam
1181 913 1406 980 invenit,
1440 920 1519 981 ut,
1542 913 1609 969 ad
1633 929 1820 984 preces
1847 912 2021 985 ipsius
2051 924 2106 970 et

515 1004 868 1074 instantiam,
932 1006 1323 1062 Ramesensem
1375 1005 1663 1062 ecclesiam
1711 1006 1921 1062 liberali
1973 1023 2102 1078 pro-

516 1100 768 1156 tectionis
798 1099 1109 1170 apostolicae
1135 1098 1280 1154 dono
1307 1097 1722 1170 privilegiatam,
1753 1108 1807 1155 et
1829 1100 1955 1170 jura
1985 1101 2104 1171 ejus

516 1197 571 1245 et
600 1192 999 1261 possessiones,
1027 1200 1135 1246 tam
1158 1188 1376 1248 habitas
1401 1197 1530 1247 tunc
1557 1207 1721 1262 quam
1748 1192 1800 1246 in
1823 1201 2103 1263 posterum

514 1281 679 1353 iusta:
704 1284 1085 1353 acquisitionis
1108 1284 1265 1339 titulo
1301 1284 1600 1351 habendas,
1630 1286 1955 1342 auctoritate
1972 1305 2103 1343 sua-

520 1390 645 1432 rum
672 1376 998 1443 litterarum,
1027 1386 1217 1432 eontra
1256 1376 1671 1447 malignantium
1700 1376 2103 1436 infestationem

520 1470 904 1524 communiret.
942 1489 959 1520 ι
995 1468 1075 1524 Ex
1119 1470 1226 1525 hoc
1272 1477 1455 1523 autem
1494 1467 1801 1540 fragmento
1840 1471 2106 1529 discimus

522 1577 720 1617 nomen
758 1561 967 1616 Duduei
997 1578 1092 1617 seu
1118 1561 1454 1628 Duduconis,
1480 1561 1576 1633 qui
1594 1562 1827 1617 concilio
1848 1562 2104 1620 Remensi

521 1668 648 1707 cum
691 1654 908 1709 duobus
952 1654 1242 1710 abbatibus
1289 1655 1477 1725 Anglis
1533 1654 1780 1710 mittente
1838 1654 2106 1712 Edwardo

524 1760 650 1816 rege
682 1744 875 1800 adfuit.
917 1745 1017 1802 llic
1052 1746 1278 1801 Duduco
1324 1747 1467 1802 inter
1502 1746 1804 1806 Wellcnscs
1835 1752 2108 1809 antistites

523 1838 770 1894 decimus
809 1847 1039 1909 quartus
1082 1848 1424 1907 numeratur,
1453 1856 1618 1910 quam
1653 1842 1836 1897 sedem
1872 1842 2109 1913 amplius

522 1929 713 2001 viginti
778 1939 983 2001 septem
1036 1932 1194 1988 annis
1235 1934 1427 1987 tenuit.
1475 1932 1649 1988 Porro
1691 1934 1794 1989 etsi
1842 1933 2108 2006 Rogcrius

526 2020 851 2078 llovedenus
919 2024 973 2079 in
1020 2033 1174 2094 parte
1226 2025 1397 2095 priori
1445 2025 1740 2081 Annalium
1783 2026 1987 2084 referat
2040 2026 2110 2081 ab

526 2113 794 2170 Edwardo
822 2116 1124 2186 Anglorum
1154 2133 1282 2190 rege
1315 2119 1539 2174 abbates
1567 2120 1707 2176 duos
1736 2120 1805 2175 ad
1838 2123 2109 2194 synodum

525 2205 850 2263 Remensem
878 2210 1083 2265 missos
1110 2208 1280 2265 fuisse
1299 2253 1315 2277 ,
1342 2212 1478 2266 nihil
1510 2220 1691 2268 tamen
1716 2214 1880 2270 habet
1902 2215 1969 2269 de
1995 2214 2111 2285 cpi—

526 2314 694 2373 sc0po
737 2318 863 2358 eum
912 2304 980 2359 iis
1018 2304 1223 2370 misso;
1276 2304 1531 2360 observat
1575 2314 1755 2361 autem
1794 2308 2111 2378 prae'ectum

528 2391 717 2449 Romae
744 2394 992 2465 aliosque
1016 2393 1177 2451 Urbis
1208 2396 1479 2466 primores
1514 2397 1750 2453 Leonem
1789 2400 1844 2453 in
1870 2398 1987 2454 hoc
2019 2399 2110 2453 iti-

525 2500 657 2542 nere
686 2486 977 2543 comitatos
1010 2486 1198 2543 fuisse.
1238 2485 1364 2543 Haec
1395 2497 1525 2544 sunt
1561 2488 1681 2560 ejus
1715 2491 1879 2546 verba
1906 2532 1920 2545 .
1953 2509 1971 2543 ι
2006 2489 2113 2545 Eo-

526 2577 651 2634 dem
674 2594 838 2646 anno,
863 2599 881 2631 ι
914 2580 1114 2651 inquit,
1138 2578 1192 2634 id
1228 2587 1315 2634 est
1347 2580 1506 2648 1049,
1539 2601 1557 2632 ι
1589 2580 1699 2637 Leo
1723 2598 1884 2653 papa,
1918 2591 2111 2654 rogatu

526 2671 741 2726 eximite
784 2673 1066 2743 religionis
1116 2672 1327 2729 abbatis
1374 2671 1675 2741 lierimari,
1718 2675 1773 2728 in
1825 2674 2113 2730 Franciam

526 2764 697 2829 venit,
728 2764 935 2819 habens
969 2765 1023 2818 in
1047 2765 1313 2820 comitatu
1339 2781 1441 2820 suo
1468 2764 1783 2836 praefectum
1815 2775 1871 2821 et
1896 2766 2113 2838 dignio-

530 2870 617 2912 res
665 2872 915 2928 quosque
972 2856 1252 2913 Romulea:
1314 2857 1495 2925 urbis;
1543 2866 1598 2913 et
1653 2858 1828 2913 sancti
1884 2857 2114 2929 Remigii

528 2946 867 3004 Francorum
910 2951 1141 3020 apostoli
1184 2950 1577 3006 monasterium
1620 2948 1808 3007 Remis
1850 2951 2116 3006 constitu-

2204 450 2416 522 positus
2439 449 2682 503 ecclesiae
2713 446 3027 514 Remensis,
3054 446 3107 499 in
3136 461 3238 500 suo
3265 453 3619 510 testamento,
3643 444 3794 517 quod

2203 559 2369 613 penes
2386 557 2488 595 nos
2509 558 2575 594 ex
2600 540 2786 594 codice
2802 538 3089 593 Remensis
3109 538 3354 593 ecclesia:
3369 554 3476 594 ms.
3496 538 3793 595 habemus.

2273 634 2327 689 5.
2373 633 2478 686 Alii
2524 632 2758 702 denique
2805 639 3059 685 auctores
3104 629 3501 684 dedicationem
3544 627 3799 686 ecclesia

2206 724 2390 780 Sancti
2434 723 2666 794 Remigii
2714 723 2920 794 passim
2968 721 3189 792 scriptis
3235 721 3351 777 suis
3405 721 3797 789 celebrarunt,

2202 832 2344 889 quos
2383 815 2698 887 singillatim
2741 829 3026 870 recensere
3072 812 3237 868 nimis
3280 820 3428 866 esset
3472 826 3795 883 operosum.

2206 908 2275 964 At
2296 908 2385 964 hic
2412 909 2664 963 omittere
2684 921 2795 960 non
2824 906 2950 962 licet
2968 922 3031 961 ea
3062 904 3353 961 occasione
3383 902 3587 958 festum
3617 903 3800 960 sancti

2206 1000 2457 1074 Remigii,
2484 1000 2631 1072 quod
2653 998 2768 1069 jam
2792 1007 2951 1054 antea
2979 998 3234 1054 Kalendis
3256 995 3511 1053 Octobris
3547 997 3800 1051 celebra-

2206 1093 2385 1160 batur,
2440 1091 2743 1149 solemnius
2791 1091 2988 1146 exinde
3029 1091 3304 1157 evasisse,
3354 1105 3424 1143 ex
3472 1088 3803 1159 praescripto

2206 1186 2347 1241 beati
2378 1184 2605 1251 Leonis;
2639 1198 2748 1254 qua
2774 1183 2831 1236 in
2862 1198 2921 1239 re
2955 1183 3337 1239 sanctissimus
3371 1179 3619 1252 pontifex
3652 1185 3803 1238 anti-

2205 1292 2370 1350 quam
2394 1276 2640 1332 ecclesiae
2662 1274 2940 1330 Francica:
2966 1276 3019 1330 in
3046 1291 3208 1331 suum
3230 1273 3546 1344 apostolum
3576 1273 3805 1344 religio-

2206 1385 2361 1435 nem,
2401 1384 2523 1439 quae
2558 1366 2809 1422 fortassis
2837 1367 2909 1421 ob
2938 1368 3204 1423 bellorum
3241 1366 3510 1421 tumultus
3546 1366 3806 1420 nonnihil

2207 1461 2495 1516 imminuta
2532 1459 2738 1527 fuerat,
2782 1461 2836 1515 in
2873 1460 3165 1544 pristinum
3217 1460 3462 1532 vigorem
3499 1461 3804 1524 revocavit,

2206 1554 2332 1608 data
2357 1569 2421 1608 ea
2456 1554 2524 1608 de
2556 1569 2615 1609 re
2653 1553 2800 1608 bulla
2827 1569 2993 1623 quam
3021 1552 3317 1609 Anselmus
3355 1559 3548 1606 noster
3572 1552 3631 1606 in
3666 1568 3807 1621 opu-

2208 1644 2345 1699 sculi
2384 1645 2469 1700 sui
2493 1645 2598 1702 fine
2623 1646 2873 1702 inseruit.
2899 1645 3103 1701 Verum
3129 1661 3252 1702 eum
3279 1645 3332 1699 in
3361 1644 3647 1715 plerisque
3672 1643 3805 1697 Gal-

2208 1737 2406 1792 liarum
2434 1737 2570 1794 locis
2594 1739 2792 1794 iterum
2818 1738 3081 1809 tepuisset
3105 1754 3233 1810 erga
3259 1737 3680 1793 sanctissimum
3702 1752 3808 1789 an-

2209 1833 2433 1889 tistitem
2475 1833 2592 1888 haec
2632 1832 2815 1904 prisca
2852 1832 3152 1897 veneratio,
3194 1845 3389 1885 rursus
3433 1829 3679 1885 excitata
3722 1831 3813 1881 est

2208 1926 2428 1982 decreto
2453 1924 2802 1997 comitiorum
2821 1923 3157 1996 generalium
3182 1922 3313 1979 eleri
3335 1920 3634 1986 Gallicani,
3659 1919 3809 1989 quod

2209 2024 2401 2090 agente
2443 2016 2692 2088 piissimo
2739 2016 2984 2072 antistite
3020 2014 3200 2070 Felice
3244 2013 3505 2068 Vialanlo
3544 2011 3813 2066 Catalau-

2210 2108 2462 2165 nensium
2500 2107 2787 2179 episcopo,
2828 2106 3117 2163 Remensis
3150 2104 3450 2178 provinciae
3472 2103 3682 2173 legato,
3717 2101 3812 2154 die

2211 2202 2279 2257 i7
2303 2201 2508 2257 mensis
2531 2200 2731 2269 Martii,
2758 2215 2904 2256 anno
2925 2200 3085 2268 1657,
3108 2199 3313 2254 editum
3336 2204 3443 2252 est.
3468 2196 3656 2265 Atque
3682 2192 3812 2247 inde

2209 2295 2351 2351 datae
2377 2301 2525 2361 sunt,
2552 2293 2776 2348 nomine
2800 2293 2930 2348 cleri
2954 2288 3456 2356 Gallicani,littera:
3476 2287 3547 2341 ad
3580 2284 3812 2339 univer-

2211 2401 2305 2442 sos
2340 2385 2655 2455 episcopos,
2682 2384 2885 2456 quibus
2924 2383 3293 2440 innotesceret
3325 2386 3598 2436 statutum
3630 2376 3812 2431 fuisse

2211 2486 2274 2533 ut
2295 2478 2350 2532 in
2382 2477 2639 2532 universo
2673 2476 2972 2532 Galliarum
3006 2491 3175 2547 regno
3207 2471 3352 2529 beati
3378 2470 3619 2540 Remigii
3652 2467 3813 2523 fasti-

2211 2571 2357 2626 vitas
2372 2570 2498 2625 sub
2530 2569 2735 2639 duplici
2770 2570 2881 2624 ritu
2902 2569 3134 2625 celebris
3158 2566 3472 2621 haberetur.
3508 2560 3627 2616 Has
3665 2560 3813 2613 litte-
3884 2552 3887 2553 ⁷

2215 2678 2326 2729 ras,
2349 2662 2513 2717 simul
2535 2677 2659 2717 cum
2692 2661 2978 2733 privilegio
3000 2660 3192 2716 altaris
3215 2653 3550 2726 Remigiani,
3571 2650 3810 2707 inferius

2215 2758 2455 2825 integras
2483 2754 2882 2811 exhibebimus.

2284 2846 2338 2901 6.
2367 2844 2635 2901 Caeterum
2660 2861 2771 2900 non
2801 2845 2964 2901 modo
2989 2844 3137 2901 beati
3162 2838 3397 2911 Remigii
3438 2834 3719 2892 festivitas
3739 2848 3809 2888 ex

2216 2938 2415 2995 Leonis
2432 2938 2653 2994 decreto
2678 2939 2804 2994 inde
2842 2937 3103 2994 solemnis
3147 2934 3272 3000 fuit,
3293 2946 3487 2987 verum
3527 2928 3702 2983 etiam
3755 2934 3813 2980 et

531 3047 649 3094 tum
675 3041 915 3095 maximo
949 3019 1079 3096 cum
1114 3043 1325 3097 honore
1354 3043 1651 3110 dedicavit;
1682 3050 1737 3097 et
1764 3044 2113 3113 postmodum
2142 3044 2182 3101 C
2216 3038 2395 3108 ἰρειιω
2425 3031 2626 3089 ίθδιυω
2670 3030 3039 3087 θθάίοθίίοηίθ
3084 3027 3294 3084 senio“
3334 3019 3808 3113 “"ivemﬁm‘

535 3130 590 3184 in
638 3132 754 3201 ipsa
800 3133 935 3188 urbe
970 3149 1222 3203 magnam
1248 3134 1515 3207 synodum
1543 3111 2077 3205 archiepiscoporum
2098 3177 2113 3201 ,
2222 3129 2378 3199 Quod
2406 3136 2604 3201 praeter
2628 3122 3014 3196 Martyrologia
3034 3117 3345 3183 Remensia,
3366 3114 3476 3207 alia
3503 3111 3809 3207 etiam-el-

533 3200 939 3294 episcoporum,
979 3200 1234 3281 abbatum
1252 3200 1294 3294 ,7
1318 3242 1414 3282 sex
1456 3225 1652 3281 diebus
1687 3200 2006 3293 celebravit;
2060 3200 2117 3280 in
2219 3232 2376 3280 terna
2431 3224 2883 3277 commemorant.
2941 3213 3060 3269 Hoc
3103 3208 3391 3267 Ferrarius
3441 3204 3505 3261 in
3544 3200 3812 3294 Catalogo

534 3291 646 3385 qua
683 3291 894 3388 svnodo
928 3291 1038 3373 fuit
1070 3291 1355 3375 Aldwinus
1390 3317 1819 3391 Ramesigensis,
1858 3325 1915 3372 et
1948 3291 2119 3373 abbas
2222 3314 2461 3390 generali
2478 3311 2723 3369 omnium
2745 3315 3062 3367 sanctorum
3080 3303 3148 3360 ad
3167 3302 3312 3358 diem
3329 3291 3813 3391 secundamDeto-

537 3383 858 3464 monasterii
914 3408 1102 3467 Sancti
1165 3409 1491 3482 Augustini,
1546 3426 1579 3467 a
1617 3383 1761 3483 rege
1806 3383 2117 3482 Anglorum
2221 3383 2338 3465 bris
2387 3405 2637 3471 inseruit,
2676 3402 2821 3459 sicut
2865 3407 2922 3457 et
2963 3396 3211 3453 Andreas
3237 3389 3538 3483 Suussuius

537 3496 807 3557 Edwardo
832 3501 927 3558 illo
948 3504 1170 3561 missus.
1196 3478 1311 3560 Hac
1334 3503 1390 3559 in
1426 3503 1637 3578 synodo
1673 3478 1962 3560 (divinam
1994 3501 2122 3558 reli-
2220 3499 2493 3574 tyrologio
2521 3491 2996 3564 Gallicano,Hugo
3024 3487 3317 3545 Meuardus
3343 3484 3402 3540 iu
3429 3478 3811 3545 Benedicti-0,

537 3590 756 3662 sionem
816 3594 1050 3653 nimium
1111 3596 1436 3669 tepefactam
1498 3594 1746 3654 studiose
1807 3602 2118 3668 reparatam
2223 3592 2516 3649 Bucelinus
2539 3589 2596 3646 in
2617 3585 2947 3659 Menologio,
2972 3590 3078 3639 etc.

1853 3801 2483 3901 PROLOGUS

1247 4001 1317 4058 IN
1352 3999 1809 4059 DEDICATIONE
1831 3995 2190 4056 ECCLESUE
2222 3992 2423 4049 BEATI
2448 3986 2711 4047 REMlGlI
2738 3983 3101 4043 REMENSIS.

594 4157 664 4213 'l.
693 4156 913 4213 Dilectis
948 4156 1002 4210 in
1027 4154 1246 4211 Christo
1276 4155 1539 4211 fratribus
1566 4154 1669 4210 sub
1703 4151 1849 4209 beati
1883 4149 2117 4223 Remigii
2150 4155 2194 4210 D
2218 4163 2325 4219 que
2348 4143 2591 4203 exordia.
2617 4142 2846 4197 Additur
2865 4139 3031 4195 etiam
3066 4144 3129 4191 ut
3154 4133 3284 4204 quia
3321 4148 3389 4187 ex
3433 4128 3606 4200 hujus
3658 4127 3810 4223 dedi-

543 4250 715 4305 tutela
743 4249 856 4305 Deo
886 4249 1266 4316 militantibus,
1323 4247 1704 4318 subsequentis
1744 4252 1936 4301 auctor
1981 4259 2120 4314 Opu-

542 4344 685 4402 Sculi
713 4360 968 4413 magnam
990 4341 1474 4412 incircumscripta:
1492 4338 1794 4395 dulcedinis
1816 4336 2122 4392 multitudi-

546 4451 694 4506 nem,
715 4453 880 4509 quam
902 4437 1221 4491 timentibus
1247 4450 1305 4489 se
1335 4432 1645 4504 repromisit
1670 4430 1834 4486 Deus.
1852 4428 1989 4484 Cum
2010 4429 2124 4485 vita

546 4534 742 4587 nostra
766 4544 932 4598 super
951 4536 1151 4582 terram
1176 4527 1411 4585 tentatio,
1430 4524 1521 4592 sit,
1548 4525 1677 4595 quia
1718 4523 2004 4579 vetustatis
2037 4522 2127 4577 de-

545 4619 806 4692 primitur
848 4618 1106 4690 pendere,
1147 4616 1214 4672 ad
1266 4615 1523 4671 novitatis
1559 4605 1824 4687 gaudium
1864 4612 2125 4685 suspendi

545 4713 809 4768 debemus
850 4711 905 4767 in
927 4707 1218 4765 charitatis
1254 4706 1594 4772 celsitudine,
1616 4722 1781 4775 quam
1807 4704 1953 4760 Deus
1981 4719 2127 4759 com-

547 4803 827 4859 mendavit
850 4803 907 4857 in
940 4800 1119 4866 nobis,
1144 4799 1201 4854 in
1235 4797 1498 4870 unigeniti
1527 4795 1653 4850 Filii
1678 4796 1761 4853 sui
1790 4795 2122 4849 humilitate.

554 4893 898 4968 Quapropter
928 4909 995 4951 ex
1031 4894 1262 4965 imperio
1282 4890 1490 4948 domini
1510 4888 1723 4944 abbatis
1749 4885 2021 4943 Herimari
2047 4899 2129 4941 se-

544 4988 687 5043 riem
721 4987 1081 5044 dedicationis
1107 4986 1271 5057 hujus
1302 4980 1639 5041 sanctissimi
1675 4980 1858 5036 Patris
1885 4976 2128 5035 ecclesia:

548 5078 766 5134 silentio
789 5095 900 5134 non
926 5079 1106 5150 patiar
1130 5075 1450 5133 oblitterari.
1480 5073 1584 5131 Sed
1612 5074 1874 5147 quoniam
1897 5089 1929 5127 a
1956 5072 2129 5151 beatm

550 5171 943 5227 recordationis
981 5185 1121 5241 papa
1151 5185 1296 5225 nono
1326 5168 1527 5235 Leone,
1559 5166 1671 5223 Deo
1709 5174 1953 5232 auctore,
1982 5163 2127 5218 facta

550 5268 633 5290 ιιι-ο
680 5277 743 5290 ΛΔ
781 5263 953 5290 ...ευ-2η
986 5261 1200 5290 τηαν-ιη...
1230 5259 1427 5290 παθη-ζα
1452 5259 1662 5290 Insulam
1692 5274 1791 5290 nun
1810 5256 2031 5290 mnt‘n‘n
2052 5255 2131 5290 in-

2223 4239 2455 4297 cationis
2479 4236 2769 4292 occasione
2799 4249 2830 4288 a
2852 4230 3118 4287 ministris
3139 4225 3339 4283 diaboli
3368 4223 3538 4278 multa
3570 4221 3808 4277 excitata

2224 4341 2353 4389 sunt
2381 4330 2659 4395 scandala,
2686 4335 2741 4383 et
2769 4333 2958 4397 postea
2987 4340 3056 4380 ex
3089 4319 3299 4393 synodo
3329 4317 3400 4372 ab
3437 4315 3637 4370 eodem
3671 4324 3808 4382 papa

2224 4425 2424 4481 ibidem
2453 4423 2744 4487 celebrata,
2769 4418 2941 4474 multa
2970 4416 3340 4487 provenerunt
3379 4407 3558 4463 utilia.
3606 4403 3811 4458 Deinde

2226 4518 2281 4573 in
2327 4516 2434 4572 line
2471 4515 2638 4585 hujus
2673 4509 2924 4584 epusculi
2968 4506 3296 4577 subjungam
3329 4516 3454 4573 quae
3483 4514 3588 4569 per
3615 4495 3811 4568 pretio-

2225 4624 2347 4666 sum
2373 4607 2711 4663 Francorum
2733 4611 3027 4675 patronum
3073 4596 3403 4666 Remigium,
3432 4600 3531 4647 aut
3561 4591 3689 4644 visu
3719 4594 3810 4642 aut

2225 4700 2415 4756 auditu
2439 4698 2602 4754 didici
2629 4704 2755 4767 post
2788 4695 2965 4765 ipsam
3009 4688 3411 4746 dedicationem
3459 4682 3608 4738 facta
3651 4679 3811 4734 mira—

2225 4790 2370 4849 cula.
2402 4790 2516 4847 Vos
2551 4797 2754 4855 autem,
2795 4785 3013 4851 fratres,
3063 4796 3206 4852 quos
3245 4778 3472 4834 sincera:
3503 4770 3811 4829 devotionis

2225 4883 2412 4943 fervor
2436 4881 2771 4939 unanimiter
2789 4879 2846 4934 in
2866 4877 3032 4933 domo
3054 4872 3301 4929 habitare
3332 4867 3465 4924 facit
3507 4864 3808 4922 divina.....

2226 4979 2333 5034 hoc
2356 4974 2903 5047 quantulumcunque
2930 4965 3257 5035 obsequium
3302 4960 3547 5015 fraterna
3582 4954 3811 5025 excipite

2228 5066 2622 5133 benevolentia,
2647 5079 2749 5119 nec
2773 5063 2829 5117 in
2852 5061 2933 5117 eis
2947 5065 3157 5113 tantum
3184 5052 3400 5127 venusti
3420 5050 3668 5119 cultique
3705 5063 3814 5102 ser-

2228 5160 2409 5216 monis
2434 5158 2664 5230 gratiam
2685 5149 3123 5211 considerabitis.
3159 5145 3311 5201 Unde
3348 5158 3461 5198 non
3493 5155 3594 5196 vos
3632 5138 3814 5210 pigeat

2229 5254 2334 5290 hnn
2374 5249 2671 5290 nliunnndn
2699 5249 2895 5290 latrem-
2924 5242 3053 5290 allia
3081 5240 3204 5290 licet
3244 5250 3412 5290 aurea
3456 5241 3514 5290 et
3555 5240 3811 5290 amnica
