4044 5290
223 219 384 274 HI?

1287 231 1461 287 BlST.
1489 231 1709 289 DEDIC.
1741 234 2099 293 ECCLESIIE
2132 236 2187 293 S.
2223 236 2506 297 REMIGII.

3391 242 3533 304 μω

1197 556 1733 673 INCIPIT
1821 555 2594 680 NARRATIO.

305 866 376 923 2.
415 864 654 925 Basilica
683 866 850 941 igitur
876 865 1100 939 gloriosi
1129 865 1465 923 confessoris
1497 865 1705 923 Christi
1752 866 1853 922 Re-
1881 869 1925 925 Α
1952 871 2174 927 natibus
2217 871 2378 944 quasi
2429 876 2752 933 naturaliter
2786 877 3130 937 inhaererent.
3183 877 3339 938 Unde
3391 884 3549 955 sicut

227 962 408 1033 migii
438 974 675 1034 corpore
699 963 976 1035 insignita,
1006 979 1129 1035 qum
1154 979 1329 1034 usque.
1355 964 1422 1019 ad
1447 965 1563 1019 haec
1591 964 1849 1019 moderna

227 1055 584 1123 perduravit
603 1068 873 1131 tempora,
897 1060 1249 1115 Remensium
1273 1060 1551 1131 quondam
1575 1056 1850 1128 archiepi-

228 1158 561 1219 scoporum
582 1155 762 1210 studio
791 1155 1066 1221 inchoata,
1088 1162 1143 1210 et
1167 1171 1198 1209 a
1219 1154 1546 1211 venerabilis
1574 1150 1853 1207 memoriae

226 1236 565 1301 Hincmaro
616 1259 808 1304 eorum
869 1265 1190 1305 successore
1251 1256 1664 1312 consummata,
1706 1259 1852 1300 anno

224 1328 538 1395 ineamati
565 1340 726 1397 Verbi
767 1344 1220 1415 octingentesimo
1266 1342 1722 1415 quinquagesimo
1761 1352 1851 1395 se-

222 1432 433 1489 ettndo
492 1434 564 1490 ab
603 1434 724 1506 ipso
761 1447 847 1494 est
873 1436 1141 1494 dedicata.
1171 1437 1304 1505 Quae
1328 1437 1551 1509 quidem
1578 1453 1688 1493 non
1715 1435 1853 1490 adeo

225 1526 486 1596 operosi
506 1528 721 1585 aedificii
739 1531 971 1587 solidata
993 1539 1079 1587 est
1094 1532 1419 1598 munitione,
1444 1531 1707 1602 quoniam
1733 1528 1855 1583 bar-

224 1619 393 1677 bara:
436 1623 723 1691 nationes,
753 1642 850 1696 per
904 1626 956 1681 id
1011 1624 1275 1696 temporis
1324 1626 1469 1681 hanc
1530 1624 1853 1681 infestantes

226 1714 626 1782 provinciam.
663 1717 937 1788 frequenti
962 1718 1280 1775 incursione
1308 1717 1565 1789 praefatos
1589 1716 1853 1788 praesules

227 1808 308 1863 ab
356 1808 697 1880 huiusmodi
745 1810 1148 1882 prchediebant
1173 1811 1505 1879 intentione;
1534 1812 1678 1867 unde
1706 1811 1853 1866 intra

229 1911 483 1957 centum
507 1903 905 1977 quinquaginta
933 1912 988 1960 et
1015 1904 1156 1960 duos
1203 1920 1381 1961 annos
1431 1913 1585 1961 tanta
1630 1912 1715 1961 est
1764 1913 1851 1962 at-

226 1996 374 2052 trita
402 2005 712 2065 vetustate,
740 2008 802 2054 ut
824 2000 938 2069 jam
967 1999 1034 2054 ad
1062 2013 1254 2055 casum
1288 1998 1665 2070 propinquans
1690 2015 1850 2070 repa-

228 2088 533 2146 rationem
556 2092 643 2146 sui
658 2092 934 2148 videretur
955 2093 1191 2163 exigere.
1214 2090 1375 2146 Anno
1400 2108 1529 2147 vero
1554 2091 1852 2148 Dominiea:

234 2178 659 2241 incarnationis
691 2186 985 2242 millesimo
1012 2186 1229 2256 quinto,
1278 2191 1404 2256 post
1447 2185 1850 2254 reparationem

238 2282 441 2331 autem
472 2278 789 2335 monastica:
811 2276 1088 2349 religionis
1135 2293 1229 2348 per
1278 2275 1563 2348 Hugonem
1614 2278 1853 2348 pseudo-

232 2362 579 2442 episcopum
634 2370 767 2426 inibi
818 2370 1020 2426 factam
1082 2369 1426 2441 sexagesimo
1474 2370 1736 2437 secundo,
1781 2369 1852 2426 ab

239 2461 494 2518 Arnulfo
515 2462 902 2533 archipmesule
924 2463 1098 2519 eidem
1136 2462 1262 2518 loco
1309 2461 1595 2519 ordinatus
1641 2470 1724 2518 est
1763 2462 1853 2517 Ai-

242 2557 460 2613 rardus
496 2555 687 2623 abbas,
717 2563 842 2626 post
888 2554 1244 2611 Hincmarum
1277 2553 1386 2628 (l),
1423 2554 1711 2626 praecipua:
1746 2555 1849 2611 bo-

241 2649 452 2705 uitatis
499 2648 674 2703 virum
727 2656 782 2703 et
828 2648 885 2703 in
938 2647 1230 2705 coenobiali
1284 2655 1603 2714 strenuum,
1658 2649 1851 2705 ordine

244 2751 470 2799 sextus.
512 2740 616 2809 Qui
643 2741 906 2798 Airardus
927 2757 1053 2797 cum
1084 2740 1267 2811 sagaci
1312 2740 1617 2797 intenderet
1663 2742 1849 2797 animo

243 2835 444 2906 plures
506 2833 777 2889 Dominici
823 2833 1003 2905 gregis
1057 2841 1309 2903 pastores
1360 2849 1462 2888 sua
1526 2841 1687 2889 aetate
1753 2851 1850 2905 per

242 2927 462 2983 Gallias
525 2928 825 2993 enituisse,
890 2927 986 2997 qui
1049 2922 1308 2982 ecclesias
1366 2942 1497 2983 suas
1556 2943 1623 2982 ex
1692 2935 1848 2983 vetu-

241 3029 396 3076 state
450 3018 505 3073 in
547 3020 815 3089 potiorem
872 3027 1076 3075 statum
1137 3018 1463 3074 studuerant
1512 3018 1846 3088 reformare,

240 3110 580 3169 deliberavit
607 3120 663 3167 et
690 3112 811 3182 ipse
838 3125 1061 3182 operam
1084 3110 1345 3167 adbibere
1369 3111 1424 3165 in
1449 3112 1571 3182 ejus
1597 3128 1721 3183 quae
1742 3114 1847 3169 sibi

241 3204 554 3262 commissa
596 3212 716 3260 erat
759 3204 1135 3260 renovatione.
1191 3202 1536 3273 Quapropter
1576 3205 1709 3260 viris
1751 3206 1847 3276 qui

243 3298 641 3355 architecturae
664 3296 824 3368 periti
854 3294 1172 3351 ferebantur
1206 3294 1416 3363 ascitis,
1444 3294 1615 3351 futuri
1658 3292 1846 3368 templi

244 3389 522 3445 fabricam
551 3405 620 3445 ex
648 3388 876 3461 quadris
903 3388 1180 3459 lapidibus
1200 3389 1410 3460 erigere
1433 3389 1601 3458 coepit
1635 3404 1667 3445 a
1715 3388 1843 3446 fun-

243 3481 550 3549 damentis,
572 3482 747 3537 multo
768 3481 989 3552 quidem
1009 3482 1384 3551 operosiorem
1399 3482 1509 3539 illis
1528 3499 1694 3554 quam
1712 3499 1847 3554 pra)-

1952 963 2075 1020 aliis
2098 969 2396 1025 contractis
2422 987 2543 1028 mos
2574 983 2679 1039 est,
2703 990 2811 1030 non
2837 975 3020 1031 valens
3045 992 3165 1033 sese
3193 994 3292 1048 per
3334 987 3534 1038 terram

1952 1059 2201 1117 scabellis
2234 1062 2303 1117 ad
2322 1065 2737 1123 mendicandum
2763 1069 2998 1134 trahere,
3019 1070 3268 1127 vehiculo
3297 1075 3547 1151 quodam.

1951 1166 2049 1222 per
2086 1162 2273 1209 sancta
2315 1155 2437 1212 loca
2483 1165 2595 1213 tam
2624 1162 2869 1231 petendae
2899 1162 3075 1234 stipis,
3106 1181 3272 1236 quam
3304 1183 3538 1240 recupe-

1952 1245 2135 1300 randae
2157 1246 2350 1304 salutis
2371 1249 2569 1320 gratia,
2606 1268 2637 1307 a
2679 1266 2781 1309 suo
2801 1254 3314 1314 circumducebatur
3344 1258 3534 1318 fratre.

1953 1336 2072 1405 Qua
2100 1339 2167 1394 de
2193 1356 2253 1396 re
2282 1341 2487 1399 factum
2513 1354 2599 1402 est
2637 1356 2699 1402 ut
2737 1349 2902 1404 etiam
2931 1348 2998 1405 ad
3024 1368 3166 1424 saepe
3197 1355 3541 1417 memorandi

1952 1433 2276 1500 protectoris
2303 1437 2481 1492 nostri
2500 1436 2735 1511 Remigii
2764 1439 3047 1499 basilicam
3075 1443 3458 1517 deduceretur,
3484 1458 3543 1506 et

1954 1519 2007 1577 in
2035 1524 2169 1580 hora
2192 1542 2298 1598 qua
2317 1545 2472 1585 sacra
2488 1530 2784 1588 missarum
2808 1535 3075 1593 solemnia
3097 1536 3538 1619 celebrabantur,

1953 1624 2079 1671 ante
2106 1626 2356 1675 sanctum
2401 1621 2571 1679 altare
2607 1624 2676 1679 ab
2700 1625 2889 1682 eodem
2926 1645 3186 1700 germano
3216 1649 3318 1690 suo
3342 1634 3543 1707 depor-

1954 1714 2181 1769 taretur.
2208 1712 2457 1785 Cumque
2482 1714 2597 1786 jam
2626 1732 2656 1771 a
2687 1716 2956 1776 ministris
2989 1722 3123 1781 illud
3162 1714 3543 1800 incorruptum

1952 1801 2324 1873 perciperetur
2350 1807 2594 1878 epulum,
2625 1809 2694 1866 ab
2740 1808 2853 1867 illo
2879 1814 3299 1875 miserationum
3350 1819 3545 1878 indefi-

1951 1891 2117 1949 cienti
2148 1894 2297 1953 fonte
2355 1900 2550 1956 salutis
2604 1887 2879 1960 emanavit
2928 1906 3155 1964 donum.
3207 1909 3463 1969 Calcanei
3508 1931 3545 1971 a

1951 1988 2374 2057 posterioribus,
2433 1992 2634 2063 quibus
2680 1992 2901 2068 impacti
2947 2008 3126 2068 erant,
3157 1999 3213 2056 in
3262 2016 3544 2077 momento

1951 2089 2235 2150 creperum
2261 2081 2439 2150 avelli,
2471 2086 2662 2157 eisque
2712 2088 2779 2143 ad
2814 2104 3123 2161 congruum
3160 2091 3349 2152 divino
3401 2107 3544 2157 nutu

1948 2168 2307 2229 redeuntibus
2360 2174 2629 2245 ordinem,
2681 2177 2749 2234 ad
2809 2176 3071 2239 indicium
3107 2183 3358 2244 miraculi
3418 2190 3545 2249 inde

1950 2260 2276 2320 etlluxerunt
2303 2268 2632 2339 sanguinum
2664 2268 2786 2327 rivi.
2819 2273 2952 2341 Quae
2977 2274 3073 2332 Dei
3110 2281 3387 2351 magnalia
3424 2280 3542 2339 fra-

1950 2361 2064 2411 tres
2100 2354 2195 2428 qui
2215 2358 2444 2415 aderant
2478 2360 2910 2434 considerantes,
2934 2366 3106 2440 signis
3129 2371 3383 2443 pulsatis,
3406 2388 3542 2448 Ope-

1950 2446 2140 2504 ratrici
2165 2449 2440 2522 majestati
2464 2453 2689 2512 devotas
2717 2455 3015 2516 concinunt
3037 2458 3245 2520 laudes.

2018 2538 2071 2596 4.
2113 2540 2393 2600 Accreseit
2432 2542 2709 2605 devotioni
2760 2550 3012 2620 devotio,
3054 2562 3110 2611 et
3149 2557 3543 2630 omnipotentis

1944 2630 2127 2689 virtus
2155 2635 2339 2692 dilecti
2370 2638 2455 2692 sui
2481 2634 2714 2711 Remigii
2751 2642 2947 2699 merita
2983 2642 3265 2718 reciproco
3300 2651 3544 2710 declarat

1950 2726 2238 2784 miraculo.
2297 2728 2599 2802 Postquam
2653 2733 2799 2789 enim
2861 2748 3028 2808 super
3077 2740 3242 2809 pedes
3276 2743 3542 2813 paulatim

1950 2817 2197 2875 firmatos
2222 2819 2365 2876 idem
2396 2824 2644 2881 constitit
2674 2843 2899 2898 pauper,
2923 2845 3050 2886 ecce
3085 2814 3397 2893 scabellulis
3425 2845 3541 2894 tra-

1950 2904 2087 2966 hens
2112 2928 2231 2968 sese
2263 2923 2578 2973 contractus
2606 2916 2928 2976 adveniebat
2945 2921 3101 2991 alter,
3119 2926 3236 2995 qui,
3260 2940 3541 3000 comperta

1950 3000 2220 3060 Dominici
2260 3006 2444 3077 operis
2491 3009 2734 3067 novitate
2770 3028 2936 3084 super
2970 3014 3229 3087 invalido,
3257 3018 3543 3093 ingressus

1946 3103 2033 3151 est
2061 3107 2438 3169 properanter,
2464 3109 2604 3159 utet
2630 3103 2746 3176 ipse
2781 3115 3087 3162 mereretur
3125 3110 3335 3179 perfrui
3386 3130 3543 3171 recu-

1946 3198 2148 3259 peratae
2173 3190 2423 3250 sanitatis
2453 3196 2847 3254 emolumento.
2873 3194 2983 3256 Nec
2995 3200 3205 3260 diutius
3231 3220 3392 3263 cassa
3414 3224 3541 3279 spes

1948 3280 2291 3353 properantis
2316 3286 2557 3357 exstitit;
2605 3291 2701 3346 sed
2737 3300 3032 3364 antequam
3055 3296 3123 3350 ad
3144 3297 3324 3354 sancti
3354 3315 3543 3369 perve-

1946 3372 2061 3430 niat
2083 3377 2416 3447 sepulcrum,
2438 3391 2626 3452 optata
2654 3379 2806 3441 salus
2824 3384 3002 3442 adfuit
3026 3407 3038 3442 :
3079 3390 3232 3445 nervi
3257 3391 3363 3446 sub
3390 3395 3542 3464 geni.-

1944 3463 2076 3533 bus,
2128 3470 2223 3539 qui
2267 3471 2590 3541 jamdudum
2646 3477 2866 3533 retracti
2918 3479 3293 3551 diriguerant,
3344 3463 3542 3542 exten-

240 3580 508 3629 notatum
543 3581 629 3629 est
656 3573 715 3629 in
738 3572 945 3629 Gallico
979 3587 1149 3643 regno
1183 3584 1475 3631 renovatas
1508 3584 1565 3630 et
1590 3575 1845 3631 ambitio-

1947 3556 2169 3627 duntur,
2201 3560 2379 3618 ofﬁcio
2408 3566 2606 3634 pedum
2633 3561 2728 3621 diu
2750 3565 2968 3625 insueto
2999 3571 3095 3642 qui
3127 3574 3354 3630 acclinis
3379 3577 3540 3645 adve-

245 3664 480 3731 siorem,
502 3665 735 3737 ideoque
768 3663 873 3719 sibi
893 3672 948 3719 et
975 3663 1122 3720 illius
1148 3665 1249 3720 aevi
1284 3666 1600 3724 hominibus
1646 3669 1843 3724 incon-

250 3757 659 3814 summabilem.
716 3755 851 3833 Nam
911 3755 1002 3811 ubi
1054 3771 1153 3826 per
1201 3758 1396 3829 viginti
1447 3766 1504 3815 et
1545 3769 1671 3815 octo
1729 3759 1843 3817 fere

248 3860 432 3905 annos
458 3850 732 3920 pastorale
764 3849 1003 3907 oflicium
1051 3848 1485 3920 administravit,
1517 3853 1674 3909 senio
1710 3867 1843 3908 con-

250 3938 433 3997 fectus
453 3951 740 4014 captoque
773 3945 925 4015 operi
949 3946 1110 4002 finem
1141 3960 1253 4000 non
1279 3944 1589 4016 imponens,
1618 3945 1731 4000 vita
1754 3945 1844 4001 de—
1881 4015 1884 4018 ἢ

249 4032 440 4089 cessit.

335 4124 390 4178 3.
416 4122 591 4196 Hujus
612 4142 745 4199 ergo
771 4136 1020 4201 tempore
1048 4130 1115 4186 ad
1139 4131 1285 4187 beati
1308 4129 1541 4203 Remigii
1568 4132 1839 4187 tumulum

250 4210 438 4273 divina
461 4217 637 4274 virtus
661 4234 723 4275 se
754 4220 1009 4290 plurimis
1037 4222 1338 4278 declaravit
1360 4223 1642 4280 miraculis
1657 4265 1672 4291 ,
1696 4239 1837 4294 quo-

250 4319 378 4363 rum
401 4307 512 4369 duo
539 4312 787 4380 quaedam
812 4354 829 4380 ,
875 4329 998 4384 quae
1034 4330 1136 4385 ego
1194 4330 1332 4385 puer
1385 4316 1665 4387 conspexi,
1711 4316 1841 4372 huic

250 4400 556 4456 narrationi
583 4402 821 4459 inserere
844 4417 1025 4476 Operm
1052 4407 1287 4477 pretium
1317 4408 1469 4463 duxi.
1498 4407 1668 4464 Debet
1693 4409 1837 4464 enim

251 4487 474 4547 dilectio
496 4502 677 4549 vestra
712 4497 929 4552 veniam
956 4498 1108 4566 dare,
1131 4499 1179 4555 si
1209 4507 1407 4568 praeter
1446 4513 1511 4555 ea
1552 4517 1675 4571 quae
1718 4517 1839 4571 pro-

255 4580 402 4637 misit
444 4586 702 4657 prologus
750 4588 933 4658 aliqua
976 4590 1325 4659 interseram,
1376 4608 1501 4663 qua:
1557 4602 1740 4649 tamen
1789 4594 1847 4659 si

256 4673 442 4731 sciatis
468 4692 580 4732 non
602 4680 675 4735 sit
702 4680 912 4737 inutile.
964 4681 1023 4738 In
1057 4684 1184 4738 villa
1224 4685 1402 4740 sancti
1425 4684 1670 4758 Dionysii
1700 4701 1839 4742 mar—

257 4767 389 4837 tyris
428 4784 553 4840 qua:
578 4773 780 4829 dicitur
805 4773 992 4832 Curtis
1019 4776 1279 4848 Superior
1320 4776 1679 4850 (Consevreu),
1720 4790 1839 4837 erat

253 4861 475 4934 quidam
504 4866 788 4931 mendicus
809 4869 1026 4925 occulto
1056 4869 1153 4925 Dei
1184 4870 1394 4942 judicio
1415 4880 1585 4930 tantm
1610 4874 1838 4932 calami—
1870 4912 1914 4966 Β

255 4951 382 5009 tatis
427 4952 733 5013 infortunio
780 4977 1039 5029 pressus,
1083 4971 1143 5017 ut
1177 4963 1340 5033 pedes
1395 4964 1472 5019 illi
1520 4966 1835 5024 ambulandi

257 5042 557 5103 subsidium
587 5051 940 5121 denegarem,
966 5063 1022 5109 ct
1041 5055 1287 5110 ealeanei
1318 5055 1440 5125 ejus
1470 5067 1619 5116 retro
1651 5060 1836 5117 inﬂexi

1944 3660 2119 3719 uerat,
2170 3670 2229 3710 se
2258 3672 2494 3727 superna
2535 3655 2710 3730 gratia
2756 3661 2999 3732 erigente
3043 3663 3258 3734 nititur,
3299 3676 3357 3724 et
3410 3680 3540 3727 ante

1944 3759 2133 3801 sacros
2161 3746 2308 3803 illius
2328 3758 2482 3806 artus
2502 3766 2600 3821 per
2620 3748 2779 3822 cujus
2827 3753 3191 3813 interventum
3231 3761 3336 3816 sibi
3385 3764 3537 3820 salus

1943 3836 2297 3907 proveniebat
2329 3837 2535 3912 gratias
2568 3853 2793 3901 acturus
2820 3845 3142 3919 ingreditur.
3191 3850 3318 3910 Haec
3344 3855 3538 3912 videns

1943 3927 2175 3986 fratrum
2211 3944 2514 3991 conventus
2543 3935 2758 3993 divinas
2787 3937 3084 4010 ingeminat
3105 3942 3315 4012 laudes,
3338 3953 3395 4003 et
3439 3947 3537 4017 qui

1940 4018 1999 4076 in
2020 4023 2203 4080 vicino
2237 4026 2402 4096 positi
2426 4044 2490 4084 ea
2529 4029 2779 4096 audiunt,
2815 4032 2884 4086 ad
2921 4041 3033 4088 tam
3079 4034 3387 4105 jucundum
3408 4054 3536 4108 spe-

1942 4117 2217 4171 ctaculum
2245 4118 2530 4176 conﬂuunt
2554 4122 2785 4179 alacres.
2824 4121 2975 4181 Duos
3000 4125 3191 4196 inopes
3219 4128 3387 4199 paulo
3407 4139 3536 4187 ante

1941 4208 2312 4281 corruptionis
2342 4211 2598 4271 humana:
2627 4215 2849 4271 miseria
2896 4216 3026 4275 licet
3060 4217 3287 4289 dispari
3315 4235 3535 4292 compe-

1940 4302 2106 4368 ditos,
2138 4297 2249 4360 illic
2301 4306 2584 4377 expeditos
2632 4307 2926 4379 aspiciunt,
2976 4311 3209 4382 indeque
3254 4310 3426 4368 Deum
3475 4328 3534 4371 tn

1941 4395 2146 4451 sanctis
2177 4396 2293 4451 suis
2327 4397 2629 4455 mirabilem
2655 4400 3028 4460 collaudantes
3044 4403 3112 4457 ad
3139 4419 3239 4459 sua
3266 4404 3376 4461 laeti
3403 4405 3533 4460 red-

1939 4495 2092 4543 eunt.
2153 4487 2357 4543 Eorum
2408 4498 2592 4547 autem
2645 4508 2810 4559 unus,
2856 4494 2952 4564 qui
2995 4495 3194 4565 majori
3245 4505 3533 4568 exemptus

1939 4586 2058 4633 erat
2122 4577 2447 4649 infortunio,
2492 4583 2875 4642 intercessoris
2925 4586 3012 4641 sui
3060 4602 3248 4643 amore
3300 4587 3534 4660 aggluti—

1940 4678 2102 4726 natus
2141 4673 2437 4744 przecipuo,
2488 4691 2666 4748 usque
2709 4677 2778 4733 ad
2824 4687 3055 4733 mortem
3115 4678 3173 4733 in
3213 4681 3532 4764 monasterii

1939 4762 2220 4834 obsequiis
2248 4770 2615 4836 perseveravit
2655 4788 2667 4824 :
2697 4770 2835 4826 alter
2888 4786 3016 4826 vero
3054 4771 3354 4840 pistoribus
3396 4762 3536 4827 sola-

1939 4856 2075 4911 tium
2105 4856 2385 4927 aliquanto
2409 4868 2654 4932 tempore
2686 4848 3220 4926 exhibensﬁandem
3259 4862 3532 4919 discessit.

1938 5022 1943 5029 .
2011 4972 2065 5027 5.
2095 4970 2192 5027 His
2231 4972 2399 5044 igitur
2422 4976 2671 5038 omissis,
2700 4984 2763 5029 ut
2796 4977 2865 5033 ad
2887 4973 3181 5045 propositae
3206 4975 3540 5040 narrationis

1928 5065 2137 5121 seriem
2188 5066 2502 5123 redeamus.
2549 5065 2736 5123 abbati
2781 5068 2860 5124 ἐκ
2899 5064 3153 5129 Airardo,
3174 5073 3238 5120 ut
3259 5066 3543 5135 praefatum
