4044 5290
527 267 673 323 1H9

1478 264 1779 324 ANSELMI
1809 262 2115 323 MONACHI
2140 268 2197 325 S.
2228 267 2487 327 REMIGII
2521 265 2866 328 REMENSIS

3670 266 3815 326 ltiti

521 392 628 447 est,
655 382 769 438 vita
805 391 1058 453 exempto
1106 383 1373 440 successit
1401 382 1792 451 Theodericus,
1822 401 1854 440 a
1888 384 2120 441 Widone
2149 394 2193 452 Α
2220 387 2456 441 maxime
2478 398 2680 443 saneta:
2699 378 2988 459 religionis
3010 392 3282 440 amatores
3311 382 3506 440 devOta
3552 387 3821 441 excoleris

525 473 786 530 Ἀρηιθηεί
814 474 1228 545 archiepiscopo
1249 476 1449 531 ibidem
1497 477 1801 532 ordinatus.
1851 476 1954 545 Qui
1991 493 2118 533 cum

520 565 759 637 plurima
798 566 1190 623 ecclesiastica:
1235 568 1455 623 utilitati
1491 559 2120 639 profutura'decerneret

523 659 837 728 disponere,
850 659 1171 716 deliberavit
1188 661 1516 731 reparatioui
1535 663 1779 718 ecclesiae
1801 679 1934 730 suae,
1951 678 2118 733 quam

526 768 664 810 suus
717 755 1089 824 praedecessor
1135 756 1456 826 incmperat,
1500 772 1723 811 manum
1764 756 2120 825 perfectionis

524 846 825 923 imponere.
857 845 1057 902 Verum
1099 849 1229 920 quia
1270 864 1433 920 grave
1487 848 1654 905 nimis
1700 857 1756 903 et
1795 848 2119 919 inexplebile

525 939 629 994 sibi
657 937 793 996 illud
819 947 939 995 erat
972 940 1267 1012 inemptum
1288 983 1303 1009 ,
1330 942 1652 997 deliberatio
1677 956 1896 1012 quoque
1924 957 2045 1007 sua,
2071 941 2118 996 si

525 1030 579 1086 id
625 1031 935 1088 intenderet
964 1034 1209 1105 implere,
1238 1034 1525 1090 videbatur
1551 1050 1663 1090 non
1696 1033 1951 1088 habitura
1989 1031 2120 1088 eﬂ‘e-

525 1131 696 1179 ctum.
736 1122 1006 1192 Quocirca
1046 1142 1239 1182 eorum
1291 1128 1385 1199 qui
1444 1126 1584 1182 inter
1634 1126 1738 1182 sibi
1790 1126 2119 1182 commissos

526 1216 910 1286 prudentiores
959 1217 1324 1287 habebantur,
1384 1228 1439 1274 et
1492 1219 1772 1274 seniorum
1830 1215 2119 1273 Remensis

526 1309 822 1378 provinciae
867 1311 1099 1367 consilio
1156 1328 1312 1379 usus,
1368 1310 1656 1367 difﬁculter
1694 1326 1985 1382 aggressus
2037 1318 2122 1366 est

527 1400 846 1457 inchoatum
874 1403 1093 1460 diruere
1128 1419 1269 1476 opus
1316 1424 1329 1460 :
1377 1420 1488 1476 quo
1524 1421 1661 1476 pene
1690 1404 1893 1469 diruto,
1919 1410 1973 1457 ct
2002 1400 2121 1456 fun-

527 1491 800 1549 damentis
830 1494 1161 1566 quibusdam
1202 1496 1427 1563 relictis,
1475 1512 1598 1567 qum
1642 1496 1955 1552 architectis
2000 1494 2120 1548 visa

529 1592 661 1640 sunt
684 1588 995 1643 necessaria
1035 1586 1152 1644 fore
1190 1586 1390 1644 futuris
1437 1588 1704 1655 adiﬁciis,
1741 1588 1984 1643 divinam
2020 1600 2119 1640 no-

530 1693 683 1733 mum
720 1679 885 1749 cmpit
912 1678 1144 1735 faciliori
1185 1680 1404 1752 quidem
1445 1689 1742 1747 structura,
1769 1681 1863 1736 sed
1892 1695 2003 1735 non
2037 1678 2120 1733 in—

530 1768 845 1826 decentiore
893 1781 1232 1840 construere,
1286 1781 1346 1827 ut
1404 1782 1684 1844 aspectum
1731 1772 2120 1828 adhibentibus

531 1860 693 1918 facile
718 1870 801 1918 est
825 1880 1067 1919 cernere.
1093 1865 1211 1934 Qua
1234 1866 1468 1937 incmpta
1496 1865 1724 1922 feliciter
1752 1881 1896 1920 anno
1927 1865 2121 1935 quinto

531 1970 647 2011 sum
675 1956 1053 2026 ordinationis,
1069 1960 1285 2014 accensi
1312 1968 1440 2015 sunt
1469 1960 1653 2030 plures
1706 1958 1963 2014 catholici
2015 1958 2119 2012 viri

532 2043 747 2105 fervore
781 2048 979 2105 divina:
1006 2051 1306 2122 religionis,
1333 2061 1394 2107 ut
1415 2068 1515 2124 pro
1546 2051 1852 2107 facinorum
1891 2066 2119 2107 suorum

533 2140 834 2197 abolitione
867 2153 1265 2217 parentumque
1314 2161 1564 2212 suorum,
1604 2161 1842 2217 quorum
1889 2159 2122 2216 corpora

534 2230 609 2286 ibi
641 2230 864 2289 humata
891 2246 1066 2303 erant,
1101 2238 1309 2309 requie,
1347 2253 1447 2309 pro
1470 2254 1631 2309 posse
1658 2238 1726 2293 ad
1752 2238 1805 2294 id
1831 2253 1972 2308 opus
1999 2254 2125 2293 con-

536 2323 699 2396 digna
725 2326 970 2383 subsidia
990 2329 1270 2391 studerent
1294 2330 1659 2401 suppeditare.
1675 2328 1933 2385 Nonnulli
1957 2328 2122 2387 etiam

537 2416 606 2471 de
658 2418 1032 2477 ecclesiastica
1088 2422 1294 2481 familia
1346 2439 1509 2478 suum
1562 2422 1825 2478 auxilium
1874 2431 2124 2494 prompta

536 2508 921 2593 impenderunt
963 2515 1355 2581 benevolentia,
1394 2514 1619 2587 suisque
1657 2514 1916 2586 plaustris
1945 2524 1999 2571 et
2023 2516 2124 2570 bo-

536 2601 664 2669 bus,
690 2604 856 2660 tantis
881 2606 1133 2679 inemptis
1167 2607 1530 2678 competentia
1559 2607 1896 2664 advexerunt
1921 2623 2123 2675 onera;

537 2695 731 2765 sicque
765 2696 1134 2756 fundamentis
1161 2700 1213 2755 in
1246 2701 1448 2771 quibus
1479 2699 1620 2755 locis
1646 2716 1761 2755 non
1799 2707 1958 2755 erant
1985 2700 2131 2755 loca-

537 2787 632 2851 tis,
665 2798 719 2843 et
755 2792 1029 2848 columnis
1061 2810 1127 2848 ex
1182 2794 1367 2849 diruto
1410 2792 1581 2863 priori
1635 2793 1865 2849 mdificio
1909 2807 2128 2863 compe-

538 2887 720 2935 tenter
745 2882 1048 2954 dispositis,
1082 2902 1243 2945 arcus
1291 2901 1456 2956 super
1496 2901 1591 2941 eas
1637 2885 1922 2956 diligenter
1957 2883 2130 2939 voluti

541 2984 962 3044 consurgere,et
983 2976 1223 3033 basilica:
1242 2977 1445 3032 fabrica
1475 2977 1615 3031 inter
1629 2993 1825 3032 manus
1856 2976 2131 3032 artificum

543 3065 710 3133 cmpit
734 3066 1051 3123 clarescere.
1077 3068 1232 3125 Tunc
1253 3069 1368 3141 jam
1408 3069 1804 3125 vestibulorum
1832 3069 2132 3139 parietibus

544 3155 787 3225 undique
806 3159 1023 3225 erectis,
1048 3169 1101 3214 et
1131 3162 1412 3216 interioris
1452 3161 1637 3231 templi
1686 3160 1920 3232 fastigiis
1969 3160 2133 3214 altius

546 3246 1018 3315 elevatis,vetusta
1033 3254 1260 3308 ecclesia
1284 3244 1353 3308 ab
1375 3252 1670 3309 Ilincmaro
1696 3251 2132 3324 archiepiscopo,

547 3347 609 3393 ut
630 3339 835 3395 dictum
871 3351 973 3407 est,
996 3344 1301 3415 antiquitus
1327 3345 1572 3400 dedicata
1591 3385 1605 3409 ,
1628 3352 1712 3399 cst
1735 3359 1922 3398 eversa
1954 3341 2137 3397 fundi-

548 3438 671 3497 tus;
700 3442 754 3487 et
778 3433 901 3491 vilis
924 3435 1141 3491 interim
1166 3437 1289 3492 tecti
1322 3436 1782 3508 coopertoriolum
1811 3435 2135 3492 fabricatum

550 3539 715 3594 super
749 3526 979 3581 chorum
1044 3526 1298 3595 fratrum,
1355 3530 1449 3585 ubi
1507 3529 1714 3599 absque
1764 3528 2138 3599 inquietudine

539 3625 839 3673 Ventorum
871 3629 925 3674 et
960 3622 1266 3691 pluviarum
1305 3622 1505 3677 divinis
1538 3630 1764 3692 possent
1798 3636 1989 3676 vacare
2027 3619 2140 3675 lau-

548 3706 733 3769 dibus.
767 3710 943 3782 Supra
972 3715 1281 3784 sepulcrum
1317 3729 1446 3769 vcro
1482 3713 1625 3767 beati
1674 3712 1906 3784 Remigii
1951 3722 2138 3784 crypta

551 3812 872 3859 constructa
902 3814 1006 3872 est,
1031 3808 1159 3861 licet
1182 3822 1371 3877 parva,
1400 3806 1629 3876 ideoque
1655 3812 1770 3859 toto
1793 3804 2009 3873 corpori
2039 3820 2139 3859 suo

552 3894 1116 3968 incongrua,pulcbre
1135 3908 1315 3953 tamen
1331 3897 1603 3953 columnis
1637 3904 1691 3951 et
1712 3896 1951 3951 arcubus
1980 3894 2136 3951 fulta.

550 3985 821 4043 Prmfatus
843 4006 1080 4061 namque
1097 3991 1267 4046 abbas
1292 3990 1549 4046 assiduus
1580 3989 1827 4043 hortator
1853 3987 2137 4054 assistens,

553 4076 855 4136 conabatur
873 4097 1219 4152 summopere
1247 4090 1519 4153 quatenus
1543 4080 1683 4136 idem
1712 4095 1852 4150 opus
1895 4079 1962 4134 ad
1997 4094 2143 4134 sum-

553 4188 703 4229 mam
726 4172 1076 4243 perfectionis
1089 4181 1564 4245 eonsurgeretsuae
1588 4173 1712 4227 vitae
1739 4181 2001 4242 tempore,
2034 4187 2144 4226 ma—

554 4266 813 4338 sineque.
838 4267 1106 4323 aestuabat
1122 4266 1393 4322 desiderio
1410 4274 1468 4320 ut
1491 4278 1627 4336 papa
1655 4262 1923 4329 Romano,
1938 4262 1983 4318 si
2012 4277 2146 4333 quo-

552 4358 723 4414 modo
749 4358 972 4424 valeret,
1012 4358 1069 4413 in
1110 4357 1316 4414 Gallias
1361 4364 1610 4423 evocato,
1640 4355 1772 4409 illud
1829 4354 2143 4411 consecrari

2219 479 2527 547 devotione,
2550 482 2859 552 quibusque
2887 479 3100 549 magnis
3146 486 3200 532 et
3242 478 3488 533 minimis
3540 479 3820 543 aﬂ'abilis;

2221 570 2451 643 ideoque
2470 589 2634 644 quam
2658 572 2913 653 plurimis
2940 570 3275 626 Francorum
3303 572 3633 641 proceribus
3659 589 3821 627 ama—

2220 665 2366 732 bilis,
2390 665 2657 721 honorem
2685 652 2941 721 Ecclesiae
2966 664 3068 719 sibi
3096 664 3314 718 creditm
3340 678 3442 735 pro
3468 679 3641 734 posse
3663 667 3823 720 exal-

2221 758 2355 812 tavit
2373 766 2427 812 et
2455 759 2696 813 exaltare
2715 758 2907 812 voluit.
2938 756 3042 812 Sed
3080 756 3340 827 quoniam
3366 756 3591 811 occasio
3624 756 3830 814 mortis

2221 851 2590 907 interveniens
2611 851 2866 907 effectum
2894 850 2996 920 piae
3043 848 3337 904 voluntatis
3384 848 3642 915 abstulit,
3679 849 3832 920 ejus-

2220 944 2345 1000 dem
2372 944 2478 1000 loci
2528 944 2904 1015 praepositum,
2955 941 3301 998 Herimarum
3349 940 3601 1007 nomine,
3639 942 3833 1001 adhuc

2218 1037 2410 1093 vivens
2462 1035 2982 1111 [Marl.,juvenem]
3025 1035 3129 1092 sibi
3179 1049 3558 1090 successorem
3581 1033 3829 1105 delegit;

2221 1130 2402 1201 ipsum
2429 1129 2631 1201 quippe
2666 1130 2814 1199 quod
2854 1130 3121 1184 habuerat
3161 1128 3217 1182 in
3263 1127 3541 1183 desiderio
3584 1126 3832 1182 credidit

2221 1224 2649 1295 adimpleturum
2678 1233 2899 1280 strenue
2926 1223 3020 1294 qui
3055 1221 3159 1277 sibi
3194 1221 3413 1291 adjutor
3457 1228 3516 1275 et
3559 1234 3835 1289 coopera-

2221 1323 2309 1372 tor
2339 1320 2621 1374 exstiterat
2641 1328 2767 1375 ante
2797 1333 2987 1373 omnes
3010 1316 3065 1369 in
3107 1312 3319 1386 praefati
3357 1312 3545 1383 operis
3588 1327 3833 1366 exsecu-

2222 1410 2392 1478 tione,
2433 1411 2782 1483 maximaque
2826 1408 3197 1480 suppeditarat
3237 1405 3484 1461 subsidia
3506 1420 3578 1458 ex
3604 1403 3833 1458 redditu

2221 1502 2474 1559 villarum
2512 1520 2626 1559 sum
2651 1503 3073 1559 commissarum
3112 1497 3490 1570 providentim.

2291 1618 2346 1672 6.
2386 1616 2486 1675 Hic
2504 1634 2637 1689 ergo
2666 1619 2786 1674 loco
2814 1615 3056 1672 defuncti
3094 1612 3275 1668 Patris
3309 1612 3677 1681 subrogatus,
3718 1608 3833 1662 fra-

2220 1719 2367 1766 trum
2413 1727 2552 1782 pene
2610 1710 2857 1767 omnium
2900 1706 3150 1764 unanimi
3205 1704 3513 1770 sententia,
3565 1702 3833 1757 ordinata

2223 1805 2511 1860 memorati
2565 1803 2818 1859 Widonis
2874 1800 3172 1857 Remorum
3220 1794 3661 1869 archipraesulis,
3718 1810 3834 1848 non

2222 1897 2317 1957 diu
2370 1912 2566 1968 passus
2616 1905 2702 1953 est
2757 1896 3121 1965 interruptum
3173 1890 3407 1962 pendere
3464 1885 3837 1943 memorabile

2224 1997 2463 2060 emptum
2488 1988 2573 2045 sui
2604 1986 2993 2053 antecesseris,
3032 1985 3127 2042 sed
3155 1983 3335 2055 primo
3372 1981 3601 2053 quidem
3635 1980 3836 2034 dexte-

2225 2097 2344 2139 ram
2366 2082 2604 2137 basilicae
2629 2095 2869 2147 erucem,
2901 2078 3140 2135 maxima
3165 2092 3233 2132 ex
3261 2083 3416 2146 parte
3440 2074 3561 2144 jam
3598 2071 3837 2128 inchoa-

2226 2183 2362 2243 tam,
2406 2181 2461 2229 et
2503 2173 2785 2230 sinistram
2830 2170 2966 2227 nihil
2999 2170 3177 2225 adhuc
3222 2175 3418 2239 praeter
3466 2164 3835 2221 fundamenta

2228 2267 2540 2332 habentem,
2584 2281 2709 2324 cum
2744 2264 2966 2330 cocleis,
2999 2261 3202 2333 quibus
3240 2260 3314 2316 ad
3353 2259 3646 2328 superiora
3686 2263 3837 2313 esset

2228 2374 2511 2425 ascensus,
2553 2356 2680 2414 fecit
2720 2356 2997 2413 aediﬁcari.
3035 2352 3237 2425 Crypta
3266 2361 3449 2407 autem
3488 2365 3620 2421 quae
3666 2364 3837 2419 super

2228 2451 2371 2525 beati
2394 2450 2625 2522 Remigii
2655 2450 2965 2519 sepulcrum
3002 2453 3319 2503 constructa
3350 2442 3551 2508 fuerat,
3584 2442 3741 2511 quia,
3772 2449 3835 2495 ut

2230 2543 2484 2614 superius
2511 2543 2742 2599 relatum
2772 2549 2877 2607 est,
2914 2556 3024 2611 pra:
3050 2538 3319 2610 parvitate
3340 2534 3425 2590 sui
3446 2534 3686 2590 alterius
3702 2549 3836 2604 epe—

2228 2645 2308 2701 zls
2337 2641 2640 2709 incongrua
2658 2634 2962 2701 videbatur,
2984 2632 3130 2688 dirui
3148 2638 3203 2685 et
3225 2629 3386 2684 aliam
3409 2626 3835 2682 eminentiorem

2228 2736 2361 2793 fecit
2394 2729 2629 2788 restitui.
2664 2727 2867 2784 Deinde
2891 2726 3140 2782 trabibus
3168 2724 3235 2780 de
3255 2721 3394 2777 saltu
3414 2720 3574 2790 juxta
3603 2717 3837 2773 Orbacis

2232 2824 2627 2886 monasterium
2657 2821 2764 2877 sito
2805 2818 3064 2883 advectis,
3098 2814 3308 2886 fastigia
3344 2812 3595 2881 ejusdem
3639 2825 3837 2865 conse-

2232 2928 2477 2993 quuntur
2503 2915 2711 2986 templi,
2746 2913 2935 2983 sicque
2962 2907 3346 2966 decentissima
3375 2902 3454 2974 (ὅ)
3484 2904 3695 2958 domus
3720 2911 3835 2957 tota

2235 3013 2488 3086 apparuit
2510 3010 2565 3065 in
2597 3007 2844 3079 partibus
2867 3003 3003 3060 suis.

2308 3149 2357 3203 7.
2393 3145 2736 3216 Quapropter
2755 3140 2895 3197 idem
2916 3139 3090 3194 abbas
3116 3134 3435 3193 Herimarus
3454 3149 3586 3188 cum
3605 3131 3835 3203 quibus-

2236 3257 2343 3313 que
2378 3237 2716 3311 sapientibus
2756 3222 3046 3288 Remensis
3071 3228 3366 3301 provincia:
3389 3225 3650 3297 prudenti
3671 3222 3836 3293 cmpit

2235 3343 2472 3390 tractare
2494 3328 2725 3386 consilio
2744 3334 3017 3397 quatenus
3035 3322 3281 3378 eamdem
3302 3319 3607 3391 apostolica
3629 3317 3833 3372 faciens

2236 3422 2549 3482 consecrari
2588 3419 2996 3483 benedictione,
3048 3423 3111 3472 ut
3154 3413 3360 3470 scilicet
3404 3407 3834 3483 prmdeeessoris

2238 3519 2323 3575 sui
2347 3519 2542 3573 devoto
2567 3509 2906 3568 satisfaceret
2927 3507 3220 3571 desiderio,
3253 3505 3343 3561 cui
3376 3513 3437 3560 ut
3460 3502 3702 3560 facultas
3724 3516 3833 3555 non

2236 3612 2448 3667 deesset
2476 3613 2660 3677 optata
2707 3601 3020 3674 peragendi,
3073 3598 3540 3670 opportunitatem
3568 3592 3835 3665 temporis

2238 3702 2434 3759 obtulit
2483 3697 2725 3769 dignatio
2761 3695 2961 3750 divina:
3003 3690 3381 3762 dispositionis
3412 3688 3513 3760 (4).
3562 3687 3834 3743 Defuncto

2239 3794 2507 3865 siquidem
2536 3805 2674 3860 papa
2705 3787 2962 3851 Damaso,
2999 3784 3165 3856 quiin
3196 3783 3415 3838 civitate
3439 3780 3832 3842 Brixenorum,

2238 3903 2361 3958 quae
2394 3894 2479 3941 est
2499 3885 2552 3939 in
2574 3881 2851 3953 provincia
2880 3877 3116 3942 Histriae,
3143 3874 3321 3930 fuerat
3352 3873 3670 3944 episcopus,
3698 3878 3757 3924 et
3776 3868 3834 3923 in

2239 3978 2537 4050 apostolica
2590 3978 2717 4034 sede
2756 3970 3181 4032 inthronizatus,
3227 3965 3446 4035 triginta
3483 3961 3837 4019 solummodo

2240 4072 2315 4128 ibi
2339 4071 2550 4125 vixerat
2577 4069 2805 4133 diebus;
2848 4061 3100 4127 Romani,
3122 4058 3390 4130 legatione
3422 4056 3489 4112 de
3517 4056 3643 4125 ejus
3678 4053 3832 4111 obitu

2242 4164 2309 4220 ad
2356 4163 2739 4234 imperatorem
2793 4156 3085 4213 Henricum
3145 4153 3349 4206 directa
3373 4190 3390 4216 ,
3442 4148 3723 4219 petierunt
3775 4154 3835 4199 ut

2242 4255 2500 4311 Ecclesiae
2538 4261 2758 4324 pastore
2783 4249 3019 4304 viduatae
3047 4246 3117 4300 ab
3140 4259 3207 4299 eo
3232 4243 3628 4312 subrogaretur
3668 4239 3831 4293 alius.

2242 4347 2347 4415 Qui
2394 4361 2559 4417 super
2602 4345 2708 4398 hoc
2748 4341 2968 4411 negotio
3007 4338 3389 4408 episcoporum
3414 4341 3469 4386 et
3502 4332 3832 4402 optimatum

557 4448 763 4504 faceret
789 4450 1086 4519 apostolica
1112 4449 1508 4506 benedictione.
1535 4447 1692 4515 Quod
1712 4447 1837 4501 licet
1857 4462 1925 4502 ex
1947 4446 2139 4507 aﬂectu
2174 4453 2218 4508 ι)
2243 4438 2456 4510 imperii
2478 4437 2564 4493 sui
2590 4449 2844 4506 qumrens
2865 4430 3178 4495 consilium,
3200 4425 3406 4481 invenit
3439 4424 3581 4519 inter
3605 4433 3835 4519 cancros

557 4540 664 4609 pia:
688 4541 985 4596 voluntatis
1005 4542 1352 4612 processerit,
1396 4540 1577 4596 divina
1621 4548 1805 4595 tamen
1853 4538 2141 4609 dispositio

559 4632 667 4688 hoc
691 4632 967 4699 diﬂ'erens,
995 4634 1117 4704 ejus
1151 4634 1459 4690 successori
1496 4632 1868 4704 peragendum
1896 4647 2143 4687 reserva-

555 4725 655 4781 vit.
686 4724 821 4781 Nam
859 4733 1036 4780 morte
1075 4726 1364 4780 immatura
1407 4733 1714 4796 praeventus
1761 4724 1905 4779 diem
1948 4722 2146 4778 clausit

559 4826 888 4885 extremum,
913 4816 1169 4872 maeroris
1212 4816 1438 4871 maximi
1484 4832 1543 4871 se
1593 4815 1943 4886 diligentibus
1983 4814 2145 4871 relin-

557 4926 736 4981 quens
760 4909 1143 4975 infortunium,
1170 4908 1402 4978 expletis
1438 4907 1495 4961 in
1534 4906 1798 4978 regimine
1826 4905 2144 4960 monasterii

558 5002 721 5057 annis
754 5002 1009 5057 undecim
1032 5009 1089 5057 et
1115 5000 1399 5057 mensibus
1434 5006 1580 5054 octo.
1630 4996 1736 5064 Qui
1761 5012 1888 5051 cum
1912 4996 2146 5053 deducta

555 5109 588 5124 η
632 5092 848 5124 ἰι-Λιιινῖο
889 5093 1117 5124 nano-uni
1143 5092 1511 5124 αηηΛ-Λοῖοιιθη
1558 5104 1774 5124 mnu-Im
1812 5088 1975 5124 aliam
2004 5089 2148 5124 viam

2242 4533 2506 4588 domuum
2548 4527 2861 4581 Brunonem
2913 4522 3221 4576 Tullensem
3263 4516 3551 4588 praesulem
3591 4514 3660 4569 ad
3690 4515 3835 4568 idem

2242 4622 2479 4677 ofﬁcium
2509 4617 2850 4675 subeundum
2873 4628 2992 4670 esse
3022 4612 3299 4675 idoneum,
3322 4615 3510 4678 utpote
3533 4607 3632 4677 qui
3658 4607 3832 4661 artatis

2240 4713 2579 4778 maturitate,
2605 4721 2932 4777 morumque
2964 4712 3016 4758 et
3045 4702 3284 4760 scientia:
3318 4699 3650 4755 claritudine
3686 4696 3828 4750 vide-

2242 4806 2405 4861 batur
2435 4803 2789 4873 conspicuus,
2814 4798 3026 4868 sibique
3054 4794 3338 4866 sanguinis
3360 4792 3621 4847 aﬂinitate
3649 4792 3815 4862 proxi

2244 4913 2389 4954 mus.
2419 4895 2574 4952 Unde
2609 4892 2922 4964 apostolica:
2949 4888 3231 4959 dignitatis
3257 4886 3309 4941 ei
3354 4885 3667 4955 adjudicata
3707 4900 3827 4939 sum

2243 4990 2501 5061 insignia,
2520 4988 2818 5057 jussusque
2845 4983 2914 5038 ab
2935 4981 3178 5052 Augusto
3206 4986 3267 5033 ut
3293 4978 3360 5033 ad
3387 4979 3505 5033 htec
3531 4977 3827 5033 secundum

2243 5080 2659 5122 mnlncioelinac-
2688 5075 3000 5118 eant-Iinan
3030 5070 3369 5116 euecinimuda
3410 5069 3660 5114 annnn
3692 5068 3823 5112 invi-
