4044 5290
267 145 410 208 iiii

1322 138 1496 195 HIST.
1528 136 1749 193 DEDIC.
1782 131 2141 193 ECCLESIIE
2166 129 2224 188 S.
2256 129 2536 187 REMIGII.

3411 130 3433 183 Ι
3444 129 3550 185 ηε

265 264 545 338 disposuit
582 263 877 332 celebrare,
904 262 1093 333 eisque
1122 257 1410 314 celebratis
1439 269 1551 327 quo
1580 264 1699 309 erat
1722 266 1860 323 pra-
1889 261 1934 311 Α
1960 256 2049 303 tus
2073 254 2384 313 revertitur,
2420 245 2655 338 indeque
2874 239 3546 338 Coloniam—Agrippinam

266 368 490 432 ceptum
540 358 709 415 abire.
756 354 931 429 Hujus
966 356 1150 426 itaque
1193 349 1468 425 pontiﬁcis
1508 347 1758 403 notitiam
1798 348 1853 402 in

265 453 550 526 colloquio
577 469 610 508 ι
634 450 864 523 prafate
890 449 1220 520 imperatore
1256 452 1313 502 et
1340 443 1678 500 Francorum
1707 457 1853 514 rege,

263 549 337 607 de
360 547 514 618 pacis
540 554 597 603 et
622 546 877 603 amicitia
914 540 1302 601 conﬁrmanda
1344 538 1540 610 gratia,
1573 544 1697 591 ante
1744 550 1853 590 non

262 643 501 700 multum
516 651 729 715 tempus
748 638 958 705 habito,
980 645 1317 696 memoratus
1343 635 1513 691 abbas
1537 631 1855 687 Herimarus

261 733 447 792 fuerat
467 745 815 802 consecutus,
837 750 868 790 a
896 749 1007 806 quo
1034 732 1199 788 etiam
1220 729 1555 802 promissum
1573 732 1855 796 acceperat

258 828 413 902 quod
441 829 494 883 in
525 828 776 899 proximo
797 821 1478 899 quadragesimalijejunio
1503 820 1647 877 beati
1668 818 1855 876 Remi-

259 922 339 994 gii
365 922 679 994 sepulcrum
702 923 911 993 absque
941 920 1068 992 equi
1098 917 1296 975 solatio
1331 914 1472 971 foret
1490 913 1853 984 expetiturus,

259 1016 393 1087 quia
414 1032 541 1072 eum
580 1016 898 1072 earumdem
922 1028 1114 1086 regum
1142 1009 1436 1083 aliquando
1466 1006 1757 1063 familiaria
1783 1008 1854 1064 ab

258 1110 495 1167 invicem
522 1109 802 1181 perferens
816 1108 1097 1175 mandata,
1117 1120 1215 1178 per
1241 1104 1555 1175 contiguam
1574 1115 1852 1173 regionem

172 1253 191 1266 ,
254 1204 560 1271 transierit,
582 1205 757 1277 ipsius
783 1202 959 1261 sancti
985 1203 1172 1257 locum
1202 1198 1471 1255 orationis
1491 1197 1667 1269 gratia
1711 1197 1854 1253 invi-

252 1313 380 1356 sere
406 1294 725 1371 neglexerit.
755 1300 914 1369 Quod
934 1299 1076 1356 idem
1105 1300 1296 1364 abbas,
1313 1296 1584 1370 sagaciter
1602 1293 1852 1350 recolens

253 1394 465 1461 animo,
486 1410 585 1451 sua
614 1394 855 1468 dirigens
884 1394 1087 1466 scripta
1110 1392 1188 1450 illi
1212 1391 1453 1464 suggerit
1478 1397 1560 1455 ut,
1587 1386 1850 1459 quoniam

252 1502 358 1559 pro
386 1488 632 1561 delegato
659 1487 764 1545 sibi
792 1486 1080 1559 apostolici
1110 1485 1378 1557 primatus
1400 1481 1579 1539 cilicio
1614 1470 1849 1534 Romam

251 1581 337 1637 ire
388 1582 666 1654 disponit,
715 1581 763 1638 si
805 1580 1027 1652 quando
1069 1579 1137 1634 ad
1189 1584 1456 1649 cognatos
1502 1574 1640 1629 ﬁnes
1695 1579 1848 1628 certo

251 1672 511 1732 Ecclesia
527 1684 813 1733 revocetur
835 1673 1225 1737 emolumento,
1247 1686 1359 1725 non
1381 1668 1477 1725 ﬁat
1494 1667 1649 1724 irrita
1666 1664 1846 1721 Fran-

251 1784 446 1827 corum
490 1771 740 1842 apostolo
772 1771 844 1827 ab
874 1784 942 1824 eo
983 1766 1125 1823 facta
1162 1762 1480 1837 promissio.
1517 1759 1683 1816 Mittit
1713 1772 1846 1815 vero

249 1863 302 1918 ei
352 1864 409 1920 in
451 1880 679 1922 munere
705 1880 805 1921 vas
833 1864 902 1921 ad
930 1860 1226 1918 bibendum
1257 1858 1539 1922 idoneum,
1591 1854 1742 1910 intus
1790 1858 1847 1908 et

248 1959 493 2017 exterius
520 1975 657 2017 auro
687 1957 1073 2016 decentissime
1114 1955 1453 2019 decoratum,
1484 1948 1772 2006 insinuans
1793 1944 1844 2001 ei

244 2050 318 2109 de
354 2052 529 2125 ipsius
557 2052 734 2110 sancti
759 2050 991 2109 ecclesia
1015 2047 1313 2106 dedicanda
1343 2060 1506 2103 suum
1536 2058 1664 2100 cum
1703 2037 1844 2111 peti-

246 2144 399 2204 tione
421 2146 774 2204 desiderium.
812 2144 894 2202 Ad
938 2144 1056 2201 hac
1100 2142 1243 2198 idem
1284 2139 1576 2211 episcopus
1609 2132 1846 2203 benigne

248 2237 416 2295 refert
439 2240 567 2312 quia
592 2240 694 2297 etsi
719 2239 825 2295 alia
847 2239 997 2295 nulla
1018 2251 1078 2295 se
1095 2240 1314 2294 revocet
1332 2229 1592 2289 Ecclesia
1611 2226 1819 2282 utilitas

244 2331 334 2388 vel
369 2347 469 2404 pro
498 2333 617 2390 solo
662 2348 851 2389 amore
887 2331 1063 2388 sancti
1090 2329 1323 2402 Remigii
1373 2336 1725 2384 reversurum
1772 2318 1841 2375 ad

244 2424 473 2490 Gallias,
522 2432 577 2481 et
623 2426 744 2497 ejus
791 2426 1077 2482 basilicam
1124 2425 1529 2486 dedicaturum,
1568 2417 1618 2475 si
1653 2414 1839 2472 divina

247 2518 501 2573 annuerit
528 2519 851 2591 benignitas.
885 2518 1184 2575 Celebratis
1209 2532 1340 2589 ergo
1361 2517 1414 2571 in
1451 2513 1578 2571 sede
1601 2508 1840 2567 civitatis

247 2606 594 2666 Leucborum
632 2611 848 2668 duobus
877 2611 1176 2668 Dominica
1206 2608 1508 2665 nativitatis
1537 2604 1750 2667 diebus,
1782 2600 1838 2655 in

244 2701 407 2758 tertio
455 2704 602 2760 clero
657 2717 758 2760 suo
808 2704 1159 2771 valefaciens,
1217 2704 1320 2759 iter
1359 2717 1555 2773 capere
1604 2697 1837 2754 Romam

244 2791 451 2851 ducens
501 2797 834 2868 aggreditur.
890 2796 1012 2865 Quo
1064 2796 1419 2869 perveniens,
1473 2811 1598 2851 cum
1651 2790 1838 2847 favore

241 2888 413 2943 totius
450 2889 636 2958 populi
671 2889 1066 2947 honorabiliter
1106 2891 1377 2962 excipitur
1417 2886 1838 2961 apostolicaque

1959 354 2083 394 eum
2109 339 2439 410 imperatore
2465 336 2794 403 advenienti,
2822 334 2876 389 in
2912 335 3288 406 apostolorum
3320 333 3466 390 Petri
3493 344 3551 390 et

1956 426 2111 484 Pauli
2165 429 2413 485 natalitio
2461 428 2522 483 ﬁt
2558 426 2773 493 obvius,
2809 441 2841 481 a
2890 440 3002 496 quo
3050 425 3315 480 adventus
3359 420 3445 480 sui
3476 424 3546 480 ad

1958 520 2225 577 Remense
2265 522 2466 587 solum,
2502 519 2974 592 gerendarumque
2999 516 3073 571 ibi
3118 532 3303 573 rerum
3329 524 3545 587 tempus

1954 621 2009 668 et
2032 614 2279 669 ordinem
2307 613 2599 683 investigat
2622 610 2958 682 diligentius.
2994 606 3088 665 Ille
3114 624 3242 665 vero
3269 607 3373 665 sibi
3402 607 3547 664 noti-

1953 703 2125 760 ﬁcans
2152 705 2341 776 pandit
2361 704 2638 777 quomodo
2667 701 2819 774 prius
2839 702 3212 769 deliberasset,
3257 708 3319 757 ut
3354 708 3545 758 octava

1953 796 2041 852 die
2089 798 2159 853 ab
2205 797 2381 869 ipsius
2434 796 2610 853 sancti
2660 794 2971 862 festivitate,
3023 811 3148 866 qua
3184 800 3240 849 in
3288 792 3545 851 Kalendis

1952 885 2204 946 Octobris
2226 891 2456 946 habetur
2480 888 2858 956 celeberrima,
2891 888 2984 943 illo
3008 888 3239 955 veniret,
3283 894 3340 943 et
3369 886 3546 959 ipsius

1951 982 2348 1039 monasterium
2378 983 2657 1050 dedicans,
2683 990 2875 1054 postea
2920 982 3120 1038 ibidem
3170 997 3236 1038 ex
3270 982 3546 1054 episcopis

1953 1073 2140 1131 Gallia
2173 1083 2561 1148 congregatam
2598 1075 2869 1148 synodum
2910 1074 3228 1130 celebraret.
3267 1073 3388 1142 Qua
3418 1089 3547 1130 sen-

1951 1166 2120 1222 tentia
2167 1175 2400 1235 mutata,
2455 1167 2526 1223 ad
2566 1167 2823 1223 eumdem
2862 1167 3046 1223 locum
3101 1166 3156 1221 in
3202 1164 3549 1224 solemnitate

1952 1258 2129 1314 sancti
2157 1257 2437 1316 Michaelis
2466 1257 2779 1331 archangeli
2810 1274 2870 1314 se
2894 1267 3187 1314 venturum
3213 1265 3267 1313 et
3289 1258 3345 1313 in
3365 1257 3546 1315 eccle»

1952 1350 2034 1407 sia
2061 1349 2242 1407 Beata
2268 1350 2455 1408 Maria
2481 1350 2670 1408 Remis
2696 1349 2995 1407 missarum
3035 1366 3193 1407 sacra
3246 1348 3304 1405 in
3349 1349 3545 1406 eadem

1948 1441 2035 1497 die
2076 1452 2346 1498 memorat
2385 1443 2832 1510 celebraturum;
2895 1440 3096 1497 festum
3144 1457 3275 1497 vero
3317 1440 3547 1514 gloriosi

1948 1529 2126 1590 Patris
2156 1533 2410 1607 Remigii,
2456 1533 2681 1606 pretiosi
2719 1532 2970 1604 corporis
3000 1533 3121 1604 ejus
3150 1532 3460 1602 elevationi,
3489 1539 3548 1591 et

1878 1642 1923 1698 Β
1948 1625 2367 1696 subsequentem
2390 1626 2629 1682 basilica
2657 1624 3319 1692 consecrationi,cateros
3348 1623 3547 1681 deinde

1948 1725 2061 1774 tres
2102 1718 2294 1790 synodi
2328 1719 2554 1790 deputat
2578 1717 2952 1774 celebrationi.
2983 1715 3196 1784 Quibus
3220 1716 3444 1785 auditis,
3475 1712 3546 1772 ad

1947 1825 2110 1865 suum
2151 1825 2466 1866 canentum
2514 1810 2676 1866 rediit
2714 1810 2905 1876 abbas,
2950 1824 3160 1879 suaque
3204 1818 3408 1880 scripta
3447 1823 3547 1880 per

1945 1900 2234 1958 Franciam
2276 1902 2436 1973 eique
2474 1902 2767 1973 contiguas
2797 1899 2995 1957 direxit
3021 1898 3357 1970 provincias,
3396 1897 3545 1956 invi-

1944 2002 2071 2050 tans
2092 2002 2294 2049 sancta
2315 1991 2573 2049 Ecclesia
2597 1991 2783 2047 ﬁdeles
2812 2000 2874 2046 ut
2897 1991 2964 2046 ad
2990 1990 3129 2047 tanti
3157 1990 3342 2064 gaudii
3370 1990 3546 2063 parti-

1944 2084 2272 2156 cipationem
2292 2092 2626 2142 concurrant
2646 2090 2828 2139 mente
2851 2083 3280 2154 promptissima,
3302 2090 3416 2138 tam
3440 2098 3544 2155 pro

1944 2192 2131 2233 amore
2156 2186 2212 2233 et
2244 2177 2599 2233 veneratione
2627 2175 2873 2247 ejusdem
2908 2175 3126 2247 patroni
3156 2175 3243 2232 sui
3278 2190 3447 2247 quam
3482 2184 3547 2231 ut

1942 2268 2322 2326 benedictione
2342 2269 2548 2325 muniri
2569 2276 2910 2324 mererentur
2928 2266 3250 2338 apostolica.
3269 2265 3541 2323 Caterum

1940 2377 2101 2433 papa,
2116 2360 2345 2418 Colonia
2367 2362 2671 2435 digressus,
2696 2358 2915 2414 Tullum
2935 2360 2991 2415 in
3013 2359 3343 2416 exaltatione
3354 2359 3545 2415 Domi-

1942 2453 2078 2510 nica
2108 2455 2294 2511 crucis
2322 2454 2493 2522 venit,
2542 2454 2778 2525 indeque
2811 2451 3316 2523 circumjecentium
3364 2451 3544 2523 regio-

1940 2562 2072 2600 num
2094 2546 2368 2618 episcopis
2397 2555 2452 2601 et
2479 2545 2770 2602 abbatibus
2811 2544 3009 2600 litteris
3044 2560 3159 2600 sua
3197 2543 3542 2600 auctoritatis

1940 2639 2188 2694 mandari
2216 2638 2491 2710 pracepit,
2518 2646 2582 2694 ut
2611 2638 2666 2693 in
2694 2635 2916 2708 praﬁxa
2946 2636 3034 2693 die
3059 2636 3164 2693 sibi
3190 2645 3540 2706 occurerent,

1940 2731 2008 2786 ad
2030 2731 2298 2803 synodum
2324 2730 2707 2787 celebrandam
2732 2729 2787 2784 in
2815 2729 3039 2785 basilica
3066 2728 3276 2800 prafati
3296 2727 3542 2785 Franco-

1939 2838 2061 2877 rum
2090 2824 2348 2894 apostoli,
2399 2832 2462 2879 ut
2503 2840 2599 2894 per
2626 2837 2792 2894 quem
2840 2821 3164 2877 orthodoxa
3187 2819 3313 2876 ﬁdei
3338 2820 3541 2877 initiati

1939 2924 2068 2971 sunt
2093 2916 2440 2985 rudimentis,
2484 2916 2539 2970 in
2571 2915 2691 2987 ejus
2725 2913 3019 2987 prasentia
3067 2922 3542 2984 consequerentur

239 2977 522 3079 dignitatis
552 2980 1084 3079 infulis—insignitum
1116 2979 1747 3079 hypapantipomini
1778 2977 1834 3033 in
1862 2989 1905 3047 ο
1937 3008 2342 3079 reparationem
2399 2977 2685 3079 tepefacta
2728 2977 2802 3062 .in
2856 3020 2916 3061 se
2980 3005 3181 3061 divina
3232 2977 3533 3078 religionis.

242 3070 499 3128 cathedra
551 3072 694 3131 beati
738 3074 886 3131 Petri
940 3070 1366 3143 inthronizatur,
1412 3084 1467 3132 et
1512 3073 1624 3131 Leo
1667 3088 1829 3144 papa,

245 3160 492 3221 Romano
520 3183 695 3236 more,
723 3179 1091 3242 nuncupatur.
1122 3170 1222 3229 Hic
1249 3172 1412 3243 digne
1440 3169 1831 3226 administrans

243 3272 363 3326 qua
391 3258 476 3315 sui
506 3269 636 3316 sunt
664 3262 844 3330 ofﬁcii,
870 3264 1248 3336 instanterque
1281 3264 1578 3335 disponens
1602 3278 1833 3334 quaque

240 3348 492 3408 videntur
532 3357 886 3412 accommoda
916 3357 1115 3413 divina
1162 3355 1434 3428 religioni,
1471 3353 1832 3426 quadragesi—

241 3445 398 3502 maiis
422 3447 683 3517 temporis
705 3448 885 3519 explet
909 3449 1137 3521 jejunia,
1166 3448 1616 3519 suecedentiaque
1648 3444 1831 3502 Domi-

241 3536 374 3593 niea
420 3540 841 3598 resurrectionis
895 3542 969 3597 ibi
1015 3542 1254 3599 celebrat
1282 3540 1579 3607 solemnia;
1629 3540 1829 3611 quibus

239 3628 439 3700 elapsis
470 3633 736 3704 synodum
764 3643 1031 3692 convocat
1056 3635 1439 3707 episcoporum
1464 3633 1653 3700 Italia,
1678 3639 1733 3689 et
1753 3631 1827 3687 ibi

238 3722 491 3789 qualibet
518 3740 771 3795 perversa
818 3727 873 3782 in
921 3742 1115 3784 eorum
1161 3724 1455 3800 episcopiis
1502 3725 1827 3798 pullulantia

237 3823 330 3868 aut
350 3817 596 3889 corrigit,
631 3826 727 3873 aut
757 3820 1010 3875 hortatur
1033 3820 1328 3892 corrigere.

304 3904 358 3961 8.
399 3907 695 3980 Aliquanto
755 3919 940 3967 autem
982 3910 1245 3985 temporis
1288 3909 1647 3966 interlabente
1692 3923 1826 3965 cur—

235 3994 429 4067 riculo,
453 3998 721 4058 Gallicum
761 4003 999 4060 revisere
1024 4003 1224 4070 solum,
1246 4010 1359 4058 tam
1387 4003 1549 4058 beato
1574 3999 1826 4074 Remigio

236 4082 374 4145 facta
399 4092 695 4162 promissio
728 4111 894 4167 quam
923 4095 1245 4152 orthodoxa
1286 4094 1432 4161 ﬁdei,
1461 4094 1517 4149 in
1553 4094 1661 4150 illis
1692 4109 1825 4165 par-

232 4179 378 4238 tibus
414 4185 551 4241 adeo
597 4186 898 4259 tepefacta,
942 4188 1236 4259 persuadet
1279 4187 1531 4243 intentio.
1588 4184 1743 4242 Unde
1791 4190 1824 4242 a

234 4269 493 4333 Romanis
521 4280 756 4350 expetita
794 4281 1033 4348 licentia,
1067 4296 1165 4351 per
1190 4280 1457 4352 quasdam
1495 4278 1638 4334 Latii
1661 4279 1824 4335 urbes

232 4361 334 4421 iter
377 4383 564 4439 agens,
609 4371 665 4427 in
710 4373 791 4430 eis
824 4374 998 4430 multa
1036 4372 1281 4444 disponit
1309 4372 1694 4430 ecclesiastica
1722 4372 1824 4426 ho-

231 4461 427 4515 nestati
450 4477 715 4535 congrua,
744 4466 1076 4537 tandemque
1103 4466 1217 4521 adit
1247 4466 1637 4537 imperatorem
1677 4463 1823 4520 Hen-

230 4546 423 4618 ricum,
462 4553 517 4609 in
548 4557 772 4629 regione
810 4566 1244 4614 commorantem
1288 4556 1581 4614 Saxonica.
1612 4555 1823 4613 Interea

230 4654 562 4704 memoratus
580 4650 772 4718 abbas,
790 4650 1046 4707 desiderii
1064 4649 1150 4706 sui
1170 4659 1483 4722 compotem
1499 4666 1558 4707 se
1571 4649 1821 4707 futurum

227 4748 294 4789 ex
320 4736 494 4806 ipsius
520 4756 673 4812 papa
696 4751 879 4799 certus
905 4742 1316 4813 pollicitatione,
1349 4742 1463 4813 regi
1481 4740 1822 4799 Francorum

228 4830 553 4889 Laudunum
581 4834 818 4890 venienti
861 4834 1106 4891 occurrit
1140 4835 1197 4890 in
1237 4833 1593 4891 Pentecostes
1619 4834 1822 4892 solem-

228 4924 413 4993 nitate,
444 4926 674 4997 ejusque
705 4926 995 4982 co'nsilium
1021 4936 1077 4982 et
1096 4925 1342 4984 favorem
1364 4928 1569 5000 expetit
1594 4926 1661 4982 de
1682 4944 1821 4999 pra-

228 5015 337 5075 fato
383 5020 587 5089 temple
640 5019 935 5089 apostolica
990 5020 1373 5076 consecrando
1421 5019 1819 5094 benedictione,

225 5124 451 5168 monens
473 5120 527 5166 et
548 5111 829 5181 postulans
850 5120 909 5168 ut
928 5113 1013 5168 his
1040 5111 1273 5180 agendis
1292 5129 1451 5169 suam
1472 5117 1820 5186 prasentiam

146 5273 189 5290 ἱ.
213 5202 475 5285 exhibeat
507 5211 562 5258 et
588 5204 872 5274 episcOpos
910 5202 1182 5276 regnique
1212 5204 1301 5258 sui
1329 5206 1603 5278 principes
1630 5223 1820 5269 secum

1933 3097 2261 3171 Hujusmodi
2283 3100 2557 3157 mandatis
2582 3098 2891 3171 gratulatur
2908 3097 2999 3168 pia
3024 3096 3266 3153 ﬁdelium
3294 3098 3533 3170 devotio,

1933 3207 2251 3264 praeparans
2280 3209 2338 3249 se
2364 3191 2612 3249 studiose
2645 3191 2716 3246 ad
2742 3188 3082 3261 implendum
3114 3189 3263 3260 quod
3284 3205 3353 3245 ex
3401 3192 3536 3262 apo-

1932 3283 2138 3340 stolica
2164 3284 2443 3355 dignitatis
2469 3283 2571 3341 sibi
2600 3283 2977 3354 promulgatur
3000 3279 3200 3336 edicto.

2000 3376 2054 3431 9.
2086 3375 2399 3431 Venenatus
2421 3382 2605 3430 autem
2628 3389 2875 3444 serpens,
2897 3372 2991 3443 qui
3006 3373 3076 3427 ab
3095 3373 3321 3428 exordio
3342 3368 3533 3430 mundi

1929 3467 1998 3523 ad
2022 3466 2248 3522 humani
2282 3466 2497 3538 generis
2529 3465 2706 3520 inhiat
2739 3464 3123 3536 pracipitium,
3157 3471 3268 3518 tam
3300 3460 3532 3519 salutari

1927 3558 2210 3630 proposito
2227 3554 2523 3615 commenti
2548 3557 2634 3614 sui
2650 3558 2845 3612 nititur
2865 3571 3140 3628 Opponere
3161 3556 3533 3618 obstaculum;

1927 3650 2011 3709 Ad
2052 3652 2433 3723 complendam
2491 3649 2639 3706 enim
2692 3648 2935 3722 perﬁdia
2992 3663 3108 3706 sua
3165 3649 3526 3717 voluntatem,

1927 3744 2198 3815 quosdam
2234 3750 2487 3814 potentes
2510 3743 2682 3798 laicos
2708 3741 2909 3799 excitat
2949 3740 3043 3812 qui
3073 3740 3297 3797 incestis
3328 3741 3527 3812 conju-

1926 3835 2032 3908 giis
2080 3850 2303 3907 operam
2354 3834 2537 3891 dando
2590 3842 2647 3890 et
2699 3834 2933 3889 aliorum
2971 3833 3265 3889 criminum
3303 3833 3530 3892 nefariis

1925 3927 2122 3982 usibus
2173 3943 2233 3983 sc
2282 3926 2617 3998 implicando
2666 3926 2967 3982 violatores
3020 3933 3179 3980 erant
3221 3925 3529 3981 honestatis

1925 4019 2338 4095 ecclesiastica;
2377 4018 2610 4090 ideoque
2632 4019 2967 4075 verebantur
3008 4024 3259 4071 reatuum
3293 4022 3523 4072 suorum’

1925 4112 2163 4169 latebras
2186 4113 2242 4167 in
2267 4112 2445 4167 lucem
2467 4111 2717 4182 prodere.
2756 4108 2862 4166 Sed
2885 4117 2940 4164 et
2974 4108 3271 4163 nonnullos
3305 4109 3522 4179 episco-

1924 4220 2026 4276 pos
2056 4213 2111 4260 et
2129 4204 2354 4261 abbates
2374 4204 2482 4260 illis
2506 4201 2772 4275 adjungit,
2803 4201 2897 4273 qui
2931 4201 2984 4255 in
3011 4200 3152 4254 ovile
3175 4199 3522 4258 Dominicum

1855 4332 1901 4388 Β
1926 4297 2164 4364 aliunde,
2200 4312 2310 4352 non
2341 4312 2437 4368 per
2472 4295 2676 4351 ostium
2718 4295 3048 4375 irruperant,
3090 4299 3145 4346 et
3178 4291 3233 4345 in
3264 4290 3522 4348 Ecclesiis

1925 4388 2043 4445 suis
2085 4388 2482 4444 catholicorum
2533 4386 2761 4441 Patrum
2815 4372 3191 4440 sanctionibus
3244 4384 3523 4439 contraria

1925 4480 2175 4553 quadam
2197 4480 2466 4550 pullulare
2486 4478 2872 4549 permiserant,
2895 4492 3019 4547 qua
3038 4475 3302 4531 condicta
3326 4476 3521 4549 synodi

1923 4573 2331 4629 examinatione
2396 4569 2706 4627 'rcsecanda
2770 4566 3115 4624 manifestari
3183 4567 3519 4633 metuebant,

1924 4673 1987 4720 ut
2015 4664 2163 4720 enim
2203 4664 2467 4735 scriptum
2512 4671 2598 4719 est
2639 4681 2653 4716 :
2696 4661 2883 4717 Omnis
2925 4659 3015 4731 qui
3062 4656 3200 4710 male
3242 4657 3373 4728 agit,
3410 4657 3522 4710 odit
3563 4663 3566 4666 ’

1922 4755 2094 4812 lucem
2128 4754 2311 4829 (Joan.
2354 4772 2437 4821 tu,
2473 4754 2591 4828 20),
2639 4761 2696 4809 et
2738 4752 2860 4809 ideo
2904 4747 3139 4820 peccatis
3187 4748 3303 4802 suis
3348 4747 3527 4818 magis

1924 4847 2210 4920 magisque
2288 4844 2683 4903 occultationis
2756 4843 2977 4899 adhibet
3036 4837 3525 4894 obnubilationem.

1926 4939 2117 4995 Tanta
2144 4939 2329 5008 itaque
2355 4933 2741 5007 pcrversitatis
2763 4934 2868 4989 viri
2899 4927 3195 4986 incentoris
3223 4928 3312 4984 sui
3337 4928 3532 4986 callida

1927 5029 2276 5103 suggestione
2327 5028 2620 5095 instructi,
2678 5025 2802 5097 regi
2849 5024 3189 5079 Francorum
3238 5020 3539 5093 suggerunt

1928 5121 2084 5193 regni
2114 5120 2201 5176 sui
2226 5120 2395 5176 decus
2437 5115 2771 5183 adnihilari,
2824 5117 2870 5173 si
2900 5116 2957 5170 in
2994 5122 3059 5165 eo
3095 5107 3329 5167 Romani
3352 5104 3542 5183 ponti»

1928 5213 2051 5272 ﬁcis
2103 5212 2487 5267 auctoritatem
2556 5207 2851 5271 dominari
2910 5200 3289 5278 permitteret;
3348 5203 3437 5260 vel
3497 5203 3545 5258 si
