4044 5290
591 120 732 177 ηεὶδ

1532 102 1836 188 ANSELMI
1864 130 2169 190 nomen!
2194 137 2251 195 s.
2286 141 2546 201 REMIGII
2568 143 2910 207 REMENSIS

3715 154 3842 215 1621

585 233 831 327 Franciae
872 236 1037 337 urbes
1072 241 1350 313 ingressus
1382 256 1589 317 pateret
1635 236 1799 308 alicui
1848 269 2035 325 papae;
2086 254 2172 313 his
2200 259 2246 315 Α
2341 261 2425 316 l0.
2455 258 2698 334 Denique
2730 248 2964 323 domnus
3015 254 3189 337 papa,
3229 284 3259 323 a
3308 265 3659 328 Leuchorum
3715 275 3845 331 urbe

583 339 716 382 vero
768 316 992 399 agendis
1040 334 1192 403 pacis
1235 344 1289 390 ct
1333 341 1738 412 tranquillitatis
1772 316 2011 417 congrua
2045 357 2172 405 sunt

583 422 852 487 tempora,
899 424 1050 493 regni
1081 434 1261 481 autem
1296 431 1415 499 ejus
1449 442 1624 491 status
1668 437 1739 492 sit
1782 437 1836 491 in
1886 440 2171 508 perturba-

544 534 546 537 τ
578 509 732 597 tione
754 528 865 569 non
886 518 1126 585 modica,
1151 522 1478 590 quibusdam
1500 527 1635 583 viris
1655 531 1963 598 potentibus
1988 533 2167 588 domi-

578 594 822 663 nationis
873 607 994 678 ejus
1043 609 1237 684 jugum
1282 594 1730 687 detrectantibus,
1782 630 2065 694 terrasque
2115 634 2169 681 ct

581 697 801 752 castella
835 702 1090 771 qumlibet
1136 706 1206 761 ab
1250 707 1423 778 ipsius
1465 710 1670 768 ditione
1710 713 2162 772 atalicnantibus.

580 785 920 861 Quapropter
956 796 1118 866 regia:
1150 798 1400 870 dignitati
1432 801 1612 858 ferunt
1652 820 1977 877 congruere,
2014 808 2164 862 utili-

576 878 677 934 tati
722 882 1030 953 reipublicm
1068 904 1167 943 sua
1219 892 1485 961 sapientia
1521 898 1807 953 consulere
1849 898 1949 970 (5),
1982 901 2164 970 potius

576 972 742 1041 ’quam
798 978 1021 1047 synodis
1064 980 1372 1052 intendere;
1417 987 1694 1058 principes
1733 1005 1865 1044 suos
1910 1000 1963 1045 et
1997 994 2163 1051 totius

575 1068 850 1125 exercitus
872 1072 958 1126 sui
984 1077 1282 1143 potentiam
1306 1096 1648 1136 commovere
1671 1082 1724 1136 in
1744 1082 1989 1153 rebelles,
2012 1085 2162 1155 ipscs

572 1155 737 1244 etiam
787 1162 1075 1236 episcopos
1122 1177 1177 1223 et
1225 1171 1467 1237 abbates,
1519 1188 1682 1243 penes
1725 1188 1865 1244 quos
1922 1177 2159 1233 maxima

569 1239 700 1317 pars
733 1250 1052 1311 facultatum
1097 1262 1250 1331 regni
1282 1271 1386 1330 est,
1423 1275 1647 1319 censent
1672 1265 1954 1322 immunes
1994 1268 2159 1338 hujus

570 1344 933 1412 expeditionis
973 1365 1093 1406 esse
1125 1368 1233 1408 non
1268 1355 1483 1411 debere.
1532 1356 1672 1412 Ante
1723 1357 1861 1413 alios
1906 1360 2155 1416 abbatem

572 1430 759 1491 Sancti
786 1437 1037 1512 Remigii,
1062 1459 1223 1514 quem
1246 1448 1404 1518 quasi
1429 1449 1495 1504 de
1525 1465 1705 1504 rerum
1730 1466 1957 1508 suarum
1979 1454 2155 1509 abun-

567 1522 752 1611 ,dantia
781 1542 1220 1603 praesumentem,
1272 1554 1372 1608 pro
1420 1556 1575 1596 vana:
1615 1542 1801 1613 gloria:
1847 1559 2053 1611 amere,
2089 1546 2154 1602 ad

567 1623 965 1678 monasterium
1012 1642 1172 1682 suum
1210 1633 1640 1688 consecrandum
1677 1635 2157 1693 calumniabantnr

567 1705 829 1787 Romanae
859 1715 1010 1771 urbis
1038 1720 1351 1787 pontificem
1381 1739 1655 1780 evocasse.
1695 1724 1806 1782 [Iac
1832 1727 1997 1799 igitur
2029 1745 2154 1785 ver-

567 1801 743 1891 sipelli
768 1808 1124 1876 persuasione
1145 1828 1242 1869 rex
1276 1818 1569 1881 emollitus,
1593 1828 1647 1872 et
1675 1819 1745 1873 ab
1778 1820 2007 1876 honesto
2036 1837 2156 1892 pro-

563 1884 746 1982 posito
792 1899 861 1954 ad
896 1901 1232 1962 seductionis
1271 1907 1424 1963 devia
1457 1909 1648 1976 ﬂexus,
1696 1925 1850 1982 papae
1893 1928 1988 1982 per
2036 1884 2152 1968 Sil-

561 1977 940 2075 :vanectensem
970 1996 1192 2052 mandat
1224 1999 1564 2072 episcopum,
1615 2017 1674 2058 se
1717 2018 1962 2075 suosque
2010 2020 2151 2075 pon-

562 2064 739 2137 tiﬁces
773 2072 901 2140 cum
935 2086 1226 2146 abbatibus
1255 2064 1375 2164 cogi
1412 2064 1489 2148 ad
1526 2064 1988 2164 comprimendam
2011 2064 2156 2168 .per-

561 2173 828 2232 vicaciam
886 2177 990 2235 sibi
1047 2181 1468 2252 resistentium,
1535 2186 1765 2257 ideoque
1829 2205 1938 2244 non
1992 2205 2153 2260 posse

567 2278 857 2324 occurrere
877 2271 927 2325 ei
952 2271 1006 2326 in
1028 2273 1250 2343 prmiixo
1274 2278 1510 2333 termino
1533 2279 1598 2334 ad
1627 2281 1997 2349 peragendum
2014 2296 2150 2339 con-

560 2348 770 2415 cilium.
806 2358 960 2418 Unde
993 2365 1287 2421 adventum
1327 2370 1488 2424 soum
1522 2370 1578 2425 in
1605 2370 1893 2428 Franciam
1920 2374 1973 2429 in
2005 2375 2152 2431 aliud

561 2438 778 2522 tempus
811 2453 1044 2523 differat,
1071 2473 1200 2529 quo,
1232 2459 1515 2518 absolutus
1543 2463 1859 2533 hujusmodi
1898 2468 2147 2540 negotiis,

559 2556 688 2599 eum
731 2543 916 2601 debito
948 2563 1073 2603 cum
1125 2551 1335 2606 honore
1384 2554 1667 2626 suscipiat.
1727 2556 1808 2613 Ad
1853 2559 1969 2614 bare
2010 2576 2188 2632 papa.

560 2636 846 2694 remandat
915 2641 1341 2712 promissionem
1403 2646 1563 2703 beato
1622 2646 1821 2704 factam
1901 2649 2149 2724 Remigio

560 2729 790 2800 nequire
840 2748 899 2788 se
950 2733 1162 2791 irritam
1219 2735 1419 2809 facere,
1470 2742 1565 2795 sed
1608 2742 1674 2796 ad
1721 2742 2002 2800 basilicam
2029 2746 2148 2815 ejus

561 2820 916 2879 dedicandam
974 2830 1164 2897 procul
1221 2830 1389 2886 dubio
1446 2841 1757 2900 venturum,
1814 2836 1907 2892 ubi
1955 2837 2005 2895 si
2051 2839 2146 2909 qui

2271 348 2570 423 digressus,
2589 356 2691 411 iter
2713 358 2779 414 ad
2803 357 3124 415 Remensem
3146 362 3350 418 ducens
3377 364 3570 419 urbem
3591 365 3843 436 arripuit,

2269 451 2323 498 ct
2350 443 2404 499 in
2430 449 2751 517 Opportunis
2788 451 2944 518 locis,
2976 451 3204 524 singulis
3238 455 3551 527 quibusque
3593 458 3847 517 noctibus

2270 537 2552 593 mansione
2586 549 2826 611 accepta,
2876 543 2929 597 in
2979 544 3162 616 vigilia
3191 544 3501 603 festivitatis
3539 550 3722 603 sancti
3747 547 3845 607 lii.

2266 627 2470 683 chaelis
2501 631 2566 685 ad
2592 631 3002 690 Curmolensem
3027 636 3102 707 (6)
3126 637 3309 693 villam
3335 640 3501 707 venit,
3530 642 3622 696 cui
3648 639 3847 712 praefa-

2266 725 2355 773 tus
2384 720 2573 788 abbas,
2597 723 2795 779 ibidem
2819 725 3013 781 obvius
3042 726 3241 795 factus,
3273 745 3616 802 quascunque
3651 749 3847 791 neces-

2265 810 2444 865 sarius
2487 816 2708 884 expetiit
2760 833 2894 873 usus
2948 818 3027 873 illi
3079 821 3335 892 omnique
3390 824 3681 879 comitatui
3729 827 3846 897 ejus

2263 901 2544 959 afﬂuenter
2559 909 2941 977 suppeditavit.
2963 910 3060 967 Die
3073 928 3202 969 vero
3224 916 3473 985 sequenti
3489 917 3561 971 ad
3578 917 3844 976 Sanctum

2262 994 2822 1070 pcrvcnitRemigium
2857 1003 3284 1076 archiepiscopis
3313 1007 3492 1063 tribus
3521 1010 3843 1078 comitatus,

2262 1080 2569 1142 Trevircnsi
2616 1091 2884 1159 videlicet,
2940 1093 3312 1167 Lugdunensi,
3378 1097 3843 1174 Vesontionensi,

2260 1174 2490 1247 aliisque
2509 1177 2642 1237 viris
2670 1183 3114 1256 bonorabilibus,
3155 1190 3298 1246 inter
3336 1209 3480 1263 quos
3514 1204 3640 1251 erat
3677 1195 3843 1255 Joan-

2258 1279 2355 1339 nes
2388 1269 2676 1341 episcopus
2711 1273 3049 1345 Portuensis,
3100 1289 3155 1335 et
3207 1281 3403 1340 Petrus
3434 1284 3710 1346 Ecclesia
3735 1289 3845 1348 Ro-

2259 1373 2433 1415 mana:
2497 1362 2783 1433 diaconus,
2839 1377 2891 1423 et
2933 1369 3102 1439 ipsius
3167 1373 3320 1430 urbis
3377 1377 3701 1448 praefectus.
3749 1380 3846 1440 Rh:

2257 1450 2506 1519 protinus
2533 1457 2891 1527 conglobatur
2912 1460 2967 1514 in
2996 1478 3164 1518 unum
3196 1474 3312 1522 tota
3339 1466 3577 1526 fratrum
3619 1488 3844 1546 congre-

2256 1542 2423 1611 gatio,
2451 1553 2651 1603 etcum
2674 1550 2753 1605 eis
2782 1551 2903 1623 [al.,
2927 1571 2957 1609 e
2980 1557 3215 1631 cunctis]
3239 1542 3839 1629 abbatum,monacho-

2257 1651 2402 1703 rum,
2428 1637 2772 1711 clericorum,
2809 1648 2904 1717 qui
2953 1649 3067 1718 jam
3116 1665 3183 1706 ex
3230 1653 3419 1710 multis
3460 1657 3842 1714 conﬂuxerant

2255 1729 2534 1800 partibus,
2585 1734 2934 1794 innumerosa
2972 1738 3097 1813 [ειη
3129 1745 3444 1819 numerosa]
3492 1748 3718 1804 concio.
3764 1748 3838 1805 Ex

2256 1825 2456 1894 quibus
2477 1828 2732 1885 omnibus
2764 1831 2820 1886 in
2856 1833 2998 1888 atrio
3014 1834 3257 1891 basilicae
3286 1837 3602 1907 disponitur
3640 1841 3838 1897 decen-

2258 1915 2467 1973 tissima
2514 1922 2814 1990 processio,
2874 1924 3145 1997 episcopis
3189 1928 3389 1994 tribus,
3442 1927 3837 2005 Silvanectensi

2252 2006 2520 2076 videlicet,
2539 2011 2933 2085 Andegavcnsi,
2952 2014 3292 2085 Nivernensi,
3310 2019 3468 2092 longe
3479 2021 3733 2092 digestos
3752 2038 3837 2079 or-

2252 2099 2410 2155 dines
2486 2105 2954 2174 antecedentibus,
3015 2115 3335 2181 textumque
3384 2109 3674 2185 Evangelii
3715 2128 3834 2171 cum

2253 2206 2394 2260 aqua
2422 2192 2704 2251 benedicta
2757 2205 2813 2252 et
2831 2208 3138 2255 aromatum
3185 2202 3353 2257 odore
3386 2201 3717 2262 ferentibus.
3751 2203 3835 2262 Sic

2251 2297 2383 2353 ergo
2411 2285 2665 2357 dispositi
2718 2305 2915 2361 papam
2948 2292 3326 2350 advenientem
3371 2296 3712 2368 suscipiunt,
3750 2297 3833 2353 cui

2250 2376 2538 2432 ecclesiam
2569 2378 2886 2448 introeunti,
2926 2384 3338 2455 responsorium
3383 2384 3663 2443 Lwtentur
3701 2388 3829 2457 ccli,

2251 2481 2379 2523 cum
2432 2469 2597 2540 digna
2640 2473 3012 2531 modulatione
3057 2477 3385 2545 concinnet;
3428 2487 3487 2534 et
3528 2481 3664 2535 dum
3713 2489 3829 2537 ante

2250 2558 2421 2614 altare
2470 2559 2697 2619 Sanctae
2742 2563 2937 2622 Crucis
2996 2576 3138 2637 orat,
3188 2569 3333 2625 aliud
3390 2573 3826 2642 responsorium,

2251 2649 2484 2708 Summa:
2546 2652 2798 2712 Trinitati
2856 2658 3141 2727 videlicet,
3205 2661 3557 2719 concinentes
3615 2663 3821 2719 ﬁniunt.

2248 2741 2545 2814 Progressa
2571 2755 2752 2802 autem
2778 2764 2844 2804 co
2873 2766 3047 2822 usque
3075 2753 3143 2808 ad
3170 2741 3340 2810 altare
3368 2755 3545 2811 sancti
3586 2754 3825 2811 Christo-

2247 2834 2426 2905 phori,
2448 2845 2498 2889 et
2534 2845 2659 2893 ante
2681 2842 2973 2897 venerandi
3004 2842 3342 2900 Francorum
3377 2846 3616 2916 apostoli
3652 2848 3825 2919 sepul-

560 2912 772 2969 divinte'
806 2916 1083 2989 religionis
1130 2931 1407 2979 amatores
1460 2928 1833 2995 convenerint,
1887 2945 2013 2985 cum
2064 2932 2145 2987 eis
2172 2938 2214 2995 C
2246 2941 2399 2981 crum
2429 2929 2729 2986 orationem
2751 2933 3016 3003 explente,
3048 2935 3242 2991 iterum
3271 2935 3543 3009 Hymnum
3579 2938 3651 2995 Te
3664 2940 3820 2995 Deam

559 3005 756 3079 synodi
780 3009 1048 3065 rationem
1081 3027 1141 3067 se
1172 3011 1375 3068 fatetur
1408 3016 1743 3071 habiturum.
1775 3016 1945 3089 Cujus
1986 3037 2141 3076 man-

558 3098 673 3154 dati
696 3098 765 3155 ad
806 3116 985 3173 regem
1015 3103 1277 3160 relatione
1304 3098 1531 3176 perlata,
1577 3108 1691 3179 ipse
1732 3118 1911 3166 tamen
1943 3112 2045 3168 iter
2086 3115 2144 3170 in

558 3190 788 3248 rebelles
821 3194 1154 3266 aggreditur,
1195 3207 1383 3254 coacta
1428 3200 1482 3254 in
1534 3217 1705 3255 unum
1752 3204 1954 3275 ingenti
1985 3223 2143 3262 exer—

557 3284 704 3368 citus
732 3286 820 3342 sui
841 3286 1054 3343 militia.
1095 3286 1199 3344 Sed
1222 3298 1277 3345 et
1306 3292 1575 3364 episc0pis
1598 3302 1653 3349 et
1683 3294 1951 3368 plerisque
1973 3300 2142 3355 abba-

554 3356 706 3434 tibus
750 3387 942 3435 contra
985 3356 1517 3441 voluntatem-suam
1570 3356 1989 3457 illo-euntibus,
2037 3392 2143 3450 illis

464 3486 483 3503 ε
553 3470 719 3526 etiam
752 3472 1022 3542 perversis
1047 3471 1415 3532 Ecelesiarum
1451 3479 1753 3534 rectoribus
1789 3480 1857 3535 ad
1892 3481 1946 3537 id
1972 3499 2141 3555 nego-

554 3563 694 3619 tium
730 3562 873 3619 ultro
906 3580 965 3621 se
1007 3566 1396 3638 ingerentibus,
1438 3572 1531 3641 qui
1577 3578 1638 3625 ut
1669 3573 1870 3627 summi
1899 3572 2141 3632 Pastoris

550 3656 822 3711 vicarium
842 3665 997 3715 actus
1019 3654 1213 3713 eorum
1238 3663 1551 3718 examinare
1577 3663 1879 3719 venientem
1920 3676 2144 3735 possent

553 3748 813 3819 effugere,
854 3751 1100 3806 eamdem
1126 3753 1523 3822 expeditionem
1560 3754 1764 3809 exitiali
1807 3758 2002 3814 techna
2030 3760 2142 3815 cla-

552 3842 885 3915 boraverant
905 3852 1136 3900 struere.
1162 3846 1465 3902 Adducitur
1487 3863 1613 3904 cum
1634 3848 1715 3903 eis
1733 3855 1788 3903 et
1807 3861 2141 3909 memoratus

554 3935 726 3991 abbas
752 3934 935 3992 Sancti
969 3934 1220 4009 Remigii,
1254 3948 1484 3996 moestus
1506 3940 1798 3996 admodum
1819 3949 1873 3996 et
1896 3959 2137 4014 gemens,

554 4027 714 4099 quasi
760 4045 867 4084 non
898 4039 1040 4085 esset
1070 4032 1287 4087 visurus
1310 4032 1561 4088 effectum
1596 4033 1851 4088 desiderii
1890 4035 1995 4090 sui.
2035 4034 2143 4093 Sed

552 4119 751 4174 divina:
772 4122 1162 4179 consolationis
1184 4124 1304 4195 cjus
1328 4124 1551 4181 maerori
1590 4141 1699 4180 non
1743 4124 1914 4181 defuit
1948 4137 2141 4197 poten-

551 4210 651 4266 tia.
685 4210 789 4269 Vix
821 4215 966 4270 enim
995 4216 1157 4270 Unius
1182 4217 1287 4271 diei
1329 4226 1383 4273 et
1408 4218 1617 4274 dimidii
1644 4218 1838 4275 itinere
1868 4219 2137 4288 confecto,

553 4301 767 4359 indulta
787 4315 871 4360 est
903 4307 952 4361 ei
977 4308 1238 4366 redeundi
1258 4310 1504 4377 licentia;
1552 4311 1646 4381 qui
1694 4328 1946 4368 reversus
1969 4315 2140 4369 celer-

554 4393 697 4448 rime
727 4391 1031 4452 Romanum
1054 4402 1350 4457 antistitem
1376 4403 1554 4459 adhuc
1587 4400 1743 4469 Tullo
1774 4414 2139 4461 remorantem

552 4486 778 4557 expetit,
807 4502 1043 4559 eumque
1070 4505 1170 4560 pro
1198 4494 1362 4562 regiis
1389 4494 1682 4561 mandatis,
1722 4495 1835 4564 jam
1873 4496 1967 4551 diu
2009 4513 2142 4553 con-

554 4567 772 4650 ceptum
830 4580 1173 4652 propositum
1204 4598 1334 4637 .non
1386 4594 1725 4653 permutasse
1778 4603 2138 4658 cegnoseens,

554 4671 989 4740 gratulabundus
1038 4674 1105 4729 ad
1174 4676 1570 4731 monasterium
1632 4677 1812 4745 rediit,
1874 4666 2143 4735 instanter

549 4744 861 4836 praeparare
877 4774 1130 4837 satagens
1149 4783 1272 4837 qua:
1294 4767 1431 4823 tanti
1448 4767 1624 4823 Patris
1643 4772 2140 4842 centiuentiumque

552 4842 793 4911 filiorum
848 4866 1050 4915 sancta:
1100 4858 1356 4916 Ecclesiae
1414 4860 1593 4941 forent
1642 4864 1950 4919 necessaria
2004 4880 2139 4920 con-

552 4948 762 5003 ventui.
807 4947 927 5004 1am
975 4950 1173 5022 quippe
1208 4952 1420 5009 dierum
1469 4969 1639 5027 prope
1683 4963 1803 5010 erat
1852 4956 2137 5025 terminus,

546 5038 657 5107 ⁸(μή
725 5041 1049 5109 supradicta:
1118 5044 1492 5115 dispositionis
1553 5047 1901 5118 complctioni
1966 5047 2141 5105 fuerat

557 5129 858 5187 attributus

548 5276 551 5279 -
631 5256 711 5290 [In
756 5257 877 5290 nun.
929 5264 1237 5290 ....:....t.r:..._
1272 5282 1332 5290 -.-

1340 5283 1380 5290 ..Α
1418 5276 1685 5290 --.μζΑ-ι-..

2246 3017 2552 3086 laudamus,
2601 3036 2844 3080 consona
2902 3040 3099 3082 vocum
3130 3028 3368 3099 jubilant
3415 3029 3815 3087 vociferatione.

2229 3111 2351 3177 .Qui
2374 3119 2557 3167 tamen
2580 3113 2635 3168 in
2678 3115 2803 3170 sede
2832 3116 2936 3173 sibi
2963 3117 3216 3175 decenter
3248 3130 3508 3192 apparata
3541 3124 3818 3193 paululum

2245 3202 2523 3272 residens,
2567 3213 2809 3263 astantes
2855 3209 3148 3266 laetiﬁcavit
3188 3212 3567 3269 benedictione
3608 3224 3817 3285 aposto-

2244 3293 2349 3351 lica
2389 3314 2403 3351 :
2449 3306 2504 3353 et
2548 3299 2741 3354 exinde
2784 3316 3059 3373 egressus,
3109 3303 3180 3359 ab
3222 3304 3430 3360 eisdem
3475 3305 3815 3375 psallentium

2244 3388 2431 3444 choris
2475 3404 2600 3445 cum
2648 3391 2847 3447 divinis
2891 3393 3146 3451 laudibus
3188 3394 3482 3450 deducitur
3526 3412 3705 3468 usque
3752 3395 3815 3452 ad

2243 3481 2478 3536 civitatis
2516 3481 2592 3553 (7)
2630 3484 2849 3539 mantia.
2889 3483 2990 3540 Cui
3028 3483 3315 3542 Remensis
3354 3488 3538 3543 clerus
3578 3504 3699 3543 cum
3727 3502 3812 3542 ar-

2242 3572 2592 3644 chiepiscopo
2631 3588 2755 3642 suo,
2785 3576 3014 3647 aliisque
3041 3576 3370 3647 quibusdam
3397 3578 3615 3634 obviam
3634 3593 3814 3650 proce-

2243 3664 2379 3721 dens
2424 3668 2715 3737 episcopis,
2751 3669 3054 3739 perspicuze
3095 3669 3462 3739 processionis
3499 3683 3813 3726 numerosos

2242 3753 2481 3828 disponit
2500 3760 2719 3815 ordines
2756 3759 2811 3814 in
2852 3761 2992 3815 atrio
3014 3759 3305 3831 (8).Sancti
3330 3761 3577 3834 Dionysii
3616 3770 3811 3835 marty—

2244 3849 2343 3915 ris,
2364 3850 2454 3904 uhi
2472 3851 2539 3906 ad
2568 3851 2708 3907 tanti
2736 3851 3010 3922 pontificis
3036 3853 3440 3923 susceptionem
3458 3850 3810 3926 competentia

2242 3940 2540 3998 concinens
2578 3944 2813 4012 cantica,
2847 3960 3023 4015 usque
3066 3945 3134 3999 ad
3155 3945 3444 4001 ecclesiam
3473 3943 3687 4002 Sancta:
3701 3944 3808 4027 Ha.-

2243 4030 2338 4086 rire
2366 4032 2516 4087 illum
2540 4035 2832 4090 comitatur
2855 4051 2979 4090 cum
3007 4033 3257 4091 maxima:
3268 4034 3614 4106 jubilationis
3630 4036 3804 4109 gloria.

2243 4120 2355 4179 illic
2390 4141 2520 4181 vero
2558 4136 2683 4183 ante
2726 4125 2941 4183 Sancta:
2980 4127 3179 4194 crucis,
3217 4116 3272 4183 et
3310 4127 3560 4198 ejusdem
3590 4127 3681 4183 Dei
3710 4126 3807 4182 Ge-

2243 4216 2454 4272 nitricis
2502 4219 2716 4287 altaria,
2777 4218 3045 4290 completa
3073 4219 3340 4286 oratione,
3378 4221 3433 4273 in
3460 4220 3806 4290 archiepisco-

2243 4310 2351 4379 pali
2392 4310 2788 4381 aliquantulum
2830 4312 3030 4367 resedit
3077 4312 3224 4378 sedc,
3275 4310 3661 4382 archiprtesule
3704 4308 3803 4363 Re-

2242 4402 2419 4456 mensi
2454 4404 2520 4458 ad
2569 4403 2688 4473 ejus
2732 4403 3029 4469 dexteram,
3081 4400 3387 4457 Trevircnsi
3448 4410 3631 4457 autem
3675 4399 3801 4456 resi-

2241 4492 2401 4548 dente
2460 4494 2526 4550 ad
2604 4493 2904 4550 sinistram.
2999 4494 3202 4550 Deinde
3290 4493 3561 4549 ministris
3633 4489 3803 4548 altaris

2242 4585 2585 4653 prmparatis,
2616 4585 2925 4656 quibusque
2964 4600 3065 4657 pro
3106 4584 3406 4640 ciliciorum
3441 4582 3799 4654 congruentia,

2241 4685 2295 4729 et
2316 4676 2430 4746 ipse
2450 4677 2878 4732 sacerdotalibus
2900 4678 3185 4732 redimitus
3202 4676 3530 4747 insignibus,
3556 4673 3802 4746 processit

2242 4766 2308 4821 ad
2336 4768 2630 4824 missarum
2665 4769 2986 4824 celebranda
3018 4768 3298 4823 solemnia.
3333 4765 3543 4832 Quibus
3570 4766 3797 4836 expletis,

2240 4865 2297 4911 ct
2325 4868 2539 4914 astante
2580 4860 2781 4930 populo
2830 4859 3129 4929 apostolica
3166 4857 3542 4914 benedictione
3587 4855 3798 4918 munito,

2241 4944 2499 5019 prtedieto
2556 4950 2850 5005 Remorum
2913 4949 3348 5019 archiepiscopo,
3421 4949 3525 5020 sibi
3590 4947 3801 5017 suisque

2242 5042 2584 5097 necessarios
2607 5051 2859 5113 sumptus
2890 5041 3286 5111 suppeditante,
3316 5038 3654 5096 refectionem
3683 5050 3799 5107 per-

2242 5132 2383 5203 cepit
2404 5132 2458 5185 in
2494 5133 2688 5203 majori
2711 5133 2912 5203 palatio
2934 5133 3093 5202 juxta
3131 5131 3415 5187 ecclesiam
3443 5130 3567 5185 sito.

2995 5283 3083 5290 --μ
3108 5265 3149 5290 D
3161 5264 3395 5290 -..υ-...Λευ
3405 5280 3455 5290 ιιι
3483 5262 3796 5290 Αιιηιιῖειινησυι

2314 5266 2384 5290 Ιοῖ
2417 5264 2489 5290 IL:
2513 5266 2674 5290 PA---
2704 5283 2753 5290 ρ-

2766 5282 2956 5290 ...Α-.-ΑΔ

3988 4828 3992 4977 1

3989 5142 3991 5227 γ
