4044 5290
245 269 388 327 1425

1268 238 1450 323 ωετ.
1485 262 1707 320 nemo.
1736 262 2094 320 ECCLESLE
2127 263 2184 321 s.
2217 263 2498 326 numen.

3375 271 3515 328 N26

320 389 404 445 Η.
427 386 526 445 Die
547 397 729 447 autem
762 387 1141 458 subsequentt,
1186 394 1437 442 metuens
1467 400 1535 441 ne
1554 383 1806 456 praepedi-
1850 386 1896 441 A
1923 384 2131 440 teren'di
2172 385 2528 456 ecclesiteque
2572 383 2890 441 dedicandae
2948 385 3289 442 inhiberetur
3333 388 3512 460 copia,

242 490 395 540 retur
425 479 729 552 frequentia
766 479 1258 536 circumfluentium
1306 478 1653 550 populorum,
1688 477 1826 531 duo-

244 574 345 632 bus
369 582 582 629 tantum
618 574 914 628 comitatus
950 572 1269 643 capellanis,
1295 571 1427 628 dum
1469 579 1751 628 nocturna:
1793 585 1826 624 a

242 662 509 722 fratribus
527 666 875 735 explerentur
912 664 1130 736 vigiliae,
1161 664 1227 719 ad
1274 670 1525 719 sanctum
1565 661 1828 718 remeavit

243 757 583 831 Remigium;
608 757 865 829 factoque
886 757 990 813 sibi
1016 757 1233 823 balneo,
1257 756 1401 811 lotus
1421 764 1507 811 est
1524 765 1579 809 et
1607 762 1824 821 tonsus,

243 859 432 922 utpote
456 849 551 922 qui
580 850 953 906 imminentem
973 849 1109 905 tanti
1133 847 1314 904 Patris
1344 848 1742 903 solemnitatem
1770 846 1828 900 in

243 942 490 999 crastino
536 942 933 1007 celebraturus,
988 940 1287 996 transferre
1328 939 1674 1010 disponebat
1714 946 1827 993 tam

242 1034 500 1106 pretiosa:
537 1049 764 1107 gemmae
810 1033 1118 1090 venerabile
1165 1034 1381 1105 pignus,
1437 1039 1829 1103 et'praeparata

243 1126 355 1184 sibi
383 1126 621 1198 quadam
660 1126 827 1182 domo
851 1126 1108 1199 contigua
1122 1126 1385 1192 ecclesiae,
1417 1126 1527 1181 illic
1554 1133 1827 1180 secretum

242 1219 559 1274 remorandi
608 1220 854 1290 expetiit,
909 1220 1039 1290 quia
1095 1218 1371 1274 metuebat
1419 1219 1489 1273 ad
1550 1218 1828 1289 publicum

242 1310 560 1380 procedere.
583 1309 667 1365 Ad
688 1311 1002 1381 sepulcrum
1022 1312 1170 1366 enim
1203 1311 1398 1376 sancti,
1431 1310 1592 1382 quasi
1621 1326 1687 1365 ex
1712 1318 1828 1364 toto

243 1402 379 1458 orbe
411 1401 586 1456 excita
613 1410 765 1457 tanta
788 1402 1072 1458 hominum
1105 1402 1411 1459 confluebat
1440 1403 1827 1469 numerositas,

243 1503 307 1550 ut
342 1494 747 1549 introeuntibus
774 1495 1002 1565 spatiosi
1040 1496 1227 1565 templi
1252 1496 1340 1550 vix
1366 1494 1635 1551 sufﬁceret
1660 1511 1827 1565 capa-

243 1595 406 1643 crtas.
458 1585 799 1640 Advolabant
842 1587 989 1642 enim
1021 1594 1136 1642 tam
1181 1600 1250 1641 ex
1314 1586 1511 1642 vicinis
1559 1603 1725 1658 quam
1762 1603 1830 1644 ex

241 1679 561 1751 longinquis
600 1681 914 1749 regionibus
964 1681 1263 1749 promiscui
1309 1694 1474 1734 sexus
1513 1679 1829 1735 innumera-

241 1769 405 1837 biles,
435 1770 741 1826 eil‘undebat
777 1787 973 1841 aspera
1016 1770 1249 1827 Francia
1293 1772 1365 1832 ad
1413 1773 1679 1828 honorem
1707 1774 1825 1845 glo-

238 1864 383 1920 riosi
411 1863 645 1935 apostoli
689 1862 775 1919 sui
808 1863 1039 1918 villanos
1102 1863 1369 1933 opidanos
1404 1871 1460 1919 et
1501 1865 1646 1919 cives
1680 1883 1703 1919 ε
1730 1866 1828 1923 sed

237 1964 297 2012 et
319 1954 497 2012 ballia
508 1971 644 2026 pene
666 1971 735 2010 ex
760 1956 1015 2011 omnibus
1062 1972 1179 2013 SUlS
1216 1957 1463 2027 partibus
1505 1957 1614 2012 huc
1642 1966 1826 2015 trans-

240 2048 498 2104 mittebat
520 2047 847 2119 populorum
884 2045 1243 2102 millia..lnter
1273 2063 1415 2117 quos
1452 2050 1831 2105 accelerabant
1864 2050 1865 2053 “

241 2139 651 2212 episcoporum,
695 2139 974 2207 abbatum,
1021 2140 1439 2207 monachorum,
1504 2141 1827 2199 clericorum

242 2248 511 2306 generosa
538 2232 778 2305 agmina.
815 2231 1071 2305 Ignobilis
1103 2232 1294 2300 nobili,
1320 2242 1416 2288 aut
1451 2233 1608 2303 inops
1637 2234 1829 2291 cedere

243 2324 524 2382 nesciebat
560 2325 736 2393 diviti,
773 2326 867 2381 sed
902 2340 1093 2381 omnes
1133 2341 1240 2382 una
1292 2325 1656 2397 conglobatim
1692 2340 1828 2381 eon-

241 2419 542 2477 currebant
590 2418 890 2474 intentione
953 2418 1170 2485 devota,
1231 2417 1503 2488 bustaque
1552 2417 1829 2474 cmlestem

244 2511 608 2582 margaritam
656 2510 955 2566 continenti
988 2509 1170 2567 dulcia
1212 2508 1590 2580 imprimentes
1616 2510 1827 2576 oscula,

243 2604 589 2660 oblationnm
638 2618 863 2659 suarum
903 2617 1138 2674 quisque
1170 2617 1272 2673 pro
1318 2616 1480 2672 posse
1532 2600 1833 2658 oilerebant

114 2696 211 2759 η]
244 2695 497 2752 donaria.
541 2695 645 2764 Qui
684 2709 815 2751 vero
863 2695 1296 2764 constipatorum
1348 2691 1604 2748 violentia
1628 2693 1831 2762 repulsi

244 2789 475 2860 propius
532 2788 787 2845 accedere
846 2802 957 2843 non
1010 2786 1300 2852 valebant,
1359 2786 1498 2841 heu!
1560 2793 1830 2855 quantum

246 2890 528 2955 gementes
558 2896 618 2937 se
656 2879 912 2935 desiderii
960 2879 1045 2934 sui
1083 2878 1276 2933 etl‘ectu
1330 2877 1555 2947 privari,
1580 2878 1648 2932 de
1674 2878 1832 2950 longe

245 2972 510 3044 proiectis
530 2970 850 3028 muneribus
875 2986 998 3042 qua:
1011 2969 1326 3035 attulerant,
1350 2970 1511 3040 quasi
1536 2970 1828 3040 lapidibus,

1925 470 2436 549 delegatis‘clericis
2465 478 2602 542 suis,
2630 476 2873 547 ejusdem
2924 477 3030 533 loci
3072 487 3380 535 memorato
3418 481 3521 537 ab-

1928 568 2040 624 bati
2066 570 2463 639 spatiositatem
2499 567 2685 638 templi
2706 568 2960 640 praecepit
2982 556 3201 639 penitus
3237 572 3513 638 evacuari,

1925 661 2306 731 obseratisque
2342 661 2631 732 diligenter
2664 659 2897 727 foribus,
2921 661 3181 716 omnibus
3221 661 3514 719 intercludi

1928 751 2245 809 facultatem
2273 753 2615 821 introeundi;
2660 754 2914 824 praecepit
2934 754 3101 809 etiam
3138 768 3204 809 ex
3232 770 3331 811 sua
3359 765 3517 827 parte

1929 845 2033 901 hoc
2063 845 2279 917 populis
2319 845 2665 912 annnntiari,
2695 853 2755 900 ut
2806 847 2874 901 ad
2917 847 3113 902 horam
3159 848 3512 917 sesederent,

1927 938 2351 1008 et‘absque-ulla
2398 938 2484 994 sui
2530 938 2764 1008 impetus
2818 938 3192 1009 inquietudine
3239 926 3516 999 solemnes

1929 1028 2077 1085 illius
2103 1030 2284 1087 noctis
2305 1030 2583 1099 excubias,
2627 1046 2753 1085 cum
2794 1026 2959 1102 digna
2988 1031 3297 1100 devotione,
3343 1050 3374 1089 a
3401 1033 3515 1090 Deo

1929 1123 2292 1181 militantibus
2319 1123 2581 1179 celebrari
2606 1123 2880 1190 sinerent;
2912 1138 2970 1179 se
3004 1112 3385 1195 proculdubio
3424 1126 3514 1183 die

1906 1215 2285 1286 'subsequenti
2327 1232 2517 1272 eorum
2569 1210 2856 1271 desideriis
2890 1218 3159 1287 promittit
3199 1218 3516 1277 satisfactu-

1930 1323 2073 1372 rum,
2088 1316 2143 1363 et
2171 1308 2492 1364 thesaurum
2504 1308 2955 1377 desiderabilem,
2971 1304 3141 1380 quem
3171 1313 3509 1382 quaerebant",

1930 1399 2148 1456 illorum
2168 1400 2554 1471 conspectibus
2574 1404 2986 1471 expositurum;
3026 1404 3072 1459 si
3109 1418 3239 1459 vero
3280 1404 3510 1462 manda-

1930 1492 2002 1549 tis
2050 1492 2413 1548 detrectarent
2459 1509 2718 1560 annuere,
2772 1494 2974 1550 infecto
3033 1497 3253 1567 negotio
3291 1504 3513 1568 propter

1930 1585 2077 1654 quod
2114 1584 2444 1652 advenisset,
2473 1600 2821 1642 recessurum
2868 1585 3004 1642 fore.
3050 1587 3207 1655 Quod
3234 1602 3359 1644 cum
3386 1599 3509 1645 tan—

1929 1676 2052 1732 dem
2092 1677 2331 1732 maxima
2359 1677 2670 1734 difﬁcultate
2700 1678 2895 1735 fuisset
2923 1679 3227 1747 obtentum,
3251 1682 3512 1754 pleraque

1930 1778 2111 1823 tamen
2148 1770 2516 1825 numerositas
2555 1755 2879 1841 pepulorum
2915 1787 3042 1827 cum
3085 1773 3323 1843 copiosis
3349 1773 3514 1829 intui:-

1928 1860 2169 1915 naribus:
2199 1859 2404 1916 deforis
2449 1862 2749 1930 excubans,
2808 1864 3053 1934 ejusdem
3099 1863 3515 1934 pollicitationis

1927 1952 2335 2023 praestolaretur
2390 1953 2661 2021 effectum,
2726 1970 3011 2010 eereorum
3068 1956 3312 2012 ubertate
3352 1958 3513 2027 quasi

1930 2044 2215 2115 multiplici
2263 2044 2504 2099 siderum
2544 2045 2832 2115 splendore
2862 2046 3093 2101 interius
3121 2047 3382 2103 irradiata
3417 2063 3511 2103 ec-

1929 2137 2115 2201 clesia,
2138 2135 2249 2191 Deo
2274 2135 2630 2191 servientium
2658 2136 2812 2192 chori
2850 2137 2907 2191 in
2947 2136 3177 2195 canticis
3212 2136 3515 2210 spirituali-

1929 2228 2034 2284 bus
2069 2228 2453 2284 decentissime
2475 2228 2625 2284 illius
2651 2229 2828 2285 noctis
2853 2240 3152 2303 exegerunt
3186 2232 3380 2302 spatia.

2001 2318 2088 2373 12.
2138 2317 2295 2374 Mane
2344 2327 2527 2375 autem
2581 2320 2746 2391 facto,
2800 2332 3088 2393 susceptus
3130 2332 3215 2380 est
3250 2324 3515 2382 adomno

1929 2426 2068 2482 papa
2122 2412 2266 2468 intra
2326 2414 2613 2471 ecclesiam
2677 2425 2903 2472 sanctus
2956 2425 3178 2490 martyr.
3202 2416 3513 2488 Cornelius,

1930 2519 2092 2575 quem
2120 2520 2245 2561 cum
2272 2505 2393 2560 aliis
2418 2515 2732 2563 sanctorum
2760 2508 3080 2580 pignoribus
3116 2509 3516 2581 Compendien-

1932 2611 2021 2651 ses
2066 2596 2249 2653 clerici
2316 2597 2413 2653 illo
2459 2598 2788 2668 detulerant,
2840 2616 2939 2672 pro
3014 2601 3206 2657 multis
3239 2596 3516 2660 violentiis

1930 2704 2069 2758 quas
2098 2689 2327 2745 ecclesia
2366 2706 2469 2747 sua
2510 2693 2821 2763 patiebatur
2854 2710 2886 2749 a
2924 2694 3254 2767 quibusdam
3286 2693 3514 2752 malefa-

1931 2782 2195 2839 ctoribus.
2239 2782 2398 2839 Circa
2455 2785 2648 2841 horam
2702 2786 2897 2843 deinde
2948 2782 3185 2856 tertiam,
3232 2787 3517 2845 redimitus

1932 2872 2073 2929 idem
2105 2875 2439 2944 apostolicus
2475 2875 2663 2934 infulis
2701 2879 3151 2949 sacerdotalibus,
3190 2881 3259 2936 ad
3287 2882 3516 2953 gloriosi

1931 2962 2110 3023 Patris
2140 2966 2373 3041 Remigii
2419 2972 2730 3041 sepulcrum
2753 2973 2997 3042 procedit
3024 2989 3151 3028 cum
3187 2973 3517 3046 thymiama-

246 3064 426 3122 sancti
465 3064 776 3135 sepulcrum
811 3063 899 3133 pia
938 3062 1225 3118 devotione
1248 3062 1571 3117 obruebant.
1608 3061 1707 3118 Est
1734 3079 1833 3119 an-
1858 3074 1901 3134 (ς
1932 3058 2086 3115 teiiis
2113 3068 2167 3117 et
2188 3061 2466 3129 crucibus,
2512 3062 2735 3120 sociatis
2776 3065 2881 3120 sibi
2921 3061 3347 3136 archiepiscopis
3389 3081 3521 3137 qua-

247 3163 360 3211 lem
380 3163 508 3210 ante
543 3154 689 3211 fores
716 3153 889 3232 ipsius
916 3153 1157 3210 basilicae
1193 3153 1470 3224 quoddam
1525 3155 1829 3225 spatiosum

246 3245 472 3315 atrium,
497 3247 554 3302 in
581 3263 693 3318 quo
740 3256 958 3318 quoties
1000 3248 1324 3302 densitatem
1356 3246 1443 3302 sui
1479 3249 1686 3319 perpeti
1720 3262 1832 3304 non

245 3346 488 3412 poterat,
522 3337 829 3411 frequentia
855 3347 1133 3395 tantorum
1163 3354 1223 3395 se
1246 3338 1554 3408 explicabat
1567 3349 1831 3407 coetuum,

247 3445 317 3489 eo
337 3432 496 3488 ducta
531 3432 789 3487 aviditate
825 3431 1082 3487 cernendi
1113 3429 1292 3500 ipsum
1340 3430 1485 3485 beati
1509 3429 1655 3486 Petri
1681 3432 1831 3488 vica-

247 3525 395 3583 rium
416 3544 431 3592 ;
453 3533 576 3595 post
595 3525 741 3580 beati
767 3525 911 3580 enim
929 3523 1160 3595 Remigii
1188 3531 1465 3594 captatum
1491 3525 1810 3597 suil‘ragium

250 3617 321 3676 nd
367 3617 533 3686 hujus
569 3631 916 3688 summopere
977 3616 1225 3672 inhiabat
1253 3627 1588 3687 .aspectum,
1635 3636 1731 3689 qur
1775 3630 1837 3677 ut

249 3709 605 3782 magnanimo
672 3708 1105 3764 desiderantium
1181 3708 1524 3766 satisfaceret
1596 3712 1835 3781 affectui,

251 3801 585 3858 eminentius
615 3800 880 3856 solarium
902 3800 1099 3856 domus
1122 3800 1178 3856 in
1199 3816 1307 3872 qua
1327 3804 1707 3860 remorabatur
1741 3821 1836 3877 pe—

251 3900 399 3959 tens,
421 3893 564 3948 unde
594 3900 648 3947 et
675 3899 920 3948 astantes
959 3893 1227 3960 contueri,
1260 3901 1316 3949 et
1358 3894 1428 3950 ab
1465 3895 1672 3952 eisdem
1699 3914 1835 3953 con-

255 3983 412 4055 spici,
458 3991 515 4040 et
571 3984 803 4054 loquens
851 3983 1027 4053 possit
1074 3983 1272 4051 audiri,
1320 3987 1623 4056 apostolica
1668 3989 1836 4046 bene-

254 4074 495 4132 dictione
542 4090 639 4131 eos
703 4074 1028 4141 laetiﬁcavit;
1084 4074 1281 4147 hisque
1339 4078 1740 4147 recedentibus,
1784 4090 1848 4144 et

254 4165 380 4223 aliis
403 4166 633 4222 subinde
661 4174 825 4236 atque
851 4166 974 4220 aliis
998 4166 1131 4221 illud
1155 4165 1277 4239 [al.,
1309 4167 1481 4242 aliud]
1509 4171 1711 4227 atrium
1740 4188 1836 4228 ca-

255 4256 508 4325 tervatim
536 4257 891 4327 replentibus,
919 4265 1000 4312 ter
1028 4258 1082 4312 in
1127 4259 1317 4314 eadem
1345 4260 1453 4327 die,
1483 4277 1599 4319 sua:
1633 4263 1837 4319 exhor-

210 4350 213 4353 λ
253 4347 482 4404 tationis
513 4347 722 4403 monita
760 4349 1078 4419 impertiens
1123 4349 1386 4417 salubria,
1420 4353 1631 4424 liquido
1683 4364 1837 4427 pate-

255 4437 385 4495 fecit
419 4455 543 4511 qute
576 4440 817 4506 vitanda,
837 4416 1099 4513 iquteque
1141 4441 1211 4497 ad
1255 4416 1495 4500 salutent
1508 4416 1838 4505 animarum
1871 4416 1916 4472 Β

257 4544 482 4588 suarum
524 4532 629 4588 sibi
670 4531 848 4597 forent
890 4534 1218 4605 expetibilia.
1275 4537 1335 4595 In
1372 4539 1562 4611 eadem
1603 4540 1839 4612 denique

255 4619 421 4680 domo
449 4638 607 4679 sacra
636 4624 897 4696 mysteria
945 4627 1051 4683 sibi
1102 4629 1230 4688 fecit
1265 4631 1703 4699 celebrari,quia
1728 4648 1838 4689 non

257 4710 489 4771 dabatur
522 4716 736 4787 uspiam
804 4716 960 4774 locus
1023 4732 1367 4792 opportunus
1409 4724 1695 4780 ecclesiam
1755 4741 1866 4780 m-'

257 4808 533 4875 troeundi,
560 4826 662 4868 nec
695 4813 800 4884 ipsi
847 4815 1063 4883 fratres,
1102 4831 1215 4886 prce
1256 4818 1671 4887 importunitate
1719 4818 1838 4888 ple-

258 4895 429 4967 bium,
462 4901 683 4959 solitum
732 4906 843 4961 illic
887 4923 1119 4978 pensum
1145 4908 1312 4964 divini
1354 4911 1607 4969 valebant
1629 4913 1840 4982 persol-

257 5002 383 5057 vere
420 4986 602 5047 ofiicii.
658 4993 990 5053 Adveniente
1024 4999 1232 5054 interea
1282 5010 1462 5069 nocte,
1510 5018 1609 5059 nec
1657 5011 1839 5061 tamen

258 5080 646 5140 confluentium
690 5086 1020 5155 rarescente’,
1066 5090 1161 5145 sed
1196 5093 1374 5163 magis
1403 5095 1686 5166 magisque
1717 5113 1839 5156 cre-

1933 3160 2078 3223 tuor,
2134 3153 2391 3212 Remensi
2430 3157 2697 3224 videlicet,
2736 3156 3059 3215 Treverensi
3081 3202 3097 3226 ,
3146 3154 3521 3231 Lugdunensi,

1938 3245 2377 3315 Vesontionensi,
2404 3266 2531 3306 cum
2561 3250 2891 3321 quibusdam
2934 3252 3078 3319 aliis,
3121 3253 3214 3308 sed
3248 3261 3305 3307 et
3343 3253 3522 3325 ipsius

1932 3340 2039 3397 loci
2060 3341 2275 3408 abbate,
2301 3342 2614 3414 domneqne
2645 3342 2873 3415 Iiugone
2900 3344 3193 3400 vmerabili
3218 3343 3380 3401 Patre
3407 3360 3520 3402 cm-

1933 3433 2082 3489 nobii
2113 3433 2513 3501 Cluniacensis,
2542 3443 2597 3490 et
2644 3435 2791 3490 illius
2820 3435 3034 3492 ordinis
3079 3437 3352 3506 plurimis,
3393 3452 3520 3495 cum

1934 3509 2339 3595 quibuslitania
2381 3524 2546 3593 facta,
2577 3538 2827 3597 etsuper
2865 3535 3115 3583 sanetum
3164 3542 3366 3598 corpus
3408 3543 3522 3583 non

1935 3617 2150 3672 modica
2214 3617 2622 3673 thimiamatum
2670 3634 2900 3675 accensa
2947 3619 3268 3690 fragrantia,
3322 3620 3525 3676 cecinit

1935 3708 2349 3781 responsorium
2375 3708 2659 3782 Birigamr
2679 3712 2852 3766 oratio
2887 3729 3022 3781 mea,
3061 3727 3173 3783 quo
3201 3729 3327 3768 cum
3356 3728 3523 3769 versu

1935 3803 2170 3873 expleto,
2193 3801 2452 3857 feretrum
2490 3804 2683 3870 sancti,
2717 3812 2775 3859 ut
2801 3805 3118 3876 praeparatis
3142 3806 3523 3862 instrumentis
3544 3822 3549 3833 ·

1936 3904 2179 3966 aptatum
2203 3895 2272 3951 ad
2318 3894 2603 3952 ferendum
2631 3897 2948 3953 redderetur
2980 3898 3179 3965 habile,
3200 3914 3232 3953 a
3271 3913 3373 3954 suo
3399 3898 3522 3954 loco

1937 3988 2217 4058 paululum
2243 3988 2496 4055 removit,
2514 3997 2571 4044 et
2591 3989 2944 4060 antiphonam
2975 3988 3258 4060 Confessor
3284 3991 3521 4060 Domini,

1936 4080 2163 4152 Remigi,
2202 4082 2529 4138 decantavit.
2571 4082 2643 4137 At
2680 4084 2773 4137 ubi
2810 4091 3202 4153 competenter,
3239 4093 3403 4153 prout
3434 4100 3522 4141 res

1938 4173 2205 4245 exigebat,
2227 4176 2557 4246 dispositum
2584 4176 2706 4240 fuit,
2746 4174 2863 4245 ipse
2887 4184 3013 4231 ante
3042 4175 3182 4231 alios
3220 4190 3345 4230 cum
3385 4191 3523 4245 prat-

1939 4266 2066 4322 fatis
2092 4268 2516 4337 archiepiscdpis
2536 4276 2592 4322 et
2610 4268 2898 4324 abbatibus
2940 4266 3240 4338 suppositis
3278 4267 3524 4322 humeris

1941 4358 2282 4429 illuddevote
2307 4360 2619 4430 lacrymans
2643 4360 2856 4427 extulit,
2883 4369 2938 4415 et
2971 4359 3390 4431 responsorium
3413 4358 3526 4415 Iste

1942 4453 2117 4507 estde
2174 4452 2489 4508 sublimibus
2546 4453 2853 4520 inchoavit;
2880 4452 3067 4524 cujus
3100 4445 3287 4510 vocem
3329 4444 3528 4512 subse-

1943 4552 2171 4616 qnentes
2216 4545 2374 4601 chori
2405 4542 2788 4614 psallentium,
2832 4555 3059 4601 ovantes
3122 4554 3420 4618 erumpunt
3465 4544 3557 4602 in.

1939 4637 2282 4709 jubilationis
2342 4633 2663 4707 tripudium,
2710 4652 2930 4708 praeque
2983 4637 3262 4693 alacritate
3307 4638 3522 4703 cordis,

1945 4744 1980 4784 ο
2023 4737 2355 4799 quantorum
2388 4730 2497 4784 'ora
2534 4730 2876 4786 manantium
2921 4730 3120 4800 rigavit
3164 4721 3528 4785 redundantia

1945 4821 2202 4878 fletuum!
2242 4831 2645 4893 quantornmve
2671 4832 2886 4879 mentes
2927 4822 2997 4876 ad
3045 4822 3183 4875 tanti
3218 4821 3398 4877 Patris
3430 4836 3527 4877 ca-

1941 4914 2145 4987 ptanda
2179 4913 2434 4987 suﬁ‘ragia
2454 4921 2583 4968 sunt
2605 4921 2949 4983 compunctus
2986 4911 3042 4965 in
3082 4912 3317 4981 suspiria
3344 4904 3536 4969 beato-

1944 5024 2069 5065 rum
2092 5007 2425 5080 gemituum!
2451 5007 2694 5061 Tradens
2714 5019 2906 5065 autem
2934 5005 3175 5059 domnus
3215 5020 3357 5075 papa
3375 4997 3537 5059 eum-

1943 5101 2067 5157 dem
2123 5100 2426 5166 pretiosum
2477 5098 2815 5156 thesaurum
2879 5112 2940 5154 se
2988 5094 3135 5148 ultro
3182 5087 3544 5166 ingerentum
