4044 5290
243 287 269 340 ι
284 284 410 343 ιὸὖ

249 392 256 398 ⁷
636 389 950 448 SECUNDA
994 391 1145 448 DIES
1187 392 1269 448 SY
1279 391 1458 448 ΝΟΜ.

249 509 252 511 λ
333 483 426 540 l5.
471 482 730 554 Sequenti
758 494 938 539 autem
972 485 1059 539 die
1082 485 1147 539 ad
1178 495 1532 540 memoratam
1565 485 1845 544 basilicam

242 589 393 635 cum
432 574 718 630 abbatibus
771 585 823 630 et
867 577 1012 631 clero
1060 577 1507 633 convenientibus
1554 578 1847 650 episcopis,

239 667 505 722 domnus
539 683 673 736 papa
722 683 847 722 eum
899 669 1224 738 quibusdam
1275 683 1465 724 eorum
1517 672 1744 725 secessit
1793 673 1849 727 in

242 756 570 814 Oratorium
600 767 801 814 sanctae
828 758 1127 830 Trinitatis,
1175 761 1263 815 ubi
1296 761 1426 816 dum
1463 777 1587 815 cum
1613 778 1679 818 eo
1717 779 1850 820 con-

244 847 522 907 fessionis
547 868 660 907 sua:
681 853 948 922 privatum
971 853 1304 923 colloquium
1331 853 1613 910 Rcmensis
1634 856 1852 913 habuis-

244 954 342 999 set
403 945 877 1016 archiepiscOpus,
925 955 979 1000 et
1027 947 1092 1000 de
1140 946 1519 1001 ecclesiastica:
1571 948 1851 1018 religionis

243 1037 510 1107 profectu
557 1047 850 1092 tractatum
881 1047 1026 1093 esset
1053 1039 1280 1104 diutius,
1311 1053 1378 1092 eo
1415 1038 1605 1093 ordine
1648 1055 1758 1110 quo
1799 1051 1853 1097 et

245 1137 542 1184 transacta
583 1131 671 1184 die
712 1131 1046 1199 apostolicus
1097 1131 1218 1184 inde
1265 1131 1552 1200 processit,
1599 1131 1852 1202 dictaque

245 1222 586 1292 antiphona,
623 1232 676 1277 et
709 1223 896 1277 litania
942 1222 1079 1277 facta
1123 1239 1152 1277 a
1200 1221 1520 1278 Trevirense
1555 1225 1850 1294 archiprae-

245 1315 404 1380 sule,
437 1315 776 1385 evangelium
805 1315 987 1370 Omnis
1015 1315 1172 1368 arbor
1216 1317 1350 1367 bam:
1387 1313 1660 1370 Diaconus
1704 1317 1848 1387 legit.

247 1403 554 1462 Umversis
578 1408 770 1462 deinde
812 1422 914 1461 suo
954 1408 1073 1460 loco
1103 1406 1483 1471 residentibus,
1529 1406 1851 1464 Remensem

245 1500 740 1570 archiepiscopum
765 1509 824 1553 ut
842 1500 909 1553 de
938 1499 1250 1553 Simoniaca
1294 1499 1510 1563 haeresi,
1535 1499 1602 1553 de
1624 1516 1733 1570 qua
1759 1502 1854 1557 he-

247 1600 484 1646 sternas
537 1593 849 1647 obtinuerat
904 1591 1188 1654 inducias,
1247 1591 1512 1644 rationem
1567 1593 1850 1659 redderet,

245 1682 522 1753 praefatus
582 1686 862 1739 admonuit
919 1683 1307 1747 cancellarius,
1364 1682 1630 1751 impetens
1687 1685 1851 1740 etiam

245 1791 387 1830 eum
421 1777 489 1830 de
518 1778 704 1832 multis
739 1792 862 1846 qua:
898 1793 976 1842 se,
1010 1776 1154 1830 fama
1203 1775 1478 1844 vulgaute,
1523 1777 1856 1846 comperisse

247 1868 545 1922 asserebat
570 1869 914 1923 criminibus.
969 1867 1050 1922 Ad
1094 1868 1207 1922 bzcc
1248 1867 1694 1938 archiepiscopus
1733 1884 1859 1925 sur-

246 1973 418 2028 gens,
449 1968 508 2013 ut
538 1961 640 2015 sibi
669 1960 991 2016 consiliandi
1017 1958 1247 2014 facultas
1269 1961 1661 2014 concederetur
1697 1977 1861 2032 expe-

247 2049 362 2104 tiit.
425 2049 542 2118 Qua
587 2053 894 2123 impetrata,
922 2051 1437 2118 Vesontionensem,
1489 2051 1858 2110 Suessionen-

246 2157 399 2208 sem,
426 2143 886 2216 Andegavensem,
917 2143 1328 2209 Nivernensem,
1369 2143 1856 2215 Silvanectensem,

249 2233 630 2291 Morinensem
673 2238 960 2306 episcopos
998 2251 1326 2301 convocans,
1359 2251 1485 2290 cum
1530 2236 1610 2292 eis
1653 2249 1858 2310 myste-

253 2327 409 2381 rium
444 2328 633 2383 habuit
659 2330 872 2384 consilii
900 2329 1022 2395 sui;
1054 2329 1284 2398 indeque
1323 2344 1597 2396 reversus,
1630 2341 1688 2386 ut
1729 2348 1859 2388 cau-

255 2435 385 2476 sam
439 2436 594 2475 suam
645 2420 1068 2476 Silvancctensis
1098 2430 1396 2491 peroraret,
1431 2437 1460 2475 a
1491 2422 1693 2479 domno
1719 2441 1857 2494 papa

253 2515 522 2571 obtinuit.
577 2512 816 2585 Surgens
856 2523 1038 2569 autem
1082 2514 1372 2585 episcopus
1415 2513 1854 2584 Silvanectensis,

256 2609 520 2664 eumdem
560 2606 1029 2682 archiepiscopum
1070 2608 1350 2682 respondit
1391 2625 1500 2664 non
1544 2621 1664 2666 esse
1704 2626 1856 2666 reum

259 2701 597 2758 Simoniaeae
632 2704 874 2760 hmresis.
925 2703 1020 2760 His
1044 2704 1266 2768 auditis,
1293 2704 1628 2774 apostolicus
1658 2720 1858 2775 praece-

258 2793 343 2863 pit
370 2803 427 2848 ut
456 2795 572 2851 haec
601 2796 672 2850 ita
703 2812 826 2852 esse
853 2805 1194 2852 sacramento
1217 2797 1470 2866 probaret
1495 2798 1859 2866 archiepisco-

260 2903 391 2956 pus,
421 2889 686 2944 mandans
719 2891 883 2943 etiam
918 2889 1133 2943 recitari
1177 2889 1500 2943 sententiam
1540 2905 1647 2960 qua
1688 2889 1858 2946 Maxi-

259 2994 417 3033 mum
448 2979 825 3034 Salonitanum
863 2981 1199 3050 cpisc0pum,
1245 2996 1310 3034 ex
1361 2980 1527 3033 simili
1563 2982 1722 3051 culpa
1757 3000 1856 3038 no-

1236 282 1412 339 lllST.
1455 277 1682 337 DEDIC.
1723 276 2085 336 ECCLESUE
2129 279 2186 335 S.
2230 277 2512 336 REMlGll.

3397 280 3534 336 1434

1877 395 1919 450 Δ
1945 388 2049 456 Qui
2074 393 2258 446 statim
2287 408 2354 448 ex
2383 394 2707 448 auctoritate
2747 393 3045 462 apostolica
3076 402 3303 448 vocatus
3348 404 3432 450 est
3468 395 3536 450 ad

1949 483 2262 550 concilium,
2307 485 2474 555 quod,
2530 493 2591 539 ut
2633 483 2918 554 praefatum
2965 492 3080 550 est,
3125 485 3304 540 medio
3351 503 3537 544 mense

1950 572 2120 644 Aprili
2149 573 2336 630 Roma:
2354 583 2471 629 erat
2497 576 2900 641 celebrandum,
2926 584 2984 629 ut
3010 576 3083 630 ibi
3113 577 3344 633 rationis
3373 579 3536 650 hujus

1950 666 2248 736 agitaretur
2269 667 2558 736 judicium.
2608 666 2740 722 Post
2765 668 2880 722 haec
2907 679 3242 724 memoratus
3273 670 3537 728 diaconus

1952 756 2006 810 in
2043 757 2360 827 episcopum
2397 758 2799 829 Lingonensem
2840 759 3132 826 invehitur,
3159 777 3396 832 eumque
3424 767 3540 835 cpio

1953 849 2224 918 scopalem
2255 851 2572 921 dignitatem
2609 867 2706 921 per
2739 851 3108 907 Simoniacam
3154 854 3405 910 haeresim
3434 859 3536 914 ob-

1953 941 2201 1008 tinuisse,
2248 959 2437 998 sacros
2481 945 2701 998 ordines
2749 945 3094 1011 vendidisse,
3145 946 3337 1002 bellica
3385 965 3540 1008 arma

1953 1043 2142 1089 contra
2167 1034 2250 1090 fas
2275 1035 2498 1091 ferendo
2524 1037 2816 1091 homicidia
2846 1047 3204 1108 perpetrasse,
3238 1040 3402 1098 alieni
3423 1060 3541 1102 m1-

1955 1127 2196 1181 trimonii
2218 1128 2344 1196 jura
2371 1129 2626 1195 violasse,
2656 1129 2710 1182 in
2750 1129 2978 1184 clericos
3023 1147 3154 1186 suos
3201 1137 3541 1203 tyrannidem

1953 1220 2284 1284 exercuisse,
2309 1219 2644 1274 Sodomitico
2677 1221 2841 1276 etiam
2883 1222 3086 1292 ﬂagitio
3120 1225 3384 1293 pollutum
3421 1245 3544 1288 esse

1955 1311 2298 1366 criminatur.
2350 1311 2561 1378 Quibus
2591 1313 2770 1367 verbis
2790 1313 2949 1368 ﬁdem
2983 1316 3296 1383 praebebant
3320 1321 3542 1389 plurimi

1954 1404 2226 1458 delatores
2266 1405 2361 1474 qui
2403 1405 2648 1471 aderant,
2691 1405 2831 1460 inter
2877 1423 3016 1477 quos
3052 1409 3272 1478 quidam
3313 1414 3544 1473 clericus

1955 1497 2192 1550 asseruit
2217 1497 2365 1565 quod
2401 1497 2505 1552 sibi
2532 1498 2712 1553 adhuc
2738 1499 2877 1553 laico
2919 1501 3204 1572 conjugem
3245 1520 3399 1560 suam
3427 1508 3546 1564 vio-

1955 1586 2128 1641 leuter
2159 1588 2476 1654 abstuterat,
2515 1597 2567 1643 ct
2597 1599 2720 1659 post
2743 1601 3109 1660 perpetratum
3148 1610 3272 1651 cum
3302 1614 3365 1654 ea
3391 1600 3545 1658 adul-

1958 1679 2155 1734 terium
2181 1682 2507 1735 monacham
2540 1680 2762 1737 fecerat.
2811 1683 2999 1738 Adfuit
3019 1694 3072 1740 et
3099 1689 3378 1761 presbyter
3421 1695 3546 1764 qui-

1961 1771 2087 1825 dam
2118 1786 2176 1826 se
2202 1771 2272 1826 ab
2299 1772 2490 1826 eodem
2519 1774 2778 1844 episcopo
2825 1792 3169 1847 conquerens
3205 1791 3445 1852 captum,
3491 1797 3546 1842 et

1963 1863 2254 1917 satellitum
2292 1864 2411 1934 ejus
2437 1864 2606 1920 fuisse
2641 1869 2890 1936 potestati
2936 1870 3214 1937 traditum,
3261 1875 3376 1944 qui,
3419 1891 3546 1934 eum

1962 1956 2149 2011 multis
2175 1957 2455 2026 suppliciis
2481 1959 2877 2024 excruciantes,
2919 1961 3066 2030 quod
3111 1965 3396 2021 scelestius
3440 1979 3544 2036 est,

1961 2047 2131 2103 clavis
2157 2049 2492 2103 acutissimis
2520 2049 2772 2120 genitalia
2807 2051 2926 2120 ejus
2953 2054 3310 2122 conﬁxerant,
3345 2060 3548 2131 talique

1961 2140 2216 2193 violentia
2239 2140 2308 2193 ab
2324 2155 2390 2194 eo
2411 2142 2594 2195 decem
2618 2141 2784 2196 libras
2803 2143 3152 2199 denariorum
3181 2156 3310 2203 exto
3341 2163 3544 2210 serant.

1961 2229 2057 2287 His
2100 2231 2318 2296 auditis,
2360 2233 2648 2303 episcopus
2697 2236 3021 2290 consiliandi
3078 2237 3350 2295 licentiam
3392 2245 3542 2312 petit.

1960 2322 2076 2390 Qua
2126 2325 2431 2394 impetrata,
2482 2326 2922 2398 archiepiscopos
2964 2327 3450 2390 Vesontiouensem
3493 2347 3549 2394 et

1961 2414 2376 2487 Lugdunensem
2397 2420 2646 2484 accersit,
2668 2420 2857 2490 eisque
2882 2423 3110 2479 credens
3134 2440 3394 2481 arcanum
3415 2443 3549 2484 con-

1959 2508 2213 2577 siliisui,
2257 2511 2389 2580 petit
2433 2520 2491 2567 ut
2529 2512 2632 2568 sibi
2673 2512 2782 2567 sint
2821 2514 3082 2569 causidici
3111 2534 3124 2570 :
3151 2517 3244 2573 sed
3277 2520 3394 2589 qui,
3420 2536 3546 2577 cum

1957 2601 2126 2658 tantis
2152 2601 2372 2674 ﬂagitiis
2402 2605 2543 2659 l‘oret
2561 2605 2854 2672 implicitus
2900 2607 2955 2660 in
2979 2608 3152 2663 oculis
3179 2609 3402 2667 alterius
3431 2629 3548 2668 ma-

1958 2697 2038 2768 gis
2079 2713 2245 2751 quam
2280 2713 2335 2751 in
2377 2700 2491 2754 suis
2535 2701 2741 2754 trabem
2772 2713 2962 2754 ridens
3026 2700 3249 2756 fratrem
3294 2709 3548 2776 quamvis

1957 2790 2281 2858 culpabilem
2325 2791 2378 2844 in
2421 2791 2671 2846 hesterna
2727 2799 2936 2862 synodo
2975 2794 3300 2850 criminatus
3348 2797 3547 2868 fuerat,

1956 2883 2184 2952 ejusque
2203 2883 2269 2937 ad
2295 2883 2700 2938 damnationem
2731 2893 2785 2938 et
2826 2884 2940 2953 ipse
2969 2886 3165 2940 merito
3205 2888 3550 2949 damnandus

1957 2977 2310 3044 aspiravcrat,
2337 2993 2445 3030 non
2471 2977 2648 3030 solum
2677 2993 2733 3032 se
2758 2976 2826 3030 ab
2839 2977 3062 3044 objectis
3079 2981 3268 3049 nequit
3285 2998 3552 3042 excusare

261 3079 463 3135 tatum,
493 3071 609 3139 pari
641 3073 805 3126 modo
841 3087 897 3125 se
926 3072 1048 3125 inde
1073 3087 1306 3141 purgare
1333 3071 1524 3127 beatus
1563 3089 1701 3143 papa
1728 3090 1855 3129 san-
1881 3088 1924 3146 ρ
1956 3068 2298 3135 criminibus,
2337 3069 2430 3123 sed
2456 3069 2620 3123 etiam
2646 3069 2766 3139 ejus
2791 3069 3089 3136 causidico,
3134 3087 3202 3125 ne
3232 3074 3299 3128 ad
3329 3076 3414 3130 sui
3457 3077 3552 3132 de-

261 3163 346 3216 xit
405 3161 721 3233 Gregorius.
781 3164 849 3217 At
889 3163 977 3217 ille
1016 3163 1308 3218 canonicas
1348 3163 1594 3219 inducias
1613 3165 1738 3220 inde
1760 3181 1859 3236 po-

263 3255 511 3320 Stulavit,
535 3271 702 3326 seque
744 3265 867 3326 post
906 3272 1092 3311 carum
1134 3257 1493 3326 expletionem
1523 3258 1670 3328 quod
1717 3259 1858 3313 ratio

263 3348 608 3417 purgationis
646 3359 890 3418 posceret
925 3359 1271 3419 peracturum
1299 3351 1610 3419 spopondit,
1657 3352 1858 3422 quibus

263 3439 315 3493 ei
359 3440 657 3506 concessis,
692 3449 954 3495 statutum
1002 3451 1088 3496 est
1134 3451 1192 3495 ut
1235 3442 1412 3495 medio
1455 3441 1624 3512 Aprili
1667 3445 1859 3498 mense

265 3531 505 3586 concilio
533 3531 645 3601 (l7)
676 3533 822 3602 quod
853 3533 1036 3587 Roma:
1063 3533 1448 3588 celebrandum
1486 3543 1605 3589 erat
1629 3536 1859 3589 interes-

266 3630 370 3677 set.
417 3621 622 3677 Cretera
653 3640 782 3678 vero
814 3639 938 3694 qua:
963 3625 1013 3679 ei
1044 3626 1256 3694 objecta
1292 3634 1442 3692 sunt,
1473 3627 1602 3696 quia
1633 3627 1858 3697 legitimi

268 3715 609 3771 accusatoris
645 3717 968 3771 videbantur
1013 3717 1285 3772 delatione
1337 3734 1542 3784 carere,
1581 3719 1859 3774 decretum

267 3815 356 3861 est
383 3807 450 3862 ad
473 3823 716 3877 praesens
748 3810 1054 3864 indiscussa
1089 3824 1390 3864 remanere.
1436 3808 1528 3865 Sic
1553 3811 1720 3882 igitur
1753 3810 1858 3864 bu-

265 3897 511 3967 jusmodi
561 3899 789 3954 dillinito
835 3901 1071 3972 negotio,
1122 3915 1287 3970 super
1337 3901 1552 3956 abbatia
1601 3901 1861 3958 Dervcnsi

270 3990 508 4046 domnus
533 4006 671 4061 papa
693 4001 1024 4062 conquestus
1043 4002 1144 4057 est,
1168 3993 1294 4062 quia
1321 3992 1562 4048 Tullensi
1583 3994 1858 4050 subtracta

271 4080 453 4137 fuerat
471 4083 770 4153 episcopio,
801 4093 853 4138 et
876 4086 1012 4139 hanc
1034 4085 1099 4138 ad
1126 4085 1295 4153 ipsius
1317 4085 1560 4140 ecclesia:
1591 4086 1862 4155 pertinere

273 4175 681 4241 possessionem
726 4193 820 4245 per
865 4177 1270 4247 privilegiorum
1309 4193 1432 4246 quae
1467 4177 1591 4231 inde
1628 4178 1862 4233 habebat

273 4263 666 4320 demonstravit
695 4268 1069 4322 recitationem
1097 4287 1108 4322 :
1135 4283 1165 4322 e
1213 4276 1404 4322 contra
1445 4266 1733 4323 Remensis
1773 4284 1862 4323 ar-

275 4356 658 4427 chiepiscopus
682 4359 956 4412 abbatiam
982 4359 1129 4413 illam
1166 4359 1448 4428 respondit
1471 4361 1556 4415 sui
1578 4359 1720 4430 juris
1761 4376 1860 4430 po-

276 4446 386 4502 tius
415 4462 556 4513 esse,
594 4458 646 4502 et
679 4450 782 4504 hoc
833 4451 1232 4519 antiquioribus
1275 4450 1570 4522 privilegiis
1618 4451 1862 4508 ecclesia:

279 4554 391 4594 sua:
413 4555 472 4594 se
496 4540 774 4594 testiﬁcari
797 4541 993 4595 valere.
1037 4541 1181 4611 Papa
1202 4557 1352 4606 vero,
1380 4543 1508 4612 quia
1530 4543 1586 4597 in
1608 4545 1861 4613 praesenti

281 4646 387 4685 non
415 4639 572 4685 erant
595 4632 782 4686 eadem
810 4633 1011 4703 scripta
1046 4649 1112 4687 ex
1147 4648 1379 4703 quorum
1406 4635 1637 4690 lectione
1660 4635 1863 4691 valeret

283 4722 394 4777 haec
423 4724 794 4779 controversia
818 4725 979 4789 ﬁniri,
999 4725 1251 4794 jussitca
1290 4726 1506 4781 interim
1541 4727 1595 4781 in
1626 4727 1863 4785 archivis

284 4812 568 4870 Remensis
594 4817 838 4872 ecclesiae
862 4819 1159 4888 perquisita
1195 4818 1250 4871 in
1275 4819 1515 4873 crastino
1536 4820 1593 4873 in
1624 4819 1862 4875 medium

283 4905 478 4961 afferri.
526 4907 680 4963 Tunc
706 4908 1056 4965 Turonenses
1086 4910 1268 4965 clerici
1310 4927 1403 4981 per
1448 4911 1864 4982 Lugdunensem

283 4999 749 5068 archiepiscopum
778 5002 1052 5068 querelam
1086 5001 1386 5057 intulerunt
1425 5019 1588 5073 super
1615 5004 1726 5075 (18)
1757 5003 1866 5062 Do-

284 5087 418 5142 lensi
447 5090 704 5152 episcopo
738 5089 1046 5152 Britannize,
1073 5093 1169 5152 qui
1198 5109 1258 5148 se
1287 5111 1413 5150 cum
1434 5105 1638 5152 sentem
1669 5097 1866 5152 suifra-

1960 3159 2262 3214 fensiouem
2299 3161 2596 3231 quidquam
2625 3161 2867 3231 proferre
2893 3162 3087 3228 valeat,
3117 3163 3316 3232 lingua:
3350 3183 3553 3224 munus

1959 3250 2080 3324 [al.,
2094 3253 2299 3324 motus]
2313 3254 2570 3308 adimitur
2583 3253 2865 3310 divinitus.
2886 3253 3336 3336 Vesontionenms
3348 3261 3550 3331 quippe

1957 3345 2268 3414 episcopus,
2295 3347 2424 3400 dum
2461 3355 2779 3417 susceptum
2810 3347 2930 3416 ejus
2962 3349 3239 3419 negotium
3273 3367 3550 3421 perorare,

1958 3447 2012 3491 et
2053 3438 2120 3508 ad
2161 3439 2574 3492 excusationem
2626 3439 2906 3494 criminosi
2952 3440 3251 3510 incongrua
3301 3446 3551 3512 quaedam

1959 3530 2275 3585 decerneret
2289 3545 2611 3599 proponere,
2637 3531 2913 3600 insperato
2935 3532 3038 3586 sibi
3061 3533 3379 3605 suﬂ'ragium
3401 3541 3554 3596 vocis

1959 3621 2145 3676 divino
2191 3624 2362 3677 sensit
2411 3622 2667 3693 denegari
2707 3623 2951 3678 numine.
2995 3623 3192 3679 Procul
3233 3627 3401 3684 dubio
3441 3631 3554 3688 Ma-

1961 3729 2101 3784 gnus
2128 3722 2281 3783 pater
2319 3713 2599 3784 Remigius
2629 3715 2700 3769 ob
2740 3715 2844 3769 hoc
2880 3715 3080 3784 ipsum,
3131 3725 3192 3772 ut
3234 3722 3552 3788 praedictum

1960 3814 2062 3871 eSt,
2086 3814 2210 3860 ante
2231 3816 2581 3875 conspectum
2619 3807 2811 3877 synodi
2840 3807 3140 3876 expositus,
3165 3825 3195 3864 a
3227 3811 3396 3869 beatae
3426 3816 3553 3872 ﬁdei

1960 3913 2098 3968 papa
2144 3897 2309 3952 etiam
2365 3898 2452 3952 hic
2491 3897 2733 3968 ejusdem
2777 3899 2996 3954 virtutis
3037 3901 3234 3956 enituit
3275 3908 3550 3975 potentia,

1961 4006 2126 4060 quam
2180 3991 2333 4056 olim,
2381 3991 2512 4045 dum
2553 3991 2733 4046 adhuc
2771 3991 3209 4061 peregrinaretur
3255 3996 3308 4050 in
3346 3999 3510 4055 terris
3535 4043 3550 4070 ,

1961 4082 2148 4136 Ariani
2174 4082 2321 4138 illius
2349 4083 2646 4137 exinanivit
2675 4083 2976 4139 molimina.
3013 4084 3169 4140 Tunc
3207 4089 3352 4144 enim
3376 4092 3552 4149 haere—

1962 4185 2128 4230 ticum
2157 4186 2417 4230 adversus
2445 4176 2768 4232 catholicam
2801 4177 2961 4232 ﬁdem
3012 4177 3376 4247 blasphemias
3418 4185 3554 4241 deli-

1962 4267 2242 4322 herantcm
2272 4268 2499 4338 garrire,
2543 4283 2612 4323 ne
2653 4277 2847 4322 conata
2884 4280 3182 4340 perageret,
3227 4276 3319 4328 sed
3367 4277 3552 4342 potius

1963 4361 2333 4430 resipiscendo
2395 4361 2568 4415 ﬁdelis
2627 4360 2799 4426 ﬁeret,
2854 4361 3072 4416 silentio
3135 4364 3548 4424 condemnam-

1894 4431 1940 4488 Ῑ)
1965 4467 2112 4506 nunc
2133 4461 2314 4506 autem
2355 4452 2556 4518 virum,
2586 4452 2710 4507 licet
2729 4451 2963 4519 ﬁdelem,
2990 4469 3056 4507 ne
3084 4455 3407 4513 sceleratum
3454 4460 3551 4516 de-

1963 4541 2230 4599 fendendo
2255 4543 2611 4612 delinqueret,
2642 4560 2744 4599 usu
2773 4544 3029 4614 loquendi
3056 4546 3324 4616 privavit-
3360 4548 3430 4605 Et
3461 4567 3551 4608 re-

1963 4651 2092 4690 vera
2133 4635 2346 4690 divina:
2371 4635 2726 4690 sublimitatis
2769 4635 3336 4706 incomprehensibilis
3377 4642 3554 4700 virtus

1965 4729 2020 4782 in
2065 4736 2297 4798 utroque
2328 4729 2434 4783 hoc
2472 4727 2616 4782 facto
2645 4728 2966 4783 mirabiliter
2991 4730 3207 4798 enituit,
3250 4748 3372 4802 qua:
3397 4743 3449 4788 et
3479 4735 3554 4791 ibi

1966 4821 2216 4893 gloriosae
2251 4822 2469 4887 animae,
2524 4822 2651 4878 licet
2700 4821 2983 4892 corporeis
3031 4821 3211 4878 adhuc
3256 4824 3556 4883 involucris

1967 4923 2151 4984 septa,
2178 4923 2389 4969 tantum
2420 4913 2707 4983 potestatis
2729 4912 2982 4976 contulit,
2998 4920 3053 4964 et
3073 4923 3279 4981 quanta
3299 4931 3418 4970 eam
3444 4917 3559 4986 jam

1968 5006 2356 5062 beatiﬁcaverit
2377 5007 2567 5078 gloria,
2597 5020 2745 5059 nunc
2764 5007 2913 5061 circa
2934 5003 3054 5072 ejus
3083 5009 3334 5063 exanime
3359 5023 3565 5077 corpus

1971 5105 2213 5152 patenter
2237 5099 2490 5150 ostendit.
2540 5096 2845 5148 Postquam
2889 5109 3018 5148 ergo
3050 5097 3313 5146 Drmfams
3351 5096 3568 5146 me-
