4044 5290
551 270 691 332 ηδε

1434 266 1737 327 ΑΝδΕωι
1770 265 2081 324 KONACIII
2123 266 2183 321 S.
2228 266 2490 322 REMIGII
2533 266 2884 325 REMENSIS

548 397 773 443 causam
800 388 1081 454 perorant
1099 380 1296 438 innuit.
1341 379 1450 448 Qui
1487 395 1718 450 surgens
1765 379 1842 434 ait
1880 379 2132 434 eumdem
2163 383 2209 438 Α
2235 379 2622 434 nuntiaverunt
2670 397 2798 437 eum
2841 380 3145 436 facinorum
3197 396 3430 439 suorum
3483 387 3833 438 manentem

550 476 947 548 Lingonensem
984 474 1302 546 episcopum
1326 473 1573 529 conliteri
1600 472 1747 543 quod
1776 487 1965 527 sacros
1989 470 2138 526 ordi-

547 584 641 627 nes
670 568 993 635 vendiderit,
1020 576 1077 623 et
1101 574 1459 622 memoratam
1486 565 1772 636 pecuniam
1796 566 1866 620 ab
1887 565 1980 620 illo
2009 579 2135 635 pre-

544 660 762 731 sbytero
799 659 1111 726 extorserit,
1161 660 1256 715 sed
1297 658 1580 728 suppliciis
1608 657 1810 727 quibus
1856 648 2138 712 asserebat

542 767 668 807 cum
706 752 1010 809 excruciari
1049 768 1159 806 non
1198 751 1417 819 fecerit;
1450 758 1644 806 caetera
1690 766 1820 805 vero
1860 766 1983 821 qua:
2029 750 2136 805 sibi

543 844 761 901 fuerant
787 845 1000 915 objecta
1030 847 1177 900 hunc
1212 844 1429 915 penitus
1447 844 1714 914 denegare
1740 843 1994 899 asseruit.
2038 842 2134 899 llis

540 938 721 1005 dictis,
744 938 981 994 domnus
1007 955 1144 1009 papa
1166 938 1367 1007 videns~
1391 937 1582 992 eadem
1614 936 1702 991 die
1730 951 1841 991 non
1869 952 2030 1007 posse
2063 936 2133 990 ad

542 1029 759 1100 plxnum
807 1031 1122 1101 hujusmodi
1171 1030 1447 1100 negotium
1495 1028 1775 1094 ventilari,
1825 1028 1939 1097 jam
1983 1028 2131 1083 enim

542 1138 644 1177 nox
677 1122 939 1189 instabat,
963 1123 1111 1193 quod
1150 1123 1207 1177 in
1245 1121 1548 1177 canonibus
1571 1121 1639 1175 de
1666 1136 1950 1175 sacrorum
1981 1120 2133 1175 ordi-

541 1231 671 1270 num
700 1216 1077 1271 venditoribus
1114 1215 1185 1271 sit
1211 1215 1490 1269 decretum
1534 1213 1702 1284 jussit
1747 1212 2131 1268 tantummodo

539 1309 792 1375 recitari;
838 1309 1086 1378 lectaque
1123 1306 1392 1363 sententia
1437 1306 1504 1362 ad
1550 1311 1880 1376 prmceptum
1907 1304 2028 1375 ejus
2061 1320 2130 1361 ex

537 1400 771 1456 concilio
802 1399 1258 1465 Chalcedonensi,
1303 1399 1541 1469 capitulo
1583 1398 1829 1453 videlicet
1864 1397 2125 1464 secundo,

537 1493 713 1548 soluta
736 1502 821 1548 est
856 1494 1118 1565 synodus,
1150 1493 1319 1548 d.lato
1346 1506 1520 1562 usque
1555 1491 1611 1544 in
1632 1490 1934 1546 crastinum
1961 1490 2130 1561 hujus

536 1586 769 1642 rationis
787 1586 1020 1657 judicio.

942 1676 1199 1731 TERTIA
1234 1676 1388 1730 DIES
1428 1674 1702 1731 SYNODI.

605 1770 692 1824 i6.
720 1768 877 1826 Hane
904 1778 1086 1826 autem
1134 1770 1302 1837 facto,
1332 1771 1531 1825 iterum
1558 1769 1628 1825 ad
1650 1769 1905 1825 eumdem
1942 1785 2123 1825 .ocum

531 1863 773 1933 episcopi
802 1878 1105 1920 convenere
1129 1880 1254 1919 cum
1293 1863 1584 1920 abbatibus
1605 1871 1660 1918 et
1688 1862 1902 1918 caeteris
1934 1861 2123 1918 Eccle-

532 1954 947 2024 siaeordinibus,
978 1956 1046 2013 ad
1084 1972 1225 2027 quos
1250 1957 1455 2011 domno
1480 1970 1620 2026 papa
1663 1954 1991 2026 procedente
2013 1968 2124 2008 non

528 2055 614 2103 est
640 2055 858 2104 cantata
885 2049 1181 2120 antipbona
1212 2048 1427 2105 Exaudi
1448 2065 1564 2116 nos,
1582 2048 1978 2114 Domine,sicut
2005 2046 2122 2100 heri

528 2148 583 2194 et
610 2140 1027 2208 nudiustertius,
1069 2143 1163 2198 sed
1217 2143 1286 2198 ad
1326 2143 1447 2212 ejus
1490 2142 1787 2196 adventum
1815 2139 1994 2196 clerus
2021 2138 2123 2193 de-

527 2233 841 2289 centissime
893 2235 1089 2290 cecinit
1117 2236 1382 2307 hymnum
1426 2234 1575 2301 Veni,
1622 2242 1831 2288 creator
1860 2231 2120 2304 Spiritus.

528 2324 649 2391 Quo
677 2326 949 2397 completo
969 2343 1096 2384 eum
1132 2328 1429 2400 antiphona
1467 2327 1535 2383 de
1556 2335 1750 2382 sancto
1771 2324 2043 2396 Remigio,
2064 2324 2125 2378 lio

526 2416 675 2472 tania
703 2416 845 2474 facta
870 2427 956 2475 est
981 2436 1015 2475 a
1041 2419 1465 2476 Vesontionensi
1491 2419 1931 2490 archiepiscopo,
1964 2424 2121 2487 post-

524 2526 692 2579 quam
718 2510 788 2566 de
811 2509 1016 2582 Spiritu
1047 2522 1240 2569 saneto
1260 2512 1559 2569 Collectam
1583 2512 1719 2568 dixit
1733 2511 1971 2568 domnus
1993 2524 2121 2580 apo-

524 2604 785 2670 stolicus;
809 2604 997 2675 sicque
1018 2606 1218 2662 lectum
1245 2614 1332 2662 est
1353 2604 1709 2677 Evangelium
1740 2603 1854 2676 Ego
1874 2619 2001 2659 sum
2016 2619 2118 2673 pan

522 2705 635 2750 stor
654 2696 838 2751 bonus.
861 2694 1109 2769 Cumque
1129 2699 1368 2754 universi
1385 2706 1650 2754 consueto
1669 2697 2002 2753 resedissent
2020 2709 2116 2751 or-

522 2788 673 2859 dine,
698 2790 1043 2859 supradictus
1058 2790 1318 2847 Romana:
1332 2790 1591 2847 Ecclesiae
1611 2790 1879 2846 diaconus
1894 2789 1975 2864 ait
1989 2803 2118 2845 con-

522 2896 759 2951 sequens
779 2898 902 2938 esse
933 2891 991 2938 ut
1021 2883 1112 2939 ubi
1152 2884 1408 2940 hesterna
1429 2883 1672 2956 synodus
1716 2882 1895 2937 fuerat
1920 2881 2114 2937 termi-

523 2980 651 3027 nata
675 3015 690 3040 ,
716 2974 789 3029 ibi
820 2975 1051 3032 rationis
1084 2993 1198 3032 suae
1224 2978 1447 3033 iteraret
1468 2977 1621 3033 initia
1650 3018 1665 3042 ,
1693 2992 1725 3031 a
1751 2974 2114 3046 Lingonensis

521 3065 771 3142 videlicet
787 3067 1033 3137 episcopi
1051 3084 1240 3125 causa.
1271 3068 1376 3136 Qui
1392 3068 1694 3139 requisitus
1727 3076 1783 3123 et
1796 3084 1827 3122 a
1850 3066 2111 3139 synodica

518 3157 923 3213 examinatione
952 3174 1012 3214 se
1042 3160 1371 3217 subduxisse
1402 3169 1654 3231 repertus
1678 3202 1693 3227 ,
1724 3176 1792 3214 ex
1826 3167 1980 3229 parte
2016 3156 2111 3212 Dei

519 3257 576 3304 et
600 3249 747 3304 beati
771 3249 916 3304 Petri
941 3253 1318 3321 apostolorum
1348 3253 1631 3322 principis,
1661 3252 1891 3322 ejusque
1919 3250 2113 3306 vicarii

520 3342 616 3411 qui
640 3357 880 3412 praesens
915 3343 1124 3411 aderat,
1150 3346 1438 3423 abOeoJem
1471 3346 1707 3401 diacono
1730 3344 1891 3400 tertio
1904 3351 1992 3400 est
2008 3357 2112 3399 vo-

519 3441 698 3489 catus.
724 3433 926 3490 Directi
951 3444 1080 3491 sunt
1104 3437 1269 3493 etiam
1312 3437 1556 3508 episcopi
1605 3435 2029 3493 Silvanectensis
2058 3442 2117 3490 et

518 3527 926 3600 Andegavensis
973 3529 1042 3584 ad
1085 3529 1237 3586 illius
1273 3531 1575 3601 hospitium
1606 3573 1621 3598 ,
1649 3539 1708 3585 ut
1736 3530 1783 3585 si
1809 3528 1950 3587 forte
1983 3543 2113 3584 eum

519 3620 595 3675 ibi
640 3622 979 3691 reperirent,
1028 3633 1349 3679 revocarent
1376 3624 1445 3679 ad
1469 3623 1786 3679 c:>ncilium.
1835 3621 1941 3688 Qui
1978 3621 2113 3677 dum

519 3713 781 3785 imperata
829 3716 1137 3771 accelerant
1192 3733 1469 3788 peragere,
1530 3716 1704 3787 ipsius
1756 3714 2111 3771 referendarii

519 3805 776 3861 allocutio
802 3806 860 3861 fit
892 3808 960 3863 ad
978 3808 1101 3863 illos
1123 3810 1219 3879 qui
1253 3810 1498 3864 nondum
1524 3824 1583 3865 se
1615 3826 1647 3863 a
1670 3808 1972 3863 simoniaca
1993 3807 2109 3864 hae-

518 3898 628 3954 resi
655 3899 834 3954 debita
858 3910 1222 3971 purgaverant
1259 3902 1637 3972 responsione.
1668 3900 2111 3958 AtNivernensis

516 3990 811 4061 episcopus
837 4008 1089 4063 surgens,
1116 4010 1217 4064 pro
1245 4009 1349 4049 suo
1374 3993 1658 4064 episc0pio
1690 3993 1987 4064 plurimum
2012 4008 2109 4062 pe-

516 4083 695 4139 cuniae
718 4083 1007 4141 confessus
1043 4094 1130 4140 est
1171 4102 1202 4140 a
1249 4086 1572 4157 parentibus
1606 4087 1795 4142 datum
1833 4084 2027 4153 fuisse,
2052 4103 2110 4143 se

516 4181 701 4230 tamen
733 4174 1048 4246 ignorante;
1089 4194 1265 4248 coque
1294 4179 1513 4248 adepto,
1542 4178 1806 4233 nonnulla
1847 4177 2106 4234 ecclesia-

516 4266 670 4322 stica).
711 4268 961 4338 religioni
989 4271 1263 4326 contraria
1301 4270 1682 4338 commisisse;
1717 4270 1861 4326 unde
1895 4286 2109 4327 assere-

516 4358 612 4414 bat
629 4358 826 4417 divinae
844 4360 1067 4418 ultionis
1092 4364 1388 4419 vindictam
1416 4364 1820 4435 pertimescere.
1847 4362 2105 4434 Ideoque,

2235 470 2635 527 diseussionem
2654 514 2669 540 ,
2693 472 2834 545 fuga:
2859 473 3159 544 arripuisse
3180 475 3513 546 praesidium.
3566 475 3739 532 Tunc
3760 491 3829 532 ex

2234 573 2504 634 praecepto
2532 566 2706 636 ipsius
2737 582 2911 638 papae,
2958 567 3108 623 lecte
3136 577 3265 622 sunt
3309 567 3593 624 sententia:
3644 582 3834 639 super

2235 655 2611 726 hujuscemodi
2633 674 2692 714 re
2711 660 3064 731 promulgata:
3082 661 3150 715 ab
3179 659 3500 717 orthodoxis
3534 653 3832 729 Patnbu’s,

2233 747 2422 819 sicque
2449 750 2690 806 universi
2722 752 2937 808 concilii
2947 753 3155 823 judicio
3185 794 3200 818 ,
3229 752 3832 809 excommunicationi:

2230 849 2316 895 est
2344 857 2501 911 poena
2523 843 2813 899 damnatus
2841 845 2975 917 (l9).
3009 844 3165 912 Quod
3187 845 3414 900 audiens
3439 846 3831 917 archiepisco-

2231 949 2333 1004 pus
2384 933 2830 992 Vesontionensis
2889 936 3169 1006 surrexit,
3214 946 3268 992 et
3310 937 3590 1008 quomodo
3638 936 3832 1009 prim

2229 1025 2480 1081 eumdem
2506 1043 2659 1082 reum
2680 1044 2945 1085 excusare
2965 1030 3162 1099 nitens,
3189 1045 3257 1085 ex
3283 1030 3464 1085 divina
3492 1031 3826 1101 virtutepcr

2230 1119 2373 1174 beati
2402 1119 2634 1193 Remigii
2660 1122 2853 1179 merita
2875 1123 3091 1179 silentio
3118 1123 3513 1181 condemnatus
3542 1124 3640 1191 sit,
3666 1132 3826 1193 pate-

2230 1212 2359 1269 fecit
2392 1229 2580 1269 caram
2607 1215 2798 1270 eodem
2825 1223 3097 1273 conventu
3120 1258 3135 1283 ,
3186 1216 3321 1272 satis
3367 1216 3562 1271 devote
3595 1216 3824 1271 veniam

2227 1316 2437 1378 petens,
2460 1308 2607 1377 quod
2634 1309 2879 1379 ejusdem
2917 1308 3167 1365 miraculi
3212 1309 3505 1363 novitatem
3546 1322 3621 1365 ec
3640 1323 3827 1379 usque

2228 1401 2561 1470 negligenter
2581 1401 2790 1457 celarit.
2822 1401 2920 1458 Hic
2943 1418 3011 1457 ex
3052 1403 3140 1473 pia
3178 1402 3464 1458 devotione
3489 1444 3506 1468 ,
3536 1411 3593 1456 et
3612 1400 3822 1457 alacri-

2228 1500 2336 1547 tate
2360 1492 2565 1559 cordis,
2601 1493 2839 1550 domnus
2861 1510 3002 1565 papa
3030 1496 3084 1549 in
3111 1495 3383 1566 lacrymas
3403 1500 3785 1564 compunctus
3806 1535 3829 1559 ,

2226 1584 2307 1639 sic
2332 1584 2437 1638 ait:
2461 1582 2645 1640 Annua
2676 1602 2823 1641 vmr
2850 1602 3055 1642 aeuus
3084 1585 3367 1641 Reulcws.
3396 1584 3551 1641 Tunc
3570 1601 3645 1640 ex
3676 1600 3821 1657 pra-

2226 1686 2383 1748 cepto
2403 1678 2523 1747 ejus
2552 1694 2743 1735 omnes
2767 1688 3124 1734 surrexerunt
3159 1686 3215 1732 et
3254 1694 3379 1733 cum
3409 1695 3476 1733 eo
3502 1687 3639 1733 ante
3665 1678 3821 1749 ejus-

2158 1741 2201 1798 Β
2226 1741 2348 1825 dein
2397 1741 2572 1827 sancti
2606 1772 2915 1842 sepulcrum
2950 1770 3231 1842 prostrati,
3277 1770 3641 1841 antipbonam
3674 1741 3822 1825 ἐαυ-

2227 1872 2306 1918 ειε
2333 1863 2560 1935 Remigi,
2587 1880 2653 1920 ex
2679 1865 2891 1936 integro
2913 1863 3261 1920 devotissime
3308 1863 3655 1919 cecinerunt.
3689 1860 3825 1916 Post

2226 1958 2342 2012 haec
2371 1972 2599 2027 surgens
2619 1956 3058 2013 Constantiensis
3091 1956 3381 2027 episcopus
3400 1953 3708 2012 confessus
3738 1962 3824 2010 est

2225 2065 2284 2103 se
2303 2048 2588 2121 ignorante
2616 2066 2647 2104 a
2674 2050 2909 2120 quodam
2942 2048 3109 2103 fratre
3138 2062 3239 2102 suo
3280 2054 3525 2116 emptum
3556 2047 3673 2101 sibi
3699 2047 3821 2118 epi-

2224 2140 2470 2212 scopium
2501 2140 2691 2197 fuisse.
2721 2141 2876 2209 Quod
2920 2156 3047 2197 eum
3096 2137 3369 2205 rescisset,
3403 2154 3472 2192 ne
3490 2147 3697 2194 contra
3738 2138 3825 2192 fas

2222 2233 2621 2291 ordinationem
2667 2235 2815 2290 illam
2863 2231 3465 2303 susciperet,vo!uisse
3502 2231 3813 2302 aufugeie;

2222 2327 2317 2383 sed
2344 2328 2415 2382 ab
2441 2327 2633 2384 eodem
2659 2328 2923 2384 violenter
2953 2333 3171 2396 captum
3197 2366 3212 2391 ,
3264 2322 3564 2393 episcopali
3612 2333 3813 2378 contra

2220 2420 2553 2477 voluntatem
2589 2438 2746 2477 suam
2773 2420 3032 2491 dignitate
3057 2432 3180 2473 esse
3217 2416 3499 2471 donatum.
3521 2412 3689 2481 Quod
3720 2431 3813 2469 sa-

2220 2523 2501 2570 cramento
2534 2515 2892 2584 comprobare
2913 2513 3128 2583 jussus,
3150 2525 3250 2564 nec
3267 2523 3525 2573 renuens,
3556 2509 3641 2565 sic
3655 2509 3810 2579 judi-

2219 2614 2375 2663 catus
2402 2614 2488 2663 est
2509 2606 2823 2662 simoniacaa
2846 2604 3073 2660 haeresis
3099 2617 3210 2657 non
3236 2601 3537 2656 incurrisse
3566 2600 3811 2658 facinus.

2217 2697 2496 2755 Accedens
2517 2700 2752 2770 denique
2777 2695 3178 2762 Namnetensis,
3217 2691 3509 2750 confessus
3540 2705 3625 2750 est
3648 2698 3815 2768 geni-

2217 2800 2393 2847 torem
2419 2808 2581 2847 suum
2627 2791 2945 2862 episcopum
2989 2787 3160 2843 fuisse
3207 2801 3322 2841 suae
3346 2785 3587 2843 civitatis
3616 2830 3635 2854 ,
3662 2797 3719 2843 et
3754 2789 3807 2841 in

2215 2884 2336 2957 ejus
2362 2885 2471 2939 vita
2500 2885 2705 2940 donum
2727 2880 2989 2954 episcopii
3011 2896 3071 2936 se
3093 2878 3403 2951 percepisse
3425 2920 3441 2945 ,
3470 2888 3807 2952 mortuoque

2215 2980 2291 3035 illi
2338 2978 2695 3050 subrogatum
2734 2992 2831 3046 per
2859 2972 3202 3046 largitionem
3248 2971 3514 3042 pecuniae.
3547 2970 3802 3044 Quapro-

2214 3083 2332 3143 pter
2346 3072 2555 3144 judieio
2587 3069 2801 3142 synodi,
2845 3068 3060 3124 sublato
3089 3063 3295 3119 annulo
3325 3073 3380 3119 et
3401 3066 3673 3134 pastorali
3709 3081 3801 3135 pe.

2213 3166 2306 3233 do,
2334 3166 2579 3236 privatus
2607 3172 2692 3220 est
2718 3160 3015 3235 pontificali
3036 3158 3366 3226 ministerio,
3387 3157 3711 3215 condonato
3731 3158 3802 3225 ei,

2215 3258 2702 3313 intervenientibus
2720 3257 2993 3327 episcopis
3010 3297 3026 3321 ,
3053 3253 3435 3309 tantummodo
3447 3254 3798 3327 presbytera-

2213 3360 2303 3407 tus
2325 3351 2520 3407 oﬂieio.
2560 3351 2763 3406 Eorum
2794 3350 2956 3421 igitur
2992 3363 3157 3403 causa
3190 3346 3282 3400 tali
3327 3345 3493 3400 modo
3537 3346 3801 3400 determi-

2213 3452 2363 3509 nata,
2390 3444 2732 3499 commonuit
2770 3443 3008 3498 domnus
3050 3455 3190 3510 papa
3236 3438 3686 3509 archiepiscopos
3709 3437 3801 3508 qui

2211 3537 2445 3593 erantin
2466 3536 2776 3608 prmsentia,
2815 3544 2873 3589 ut
2907 3535 2952 3590 si
2977 3549 3142 3604 quem
3168 3534 3644 3605 snﬂ‘raganeorum
3673 3549 3799 3593 suo-

2213 3645 2334 3687 rum
2359 3630 2675 3685 simoniaeae
2700 3629 2868 3698 pestis
2888 3642 3010 3682 esse
3044 3642 3197 3681 reum
3221 3626 3423 3683 scirent
3445 3646 3660 3697 coram,
3684 3645 3803 3683 om-

2212 3722 2373 3778 nibus
2404 3722 2689 3777 notificare
2715 3737 2827 3775 non
2865 3728 3173 3776 renuerent.
3225 3719 3437 3787 Quibus
3482 3725 3538 3778 id
3573 3724 3798 3780 omnino

2212 3830 2272 3871 se
2300 3816 2440 3871 seire
2459 3814 2871 3885 denegantibus,
2913 3812 3132 3868 habitus
3163 3822 3249 3868 est
3283 3830 3466 3870 sermo
3494 3816 3564 3872 de
3587 3817 3797 3889 episeo—

2211 3908 2297 3977 pis
2319 3908 2412 3978 qui
2442 3907 2650 3962 invitati
2678 3907 2745 3961 ad
2778 3906 3023 3961 eamdem
3075 3906 3342 3976 synodum
3379 3908 3568 3964 venire
3606 3909 3795 3965 nolue-

2212 4008 2355 4065 rant,
2409 4016 2507 4054 nec
2552 3998 2774 4069 aliquod
2815 3999 2939 4052 inde
2968 4012 3085 4053 sua:
3110 3999 3489 4056 excusationis
3530 4002 3799 4072 scriptum

2212 4091 2304 4146 illo
2352 4091 2790 4146 transmiserant.
2853 4088 3007 4145 Unde
3065 4092 3505 4159 competentibus
3555 4095 3625 4151 ad
3686 4093 3792 4147 bare

2210 4182 2435 4238 Patrum
2451 4182 2695 4238 recitatis
2721 4182 3005 4237 sententiis
3032 4223 3045 4246 ,
3090 4197 3250 4251 pmna
3279 4183 3526 4249 damnati
3544 4190 3679 4243 Sunt
3698 4200 3791 4241 e1-

2210 4276 2726 4331 communicationis
2750 4292 2875 4330 eum
2905 4274 3162 4330 omnibus
3188 4275 3296 4329 illis
3326 4277 3455 4346 qui,
3499 4277 3679 4347 ipsius
3703 4292 3792 4347 pa—

2211 4386 2291 4440 pa:
2317 4367 2672 4424 formidantes
2702 4369 2995 4423 adventum
3021 4409 3037 4433 ,
3066 4366 3169 4422 hac
3196 4367 3264 4423 de
3293 4384 3352 4422 re
3381 4368 3616 4437 profecti
3643 4377 3791 4426 erant

516 4449 565 4505 si
590 4450 795 4509 domno
824 4468 976 4523 papa:
997 4463 1059 4509 et
1084 4458 1339 4525 presenti
1358 4458 1651 4513 conventui
1691 4457 1921 4528 dignum
1952 4457 2104 4513 ride—
2138 4462 2182 4516 Β
2209 4462 2263 4516 in
2293 4462 2694 4531 expeditionem
2722 4460 2884 4529 regis.
2928 4457 3260 4513 Nomiuatim
3293 4475 3422 4513 vero
3459 4458 3788 4517 Senonensis

516 4547 671 4595 retur
697 4581 715 4607 ,
741 4542 887 4598 idem
913 4545 1149 4601 ollicium
1174 4550 1310 4603 velle
1339 4550 1613 4606 dimittere
1638 4549 1824 4620 potius
1853 4564 2021 4619 quam
2044 4550 2101 4605 in

511 4631 635 4703 ejus
668 4635 969 4690 retentione
993 4638 1233 4694 animam
1257 4657 1415 4696 suam
1444 4644 1821 4713 pessumdare.
1854 4640 1988 4708 Quae
2009 4642 2101 4697 ubi

511 4725 686 4792 dixit,
708 4729 983 4797 pastorale
1012 4730 1211 4799 pedum
1240 4740 1367 4786 ante
1405 4735 1571 4803 pedes
1610 4735 1785 4804 ipsius
1814 4734 2101 4805 apostolici

513 4818 717 4891 posuit.
749 4818 843 4875 Ille
868 4837 1001 4877 vero
1032 4823 1167 4877 tanti
1188 4823 1294 4877 viri
1330 4822 1505 4881 ﬂexus
1532 4827 1825 4882 devotione
1850 4868 1865 4893 ,
1887 4826 2103 4881 favente

511 4911 743 4982 synodo,
778 4915 1050 4982 eumdem,
1080 4917 1227 4986 quod
1246 4916 1454 4986 absque
1474 4931 1751 4972 consensu
1780 4933 1883 4972 suo
1910 4918 2101 4974 eadem

508 5003 740 5054 neeunia
764 5005 888 5054 data
915 5006 1075 5054 fuerit
1102 5051 1112 5054 -
1161 5019 1508 5054 sacramento
1536 5011 1901 5054 mmnmlmm
1935 5009 2065 5054 far-it

2209 4554 2676 4624 archiepiscopus,
2720 4550 3064 4607 Belvacensis
3089 4559 3143 4604 et
3170 4550 3558 4608 Ambianensis
3583 4552 3787 4622 episco-

2209 4646 2463 4720 pus;sed
2487 4654 2541 4700 et
2562 4645 2732 4700 abbas
2777 4644 2952 4699 sancti
3008 4641 3293 4709 Medardi,
3318 4643 3449 4711 quia
3498 4643 3708 4714 absque
3728 4642 3787 4695 li-

2207 4739 2388 4795 centia
2422 4744 2728 4793 recesserat
2754 4752 2785 4790 a
2816 4742 3084 4792 conventu
3136 4733 3371 4789 concilii.
3404 4733 3785 4791 Excommunb

2206 4841 2363 4889 catus
2394 4838 2483 4885 est
2498 4831 2662 4884 etiam
2713 4828 2884 4884 sancti
2923 4826 3110 4882 Jacobi
3143 4826 3783 4897 archiepiscopusGalli-

2206 4924 2407 4981 ciensis
2425 4965 2441 4989 ,
2469 4923 2599 4993 quia
2627 4929 2814 4977 contra
2842 4920 2925 4975 fas
2954 4920 3067 4974 sibi.
3096 4918 3398 4977 vindicaret
3417 4918 3642 4975 culmen
3660 4934 3784 4988 apo-

2207 5015 2384 5054 einlini
2418 5014 2655 5054 nnrninic
2699 5012 2831 5054 pne!
2878 5013 2993 5054 ham
3021 5010 3330 5054 nolentibus
3356 5009 3427 5054 ἰία
3461 5011 3557 5054 nni
3594 5018 3785 5054 nancta!

3694 268 3913 326 £5“
