4044 5290
255 165 284 220 ⁴Ι
297 159 405 219 437

1256 152 1439 214 HIST.
1477 150 1702 210 DEDIC.
1743 147 2106 208 ECCLESLE
2144 150 2203 208 S.
2241 148 2503 208 REMIGII

3399 137 3540 202 1658

334 277 411 335 Ne
437 277 562 350 quis
586 277 705 333 sine
723 273 987 332 electione
1014 272 1147 330 cieri
1172 281 1226 328 et
1274 271 1461 345 populi
1513 271 1581 327 ad
1608 268 1851 342 regimen
1881 269 1927 325 Α
1951 266 2182 322 devotus
2204 265 2466 322 Romana
2498 262 2648 321 sedis
2671 259 2920 334 pontifex
2965 264 3223 331 quartam
3247 254 3545 313 celebravit

256 369 702 428 ecclesiasticum
724 368 1140 440 proveheretur.

336 459 414 515 Ne
449 459 564 533 (20)
592 460 719 532 quis
744 474 933 516 sacros
974 459 1209 517 ordincs-
1223 467 1320 514 aut
1347 456 1654 514 ministeria
1680 455 1856 512 eccle-

259 553 491 609 siastica
521 594 537 620 ,
570 552 652 608 vel
676 552 872 607 altaria
899 559 1106 607 emeret
1128 560 1224 607 aut
1248 552 1543 607 venderet:
1575 557 1631 605 et
1656 548 1703 603 si
1729 548 1856 619 quis

259 645 590 703 clericorum
615 645 880 716 quidlibet
910 659 1105 701 eorum
1145 645 1410 712 emisset,
1438 644 1491 699 id
1530 658 1659 700 cum
1693 641 1857 711 digna

258 737 638 796 satisfactione
658 754 761 794 suo
780 738 1036 811 episcopo
1059 738 1326 793 redderet.

338 829 416 885 Ne
451 831 579 902 quis
606 831 870 886 laicorum
897 830 1331 887 ecclesiasticum
1377 828 1744 886 ministerium
1772 827 1860 884 vel

262 924 464 980 altaria
514 931 743 992 teneret,
779 938 880 979 nec
903 922 1290 995 episcoporum
1319 923 1549 995 quilibet
1575 922 1859 980 consenti-

263 1027 352 1073 ιρι
387 1016 521 1090 (si).

339 1109 418 1165 Ne
454 1109 577 1180 quis
601 1109 657 1163 in
692 1108 850 1164 atriis
870 1109 1226 1165 ecclesiarum
1253 1151 1269 1177 ,
1322 1118 1520 1180 praeter
1542 1109 1861 1180 episcopum

262 1212 323 1258 et
348 1203 470 1273 ejus
508 1184 847 1271 minislrum,
871 1203 1145 1282 quaslibet
1178 1202 1606 1259 consuetudines
1645 1203 1864 1275 exigere

266 1304 647 1365 praesumeret.

341 1385 420 1441 Ne
441 1388 566 1458 quis
590 1402 690 1457 pro
707 1386 984 1457 sepultura
998 1388 1084 1442 vel
1100 1387 1392 1458 baptismo,
1407 1388 1521 1443 sive
1537 1402 1638 1458 pro
1661 1388 1865 1444 eueha-

266 1479 447 1546 ristia,
464 1488 559 1535 aut
582 1479 927 1535 infirmorum
950 1480 1266 1535 visitatione
1284 1480 1583 1550 quidquam
1598 1481 1859 1552 exigeret.

341 1570 419 1627 Ne
452 1572 577 1642 quis
608 1572 938 1628 clericorum
984 1588 1138 1627 arma
1176 1571 1437 1627 militaria
1464 1581 1727 1644 gestaret,
1770 1581 1866 1630 aut

264 1664 565 1720 mundana:
585 1665 795 1720 militim
827 1666 1147 1721 deserviret.

338 1754 419 1813 Ne
446 1758 571 1829 quis
591 1758 824 1815 clericus
847 1759 928 1814 vel
955 1758 1130 1815 laicus
1152 1775 1354 1815 usuras
1382 1769 1683 1817 exerceret.

337 1847 419 1905 Ne
435 1849 562 1922 quis
590 1853 896 1909 monachus
921 1852 1007 1907 vel
1034 1852 1267 1909 clericus
1310 1869 1344 1909 a
1385 1869 1490 1911 suo
1520 1854 1695 1928 gradu
1726 1868 1863 1925 apo-

260 1950 523 2000 stataret.

336 2033 420 2089 Ne
449 2036 574 2106 quis
602 2053 728 2092 cum
749 2039 1026 2111 aliquibus
1051 2038 1195 2096 sacri
1220 2038 1429 2096 ordinis
1451 2038 1555 2095 iter
1579 2038 1869 2104 agentibus

260 2128 587 2185 violentiam
613 2131 779 2187 ullam
811 2134 1015 2191 inferre
1041 2133 1285 2189 auderet.

338 2218 421 2276 Ne
446 2223 574 2293 quis
598 2239 868 2298 pauperes
898 2227 1150 2282 homines
1175 2226 1385 2299 rapinis
1410 2225 1498 2282 vel
1519 2225 1868 2299 captionibus

263 2324 515 2371 vexaret.

340 2406 423 2464 Ne
446 2409 571 2481 quis
597 2409 925 2469 incestuosze
955 2411 1333 2487 coniunctioni
1377 2427 1437 2469 se
1461 2412 1765 2485 copularet.

340 2498 424 2559 Ne
445 2503 571 2574 quis
605 2504 849 2576 legitima
877 2523 1048 2564 uxore
1069 2506 1330 2563 derelicta
1356 2549 1372 2574 ,
1399 2507 1564 2562 aliam
1591 2506 1832 2562 duceret.

345 2591 416 2652 Et
447 2596 577 2668 quia
608 2598 734 2653 novi
764 2599 1007 2657 haeretici
1028 2600 1081 2654 in
1111 2599 1411 2656 Gallicanis
1424 2600 1674 2671 partibus
1698 2613 1871 2654 emer-

271 2699 483 2759 seraut,
508 2708 605 2749 eos
630 2696 1147 2763 excommunicavit,
1188 2695 1296 2750 illis
1318 2694 1537 2763 additis,
1567 2694 1663 2767 qui
1696 2694 1765 2749 ab
1787 2693 1869 2748 eis

271 2782 498 2854 aliquod
534 2801 735 2841 munus
756 2787 839 2841 vel
868 2789 1151 2844 servitium
1183 2787 1495 2858 acciperent
1518 2830 1533 2855 ,
1567 2795 1665 2843 aut
1693 2786 1869 2857 quod-

272 2875 410 2932 libet
435 2876 768 2933 defensionis
791 2880 1160 2949 patrocinium
1195 2881 1303 2935 illis
1327 2879 1730 2949 impenderent,

1956 359 2394 424 translationem,
2459 365 2515 412 et
2560 354 2791 411 feliciter
2853 358 3009 409 sexto
3054 347 3241 405 Nonas
3287 345 3545 405 Octobris

1957 452 2360 508 consummavit
2381 449 2580 506 divina!
2607 448 2805 503 domus
2827 441 3348 500 sanctiﬁcationem:
3377 454 3542 510 quam

1957 546 2122 602 etiam
2155 588 2170 613 ,
2219 553 2278 600 ut
2297 544 2634 601 declaratum
2668 547 2755 596 est
2776 581 2791 607 ,
2822 538 2990 594 trium
3010 537 3224 592 dierum
3250 532 3545 590 continua-

1961 638 2108 694 tione
2150 638 2429 709 insignivit
2476 634 2841 692 celebratione
2870 631 3107 703 synodi,
3151 625 3445 684 millesimo
3493 630 3553 681 et

1959 732 2379 804 quadragesimo
2404 746 2552 785 nono
2596 743 2743 784 anno
2771 724 3103 782 felicissimae
3151 715 3575 775 lncarnatienis'

1960 823 2178 881 Domini
2200 825 2375 880 nostri
2401 822 2532 878 Jesu
2554 819 2780 876 Christi.
2809 816 3179 887 Quapropter,
3206 820 3268 865 ut
3287 808 3554 865 delibera-

1960 925 2115 974 verat
2139 959 2154 986 ,
2177 933 2243 972 ex
2272 916 2457 972 divina
2495 912 2857 985 dispositione
2890 922 3118 979 compos
3141 904 3369 960 eii‘éctus
3400 897 3551 957 desi-

1961 1010 2100 1067 derii
2135 1009 2243 1077 sui,
2278 1009 2368 1065 die
2414 1003 2772 1076 subsequenti
2825 1010 2951 1073 post
2982 998 3344 1070 explstionem
3369 991 3554 1066 syno-

1962 1104 2165 1171 dicam,
2191 1102 2341 1158 venit
2366 1101 2419 1155 in
2452 1097 2751 1170 capitulum
2773 1095 2924 1169 [m.,
2951 1087 3294 1162 capitolium]
3319 1085 3559 1141 fratrum

1964 1212 2130 1267 seque
2156 1196 2239 1251 eis
2268 1192 2510 1249 innotuit
2550 1206 2714 1247 suum
2748 1188 2885 1243 velle
2912 1185 3250 1241 aeceelerare
3293 1177 3555 1235 reditum.

1966 1289 2123 1346 Unde
2146 1287 2524 1360 spiritualibus
2556 1285 2682 1343 illos
2704 1280 3020 1338 demulcens
3037 1274 3353 1346 colloquiis,
3379 1269 3559 1327 socie-

1966 1390 2132 1439 tatem
2155 1359 2350 1437 eorum
2373 1387 2428 1435 et
2445 1379 2640 1436 devote
2658 1374 2816 1447 petiit
2837 1380 2893 1428 et
2914 1370 3147 1441 accepit,
3179 1380 3449 1436 suamque
3475 1359 3559 1416 eis

1966 1474 2247 1531 humiliter
2256 1471 2567 1545 petentibus
2588 1471 2705 1541 ipse
2724 1467 2958 1538 largitus
2977 1473 3084 1531 est,
3101 1471 3158 1518 et
3171 1468 3476 1534 prostratos
3487 1453 3559 1510 ad

1966 1567 2242 1638 publicam
2268 1564 2674 1621 confessionem
2702 1558 2942 1615 absolvit
2965 1599 2980 1624 ,
3008 1563 3065 1611 et
3101 1570 3167 1611 ex
3211 1553 3404 1610 ordine
3439 1563 3560 1605 om-

1967 1676 2067 1716 nes
2085 1659 2433 1715 deoseulatos
2456 1655 2759 1727 apostolica
2783 1649 3163 1707 benedictione
3179 1640 3559 1702 sanetilicavit.

1966 1752 2101 1810 Post
2136 1753 2253 1808 hac
2279 1764 2536 1823 egressus
2568 1789 2584 1815 ,
2633 1746 2924 1816 episcopos
2951 1750 3009 1796 et
3050 1738 3277 1794 abbates
3313 1744 3566 1794 exteros-

1967 1862 2076 1919 que
2128 1841 2489 1901 ecclesiastici
2539 1834 2751 1896 ordinis
2786 1835 2884 1906 qui
2924 1831 3169 1887 nondum
3221 1831 3566 1885 recesserant

1967 1918 2312 2001 convocavit,
2342 1942 2542 1989 etcum
2571 1931 2653 1986 eis
2689 1927 2979 1985 ecclesiam
3033 1925 3337 1995 ingressus,
3365 1918 3567 1974 missa-

1968 2047 2095 2086 rum
2135 2026 2401 2085 solemnia
2439 2022 2707 2081 celebrari
2755 2019 2904 2075 fecit.
2952 2016 3164 2083 Quibus
3210 2010 3463 2083 expletis,
3494 2007 3566 2064 ad

1969 2122 2145 2179 sancti
2167 2119 2485 2191 sepulcrum
2511 2114 2660 2187 quod
2685 2156 2701 2182 ,
2729 2121 2791 2168 ut
2818 2112 3027 2168 dictum
3043 2115 3129 2165 est
3153 2148 3170 2174 ,
3206 2121 3371 2176 super
3394 2103 3568 2159 altare

1970 2215 2144 2272 sancti
2172 2209 2578 2282 Christophori,
2604 2216 2729 2278 post
2754 2205 2996 2261 basilica:
3019 2200 3423 2257 dedicationem
3445 2195 3564 2252 col-

1969 2308 2267 2373 locaverat,
2319 2319 2447 2362 eum
2493 2299 2690 2358 humili
2737 2297 3026 2355 devotione
3073 2291 3329 2358 accessit,
3378 2288 3572 2358 ibique

1970 2402 2220 2458 oratione
2244 2398 2534 2469 completa,
2587 2392 2722 2450 illud
2767 2387 3067 2462 suppositis
3096 2383 3347 2443 humeris
3371 2381 3567 2437 devote

1971 2495 2097 2552 inde
2115 2492 2332 2561 extulit,
2361 2478 2502 2547 etin
2551 2485 2789 2546 statione
2836 2482 2943 2539 sibi
2991 2480 3253 2537 decenter
3302 2482 3566 2546 apparata

1971 2605 2098 2646 cum
2126 2587 2328 2644 divinis
2348 2583 2606 2640 laudibus
2628 2578 2904 2652 reposuit:
2929 2576 3024 2630 ubi
3051 2576 3253 2630 iterum
3273 2578 3441 2639 atque
3465 2568 3567 2625 itc-

1973 2697 2097 2737 rum
2126 2696 2259 2738 cum
2278 2677 2539 2750 lacrymis
2561 2691 2621 2731 se
2639 2679 3016 2746 prosternens,
3060 2665 3283 2722 tandem
3333 2662 3389 2717 in
3415 2660 3563 2715 viam

1973 2791 2132 2833 suam
2170 2773 2323 2840 exiit,
2350 2780 2406 2827 et
2426 2784 2605 2841 usque
2653 2767 2722 2822 ad
2756 2763 2965 2822 castelli
3016 2760 3225 2816 aditum
3274 2755 3571 2813 comitatus

1972 2885 2099 2931 cum
2127 2867 2357 2925 canticis
2382 2860 2765 2936 spiritualibus
2788 2874 2820 2913 a
2842 2854 3106 2912 fratribus
3126 2860 3181 2908 et
3208 2852 3569 2906 innumeroso

348 2967 476 3022 Pari
498 2969 662 3024 modo
689 2970 970 3026 damnavit
997 2980 1051 3027 et
1065 2972 1387 3027 sodomitas.
1414 2970 1872 3026 Excommunica-
1900 2966 1949 3026 ϐ
1975 2963 2101 3040 [al.,
2141 2955 2461 3029 numerosa]
2483 2960 2757 3011 conventu
2788 2948 2998 3021 populi,
3040 2945 3301 3002 omnibus
3354 2938 3566 2996 valedi-

275 3059 358 3115 vit
386 3059 551 3115 etiam
581 3062 808 3119 comites
833 3062 1085 3135 Angelrai
1114 3062 1413 3137 [Engelrai]
1432 3106 1446 3130 ,
1468 3071 1523 3119 et
1549 3062 1872 3119 Eustacium

276 3160 505 3222 propter
523 3153 794 3211 incestum
820 3199 835 3225 ,
868 3165 922 3211 et
951 3156 1233 3229 Hugonem
1272 3157 1339 3211 de
1366 3155 1566 3212 Braina
1595 3199 1610 3225 ,
1634 3156 1764 3227 quia
1790 3155 1871 3211 le-

278 3244 530 3314 gitimam
558 3264 783 3303 uvorem
828 3250 1114 3305 dimiserat
1139 3292 1153 3316 ,
1182 3258 1238 3304 et
1272 3249 1437 3303 aliam
1463 3249 1568 3305 sibi
1604 3249 1659 3304 in
1681 3248 1874 3304 matri-

281 3338 471 3393 monio
490 3340 812 3396 sociaverat.
837 3340 1119 3397 lnterdixit
1133 3351 1188 3398 et
1207 3341 1474 3397 Balduino
1495 3342 1682 3397 comiti
1704 3341 1872 3395 Fian-

279 3430 470 3485 drensi
505 3447 573 3487 ne
605 3432 773 3488 filiam
796 3449 954 3488 suam
991 3433 1284 3488 W.lhelmo
1311 3431 1654 3488 Nortmanno
1679 3432 1875 3501 nuptui

280 3522 460 3590 daret,
483 3524 606 3579 etei
629 3540 697 3580 ne
719 3541 843 3581 eam
866 3527 1157 3598 acciperet.
1173 3525 1398 3582 Vocavit
1426 3525 1594 3580 etiam
1616 3524 1876 3580 comitem

284 3613 608 3671 Tetbaldum
634 3659 650 3684 ,
697 3619 958 3688 quoniam
982 3635 1139 3676 suam
1168 3618 1456 3675 dimiserat
1482 3632 1747 3684 uxorem;
1775 3631 1876 3671 vo-

281 3707 431 3764 cavit
451 3715 508 3764 et
536 3707 853 3765 Gozfridum
892 3710 1339 3783 Andegavensem
1389 3725 1566 3781 usque
1611 3708 1681 3765 ad
1708 3723 1877 3780 syno-

282 3799 419 3855 dum
448 3797 692 3856 fnturam
734 3801 1026 3874 Moguntina
1056 3845 1071 3872 ,
1120 3803 1199 3859 ibi
1243 3800 1835 3858 excommunicandum
1861 3842 1877 3869 ,

286 3892 396 3947 nisi
418 3893 688 3949 relaxaret
710 3910 874 3964 quem
898 3904 1115 3968 captum
1144 3895 1362 3951 tenebat
1381 3895 1644 3950 domuum
1677 3892 1881 3950 Gerva-

287 3983 458 4054 sium,
490 3987 585 4057 qui
610 3994 739 4042 tunc
764 3996 882 4043 erat
907 3989 1104 4058 pnesul
1128 3988 1273 4044 sedis
1297 3986 1751 4053 Cenomannicze;
1782 4001 1881 4055 po-

287 4084 407 4132 stea
442 4094 575 4134 vero
602 4079 673 4134 ab
703 4079 948 4150 ejusdem
974 4081 1192 4151 tyranni
1240 4087 1512 4151 potestate
1549 4086 1839 4149 exemptus
1863 4118 1881 4146 ,

288 4167 525 4226 Widone
553 4172 965 4242 archiepiscopo
1007 4171 1287 4239 defuncto,
1316 4188 1346 4227 a
1372 4188 1501 4243 rege
1537 4171 1880 4227 Francorum

289 4258 525 4319 Henrico
552 4264 880 4335 subrogatus
921 4274 1018 4345 est
1047 4264 1162 4338 (22)
1210 4265 1283 4321 ad
1325 4264 1571 4337 regimen
1594 4265 1882 4324 Remensis

1976 3029 2127 3125 cens,
2156 3052 2401 3110 recessit.
2428 3046 2709 3104 Recedens
2755 3050 2939 3099 autem
2967 3040 3094 3095 inde
3135 3037 3203 3092 ad
3226 3035 3315 3091 sui
3360 3029 3570 3090 laboris

1974 3123 2540 3221 recompensationem
2568 3139 2757 3195 retulit
2786 3136 3027 3191 fructum
3042 3144 3254 3201 magnae
3277 3123 3568 3189 mercedis,

1975 3248 2032 3303 in
2076 3255 2279 3299 arcano
2328 3237 2536 3295 scilicet
2571 3231 2753 3289 devoti
2804 3226 3043 3301 pectoris
3055 3224 3237 3295 ignem
3282 3218 3575 3290 praecipua:

1973 3333 2303 3398 dilectionis,
2319 3345 2430 3411 quo
2453 3328 2522 3383 ab
2550 3327 2644 3380 illo
2670 3331 2917 3390 tempore
2943 3332 3070 3387 erga
3095 3313 3349 3411 eumdem
3373 3307 3573 3411 glorio-

1976 3443 2099 3485 sum
2147 3400 2370 3479 Patrem.
2414 3416 2724 3487 Remigium
2761 3423 3092 3481 magnopere
3137 3402 3445 3460 dinoscitur
3470 3400 3572 3487 fla-

1976 3483 2185 3593 grasse,
2220 3523 2284 3571 ut
2315 3513 2457 3569 idem
2499 3483 2617 3581 ipse
2651 3507 2853 3562 fatetur
2878 3502 2935 3556 in
2971 3498 3209 3570 quadam
3233 3492 3466 3566 epistola
3486 3483 3574 3546 di-

1977 3584 2127 3670 recta
2151 3605 2504 3681 postmodum
2531 3597 2802 3673 episcopis
2824 3591 3097 3659 Franciae,
3119 3604 3287 3662 quam
3315 3602 3418 3642 suo
3448 3584 3571 3639 loco

1978 3705 2035 3762 in
2064 3676 2527 3771 subsequentibus
2549 3690 2866 3750 curabimus
2898 3700 3121 3757 ponere.
3153 3681 3230 3735 Ex
3252 3696 3360 3750 qua
3397 3676 3571 3749 gratia

1977 3799 2147 3854 etiam
2189 3791 2416 3850 alterius
2458 3786 2647 3860 gratiae
2707 3783 2938 3852 adeptus
2973 3786 3058 3834 est
3094 3775 3527 3831 emolumentum
3554 3811 3570 3836 ,

1980 3906 2109 3955 cum
2130 3888 2181 3944 ei
2205 3884 2390 3942 divina
2409 3881 2587 3936 virtus
2616 3878 2684 3935 de
2712 3872 3043 3947 quibusdam
3091 3868 3187 3939 qui
3235 3866 3286 3921 ei
3341 3862 3573 3933 impedi-

1981 3990 2227 4039 mentum
2267 3971 2577 4034 advenienti
2619 3970 2674 4025 in
2701 3967 2906 4025 Gallias
2952 3962 3137 4019 conati
3173 3965 3333 4015 erant
3370 3954 3575 4012 inferre

1981 4076 2251 4133 ultionem.
2279 4065 2553 4139 prmstitit,
2585 4078 2683 4134 per
2709 4058 2884 4131 ipsius
2930 4054 3106 4112 sancti
3143 4052 3233 4107 cui
3259 4048 3439 4106 fuerat
3485 4046 3573 4101 fa-

1982 4168 2224 4225 mulatus
2246 4158 2525 4218 meritum.
2551 4155 2695 4211 Nam
2717 4196 2731 4222 ,
2754 4160 2817 4207 ut
2863 4149 3069 4205 multos
3088 4142 3579 4216 praatermittamus

1981 4261 2086 4333 qui
2111 4258 2167 4317 ei
2190 4256 2343 4315 fuere
2364 4249 2651 4317 contrarii,
2667 4244 2937 4303 Gibuinus
2963 4234 3345 4295 Laudunensis
3360 4233 3574 4305 episeo—

288 4351 569 4411 Eeclesiae.
617 4323 1548 4428 Exc‘ommunicavitdeniquevillos
1591 4359 1658 4414 de
1680 4358 1880 4429 quibus
1914 4323 1963 4379 θ
1983 4323 2088 4427 pus
2101 4360 2156 4408 et
2173 4349 2331 4421 Hugo
2357 4346 2425 4403 de
2450 4337 2927 4402 limina-castello,
2962 4333 3059 4404 qui
3094 4332 3238 4385 inter
3259 4327 3379 4399 ejus
3405 4325 3572 4429 dero-

289 4446 778 4517 proclamationem
836 4447 1076 4504 fecerant
1130 4448 1594 4521 Compendienses
1657 4451 1882 4519 clerici,

289 4544 514 4611 propter
541 4555 778 4611 quorum
807 4540 1131 4611 iujustitiam
1181 4541 1309 4598 illuc
1346 4543 1655 4599 detulerant
1682 4559 1886 4614 corpus

291 4633 471 4689 sancti
493 4633 755 4706 martyris
773 4631 1047 4698 Cornelii;
1089 4649 1195 4690 eos
1228 4650 1451 4706 quoque
1480 4677 1497 4703 ,
1535 4635 1639 4706 qui
1679 4635 1750 4691 ab
1791 4651 1889 4693 ea-

291 4724 417 4779 dem
452 4726 662 4797 synodo
705 4725 1062 4784 redeuntibus
1102 4726 1311 4798 aliquid
1355 4726 1623 4785 inferrent
1654 4727 1889 4799 impedi-

295 4817 484 4873 menti.
523 4817 876 4889 Privilegium
907 4829 1091 4876 autem
1133 4820 1283 4891 quod
1324 4819 1534 4878 fecerat
1558 4828 1753 4876 sancto
1775 4824 1887 4876 he-

297 4908 480 4980 migio,
516 4910 717 4966 ibidem
742 4910 799 4966 in
836 4920 1134 4985 conspectu
1161 4912 1409 4968 omnium
1432 4913 1731 4970 recitatum
1754 4928 1888 4973 con.-

299 5002 550 5070 ltrmavit,
575 5011 631 5059 et
660 5000 1123 5060 constituit'omni
1142 5011 1385 5074 tempore
1408 5047 1427 5073 ,
1449 5007 1595 5064 sicut
1621 5006 1889 5078 scriptum

298 5093 692 5163 continebatur,
726 5092 1121 5153 inviolabiliter
1145 5099 1484 5168 conservari,
1548 5097 1740 5170 sicque
1762 5102 1890 5165 data

299 5182 671 5243 benedictione
695 5185 994 5245 concilium
1016 5185 1204 5245 solvit.
1508 5197 1517 5201 '

1983 4418 2205 4519 gatores
2221 4418 2382 4513 quasi
2403 4434 2651 4509 signiferi
2674 4430 3025 4493 exstiterunt,
3050 4424 3241 4479 eodem
3262 4434 3408 4476 anno
3420 4418 3575 4489 igno-

1984 4506 2223 4593 miniosa
2270 4538 2448 4588 morte
2462 4506 2636 4583 vitam
2664 4523 2944 4580 ﬁnierunt.
2972 4517 3067 4572 ille
3100 4515 3269 4581 enim,
3299 4511 3430 4582 quia
3452 4506 3574 4564 exi-

1986 4630 2170 4689 tialem
2180 4627 2456 4691 technam,
2475 4628 2538 4677 ut
2557 4616 2916 4690 apostolicam
2937 4609 3203 4668 devitaret
3224 4601 3578 4676 praesentiam.

1985 4722 2101 4793 regi
2126 4716 2431 4792 suggessit,
2448 4722 2509 4770 et
2522 4713 2668 4769 hanc
2708 4709 2952 4766 maxima
2992 4708 3146 4772 parte
3172 4696 3300 4754 cieri
3348 4693 3436 4751 sui
3476 4692 3580 4748 dea

1987 4786 2111 4869 vote
2151 4786 2462 4881 expetente,
2489 4806 2605 4876 ipse
2652 4818 2686 4859 a
2713 4816 2815 4856 sua
2846 4796 2976 4856 sede
3012 4793 3175 4862 longe
3204 4786 3444 4881 aufugit,
3460 4796 3580 4881 Anec
3611 4840 3621 4852 ,

1992 4875 2260 4961 Dominiei
2284 4875 2534 4970 corporis
2586 4892 2813 4958 viatico,
2839 4906 2872 4948 a
2898 4882 3115 4943 malitia
3158 4898 3273 4941 sua.
3307 4875 3591 4938 santiﬂcaéi

1995 5006 2119 5065 tus,,
2135 5009 2239 5053 nec
2261 4993 2331 5047 ab
2355 4969 2548 5049 eodem
2573 4987 2723 5043 clero
2762 4999 2866 5039 suo
2906 4974 3294 5035 consolatione
3313 4969 3588 5031 visitatio-

1999 5090 2085 5146 nis
2117 5087 2173 5142 in
2222 5082 2483 5139 extremis
2533 5076 2911 5141 refocillatus,
2942 5066 3136 5124 divino
3186 5065 3392 5143 judicio
3436 5068 3593 5118 extra

2003 5174 2411 5247 ﬁnesepiscopii
2438 5172 2527 5228 sui
2559 5170 2713 5227 solus
2743 5168 2883 5223 obiit
2931 5159 3103 5232 quasi
3128 5158 3471 5247 peregrinus.
3502 5151 3594 5206 Al-

2396 5282 2419 5290 -
2472 5270 2627 5290 ...ι-...ι
2670 5257 2913 5290 -ηἶηὲρθνῖ
2962 5250 3176 5290 Πῆνῖαἰί
3221 5269 3280 5290 eo
3316 5246 3563 5290 αὶιςοίςςιι
3590 5271 3597 5276 -
