4044 5290
560 172 704 235 M39

1272 171 1840 238 EPISTULAIILERI
1871 170 2419 230 GALLICANI'PBO
2447 171 2669 230 FESTO
2707 172 2766 231 S.
2807 173 3087 232 REMIGIL

3688 174 3817 233 tuo

547 294 671 342 rum
702 285 883 344 fuerat
907 289 1209 353 minitatus,
1234 304 1330 346 ore
1363 289 1629 362 sacrilego
1650 304 1762 361 quo
1783 287 1949 359 impia
1974 286 2138 343 verba
2166 290 2213 347 Α
2237 285 2362 343 fidei
2401 288 2524 360 ejus
2558 288 2796 366 eliicacia
2825 290 2878 346 id
2912 290 3160 346 obtinere
3182 290 3398 345 meruit.
3427 287 3501 345 Ne
3528 298 3725 345 autem
3756 307 3819 347 ex

546 393 645 449 pro
657 381 855 436 tulerat
888 381 1103 437 hostilis
1133 381 1297 453 gladii
1323 382 1632 438 abscisione
1649 390 1735 438 est
1758 381 2063 436 mutilatus.

626 473 712 528 l8.
759 471 991 543 Dignum
1025 483 1112 530 est
1145 475 1213 530 ad
1248 484 1596 545 posterorum
1628 474 1952 530 memoriam
1987 473 2135 529 aliud

550 564 876 620 miraculum
914 567 1243 636 supradictis
1267 567 1483 633 addere,
1513 567 1659 638 quod
1678 566 1861 622 divina
1891 566 2132 637 potentia

550 659 607 711 in
644 656 900 713 manibus
922 658 1087 728 hujus
1123 659 1397 729 pontiﬁcis
1431 668 1656 730 operata
1689 668 1808 724 est,
1838 674 1905 714 ex
1929 673 1994 714 ea
2022 674 2131 729 qua

548 754 677 820 erga
717 748 1020 805 Patronum
1049 761 1304 807 nostrum
1341 751 1605 823 ﬂagrabat
1636 752 1946 807 devotione.
1970 751 2131 807 Anno

546 840 696 896 enim
735 842 979 897 secundo
1014 852 1139 913 post
1168 845 1545 915 expletienem
1592 858 1785 899 eorum
1827 859 1950 914 quae
1990 858 2130 915 pra:-

546 932 716 989 missa
742 941 899 1000 sunt,
936 950 1061 990 cum
1089 934 1276 991 Romae
1315 944 1657 1002 moraretur,
1694 950 1825 991 casu
1851 934 2127 991 accidente

545 1038 643 1094 per
668 1025 942 1096 pincernm
976 1027 1268 1095 incuriam,
1307 1044 1405 1085 vas
1440 1027 1573 1082 illud
1604 1025 1839 1083 fraetum
1873 1026 2125 1097 estquod

544 1117 651 1179 sibi
679 1118 867 1175 datum
894 1135 1016 1176 esse
1055 1136 1087 1176 a
1115 1119 1345 1191 prmfato
1384 1120 1581 1175 abbate
1606 1118 1893 1175 Herimaro
1926 1119 1982 1174 in
2011 1118 2125 1190 pri-

544 1218 773 1274 mordiis
805 1215 971 1285 hujus
1009 1214 1259 1285 opusculi
1289 1221 1653 1268 memoratum
1692 1221 1795 1268 est.
1829 1211 1985 1280 Quod
2029 1211 2123 1267 ubi

541 1326 641 1382 pro
674 1318 826 1368 certo
862 1308 1115 1379 agnovit,
1147 1306 1490 1377 aliquantum
1517 1304 1754 1376 graviter
1793 1304 1936 1360 tulit.
1970 1302 2127 1359 Licet

539 1404 685 1461 enim
712 1403 880 1459 multa
917 1401 1142 1457 haberet
1159 1399 1332 1469 pluris
1354 1398 1542 1469 pretii,
1570 1412 1681 1468 pra:
1704 1396 1914 1454 caeteris
1936 1403 2119 1451 tamen

539 1495 669 1552 illud
693 1496 970 1566 diligebat,
994 1493 1124 1564 quia
1146 1493 1199 1546 in
1228 1491 1383 1548 initio
1407 1490 1746 1561 apostolatus
1771 1489 1857 1545 sui
1879 1505 1944 1544 ex
1967 1498 2120 1560 parte

538 1589 711 1645 sancti
750 1586 980 1656 Remigii
1018 1585 1123 1641 sibi
1160 1585 1390 1641 missum
1425 1584 1737 1649 asserebat;
1779 1583 2009 1653 ideoque
2048 1582 2117 1638 ad

2237 378 2340 435 hac
2396 382 2662 438 relatione
2709 397 3006 454 arguamur
3070 380 3376 448 mendacii,
3435 382 3678 452 ideoque
3731 382 3820 439 fri‘

2234 472 2418 529 volum
2472 473 2739 530 habeatur
2771 475 2935 546 hujus
2973 458 3161 544 scripti
3218 472 3538 528 memoriale
3558 514 3577 539 ,
3643 472 3822 544 profe-

2233 564 2421 639 rimus
2457 574 2569 623 tres
2610 567 2838 623 idoneos
2897 546 3094 634 testes,
3149 581 3385 636 quorum
3417 565 3640 635 judicio
3688 562 3819 638 [ai.,

2232 656 2469 731 indicio]
2510 659 2564 715 id
2611 660 2771 717 nobis
2817 659 3166 731 postmodum
3216 657 3445 730 contigit
3479 671 3821 730 agnoscere:

2231 748 2515 822 liugonem
2567 750 2815 807 videlicet
2887 749 3281 806 Nivernensem
3342 750 3718 821 episcopum,
3766 753 3824 807 et

2228 840 2511 913 Hugonem
2533 841 2819 900 Remensis
2839 844 3081 900 ecclesiae
3104 843 3418 909 diaconum,
3441 850 3498 896 et
3522 840 3819 912 quemdam

2227 936 2507 1003 clericum,
2525 936 2815 1009 Aylenardi
2841 937 3117 1009 quondam
3140 934 3523 1007 Lugdunensis
3548 932 3822 1005 archiepi-

2227 1031 2379 1102 scopi
2426 1031 2806 1101 capellanum,
2853 1030 3074 1086 nomine
3120 1027 3524 1083 Benedictum:
3579 1039 3814 1096 quorum

2223 1121 2333 1179 duo
2361 1123 2525 1195 primi
2549 1123 2782 1178 concilio
2809 1122 2878 1178 ab
2896 1121 3085 1177 eodem
3108 1127 3339 1192 papa,ut
3367 1117 3546 1173 moris
3568 1116 3653 1171 illi
3681 1127 3812 1182 erat,

2222 1216 2415 1287 quinto
2450 1215 2663 1271 decimo
2693 1216 2782 1271 die
2809 1223 2934 1286 post
2964 1212 3304 1270 Dominicam
3330 1209 3815 1267 Resurrectioncm

2222 1305 2410 1366 Romae
2430 1308 2617 1365 habito
2640 1309 3026 1374 interfuerunt,
3050 1315 3105 1362 et
3128 1304 3272 1377 quod
3308 1304 3610 1359 retulimus
3638 1303 3711 1357 ab
3734 1301 3814 1359 Lit

2219 1405 2316 1477 qui
2343 1412 2642 1476 praesentes
2675 1402 2932 1458 viderunt
2968 1400 3022 1455 id
3048 1415 3174 1454 vere
3203 1395 3407 1453 factum
3445 1410 3579 1451 esse
3616 1392 3815 1449 didice-

2218 1506 2379 1566 runt;
2415 1498 2610 1553 tertius
2649 1510 2780 1551 vero
2819 1509 2945 1551 cum
2976 1491 3200 1547 domino
3231 1506 3334 1547 suo
3369 1504 3626 1561 praesens
3651 1486 3810 1544 inter-

2219 1590 2342 1660 fuit,
2385 1600 2440 1648 et
2479 1591 2625 1664 quod
2661 1588 2896 1645 videndo
2936 1584 3203 1655 comperit
3241 1584 3400 1640 nobis
3429 1592 3565 1655 post
3608 1582 3812 1654 aliqua

536 1680 829 1736 bibendum
867 1694 1032 1749 supra
1070 1687 1264 1734 call-cra
1301 1692 1425 1748 quae
1454 1686 1611 1731 erant
1630 1676 1685 1730 in
1708 1675 1977 1746 obsequio
1999 1674 2119 1744 eius
2151 1656 2194 1711 Β
2220 1656 2395 1740 annos
2424 1656 2833 1739 sci-scitantibus
2875 1677 3135 1734 indicavit
3156 1676 3293 1748 (25).
3330 1675 3428 1732 Vir
3454 1675 3704 1747 denique
3725 1691 3809 1732 ve-

535 1773 612 1828 llli
645 1771 1018 1827 delectabilius
1058 1786 1180 1827 esse
1215 1771 1445 1827 solebat.
1482 1768 1622 1823 Dum
1651 1783 1780 1839 ergo
1810 1783 1934 1823 cum
1958 1766 2122 1838 spiri-

2219 1777 2477 1833 nerabilis
2499 1790 2641 1846 saepe
2673 1774 2878 1830 dictum
2905 1770 3213 1842 apostolum
3242 1778 3492 1826 nostrum
3523 1785 3599 1824 co
3642 1768 3809 1839 magis

536 1865 776 1922 “axibus
814 1863 1145 1934 quibUSdam
1195 1863 1329 1919 νίτίε
1368 1862 1464 1933 ll“i
1510 1860 1562 1917 θί
1608 1867 1908 1932 Ρηεθηιθδ
1938 1867 2115 1927 erant.
2216 1867 2445 1926 ferventi
2466 1867 2722 1924 excoleris
2744 1865 3054 1930 dilectione,
3077 1877 3313 1934 eumque
3338 1875 3699 1931 summopere
3720 1859 3808 1915 de-

532 1961 780 2031 plaeijo,
830 1968 890 2015 ut
931 1973 1147 2029 semper
1175 1964 1330 2023 erat,
1368 1954 1559 2021 vultu,
1585 1953 1879 2015 deeodem
1915 1951 2107 2008 damno

2217 1954 2465 2018 siderans
2506 1960 2804 2026 honorare,
2840 1965 2896 2014 et
2929 1956 3077 2012 illius
3112 1954 3507 2011 monasterium
3549 1968 3651 2008 sua
3683 1964 3808 2007 auc-

532 2061 993 2124 conquereretur,
1039 2059 1093 2105 ct
1126 2048 1340 2106 aurifex
1378 2048 1586 2119 peritus
1622 2044 1899 2101 reficiendi
1924 2042 2119 2113 hujus-
2216 2054 2435 2111 torium
2477 2052 2802 2117 nobilitare,
2840 2049 3127 2122 epistolam
3174 2048 3296 2117 ejus
3336 2046 3497 2102 laude
3548 2042 3803 2100 refertam

531 2145 679 2200 modi
700 2144 995 2201 fracturam
1022 2145 1091 2201 ab
1114 2159 1180 2200 eo
1200 2141 1443 2215 perquiri
1462 2140 1867 2213 praeciperetur,
1891 2137 2115 2210 quidam

530 2253 720 2293 torum
746 2238 1079 2302 alludentes.
1108 2238 1250 2294 seria
1287 2246 1342 2293 et
1368 2235 1535 2291 alacri
1564 2232 1923 2303 responsione
1957 2230 2113 2285 dixe-

530 2339 659 2385 runt
679 2331 825 2401 quod
861 2339 1083 2387 sanctus
1109 2331 1217 2396 hic,
1248 2330 1303 2383 in
1338 2328 1498 2398 cujus
1526 2326 1659 2382 illud
1686 2333 1817 2381 tant:
1841 2338 1968 2396 pere
1996 2337 2114 2377 am-

527 2422 861 2495 plectebatur
884 2423 1190 2489 devotione,
1217 2422 1351 2478 tanti
1376 2428 1520 2477 esset
1542 2418 1684 2489 apud
1715 2417 1885 2473 Deum
1910 2415 2110 2483 meriti,

528 2514 647 2570 utei
671 2514 813 2570 idem
834 2531 931 2572 vas
951 2516 1224 2587 integrum
1246 2532 1345 2571 sua
1357 2512 1678 2569 reformarct
1695 2507 2107 2566 intercessione.

525 2606 716 2662 Atille
759 2608 895 2662 nihil
918 2623 977 2663 se
1016 2608 1142 2663 inde
1166 2608 1407 2663 difﬁdere
1447 2622 1574 2663 cum
1604 2603 1873 2675 spirituali
1911 2602 2111 2673 jucun-

524 2697 691 2754 ditate
728 2701 1097 2770 respondens,
1137 2701 1365 2772 ejusque
1401 2699 1631 2755 virtutes
1673 2695 1959 2767 multiplici
1989 2710 2108 2751 ser-

524 2804 686 2846 mone
706 2807 1059 2865 exaggerans,
1090 2810 1182 2850 vas
1207 2793 1439 2849 fractum
1467 2791 1570 2847 sibi
1596 2790 1796 2847 deferri
1828 2788 2100 2860 praecepit.

522 2880 645 2949 Quo
672 2884 886 2953 delato,
922 2887 1167 2943 avulsam
1208 2886 1334 2944 inde
1364 2885 1686 2957 particulam
1717 2872 1819 2941 suo
1857 2883 1977 2939 loco
2015 2896 2105 2937 re-

522 2975 724 3043 posuit,
743 2984 818 3043 et,
839 2978 996 3047 quasi
1022 2979 1231 3034 auriiici
1252 2978 1320 3033 ad
1346 2977 1695 3033 reficiendum
1712 2983 2104 3041 reservaretur,

522 3065 740 3137 signum
768 3076 950 3123 tamen
970 3071 1170 3136 erucis,
1196 3078 1255 3125 ut
1275 3069 1466 3133 fertur,
1503 3068 1554 3123 ei
1574 3076 1732 3124 caute
1752 3067 2096 3138 imprimens,

516 3159 742 3214 recondi
758 3159 942 3230 jussit.
963 3159 1116 3227 Quod
1139 3162 1194 3217 in
1214 3162 1454 3218 crastino
1476 3161 1621 3216 velut
1639 3176 1802 3217 cauSi
1828 3160 2100 3218 reficiendi

519 3263 703 3305 caram
725 3251 984 3318 delatum,
1012 3255 1084 3307 ita
1105 3254 1419 3324 operatione
1436 3252 1618 3307 divina
1634 3252 1903 3324 integrum
1919 3261 2004 3309 est
2020 3253 2104 3307 in-

518 3348 760 3407 ventum,
779 3352 839 3397 ut
863 3344 1072 3400 nullum
1099 3345 1152 3401 in
1177 3361 1245 3402 eo
1264 3344 1518 3400 fractura:
1544 3353 1729 3414 posset
1754 3344 1981 3415 reperiri
2010 3360 2102 3400 ve-

518 3430 761 3503 stigium.
786 3432 903 3491 Hoc
916 3435 1100 3506 itaque
1124 3437 1315 3493 videns
1341 3436 1667 3492 venerabilis
1699 3452 1858 3507 papa,
1876 3436 1969 3491 Dei
1986 3452 2105 3492 om-

517 3522 870 3593 nipotentiam
889 3529 1232 3594 collaudavit,
1254 3541 1308 3585 et
1339 3529 1503 3599 hujus
1525 3529 1774 3584 miraculi
1804 3530 2102 3584 novitatm

516 3614 726 3671 meritis
743 3616 887 3672 beati
911 3618 1143 3691 Remigii
1159 3620 1433 3691 ascripsit,
1447 3637 1547 3688 per
1565 3621 1723 3692 cujus
1742 3621 2101 3676 interventum

2213 2147 2414 2203 direxit
2438 2144 2639 2202 sanetae
2660 2143 2916 2200 Ecclesia:
2949 2141 3077 2197 ﬁliis
3100 2141 3156 2195 in
3175 2138 3407 2195 Francia
3445 2135 3802 2206 constitutis,

2213 2255 2322 2315 qua
2347 2238 2590 2295 decrevit
2608 2237 2753 2309 apud
2781 2251 2877 2292 eos
2899 2234 3088 2290 habezi
3113 2233 3381 2289 celebrem
3411 2230 3598 2302 ipsius
3637 2227 3801 2284 sancti

2212 2330 2563 2387 festivitatem
2580 2374 2596 2399 ,
2634 2346 2758 2403 qua:
2786 2329 3044 2386 recolitur
3069 2326 3335 2382 Kalendas
3358 2323 3646 2381 Octobris.
3676 2320 3798 2377 Plu-

2211 2426 2353 2481 rima
2377 2425 2542 2481 etiam
2576 2424 2643 2480 ad
2671 2421 3097 2479 ecclesiasticam
3128 2418 3417 2474 utilitatem
3440 2412 3796 2487 pertinentia,

2211 2534 2334 2589 qua:
2349 2518 2405 2573 in
2427 2514 2653 2590 praefata
2674 2514 2883 2590 synodo
2912 2514 2965 2568 in
2988 2512 3109 2583 ejus
3126 2511 3354 2567 basilica
3380 2504 3577 2563 habita
3605 2514 3795 2562 tracta-

2211 2620 2394 2680 verat,
2431 2610 2601 2682 jussit
2635 2610 2778 2681 apud
2819 2622 2915 2664 eos
2946 2604 3282 2678 capitulatim
3321 2600 3534 2670 digeri,
3574 2607 3636 2671 et,
3666 2598 3794 2653 inter

2211 2704 2547 2762 ortbodoxos
2591 2716 2832 2759 canones
2859 2699 3179 2756 numerari:
3211 2695 3370 2766 cujus
3402 2692 3658 2763 cpistola:
3684 2699 3791 2748 tex-

2211 2806 2357 2863 tum,
2399 2797 2527 2868 quia
2565 2796 2700 2851 ordo
2734 2792 3067 2849 narrationis
3114 2789 3329 2845 videtur
3365 2787 3633 2857 exigere,
3673 2782 3789 2840 huic

2210 2889 2363 2960 operi
2412 2888 2635 2960 dignum
2696 2885 3066 2958 judicavimus
3120 2883 3379 2954 inserere.
3438 2876 3627 2949 Hujus
3671 2887 3785 2929 vero

2210 2982 2487 3054 exemplar
2509 2978 2826 3053 hujusmodi
2857 2988 2960 3034 est.

2590 3070 2836 3143 Epistula
2860 3070 2999 3126 beati
3026 3065 3214 3123 Leonis
3234 3081 3404 3136 papae.

2278 3162 2389 3223 Leo
2415 3165 2730 3237 episcopus,
2756 3172 2861 3220 etc.

2242 3253 2403 3325 (Vide
2426 3254 2483 3307 in
2510 3252 2568 3309 S.
2616 3252 2797 3309 Leone
2834 3249 2925 3319 IX,
2963 3247 3287 3320 Patrologia:
3323 3255 3429 3300 (om
3462 3237 3753 3310 CXLIII.)

2210 3368 2559 3441 Pririlegium
2595 3368 2785 3425 altaris
2826 3368 3043 3494 niajoris
3072 3365 3309 3449 ecclesia:
3341 3360 3533 3420 Sancti
3563 3357 3777 3429 Remigii

2890 3454 3133 3493 emensis.

2890 3455 2916 3493 ϐ
2925 3454 3133 3493 mensa.

2275 3533 2385 3592 Leo
2408 3534 2715 3606 episcopus,
2746 3541 2850 3589 etc.

2744 3624 2905 3697 (Vide
2928 3624 3017 3679 ubi
3048 3624 3255 3694 supra.)

522 3746 531 3853 ζ
618 3772 708 3842 25)
736 3772 830 3832 liis
865 3776 999 3831 adde
1036 3774 1306 3832 Victorem
1343 3774 1440 3843 ill,
1472 3776 1565 3831 lib.
1605 3792 1664 3831 ιιι
1700 3774 1907 3839 Dialog.
1944 3775 2294 3832 :Brunonem
2319 3774 2681 3847 Signicnsem,
2703 3772 3039 3839 Wibertum,
3070 3780 3173 3828 etc.

525 3980 879 3995 Ἥ

3190 3974 3749 4001 Μ

1284 4137 1869 4234 EPISTOLA
1938 4139 2285 4265 CLERI
2361 4135 2991 4229 GALLICANI

1097 4335 1252 4399 Ριιο
1324 4335 1816 4433 REt‘iOVANDA
1884 4332 2171 4400 SANCTI
2238 4331 2558 4395 REMIGII
2625 4327 3183 4395 FESTIVITATE.

516 4650 521 4659 ε
581 4679 862 4738 Universis
905 4696 1001 4753 per
1035 4678 1240 4737 Gallias
1274 4681 1543 4752 episcopis
1562 4724 1577 4747 ,
1622 4691 1799 4739 cretus
1826 4682 2080 4741 Ecclesia:
2110 4689 2155 4744 D
2179 4685 2257 4739 vit
2276 4683 2517 4739 cbaritas
2536 4690 2739 4741 vestra.
2763 4679 2921 4749 quasi
2949 4679 3224 4736 secundus
3246 4677 3529 4748 Silvester,
3554 4681 3756 4737 subdita

506 4754 797 4847 Gallicana:
817 4775 1045 4831 salutem
1083 4774 1138 4828 in
1164 4772 1415 4828 Domino.
1444 4772 1583 4828 Cum
1630 4776 1804 4829 sancti
1849 4774 2079 4847 Remigii

464 4872 471 4879 '
504 4865 897 4938 archiepisc0pi
943 4865 1228 4923 Remensis
1268 4864 1461 4922 festiva
1503 4865 1787 4922 celebritas
1826 4871 1941 4922 tum
1979 4865 2081 4922 Ec-

503 4956 683 5012 clesiae
710 4955 998 5013 Gallicana:
1031 4958 1295 5025 conciliis,
1340 4966 1451 5013 tum
1495 4972 1834 5014 summorum
1864 4958 2081 5029 pontifi-

502 5063 629 5102 cum
672 5047 935 5116 decretis,
988 5064 1288 5120 regumque
1334 5059 1646 5104 nostrorum
1690 5050 2080 5120 capitularibus

503 5136 803 5193 luculenter
841 5155 937 5210 per
985 5148 1063 5195 tot
1090 5142 1286 5196 saecula
1315 5143 1523 5197 sancita
1552 5142 1641 5207 sit,
1682 5151 1918 5198 attamen
1946 5143 2079 5197 illud

503 5227 792 5290 lugendum
822 5231 1017 5286 accidit
1042 5240 1119 5290 ut.
1155 5248 1277 5290 uua:
1302 5234 1475 5290 magis
1498 5242 1763 5290 vetustate
1794 5249 2076 5290 commen-

2185 4775 2405 4832 Cbristo
2430 4775 2541 4847 regi
2562 4772 2776 4830 mortali
2807 4787 3071 4846 purpura,
3097 4771 3469 4828 Chlodoveum
3497 4784 3751 4848 nostrum,

2183 4876 2446 4939 tanquam
2495 4882 2696 4922 novum
2747 4864 3167 4923 Constantinum
3194 4906 3209 4931 ,
3255 4866 3485 4937 abiectis
3515 4869 3751 4925 inanibus

2184 4960 2290 5016 diis
2339 4959 2526 5015 docuit
2564 4959 2793 5015 adorare
2825 4959 2971 5030 quod
3014 4956 3350 5024 incenderat,
3381 4967 3439 5015 et
3478 4960 3751 5017 incendere

2184 5052 2333 5122 quod
2353 5052 2698 5117 adoraverat;
2721 5068 2785 5107 ac
2804 5052 3022 5107 demum
3044 5048 3324 5107 miraculis
3341 5059 3511 5121 atque
3524 5050 3750 5107 doctrina

2184 5142 2252 5199 ad
2292 5141 2415 5196 fidei
2445 5142 2888 5198 communionem
2931 5143 3179 5199 adductis
3216 5160 3340 5199 cum
3382 5141 3627 5215 principe
3664 5154 3751 5211 p0-

2181 5233 2360 5290 nulis.
2398 5240 2454 5286 et
2504 5232 2822 5290 idololatria:
2863 5236 3023 5290 icurae
3061 5250 3254 5290 nempe
3280 5238 3504 5290 veteris.
3538 5230 3751 5290 salutati
