4090 6290
1321 390 3672 453 W

1621 595 1771 635 ANNO
1810 594 2013 635 DOMINI
2054 596 2330 635 ΜωιΧΧΧ.

795 771 2010 975 GEORGIUS
2149 772 3164 979 CYPRIUS

343 1142 2455 1281 CONSTANTINOPOLITANUS
2545 1151 3580 1287 PATRIABCHA

1634 1538 2303 1636 NOTITIA

792 1771 930 1844 (Leo
952 1769 1121 1829 Allat.
1151 1771 1229 1829 De
1258 1772 1536 1843 Georgiis,
1565 1785 1627 1828 u.
1658 1769 1899 1843 LXXIII,
1927 1771 2079 1842 apud
2121 1769 2342 1828 Fabric.
2373 1771 2464 1829 ed.
2495 1778 2608 1829 vet.
2641 1779 2778 1830 tom.
2800 1772 2869 1841 X,
2901 1789 2956 1844 p.
2988 1772 3142 1846 805.)

325 2110 598 2182 Georgius
651 2109 909 2182 Cyprius,
978 2114 1171 2180 postea
1223 2108 1526 2180 Gregorius
1581 2113 1831 2177 vocatus,
1886 2124 1954 2166 ex
2010 2108 2253 2166 diacono
2326 2108 2595 2166 Ecclesiae
2658 2110 3300 2184 ConstantinOpolitauae
3332 2116 3678 2187 patriarcha,

253 2216 419 2273 quem
451 2199 625 2258 modo
645 2199 977 2269 Georgium,
1009 2198 1177 2255 modo
1207 2198 1540 2269 Gregorium
1580 2197 1854 2270 Gregoras
1905 2198 1969 2254 in
2012 2197 2277 2269 Historia,
2308 2205 2362 2253 et
2390 2197 2487 2254 alii
2527 2207 2882 2271 nuncupant.
2937 2202 3309 2273 Pacbymeres
3337 2205 3438 2263 lib.
3470 2224 3571 2277 v11,
3606 2212 3678 2267 de

249 2287 574 2346 Arsenoitis
606 2304 624 2371 ς
654 2284 996 2362 Ὦμολόγουν
1046 2282 1105 2341 δὲ
1158 2283 1298 2347 τέως
1351 2285 1445 2340 τὸν
1506 2283 1807 2361 Γρηγόριον
1865 2283 2236 2361 πατριάρχην.
2291 2288 2461 2339 Τοῦτο
2516 2284 2618 2361 γὰρ
2673 2287 2738 2354 ἦν
2797 2286 3005 2361 ἐκείνῳ,
3061 2290 3153 2344 καὶ
3207 2292 3271 2345 τὸ
3300 2290 3361 2346 ἐκ
3387 2296 3664 2371 Γεωργίου

251 2375 552 2454 μοναχικὸν
584 2369 782 2448 ὄνομα.
815 2376 1150 2434 Fatebantur
1174 2384 1396 2432 eatenus
1427 2374 1752 2445 Gregorium
1807 2376 2228 2449 patriarcham;
2259 2374 2322 2431 id
2349 2391 2587 2447 namque
2631 2380 2749 2433 erat
2779 2377 2872 2433 illi
2897 2394 3117 2447 nomen,
3148 2382 3299 2452 quod
3308 2382 3362 2438 'a
3388 2369 3676 2457 Gregorio,

244 2468 373 2524 dum
400 2465 744 2525 monachum
770 2465 975 2532 induit,
1006 2464 1115 2522 sibi
1169 2468 1501 2536 sumpserat.
1535 2465 1792 2521 Primum
1821 2480 1923 2536 pro
1975 2465 2190 2520 Latinis
2250 2479 2364 2521 una
2419 2480 2550 2520 cum
2583 2464 2787 2534 Vecco,
2857 2467 3229 2537 Meliteniota,
3263 2477 3318 2527 et
3373 2471 3680 2533 Metocbita

250 2556 449 2628 sentit,
486 2554 782 2627 Gregoras
814 2555 887 2610 de
913 2553 1102 2611 Vecco
1145 2552 1252 2609 lib.
1287 2571 1324 2611 v
1358 2570 1371 2608 :
1416 2551 1518 2609 Καὶ
1566 2549 1767 2627 λέγων,
1816 2573 1865 2607 κε

2066 2572 2192 2630 ρων,
2243 2551 2334 2606 καὶ
2383 2549 2747 2627 δογματίζων,
2793 2547 2938 2628 ἔχων
2987 2555 3299 2632 συνεργοὺς,
3330 2559 3420 2613 καὶ
3465 2560 3681 2634 συλλή-

238 2663 440 2719 πτορας
494 2646 601 2697 τοῦ
650 2641 857 2717 ἀγῶνος
904 2639 998 2696 τόν
1045 2661 1106 2696 τε
1157 2638 1602 2712 Μελιτηνιώτην,
1652 2639 1742 2696 καὶ
1786 2639 1880 2695 τὸν
1926 2639 2237 2715 Μετοχίτην
2288 2636 2709 2716 ἀρχιδιακόνους
2760 2634 2916 2703 ὄντας
2963 2647 3059 2699 τοῦ
3111 2644 3399 2719 βασιλικοῦ
3437 2637 3673 2726 κλῆρου,

237 2732 325 2786 καὶ
353 2728 433 2787 ἔτι
468 2730 759 2807 Γεώργιον
790 2730 883 2785 τὸν
934 2727 997 2785 ἐκ
1042 2728 1283 2803 Κύπρου.
1318 2731 1381 2786 Et
1410 2729 1661 2799 dicendo,
1709 2733 1760 2787 et
1804 2746 1852 2786 st

2183 2734 2224 2785 et
2266 2729 2521 2799 dogmata
2570 2731 2858 2787 statuendo
2886 2733 3054 2805 :{ejus
3097 2738 3414 2793 certaminis
3462 2740 3676 2813 adjuto-
3786 2794 3798 2805 κ

238 2822 388 2879 ribus
416 2822 794 2888 Meliteniote,
829 2824 882 2877 et
937 2819 1225 2878 Metochite
1252 2821 1599 2892 imperatorii
1637 2820 1776 2875 cieri
1820 2818 2248 2891 archidiaconis,
2280 2827 2332 2874 et
2386 2819 2617 2890 insuper
2644 2821 2869 2892 Georgio
2920 2820 3139 2894 Cyprio.
3170 2823 3279 2880 Res
3334 2826 3504 2883 etiam
3532 2830 3677 2885 Lati-

240 2927 451 2967 norum
481 2914 752 2965 tutatum
786 2908 1102 2980 Georgium
1134 2907 1358 2964 indicat
1404 2907 1785 2981 Pachymeres
1813 2906 1853 2961 li

2063 2905 2197 2961 Τότε
2243 2909 2375 2981 γοῦν
2405 2904 2808 2994 Δδιαθεσθὲντων,
2856 2908 3197 2983 τιμηθέντων
3241 2908 3286 2966 δ’
3318 2911 3407 2968 ἐπὶ
3436 2913 3672 2994 καθέδρᾳ

237 2998 324 3055 καὶ
380 2998 603 3076 ἀμφοῖν
660 2994 875 3052 τούτοιν
926 2995 1003 3058 ὡς
1051 2994 1571 3071 συναγωνιζομένου)
1621 2998 1700 3067 τῷ
1753 2992 1969 3070 βασιλεῖ
2012 2998 2110 3049 τοῦ
2155 3014 2215 3049 τε
2263 2991 2653 3070 ἀρχιδιακόνου
2702 2995 3141 3068 Μελιτηνιώτου,
3184 2999 3276 3055 καὶ
3322 3006 3418 3056 τοῦ
3452 2991 3672 3081 πρωτα-

237 3085 620 3163 ποστολαρίου
679 3082 941 3160 Κυπρίοο,
971 3083 1001 3138 6
1032 3083 1219 3161 ῥήτωρ
1254 3084 1282 3139 ὁ
1329 3078 1646 3146 Ὀλόϐωλος
1698 3079 1888 3138 ἵστατο
1936 3079 2257 3159 προσδοκῶν
2307 3083 2407 3152 τὴν
2454 3083 2560 3139 ἀπὸ
2613 3082 2880 3160 βασιλέως
2927 3085 3258 3164 ἐκχώρησιν.
3313 3091 3449 3149 Cum
3486 3078 3675 3167 itaque

231 3178 523 3249 redissent,
567 3175 927 3246 honoratique
979 3177 1156 3231 essent
1180 3174 1437 3230 cathedra
1489 3174 1550 3230 hi
1578 3173 1760 3242 ambo,
1792 3178 2064 3246 tanquam
2113 3176 2209 3246 qui
2251 3174 2695 3247 su/fragarentur
2723 3178 3049 3248 imperatori
3074 3179 3494 3239 archidiaconus
3518 3185 3673 3242 Meli-

228 3268 454 3337 teniota,
487 3273 551 3322 et
580 3262 1078 3337 protapostolarius
1111 3262 1367 3336 Cyprius,
1398 3261 1588 3319 rhetor
1612 3262 1863 3319 Olobolus
1890 3266 2043 3318 stans
2071 3263 2142 3319 ab
2197 3264 2535 3336 imperatore
2565 3265 2845 3320 licentiam
2891 3268 3261 3339 exspectabat.
3295 3271 3405 3336 Qui
3436 3271 3536 3327 lib.
3570 3290 3670 3343 vn,

227 3368 345 3426 cap.
387 3355 485 3426 34,
514 3352 701 3409 refert
728 3352 994 3409 eumdem
1022 3350 1172 3421 apud
1214 3350 1383 3407 Italos
1439 3355 1660 3419 natum,
1694 3359 1748 3406 et
1776 3351 2033 3407 adultum
2064 3367 2187 3407 sese
2239 3354 2606 3423 postmodum
2653 3354 2805 3410 inter
2834 3353 3060 3411 Graecos
3089 3358 3421 3428 conjecisse.
3455 3359 3517 3413 Τί
3572 3381 3672 3416 πα·-

223 3438 422 3511 θόντες,
487 3437 989 3526 ἔλεγενηγθοουε
1022 3436 1283 3526 scilicet,
1344 3434 1442 3526 ea;
1495 3435 1589 3491 τὸν
1639 3436 1787 3526 παρὰ
1841 3436 2138 3526 Ῥωμαίοις
2168 3436 2285 3526 ’καὶ
2342 3437 2401 3494 ἐκ
2454 3439 2737 3512 Ῥωμαίων
2791 3441 3112 3517 γεννηθέντα
3162 3465 3222 3498 τε
3270 3444 3360 3500 καὶ
3409 3447 3672 3526 τραφέντα

221 3535 449 3607 συχναῖς
509 3520 963 3604 περιϐάλλοντες
1022 3521 1351 3602 λοιδορίαις,
1409 3522 1593 3581 ἔπειτα
1640 3524 1885 3604 φεύγετεο
1938 3523 2106 3601 ἄνδρα
2162 3524 2221 3582 δὲ
2267 3528 2396 3605 παρ’
2444 3525 2674 3590 Ἰταλοῖς
2733 3530 3071 3604 γεννηθέντα,
3121 3531 3212 3587 καὶ
3258 3520 3541 3612 τραφέντα,
3580 3538 3671 3593 καὶ

220 3615 368 3674 οὔπω
423 3622 631 3689 ταῦτα,
695 3611 843 3671 ἀλλᾶ
896 3615 988 3670 καὶ
1047 3612 1235 3676 αὐταῖς
1302 3613 1526 3676 στολαῖς
1573 3614 1665 3670 καὶ
1721 3612 1943 3692 γλώττῃ
1995 3614 2135 3693 πρὸς
2190 3617 2260 3671 τὰ
2304 3614 2547 3692 ἡμέτερα
2592 3619 3066 3695 παρεισφρήσαντα
3096 3619 3464 3699 εὐφημοῦντες
3509 3621 3666 3701 δέχε-

223 3717 374 3779 eoat;
412 3707 570 3779 Quid
595 3707 778 3780 passi,
809 3705 1018 3775 aiebat,
1048 3720 1137 3761 me
1164 3706 1313 3761 inter
1339 3705 1612 3762 Romanos
1667 3712 1722 3760 et
1749 3721 1820 3760 ex
1847 3705 2106 3761 Romanis
2128 3714 2344 3772 natum,
2392 3706 2753 3780 adultamque
2800 3708 3010 3765 crebris
3060 3713 3328 3768 conviciis
3369 3712 3662 3785 lacessitis,

214 3798 566 3867 postmodum
598 3795 842 3867 fugitis;
868 3794 1054 3850 virum
1082 3809 1207 3850 vero
1235 3794 1398 3865 apud
1426 3794 1602 3850 Italos
1628 3802 1852 3863 natum,
1881 3793 2259 3867 adultamque,
2289 3811 2467 3868 neque
2498 3794 2613 3852 haec
2658 3797 2855 3865 solum,
2885 3797 2979 3854 sed
3006 3800 3106 3870 qui
3153 3800 3492 3858 indumentis
3523 3803 3658 3875 ipsis

218 3890 268 3940 et
288 3886 490 3959 lingua
519 3884 600 3941 ad
624 3898 724 3941 vos
780 3883 1025 3955 irrepsit,
1047 3880 1419 3938 collaudantes
1468 3882 1777 3954 excipitis?
1805 3886 2007 3939 Postea
2048 3883 2260 3941 Graecis
2312 3884 2607 3941 adbterens
2636 3893 2762 3956 post
2823 3885 3061 3956 Josepbi
3089 3887 3385 3945 Galesiotae
3415 3889 3656 3961 obitum,

213 3972 343 4031 licet
374 3975 606 4032 Vaccus
638 3971 768 4044 ipse
797 3970 1006 4027 viveret
1064 3970 1275 4036 adhuc,
1304 3977 1358 4027 et
1404 3983 1595 4028 coram
1625 3972 1844 4040 synodo
1898 3986 2127 4028 causam
2168 3987 2330 4028 suam
2384 3973 2617 4041 diceret,
2655 3989 2755 4047 per
2804 3974 2938 4043 vim,
2971 3991 3039 4049 ac
3088 3976 3422 4048 nequitiam,
3449 3978 3657 4050 ipsius-

214 4078 318 4134 que
350 4063 533 4120 etiam
566 4059 807 4131 Georgii
859 4058 1237 4117 invidentiam
1268 4056 1488 4133 pulsus,
1519 4058 1581 4115 in
1637 4058 2014 4130 patriarcbale
2044 4061 2252 4117 solium
2309 4061 2618 4118 intrudilur
2646 4062 2771 4135 (a):
2805 4063 2897 4119 cui
2923 4063 3076 4133 justo
3140 4064 3242 4122 Dei
3264 4066 3483 4137 judicio
3540 4084 3659 4126 non

211 4152 394 4209 solum
426 4150 732 4216 hostibus,
764 4148 862 4204 sed
891 4148 1278 4216 amicissimis,
1304 4146 1510 4218 quibus
1563 4147 1855 4219 potissima
1901 4163 2141 4220 quaeque
2177 4149 2241 4205 in
2297 4148 2547 4207 Ecclesia
2592 4149 2929 4223 contulerat,
2950 4150 3185 4221 invisus,
3218 4169 3349 4210 cum
3386 4155 3661 4227 injuriam

206 4240 349 4299 {erro
380 4257 508 4299 non
540 4244 767 4312 posset,
802 4238 1105 4295 renunciat
1128 4236 1228 4311 (b),
1261 4245 1316 4292 et
1368 4252 1491 4293 sese
1522 4236 1585 4292 in
1624 4237 1876 4308 Deiparae
1908 4238 2268 4311 Hodegorum
2314 4240 2477 4295 dictae
2536 4240 2945 4297 monasterium
2975 4242 3212 4311 confert,
3244 4250 3300 4299 et
3328 4245 3658 4303 non-multo

202 4337 321 4400 post
356 4345 545 4402 pmpe
575 4327 703 4385 divi
758 4326 1000 4383 Andreae
1030 4324 1442 4383 monasterium
1498 4326 1757 4382 moritur.
1817 4327 1918 4382 Vir
1946 4326 2052 4383 fuit
2105 4327 2369 4384 acerrimi
2420 4328 2656 4398 ingenii,
2707 4329 3033 4401 facundus,
3071 4331 3346 4402 eloquens
3394 4340 3451 4389 et
3496 4349 3660 4404 paene

202 4416 444 4479 dixerim
478 4416 826 4490 disciplinis
880 4414 1151 4472 omnibus
1207 4413 1479 4471 imbutus.
1530 4415 1808 4487 Georgius
1859 4416 2259 4487 Pacbymeres,
2294 4417 2393 4473 lib.
2450 4434 2553 4483 vn,
2575 4418 2645 4474 de
2693 4418 3018 4476 Andronico
3048 4421 3308 4477 seniore:
3342 4417 3656 4495 Ἐκλέγεται

203 4503 295 4576 μὲν
355 4506 437 4569 εἰς
491 4502 864 4582 πατριάρχην
909 4502 1001 4558 τὸν
1055 4500 1116 4558 ἐκ
1170 4500 1389 4578 Κύπρου
1447 4502 1715 4578 Γεώργιον
1749 4546 1764 4573 ,
1819 4499 1982 4579 ἄνδρα
2037 4502 2227 4579 λόγοις
2285 4502 2635 4583 ἐντραφέντα,
2683 4505 2774 4560 καὶ
2835 4504 3101 4584 σφραγῖδα
3155 4512 3251 4562 τοῦ
3310 4508 3655 4586 πατριάρχου

199 4590 398 4671 Ἰωσήφ
460 4593 737 4673 φέροντα,
788 4590 852 4646 τὸ
905 4595 1003 4646 τοῦ
1058 4587 1653 4667 πρωτοαποστολαρίου
1711 4589 1787 4653 εἰς
1843 4591 2150 4668 ἀνακτόρων
2205 4591 2593 4672 ἐπιφερόμενον
2647 4591 2959 4667 σημείωμα·
3011 4596 3107 4649 κάν
3150 4594 3330 4670 τούτῳ
3373 4596 3467 4669 μὲν
3498 4595 3654 4669 δόξας

200 4678 531 4763 Ἰωσηφίτας
570 4683 681 4756 μὲν
735 4679 796 4735 ἐκ
839 4686 940 4750 τῆς
989 4676 1281 4758 σφραγῖδος
1334 4679 1791 4753 ὑποποιούμενος,
1846 4679 2200 4755 Ἀρσενιώτας
2246 4680 2305 4737 δὲ
2340 4686 2419 4754 τῷ
2472 4683 2548 4754 μὴ
2600 4683 2737 4738 κατὰ
2780 4683 2848 4736 τὰ
2893 4679 3284 4758 διατεταγμένα
3327 4689 3406 4757 τῷ
3451 4687 3654 4765 Ἰωσὴφ

199 4769 387 4844 ἐπὶ
415 4767 745 4842 Ἐκκλησία
803 4773 1110 4845 συγχωρεῖν
1159 4768 1420 4844 γίνεσθαι.
1450 4771 1618 4842 Eligit
1668 4785 1814 4842 porri

2041 4772 2358 4828 ttriarcham
2417 4772 2701 4844 Georgium
2754 4774 3042 4845 Cyprium,
3070 4777 3256 4829 virum
3310 4777 3656 4832 sermonibus

200 4865 570 4932 innutritum,
607 4865 672 4917 et
702 4859 1020 4916 ordinatum
1048 4876 1085 4914 a
1112 4858 1442 4930 patriarcha
1493 4858 1740 4931 Josepho,
1767 4861 2253 4933 protoapostolarii
2306 4861 2570 4933 dignitate
2603 4863 2662 4917 in
2710 4864 2927 4934 palatio
2980 4863 3435 4919 condecoratum:
3469 4867 3531 4920 in
3559 4865 3659 4922 hoc

195 4954 365 5008 etiam
396 4955 561 5009 visus
588 4948 907 5021 Josephitas
933 4965 1004 5005 ea:
1052 4947 1398 5005 ordinatione
1449 4949 1560 5005 sibi
1613 4949 1938 5017 conciliare,
1967 4951 2278 5005 Arsenoitas
2333 4952 2524 5021 etiam,
2557 4951 2698 5023 quod
2750 4967 2859 5007 non
2915 4953 3215 5008 secundum
3268 4955 3593 5025 praescripta
3624 4971 3659 5010 a

199 5040 426 5115 Jorepho
457 5044 522 5098 in
556 5039 815 5096 Ecclesia
869 5054 974 5094 usu
1028 5039 1254 5109 exsequi
1276 5039 1636 5110 permitteret.
1684 5037 1814 5108 Greg

2044 5038 2097 5094 b.
2148 5055 2241 5094 VI:
2276 5036 2374 5090 Καὶ
2404 5039 2470 5105 ἦν
2528 5041 2827 5107 τηνικαῦτα
2876 5037 3010 5115 ἀνὴρ
3065 5037 3117 5092 ἐν
3168 5035 3359 5113 λόγοις
3386 5038 3657 5112 ἐπίσημος

200 5132 273 5200 τῷ
305 5128 599 5204 βασιλικῷ
665 5122 1186 5202 συγκατειλεγμένος
1244 5122 1442 5201 κλήρῳ
1471 5124 1742 5201 Γεώργιος
1800 5125 1828 5179 6
1886 5123 1946 5179 ἐκ
1975 5123 2218 5201 Κύπρου,
2263 5126 2322 5187 ’ὸς
2370 5124 2465 5180 τὸν
2494 5124 2546 5180 ἐν
2593 5130 2712 5188 ταῖς
2769 5131 3005 5204 γραφαῖς
3038 5125 3220 5202 εὐγενῆ
3252 5134 3354 5196 τῆς
3383 5125 3654 5191 Ἑλλάδος

204 5214 435 5292 ῥυθμὸν,
465 5216 565 5274 καὶ
614 5215 731 5284 τὴν
786 5213 1187 5284 Ἀττικίζουσαν
1232 5211 1484 5289 γλῶσσαν
1528 5210 1732 5283 ἐκείνην
1776 5211 1945 5269 πάλαι
1994 5212 2170 5269 πολὺν
2220 5210 2329 5284 ἤδη
2381 5212 2582 5289 χρόνον
2630 5210 2810 5285 λήθης
2859 5209 3119 5285 κρυϐἐντα
3170 5215 3393 5291 βυθοῖς,
3444 5214 3656 5294 φύσεως

206 5300 500 5381 δεξιότητι,
555 5304 657 5361 καὶ
712 5301 1011 5382 φιλοπονίᾳ
1064 5300 1369 5379 τελεωτέρα
1414 5301 1551 5378 πρὸς
1600 5306 1714 5380 φῶς
1763 5298 1954 5379 ἤγαγε,
2001 5302 2091 5358 καὶ
2144 5301 2309 5358 οἱονεί
2354 5322 2473 5357 τινα
2520 5301 2812 5379 ἐχαρίσατο
2858 5298 3168 5360 ἀναϐίωσιν.
3216 5307 3414 5359 Τοῦτον
3463 5302 3655 5377 ἐμελέ-

205 5395 335 5466 τησὲ
387 5415 473 5469 τε,
528 5395 628 5451 καὶ
687 5391 1115 5467 προύτεθύμητο
1172 5389 1226 5454 ἐς
1284 5391 1374 5446 τὸν
1434 5392 1830 5468 πατριαρχικὸν
1885 5393 2171 5468 ἀναγαγεῖν
2230 5390 2420 5468 θρόνον
2482 5391 2510 5445 6
2573 5390 2861 5467 βασιλεὺς,
2915 5390 3035 5470 ἄρτι
3091 5394 3182 5448 καὶ
3231 5393 3293 5448 τὸ
3355 5394 3652 5469 μοναχικὸν

294 5575 374 5651 (a)
403 5580 475 5634 Δ.
508 5575 575 5635 G.
610 5574 790 5632 1283.

2074 5571 2155 5647 (b)
2186 5573 2253 5630 A.
2289 5569 2446 5629 1289.

498 5705 783 5765 Paraon.
837 5699 948 5763 Gn.
993 5699 1229 5767 CXLII.
3337 5700 3367 5772 1
