4090 6440
311 375 376 429 ll
1259 371 1652 433 GEORGIUS
1699 369 2039 432 CYPRIUS
2085 369 2203 430 ΟΡ.
2250 369 2786 432 PATRIARCHA.
3664 375 3739 434 12

304 496 676 572 ἀλλαξάμενον
722 502 933 575 σχῆμα·
976 499 1122 567 πλὴν
1174 499 1282 575 οὐχ
1335 499 1423 553 ὑπ’
1471 496 1689 560 οὐδενὸς
1737 503 1843 553 τῶν
1896 500 2143 553 ἁπάντων
2190 492 2450 554 ἐϐούλετο
2500 501 2601 568 τήν
2635 498 2976 577 χειροθεσίαν
3028 498 3188 556 αὐτὸν
3233 498 3517 577 εἰληχέναι
3548 500 3743 561 ὁπόσοι

307 594 368 665 νῇ
412 594 511 644 τοῦ
567 587 843 665 δόγματος
903 588 1226 662 καινοτομίᾳ
1283 591 1768 660 κεκοινωνήκεσαν,
1828 585 1956 643 ἀλλ’
2013 588 2089 650 ὡς
2147 587 2517 658 ἀκοινώνητον
2575 589 2761 645 έαῦτὸν
2813 591 3171 666 συνετήρησεν
3204 633 3224 664 ,
3314 589 3392 652 ὡς
3432 588 3740 647 κινυνεύειν

331 683 540 743 ντεῦθεν
596 676 875 755 βραδύνειν
919 680 987 734 τὰ
1032 685 1133 747 τῆς
1183 676 1451 748 σπουδῆς.
1506 673 1834 754 Προεϐλήθη
1897 677 2079 750 μέντοι
2129 678 2276 755 ποιρᾶ
2323 682 2423 733 τοῦ
2477 676 2747 752 βασιλέως
2800 678 2935 753 μετὰ
2982 678 3081 741 τὰς
3108 679 3348 757 ψήφους,
3400 679 3491 734 καὶ
3538 699 3742 754 μαρτυ-

306 766 425 857 ρίας
481 767 578 828 τὰς
642 765 991 846 ὀφειλούσας,
1048 766 1138 822 καὶ
1198 768 1299 835 τήν
1354 768 1716 840 ποιμαντικὴν
1773 760 1970 842 ῥάϐδον
2030 765 2117 821 ἐπὶ
2173 771 2271 821 τοῦ
2336 764 2625 842 βασιλικοῦ
2686 767 2937 844 βήματος
2986 768 3133 843 παρὰ
3165 774 3269 838 τῆς
3311 770 3412 823 τοῦ
3468 767 3741 842 βασιλέως

307 852 521 934 εἰλήφει
581 855 793 931 χειρὸς,
850 857 988 910 κατά
1039 855 1103 910 τὸ
1150 854 1322 910 πάλαι
1369 858 1639 932 κρατῆσαν
1691 852 1832 917 ἔθος.
1882 856 1981 910 Καὶ
2023 857 2089 924 ἦν
2137 852 2448 931 διενεργῶν,
2494 856 2585 911 καὶ
2639 853 2860 912 διοικῶν
2908 853 3047 911 ἔστιν
3095 855 3128 911 ἃ
3162 861 3273 912 τῶν
3319 860 3736 933 πατριαρχικῶν

309 942 530 999 δικαίων
562 943 660 999 ὅσα
690 944 796 1021 οὐχ
825 942 1128 1019 ἱερωσύνης
1172 941 1367 1000 ἐδεῖτο.
1418 949 1565 1001 Erat
1616 949 1806 1001 autem
1868 949 1924 1000 tu

2124 946 2254 1014 igni
2308 946 2399 1001 vir
2452 946 2744 1016 facundia,
2776 962 2850 1001 ea:
2904 947 3248 1017 imperatorii
3293 946 3432 1003 cleri
3483 944 3739 1017 collegio,

313 1034 570 1106 Georgius
602 1032 861 1106 Cyprius,
893 1036 990 1106 qui
1016 1034 1296 1107 elegantes
1323 1032 1520 1091 Graeca
1571 1034 1912 1090 litteraturae
1964 1049 2246 1099 numeros,
2270 1036 2325 1089 et
2352 1033 2587 1089 Atticam
2633 1034 2795 1090 illam
2827 1034 3107 1104 .linguam
3165 1033 3328 1104 longo
3347 1035 3473 1107 jam
3498 1038 3742 1106 tempore

309 1125 604 1181 oblivionis
632 1127 850 1195 gurgite
878 1123 1185 1179 demersam
1213 1124 1430 1194 ingenii
1475 1124 1819 1188 dexteritate,
1854 1139 1918 1178 ac
1946 1123 2229 1193 singulari
2253 1121 2434 1178 studio
2492 1124 2554 1178 in
2583 1122 2765 1178 lucem
2816 1122 3101 1195 produxit,
3134 1140 3206 1181 ac
3231 1127 3382 1181 velut
3434 1124 3502 1180 ab
3539 1124 3739 1195 inferis

309 1213 608 1268 revocavit.
643 1214 798 1268 Hunc
819 1228 945 1267 cum
973 1228 1086 1269 non
1115 1214 1196 1268 ita
1219 1212 1438 1283 pridem
1463 1212 1829 1268 monasticam
1857 1212 2110 1266 habitum
2138 1210 2428 1279 induisset,
2460 1213 2522 1267 in
2550 1213 2738 1269 animo
2756 1210 3008 1279 habebat,
3039 1216 3093 1269 et
3119 1212 3373 1269 studebat
3413 1214 3736 1283 imperator,

309 1302 381 1358 ad
407 1302 848 1374 patriarchicum
872 1302 1077 1358 solium
1104 1302 1323 1357 evehere
1339 1318 1360 1362 ,·
1392 1318 1428 1356 a
1454 1302 1673 1357 nemine
1702 1310 1887 1356 tamen
1927 1315 2117 1356 eorum
2147 1301 2239 1356 illi
2291 1316 2489 1356 manus
2517 1302 2730 1373 imponi
2759 1302 2969 1358 volebat
2997 1303 3095 1373 qui
3120 1317 3326 1359 novum
3349 1300 3495 1358 illud
3540 1300 3740 1371 dogma

308 1392 558 1462 amplexi
582 1392 814 1460 fuissent
838 1408 850 1445 :
882 1394 945 1444 ut
968 1391 1277 1461 periculum
1303 1394 1558 1459 esset,’ne
1586 1406 1677 1445 res
1729 1390 1946 1444 diutius
1975 1388 2325 1461 differretur.
2376 1389 2472 1444 Est
2500 1394 2691 1446 tamen
2722 1390 2790 1446 ab
2818 1392 3155 1463 imperatore
3178 1399 3298 1463 post
3323 1390 3506 1448 debita
3532 1391 3738 1463 suffra-

310 1481 426 1551 gia,
458 1488 511 1535 et
539 1481 855 1535 testimonia
910 1478 1266 1548 designatus,-
1298 1487 1351 1534 et
1398 1480 1677 1550 pastorale
1700 1479 1907 1551 pedum
1963 1480 2024 1534 in
2053 1479 2409 1550 imperatorio
2435 1482 2713 1549 suggestu,
2742 1481 2916 1535 veteri
2967 1496 3125 1537 more
3151 1481 3219 1535 ab
3254 1482 3584 1552 imperatore
3608 1496 3737 1552 por-

310 1576 537 1636 rectum,
569 1570 791 1641 accepit.
824 1568 1063 1625 Proinde
1116 1569 1349 1639 negotiis
1402 1569 1670 1634 intentus,
1702 1567 2083 1639 patriarchica
2117 1568 2274 1640 jura,
2306 1582 2434 1638 quae
2486 1584 2613 1623 cum
2665 1568 2967 1626 sacerdotio
3016 1569 3162 1625 nihil
3189 1569 3546 1641 conjunctum
3580 1568 3742 1624 habe-

314 1659 469 1730 bant,
495 1657 943 1713 administrabat.
970 1656 1051 1713 De
1080 1656 1203 1728 ejus
1251 1656 1633 1727 patriarcham
1682 1656 2108 1725 Pachymerius,
2146 1656 2225 1711 lib
2254 1672 2370 1711 vn:
2403 1657 2571 1727 Eligit
2624 1657 2687 1712 in
2710 1657 3092 1728 patriarcham
3148 1656 3446 1730 Georgium
3472 1675 3504 1714 e
3538 1657 3737 1730 Cypro,

313 1749 593 1804 hominem
637 1748 950 1819 eloquentia
996 1748 1323 1815 enutritum,
1357 1762 1391 1800 a
1446 1744 1684 1817 Josepho
1748 1746 2075 1815 patriarcha
2153 1744 2495 1812 ordinatum,
2552 1749 2605 1801 et
2661 1745 2930 1817 dignitate
2982 1748 3442 1820 protapostolarii
3493 1748 3557 1803 in
3583 1748 3741 1819 regia

310 1839 661 1907 insignitum.
686 1836 747 1890 In
777 1835 875 1892 hoc
903 1836 1076 1891 etiam
1102 1836 1408 1907 Josephitas
1436 1851 1509 1890 ea:
1562 1834 1926 1903 ordinatione,
1956 1842 2018 1890 ut
2044 1833 2355 1903 videbatur,
2386 1836 2496 1890 sibi
2523 1836 2828 1892 concilium
2852 1854 2867 1905 ;
2924 1838 3243 1895 Arsenoitas
3300 1854 3426 1894 vero
3453 1837 3596 1910 quod
3624 1852 3736 1894 non

309 1928 397 1983 uti
422 1927 779 1983 constituerat
800 1925 1082 1996 Josephus,
1115 1926 1177 1981 in.
1207 1925 1460 1981 Ecclesia
1486 1925 1614 1996 ﬁeri
1630 1925 1992 1997 permitteret.
2019 1925 2088 1980 Et
2116 1924 2477 1997 Ephrtemius
2498 1925 2563 1981 in
2591 1924 2876 1982 Chronico
2900 1941 2915 1979 :

532 2064 703 2142 Πεὶλιν
736 2065 938 2142 ξιωσῂφ
965 2059 1347 2142 ἀπολαμϐάνει
1368 2064 1586 2142 θρόνον·
1612 2134 1621 2142 .
2222 2061 2448 2142 Ἐλθὼν⁸
2454 2069 2704 2142 κατοικεῖ
2731 2064 2879 2142 πρὸς.
2897 2064 3060 2142 πόλιν
3088 2065 3517 2142 Κωνσταντίνου.

533 2086 703 2121 ιιαΛιν
740 2086 938 2142 νιωσηφ
965 2086 1145 2119 αποΛα
1196 2086 1347 2120 οανει
1376 2086 1586 2141 υρονονσ
2240 2086 2428 2119 ιιΛυων
2460 2086 2703 2120 κατοικει
2731 2086 2868 2142 προς
2897 2086 3060 2121 ποΛιν
3091 2086 3386 2121 ιεωνσταντι

531 2135 711 2212 Οὗπερ
741 2134 999 2212 λιπόντος
1017 2136 1108 2191 τὸν
1147 2086 1263 2212 βίον
1293 2135 1383 2191 καὶ
1415 2135 1506 2190 τὸν
1528 2134 1737 2212 θρόνον,
2225 2134 2392 2212 Αὐτὸν
2424 2133 2481 2191 δὲ
2513 2138 2827 2212 μαθήμασιν
2861 2134 3047 2212 ἐνδοὺς
3079 2137 3168 2212 καὶ
3199 2136 3386 2212 πόνοις

532 2206 709 2286 Σοφός
738 2228 821 2270 τις
852 2207 986 2286 avi”:
1022 2206 1327 2286 Ιξρηγόριος
1358 2206 1656 2286 Κυπρόθεν,
1722 2206 1729 2209 ⁷
2223 2207 2450 2286 ᾉφῖκτο
2485 2206 2622 2286 πρὸς
2650 2206 2798 2286 μέγα
2826 2230 2878 2263 τι
2908 2206 3157 2272 παιδείας
3192 2208 3377 2286 βάθος.

530 2277 709 2359 λόγον
738 2282 917 2356 σοφῶν
944 2277 1233 2359 “patentia;
1248 2283 1462 2359 μουσῴν
1482 2277 1664 2359 λὲστία,
2382 2277 2961 2359 καταστὰςγνῴριμος
2991 2277 3336 2359 στεφηιρόρῳ,

532 2300 709 2354 Λογον
738 2300 917 2356 σοφων
955 2300 1210 2351 μαιευμα,
1248 2300 1462 2348 μουσων
1498 2300 1664 2350 εστια,
2221 2300 2357 2333 πειτα
2382 2300 2649 2342 καταστας
2718 2300 2961 2354 νωριμος
2991 2300 3336 2359 στεφηφορῳ,

532 2351 626 2413 Εἷς
657 2354 1012 2475 πατριαρέὦν
1046 2345 1371 2420 ἀνεϐιϐάσθη
1404 2349 1615 2425 θρόνον,
2217 2349 2318 2404 Καὶ
2344 2352 2622 2426 ωνταγείς
2652 2300 2850 2426 κλήρῳ
2881 2372 2947 2427 γε
2972 2355 3073 2429 τρῦ
3102 2353 3374 2408 παΛατίου

532 2423 714 2475 Ὅστις
744 2440 906 2475 πατοι
946 2443 1026 2475 oc.
1058 2422 1148 2475 καὶ
1179 2427 1453 2475 πατοιπῆς
1484 2421 1659 2475 οἰκίας
2214 2421 2547 2475 Ἀογιθύτης
2576 2423 2781 2475 πέφηνε
2809 2422 2910 2475 τῆς
2940 2423 3359 2475 Κωνσταντίνου-

531 2423 714 2513 ἒΟσ-τις
744 2421 1026 2513 πατρίδος,
1058 2422 1148 2507 καὶ
1179 2421 1453 2509 πατριπῆς
1484 2421 1659 2511 οἰκίας
2210 2421 2547 2513 Ἀρχιθύτης
2576 2421 2781 2510 πέιρηνε
2940 2421 3340 2513 ξωνσταντίνου

561 2468 712 2484 ---η
752 2468 847 2476 η..-
894 2468 1002 2483 .--η
1060 2468 1148 2475 .._-
1186 2468 1280 2476 .-ν
1432 2468 1453 2482 τ
1488 2468 1658 2483 --.πη
2231 2468 2276 2478 .-
2364 2468 2495 2477 η-..
2523 2468 2546 2484 ,
2585 2468 2644 2477 ..-
2695 2468 2706 2477 .
2737 2468 2781 2477 .-
2820 2468 2909 2485 η,
2940 2468 3338 2479 .....-.......--

532 2495 728 2585 (1)073th
753 2468 991 2585 ﬁndipg'aq
1014 2468 1148 2554 ’παῖς
1171 2491 1257 2583 ἔτι
1287 2468 1392 2547 που
1411 2468 1707 2581 ’τυγχάνων
2210 2468 2423 2548 raram
2458 2468 2721 2569 μδναχέυί
2745 2468 2877 2571 πρὶιί
2903 2493 3199 2567 τελεσθεὶς,
3233 2496 3310 2559 ὡς
3342 2468 3479 2561 ἐθος.

531 2563 875 2627 Παίδεύσεως
905 2563 1065 2639 ἔρωτι
1096 2564 1187 2619 καὶ
1222 2563 1566 2637 μαθημάτων

314 2729 552 2783 Rursum
577 2725 837 2798 Josephus
864 2726 1122 2782 thronum
1175 2726 1393 2796 recipit,
1418 2727 1471 2780 et
1499 2740 1624 2779 cum
1679 2725 1855 2780 vitam
1909 2724 2275 2796 thronumque
2330 2725 2688 2797 deposuisset,
2728 2728 2948 2799 sapiens
2975 2727 3206 2798 quidam
3233 2728 3324 2782 uir
3352 2725 3655 2797 Gregorius
3679 2744 3751 2785 ea:

313 2821 512 2888 Cypro,
544 2831 857 2872 sermonum
914 2816 1221 2886 sapientum
1249 2815 1529 2879 alumnus,
1560 2817 1614 2869 et
1666 2814 1948 2869 Musarum
1993 2815 2332 2880 sacrarium,
2365 2816 2427 2869 in
2480 2814 2741 2871 thronum
2796 2815 3235 2886 patriarchalem
3280 2815 3551 2882 evehitur,
3586 2819 3685 2890 qui
3716 2836 3752 2876 a

314 2908 504 2978 prima
531 2912 697 2962 aetate
724 2906 914 2976 patria
967 2912 1303 2976 paterneque
1331 2904 1490 2958 domo
1542 2904 1787 2958 extorris
1837 2902 2169 2958 eruditionis
2197 2919 2262 2958 ac
2314 2903 2708 2959 mathematum
2757 2920 2943 2961 amore
2994 2906 3262 2975 ﬂagrans,
3294 2904 3366 2960 ad
3397 2904 3751 2963 Constantini

319 2995 513 3051 urbem
537 3010 593 3049 se
620 2995 814 3065 recipit
832 3009 852 3053 ;
882 2994 997 3057 ubi,
1028 2992 1343 3064 disciplinis
1372 2996 1423 3048 et
1453 2991 1729 3048 laboribus
1752 2991 1986 3062 deditus,
2018 2993 2081 3047 in
2110 3006 2373 3063 magnum
2401 2993 2695 3064 sapientiae
2739 2993 2957 3049 culmen
2984 2996 3254 3065 pervenit.
3293 2993 3539 3050 Tandem
3566 2995 3748 3068 impe-

320 3084 499 3139 ratori
528 3083 788 3148 innotuit,
821 3085 878 3135 et
913 3081 1055 3136 clero
1083 3082 1283 3152 palatii
1310 3082 1601 3151 ascriptus,
1630 3081 1840 3152 prmsul
1874 3080 2509 3152 Constantinopolitanus
2554 3083 2818 3153 efficitur,
2848 3097 2977 3138 cum
2997 3084 3182 3154 prius,
3214 3087 3273 3138 ut
3305 3086 3477 3139 moris
3503 3092 3604 3153 est,
3634 3101 3748 3142 mo-

321 3173 596 3227 nasticam
630 3169 880 3224 habitum
908 3168 1194 3224 induisset.
1227 3170 1374 3225 Hinc
1402 3170 1546 3224 mira
1575 3170 1799 3240 Georgii
1851 3169 2137 3241 Phranzaa,
2178 3169 2278 3225 lib.
2311 3186 2351 3235 ι,
2382 3185 2509 3240 cap.
2538 3170 2593 3240 7,
2616 3171 2914 3228 oscitantia
2940 3172 3448 3231 animadvertenda
3497 3180 3602 3242 est,
3647 3172 3746 3245 qui

320 3261 385 3315 in
413 3259 558 3314 serie
586 3258 1039 3329 patriarcharum
1067 3257 1292 3313 nullum
1324 3257 1477 3311 hunc
1508 3257 1838 3327 Gregorium
1872 3258 2077 3328 posuit,
2111 3257 2208 3312 sed
2247 3256 2482 3313 scribit:
2519 3258 2745 3315 Veccum
2770 3261 3147 3331 patriarcham
3175 3276 3285 3317 sua
3303 3260 3431 3317 sede
3457 3261 3747 3334 depulsum

319 3348 617 3404 monachus
645 3345 872 3418 quidam
898 3345 1239 3400 Athanasius
1294 3344 1516 3399 nomine
1570 3344 1798 3415 excepit.
1834 3345 1995 3411 Quod
2026 3344 2246 3401 homini
2305 3345 2473 3403 rebus
2513 3347 2880 3405 saecularibus
2936 3349 3176 3416 intento,
3209 3364 3317 3405 nec
3344 3348 3747 3408 ecclesiasticis

323 3436 570 3493 multum
597 3434 808 3505 dedito,
841 3433 979 3504 quin
1036 3431 1366 3488 infortuniis
1412 3447 1479 3488 ac
1509 3432 1660 3488 mala
1687 3431 2014 3489 valetudine
2066 3434 2263 3501 fracto,
2296 3435 2574 3493 excidisse
2602 3434 2686 3492 nil
2735 3437 2966 3494 mirum.
3013 3437 3331 3495 Aristotelis
3383 3437 3753 3511 Platonisque

323 3524 548 3595 scriptis
594 3522 1069 3593 addictissimum,
1100 3537 1288 3594 neque
1328 3521 1389 3576 in
1440 3520 1557 3576 illis
1587 3521 1913 3577 excolendis
1969 3520 2157 3577 oleum
2204 3531 2301 3578 aut
2354 3539 2586 3596 operam
2645 3527 2978 3597 perdidisse,
3030 3525 3197 3582 tradit
3224 3529 3476 3583 Joannes
3503 3521 3747 3596 Vecous,

321 3620 461 3671 orat.
488 3612 667 3683 prima
719 3612 788 3666 ad
827 3610 1297 3667 Constantinum:
1332 3612 1456 3671 Πῶς
1489 3610 1551 3664 τὸ
1612 3607 1936 3685 Ἀριστοτελι

2181 3610 2271 3665 καὶ
2333 3609 2547 3687 μεγάλα
2576 3611 2831 3668 Πλάτωνι
2917 3613 3358 3690 ἐγκαυχώμενον.
3390 3616 3460 3672 At
3515 3632 3755 3688 quanam

322 3703 540 3759 ratione
566 3701 981 3756 Aristotelicum
1036 3702 1109 3768 te,
1139 3702 1193 3754 et
1231 3702 1476 3755 maxime
1532 3699 1596 3755 ob
1648 3700 1934 3756 Platonem

2138 3699 2399 3757 bundum.
2431 3703 2529 3759 Et:
2565 3701 2628 3756 Εἰ
2665 3704 2739 3776 μή
2794 3701 2903 3757 πού
2929 3723 3013 3765 τις
3047 3699 3508 3777 ’Δριστοτελικοῖς
3563 3715 3753 3768 πειθο-

327 3809 488 3863 μενος
521 3784 781 3863 δόγμασιν
840 3787 1028 3840 ὁποῖον
1086 3784 1243 3840 αὐτόν
1276 3806 1334 3839 σε
1362 3785 1492 3841 εἶναι
1526 3784 1680 3862 λόγοι
1728 3791 1942 3863 παριστί

2197 3788 2303 3847 σοί.
2338 3790 2460 3846 Nisi
2488 3793 2615 3863 quis
2644 3793 3011 3850 Aristotelicis
3038 3795 3197 3849 nisus
3241 3794 3483 3865 placitis,
3537 3795 3756 3868 qualem

321 3884 377 3936 te
432 3878 911 3935 commentationes
938 3881 1056 3933 tuae
1113 3876 1512 3939 demonstrant.
1567 3876 1936 3949 Pachymeres
1965 3878 2037 3933 de
2089 3878 2211 3947 ejus
2270 3888 2469 3946 morte,
2500 3879 2601 3937 lib.
2634 3899 2731 3938 VIII
2788 3883 2951 3951 Hist.,
2985 3898 3109 3954 cap.
3162 3883 3267 3940 16:
3298 3880 3516 3936 Τούτων
3576 3881 3750 3946 οὕτως

324 3965 561 4041 ἐχόντων
612 3967 641 4020 ὁ
702 3966 796 4037 μὲν
850 3961 1285 4039 πατριαρχεύσας
1342 3964 1641 4040 Γρηγόριος
1697 3963 1839 4037 νόσῳ
1896 3962 2240 4041 πολυημέρῳ
2288 3967 2689 4044 κατεργασθεὶς,
2744 3969 2819 4032 ὡς
2864 3966 2923 4025 δέ
2963 3990 3103 4032 τινες
3154 3967 3364 4045 ἔλεγον,
3395 3967 3611 4025 καὶδιᾶ
3652 3971 3754 4039 τὴν

322 4055 620 4132 παρόρασιν
648 4053 708 4108 ἐκ
740 4051 1107 4129 μικροψυχίας
1145 4053 1258 4125 μετ’
1306 4052 1369 4107 οὐ
1421 4052 1567 4107 πολὺ
1613 4051 1839 4124 τελευτᾷ
1881 4054 1975 4108 τὸν
2029 4052 2164 4130 βίον.
2216 4055 2315 4108 Καὶ
2364 4055 2428 4110 τὸ
2481 4055 2576 4129 μὲν
2622 4055 2674 4111 ἐν
2705 4054 3058 4132 ψαλμῳδίαις
3096 4060 3315 4123 θάπτειν
3342 4059 3479 4114 κατὰ
3504 4059 3570 4114 τὸ
3601 4057 3747 4123 εἰκὸς

325 4142 555 4214 ἐδίδουν,
584 4142 648 4198 τὸ
679 4139 737 4197 δὲ
766 4142 839 4204 ὡς
891 4139 1167 4217 ἀρχιερέα,
1223 4140 1404 4218 ὥσπερ
1455 4139 1521 4210 δὴ
1573 4142 1817 4205 κάκεῖνος
1871 4138 2008 4214 ᾤετο
2054 4143 2152 4212 τὴν
2198 4143 2497 4219 ἱερωσύνην
2542 4144 2937 4223 παρακατέχων
2998 4146 3233 4222 συχνοὺς
3278 4148 3307 4203 ὁ
3353 4150 3566 4224 κρατῶν
3606 4146 3747 4202 ἀπο-

324 4231 567 4288 στέλλων
622 4228 874 4305 ἆπέλεγε,
932 4229 1021 4284 καὶ
1077 4232 1145 4303 τῇ
1203 4229 1492 4305 αὐτανεψιᾷ
1546 4228 1876 4300 ἐπέσκηπτεν
1933 4230 2248 4302 ἐπιτάττων,
2302 4230 2425 4301 ἥτις
2479 4234 2546 4303 ἦν
2592 4236 2627 4304 ἡ
2679 4232 3017 4308 Ῥαούλαινα,
3071 4236 3147 4309 μὴ
3189 4256 3242 4290 τι
3287 4239 3538 4291 τοιοῦτον
3566 4233 3748 4291 ἐπιτε-

329 4321 462 4393 λεῖν,
494 4320 523 4375 ὃ
554 4317 622 4388 δὴ
655 4319 744 4374 καὶ
768 4317 994 4394 γίνεται.
1017 4320 1143 4375 Haec
1171 4335 1295 4375 cum
1324 4322 1409 4376 ita
1435 4337 1492 4376 se
1543 4321 1824 4387 haberent,
1857 4322 1944 4378 Grc

2134 4338 2170 4389 ς,
2204 4323 2302 4393 qui
2355 4326 2482 4379 ante
2534 4325 2869 4395 patriarcha
2896 4327 3103 4398 fuerat,
3135 4325 3322 4383 morbo
3364 4325 3582 4383 diutino
3619 4341 3749 4382 con-

326 4414 519 4484 fectus,
550 4420 608 4466 at
636 4426 761 4466 vero
806 4409 1065 4465 nonnulli
1093 4408 1360 4478 dicebant,
1416 4409 1562 4482 quod
1609 4411 1889 4466 contemni
1914 4426 1974 4466 se
2024 4410 2252 4478 videret,
2284 4427 2357 4466 ea:
2382 4412 2847 4482 pusillanimitate
2872 4430 2984 4470 non
3013 4416 3188 4470 multo
3216 4423 3340 4487 post
3384 4416 3559 4471 vitam
3604 4414 3749 4485 ﬁnit,

328 4509 379 4556 et
407 4502 556 4571 iusta
583 4500 694 4565 illi,
725 4500 810 4553 uti
832 4515 942 4569 par
968 4499 1106 4566 erat,
1133 4514 1257 4553 cum
1286 4498 1517 4554 canticis
1545 4500 1674 4570 ﬁeri
1701 4499 2082 4570 concedebant,
2113 4502 2168 4554 at
2195 4515 2307 4555 non
2336 4507 2398 4555 ut
2430 4502 2708 4573 pontiﬁci,
2742 4502 3211 4575 quemadmodum
3255 4503 3354 4559 ille
3381 4501 3750 4575 opinabatur,

327 4587 708 4662 pontiﬁcatum
737 4587 847 4642 sibi
890 4586 1197 4652 vindicum,
1228 4588 1415 4659 sapius
1474 4590 1778 4660 imperator
1832 4590 2055 4645 nuntios
2102 4590 2324 4644 mittens
2377 4591 2762 4659 interdicebat,
2794 4607 3015 4665 sumque
3071 4595 3245 4664 nepti,
3275 4608 3393 4664 quae
3422 4599 3562 4661 erat,
3604 4593 3750 4649 Rau-

330 4679 499 4751 laena,
527 4692 597 4732 ne
622 4675 755 4748 quid
782 4680 974 4731 contra
1007 4678 1258 4743 tentaret,
1293 4676 1560 4732 mandans
1602 4677 1860 4745 iusserat,
1912 4678 2062 4750 quod
2091 4680 2142 4733 et
2187 4684 2397 4750 factum
2441 4682 2539 4736 est.
2575 4684 2639 4734 Et
2698 4681 2917 4737 dixerat
2946 4682 3016 4737 de
3073 4681 3270 4737 eodem
3301 4696 3471 4752 supra
3499 4696 3622 4753 cap.
3658 4696 3748 4739 Ix:

333 4764 431 4821 Καί
461 4784 523 4840 γε
549 4768 628 4836 τῷ
669 4770 771 4833 τῆς
818 4764 1141 4839 Ἀριστηνῆς
1194 4761 1469 4839 μονυδρίῳ
1518 4763 1758 4840 ἐχόμενά
1804 4786 1909 4820 που
1954 4763 2191 4839 κειμένῳ
2232 4772 2334 4835 τῆς
2379 4769 2477 4821 τοῦ
2524 4765 2682 4843 ἁγίου
2712 4764 2990 4845 Ἀνδρέου,
3022 4772 3120 4824 τοῦ
3146 4766 3198 4822 ἐν
3224 4770 3294 4842 τῇ
3328 4768 3511 4845 Κρίσει
3549 4774 3750 4843 μονῆς,

329 4853 441 4909 ἐκεῖ
505 4853 608 4929 γὰρ
674 4854 709 4922 ἡ
778 4847 1309 4929 πρωτοϐεστιάρισσα
1373 4853 1690 4910 Ῥαούλαινα
1753 4861 1979 4930 συνῆγεν
2043 4853 2094 4925 ἐξ
2163 4854 2360 4924 ἑαυτῆς
2421 4855 2833 4931 περιθάλπουσα
2894 4857 2964 4912 τὰ
3030 4854 3269 4934 μεγάλα,
3329 4855 3508 4936 φέρων
3566 4857 3753 4914 ἑαυτὸν

331 4940 576 4998 δίδωσιν.
604 4944 671 4998 Et
725 4945 787 4998 in
816 4943 1087 4999 Aristenes
1144 4946 1545 5001 monasterium
1598 4962 1706 5002 non
1740 4946 1897 5017 longe
1953 4963 1989 5001 a
2017 4945 2073 5001 S.
2133 4945 2378 5018 Andrem,
2438 4948 2579 5019 quod
2632 4950 2693 5004 in
2742 4948 2884 5004 Crist
2915 4953 3016 5016 est,
3046 4949 3404 5016 monasterio,
3431 4951 3640 5011 situm;
3672 4948 3754 5004 ibi

327 5035 479 5089 enim
505 5032 975 5104 protovestiarissa
1008 5032 1268 5088 Raulwna
1322 5034 1392 5089 de
1414 5050 1511 5089 suo
1564 5035 1752 5105 fovens
1802 5036 2215 5105 opulentissime
2284 5044 2588 5108 exceperat,
2619 5052 2736 5093 sese
2781 5036 2980 5094 dedens
3031 5037 3337 5110 proripuit.
3367 5037 3602 5109 Scripsit
3630 5036 3753 5107 ple-

327 5136 501 5192 raque
532 5121 594 5175 in
625 5120 782 5175 omni
814 5135 1020 5191 genere
1047 5121 1436 5178 scientiarum.

402 5211 453 5264 1.
489 5207 649 5263 Illius
703 5208 856 5265 edita
910 5216 1062 5275 sunt,
1116 5208 1420 5283 Ἐγκώμιον
1482 5207 1558 5271 εἰς
1612 5211 1710 5279 τὴν
1769 5209 2017 5266 θάλασσα·

2138 5207 2204 5265 {'1’
2262 5210 2353 5265 οὖν
2386 5212 2463 5275 εἰς
2510 5212 2609 5282 τὴν
2666 5216 2764 5268 τοῦ
2821 5210 3015 5276 ὕδατος
3076 5212 3255 5293 φύσιν.
3311 5213 3635 5270 Encomium
3689 5213 3753 5269 in

331 5314 503 5366 mare,
535 5299 647 5352 sive
703 5298 763 5351 in
792 5298 1108 5372 universam
1145 5315 1426 5372 aquarum
1480 5306 1767 5358 naturam.
1810 5302 2005 5358 Graece
2031 5320 2063 5358 a
2115 5302 2515 5360 Bonaventura
2549 5303 2822 5361 Vulcanio
2874 5321 3007 5362 cum
3065 5304 3261 5362 libello
3316 5299 3639 5358 Aristotelis
3669 5305 3755 5357 De

329 5387 554 5455 mundo,
606 5385 868 5457 Lugduni
915 5366 1255 5444 Batavorum
1312 5391 1461 5461 apud
1515 5391 1989 5464 Raphelengium,
2024 5390 2182 5460 1591,
2245 5392 2306 5447 in
2359 5392 2414 5448 8.
2445 5391 2707 5449 Meminit
2756 5393 2917 5450 illius
2967 5393 3029 5450 in
3076 5391 3427 5451 Bibliotheca
3478 5388 3755 5463 Robertus

332 5476 760 5533 Constantinus.

400 5569 454 5619 2.
489 5564 789 5620 Proverbia
818 5566 888 5620 ab
919 5583 983 5622 eo
1015 5566 1074 5621 in
1132 5582 1307 5622 unum
1359 5567 1616 5641 collecta,
1651 5576 1703 5624 et
1733 5569 1933 5625 ordine
1988 5569 2344 5640 alphabetico
2401 5571 2617 5640 digesta
2676 5570 2868 5627 Graece
2923 5588 3054 5629 cum
3111 5568 3403 5626 Parzemiis
3448 5567 3747 5626 Michaelis

328 5654 665 5729 Apostoliia
713 5654 873 5712 Petro
932 5656 1174 5714 Pantino
1232 5657 1429 5714 Latine
1471 5659 1652 5716 versis
1704 5658 1962 5733 Lugduni
2012 5658 2345 5717 Batavorum
2399 5661 2548 5732 apud
2605 5660 2940 5734 Elzevirum,
2991 5660 3151 5735 1619,
3174 5660 3236 5717 in
3284 5658 3339 5714 4.
3394 5657 3473 5718 Ea
3525 5665 3746 5717 exstare
