4090 6472
392 407 467 467 15
1414 399 1732 463 GEORGII
1778 396 2007 459 CYPRI

2196 442 2203 453 .
2253 396 2646 457 PATRIARC
2657 398 2785 458 HE
3734 407 3811 467 16

389 554 456 595 eo
487 539 619 593 tidei
643 537 875 593 traditas
903 538 1175 602 sinceras,
1210 534 1488 605 nulloque
1516 531 1928 589 contaminatas
1985 528 2301 593 mendacio,
2362 536 2423 583 ut
2477 528 2597 601 ipse
2645 530 3024 596 existimabat,
3084 534 3181 588 sed
3229 533 3589 593 conﬁdenter
3635 537 3814 609 nimis

386 636 440 684 et
472 635 747 698 proterve,
780 625 976 680 multis
1003 623 1132 680 licet
1166 623 1456 679 erroribus
1485 620 1867 690 implicatum,
1902 619 2285 688 infectumque
2320 617 2706 689 blasphemiis,
2739 618 3073 677 Columnam
3144 621 3487 681 orthodoxiae
3533 641 3694 696 aeque
3743 645 3813 686 ac

392 715 593 773 Leonis
623 714 836 770 summi
868 713 1153 783 pontilicis
1182 710 1510 782 Epistolam,
1552 710 1747 766 Patres
1770 708 2279 777 Chalcedonenses,
2310 714 2365 761 at
2396 723 2563 777 quam
2614 708 2826 780 dispari
2874 709 3110 766 conatui
3160 719 3214 766 ct
3265 726 3397 768 cum
3444 716 3811 785 potissimum

388 806 449 860 in
482 804 719 860 Veccum
743 803 931 873 ipsum
966 802 1347 858 inveheretur.
1375 801 1594 855 Tomum
1640 802 1830 855 contra
1882 799 2105 853 Veccum
2142 795 2472 868 synodicum
2524 798 2900 867 nuncupavit.
2952 799 3020 854 Et
3063 798 3155 856 hos
3198 807 3282 856 est
3330 817 3472 872 opus
3523 810 3813 877 tantopere

389 913 422 951 a
450 894 700 950 Gesnero
731 899 786 947 et
837 892 1140 947 Possevino
1186 889 1608 954 conturbatum,
1642 903 1758 945 non
1800 886 2118 942 adiversum
2168 902 2201 940 a
2249 885 2427 941 Tomo
2472 884 2640 956 plena
2688 888 2903 959 synodo
2953 888 3374 961 promulgatum
3414 900 3612 949 contra
3668 894 3811 951 Vec-

390 998 546 1048 cum,
577 982 742 1053 cujus
771 981 987 1037 mentio
1016 979 1081 1034 ﬁt
1108 979 1168 1034 in
1198 978 1455 1050 Epitome
1485 977 1841 1033 Gesneriara.

463 1073 532 1127 Et
558 1070 671 1126 alia
701 1085 923 1141 quoque
941 1075 1142 1125 contra
1168 1067 1416 1124 Veccum
1447 1067 1742 1137 scripsisse
1770 1063 1984 1121 indicio
2015 1070 2147 1119 sunt
2176 1065 2353 1132 ipsius
2384 1079 2675 1120 sermones
2731 1072 2929 1121 contra
2982 1067 3268 1123 eumdem.
3324 1068 3573 1139 Gregorii
3621 1071 3818 1144 Cyprii

394 1175 666 1216 sermones
694 1162 887 1214 contra
917 1155 1283 1228 blasphemiae
1330 1157 1482 1211 Vecci
1528 1156 1587 1209 in
1645 1155 1703 1208 4ο
1750 1154 2093 1223 manuscrip.
2142 1150 2390 1206 biblioth.
2443 1154 2796 1221 imperatoris
2848 1155 3088 1210 Viennae.
3140 1156 3398 1227 Epitome
3444 1160 3812 1218 Gesneriana.

393 1248 676 1319 Quidquid
703 1254 890 1302 autem
920 1246 1185 1301 adversus
1222 1244 1471 1301 Veccum
1520 1243 1794 1314 Georgius
1844 1243 2053 1311 scripto
2108 1242 2625 1297 commendaverat.
2681 1258 2797 1299 non
2847 1243 3054 1299 minori
3100 1245 3280 1301 animi
3323 1254 3485 1317 testu,
3536 1249 3654 1309 imo
3693 1266 3813 1306 ma-

392 1338 549 1395 scula
609 1335 937 1407 eloquentia
1000 1335 1347 1407 redarguens
1401 1333 1522 1403 ipse
1579 1332 1795 1388 Veccus
1852 1335 2061 1401 passim
2118 1328 2376 1385 refellere
2447 1337 2685 1386 conatus
2735 1338 2840 1401 est,
2902 1338 2963 1387 et
3031 1334 3393 1403 potissimum
3443 1345 3683 1409 quatuor
3740 1340 3815 1395 ad

394 1425 833 1484 Constantinum
862 1422 1046 1490 libris,
1076 1439 1315 1494 quorum
1347 1422 1487 1478 illud
1520 1428 1601 1477 est
1631 1420 1977 1491 principium
2008 1440 2009 1443 η

2201 1437 2245 1471 ω
2301 1416 2396 1489 μὲν
2453 1417 2647 1487 τάλας,
2696 1418 2787 1473 καὶ
2836 1420 2951 1474 οἷον
3004 1416 3387 1497 διορισάμενος
3440 1423 3660 1500 ἐμαυτῷ
3714 1428 3815 1497 τὴν

392 1513 528 1568 κατὰ
552 1516 661 1567 τῶν
692 1508 1077 1586 ἀντιλεγόντων
1117 1513 1187 1583 τῇ
1218 1506 1465 1578 ἀληθείᾳ.
1503 1511 1579 1565 De
1619 1509 1796 1565 Temo
1851 1509 2007 1577 Georg

2200 1507 2302 1578 prii
2333 1515 2386 1564 et
2445 1516 2503 1564 ut
2559 1516 2761 1588 contra
2812 1525 2944 1566 eum
3009 1513 3299 1583 scripserit
3356 1518 3598 1587 Veccus,
3650 1518 3815 1588 plura

396 1602 821 1674 Pachymerius,
856 1584 953 1656 lib.
987 1616 1099 1669 vm,
1132 1615 1255 1671 cap.
1292 1601 1342 1654 1.
1374 1599 1443 1654 Et
1484 1598 1589 1654 hac
1617 1598 1817 1653 eadem
1846 1597 2144 1653 occasione
2190 1597 2460 1667 Cyprium
2509 1584 2765 1667 pluro‘in
2797 1598 3023 1657 Latinos
3069 1608 3125 1657 et
3151 1584 3504 1669 catholicam
3525 1584 3815 1663 veritatem

400 1691 737 1760 evomuisse,
770 1689 928 1745 testis
956 1696 1039 1744 est
1070 1688 1217 1743 inter
1244 1687 1387 1744 alios
1414 1686 1687 1756 Georgius
1714 1683 2058 1752 Scholarius,
2104 1684 2202 1754 qui
2257 1699 2324 1739 ex
2371 1684 2676 1743 schismate
2722 1686 2848 1757 fuit,
2893 1689 2958 1744 in
3001 1688 3278 1748 Prommio
3326 1694 3397 1754 de
3454 1696 3817 1765 processione

395 1781 639 1853 Spiritus
664 1778 851 1836 sancti
878 1785 1077 1834 contra
1107 1777 1357 1832 Latinos.
1390 1775 1535 1830 Cum
1564 1774 1721 1830 enim
1750 1773 1821 1828 de
1850 1772 1922 1828 iis
1959 1770 2334 1842 scriptoribus
2381 1777 2592 1843 ageret,
2645 1774 2746 1845 qui
2788 1782 2988 1832 contra
3037 1776 3265 1836 Latinos
3313 1780 3598 1840 calamum
3648 1799 3816 1841 acue-

395 1877 545 1939 rant,
579 1877 704 1940 post
727 1867 1005 1939 judicium
1038 1866 1108 1922 de
1137 1863 1556 1936 antiquioribus
1585 1862 1885 1933 probatum
1917 1860 2010 1915 sub

2210 1861 2326 1912 Τῶν
2381 1854 2440 1913 δὲ
2488 1858 2723 1935 ὑστέρων
2771 1860 3023 1918 ἀπάντων
3069 1863 3283 1940 βέλτιον
3338 1868 3433 1941 μὲν
3481 1869 3572 1924 καὶ
3623 1871 3816 1927 ἱκανώ-

391 1978 570 2035 τερον,
601 1955 692 2011 καὶ
747 1957 827 2026 τῷ
886 1951 1095 2029 μεγέθει
1149 1958 1250 2021 τῆς
1305 1946 1445 2019 ὕλης
1502 1948 1703 2019 ταύτης
1749 1948 2095 2036 συμμέτρως,
2134 1943 2371 2036 μάλιστα
2420 1946 2515 2021 μὲν
2544 1946 2653 2004 ὅτε
2709 1949 2999 2036 θεσπέσιοςΔ
3038 1951 3254 2025 Νεῖλος,
3286 1956 3376 2011 καὶ
3427 1957 3457 2012 ὁ
3495 1958 3638 2036 ἱερὸς
3687 1967 3815 2016 Θεο-

393 2034 628 2126 φεράνης,
691 2042 805 2116 μετ’
860 2040 1058 2102 αὐτοὺς
1115 2036 1174 2094 δὲ
1224 2038 1313 2094 καὶ
1373 2042 1481 2093 τῶν
1527 2039 1686 2113 ἰερῶν
1738 2034 2053 2112 Γρηγορίων
2102 2034 2155 2089 οἱ
2207 2035 2504 2109 ὁμώνυμοί
2560 2058 2620 2092 τε
2683 2037 2772 2093 καὶ
2843 2034 3085 2116 ἀκριϐεῖς
3147 2040 3344 2099 ὀπαδοὶ
3391 2034 3811 2123 συνεγράψαντο.

391 2136 768 2194 Posteriorum
798 2148 922 2188 vero
962 2130 1210 2188 omnium
1252 2130 1456 2186 melius
1502 2128 1740 2200 quidem,
1788 2131 1839 2182 et
1885 2126 2063 2196 magis
2106 2126 2468 2197 sufﬁcienter,
2529 2134 2585 2182 et
2623 2144 2727 2199 pro
2773 2131 3030 2187 materiae
3076 2130 3303 2204 hujusce
3356 2133 3636 2205 dignitate
3679 2140 3817 2196 satis

391 2231 758 2298 congruenter
796 2222 1023 2277 divinus
1065 2220 1243 2290 Nilus,
1302 2222 1356 2274 et
1410 2234 1564 2273 sacer
1611 2216 1914 2289 Teophanes
1942 2233 1962 2270 :
2017 2219 2142 2287 post
2193 2231 2281 2271 eos
2334 2217 2490 2272 sacri
2544 2215 2797 2289 Gregorii
2849 2221 3214 2291 cognomines,
3267 2226 3326 2279 et
3363 2224 3625 2294 ﬁdissimi
3678 2229 3816 2285 socii

389 2313 846 2385 conscripserunt.
896 2309 1054 2365 Alter
1094 2309 1197 2364 fuit
1244 2307 1501 2363 Palamas
1557 2307 1884 2378 Gregorius,
1932 2307 2030 2378 qui
2083 2304 2333 2375 plurima
2377 2305 2436 2360 in
2484 2305 2714 2363 Latinos
2772 2307 3117 2381 oblatravit:
3171 2311 3314 2368 alter
3360 2311 3665 2386 Gregorius
3724 2317 3818 2375 hic

391 2402 627 2475 cyprius
657 2397 975 2472 patriarcha
1004 2396 1691 2467 ConstantinOpolitanus,
1746 2394 1843 2466 qui
1900 2395 2165 2450 eamdem
2221 2400 2470 2464 spartam
2528 2394 2601 2449 ad
2649 2404 2969 2454 extremum
3028 2413 3209 2471 usque
3256 2401 3518 2470 spiritum
3565 2405 3813 2464 coluere.

389 2493 644 2549 Joannes
672 2490 807 2545 item
832 2486 1068 2554 Veccus,
1100 2493 1240 2540 orat.
1267 2486 1321 2540 3.
1343 2488 1410 2541 ad
1452 2484 1807 2541 Constantin.
1843 2501 1858 2538 :
1901 2478 2004 2535 Οἶδ‹

2230 2500 2373 2543 τινες
2426 2480 2521 2553 μὲν
2564 2480 2774 2537 τούτων
2822 2483 2912 2539 ὑπ’
2958 2483 3196 2561 ἀρχηγῷ
3227 2488 3455 2565 Κυπρίῳ
3484 2491 3812 2566 ταττόμενοι

388 2580 526 2656 πρὸς
584 2582 701 2638 τοῖς
755 2572 948 2636 ἄλλοις
1008 2574 1144 2628 κατά
1198 2577 1295 2627 τοῦ
1349 2567 1599 2634 εὐσεϐοῦς
1656 2593 1782 2650 φασι
1815 2568 2108 2647 δόγματος,
2139 2570 2230 2625 καὶ
2260 2568 2337 2632 εἰς
2369 2568 2687 2644 ὁμωνυμίαν
2721 2566 3081 2628 διαϐάλλουσι
3113 2573 3451 2653 ἐκπόρευσιν.
3482 2581 3642 2638 Nosti
3667 2600 3816 2640 non-

390 2670 574 2726 nullos
602 2683 672 2723 ex
699 2667 787 2721 his
815 2666 913 2736 qui
940 2664 1131 2719 ducem
1159 2663 1430 2735 Cyprium
1456 2672 1760 2735 sequuntur
1786 2665 1935 2718 inter
1971 2662 2107 2728 alia,
2159 2676 2279 2734 quae
2326 2661 2588 2718 adversus
2630 2664 2791 2735 pium
2834 2663 3027 2736 dogma
3064 2666 3369 2738 oblatrant,
3412 2674 3814 2741 processionem

385 2760 665 2829 tanquam
690 2756 1045 2827 aequiuocam,
1074 2752 1456 2809 condemnare.

457 2846 707 2904 Scoriaci
753 2845 814 2900 in
858 2842 1119 2899 bibliolh.
1171 2842 1341 2913 Regia
1385 2841 1587 2912 legitur
1633 2838 1938 2916 Γρηγορίου
1990 2859 2072 2893 παι

2197 2857 2340 2914 ρχου
2387 2837 3017 2904 Κωνσταντινουπόλεως
3061 2847 3159 2898 τοῦ
3207 2844 3451 2920 Κυπρίου
3503 2846 3812 2926 ’Δπολογία

384 2934 461 2998 εἷς
493 2935 592 3003 τὴν
626 2930 952 2999 Ἐπιστολὴν
983 2931 1204 3007 Μάρκου
1246 2933 1344 2984 τοῦ
1388 2928 1636 3006 Ἐφέσου.
1689 2930 1937 3003 Gregorii
1978 2946 1999 3001 π

2196 2928 2312 2985 'cha’
2362 2932 2962 3003 Constantinopolitani
3011 2932 3203 3005 Cyprii
3245 2934 3517 3008 Apologia
3563 2938 3627 2993 in
3676 2943 3811 3013 Epi-

382 3026 583 3083 stolam
610 3024 784 3080 Marci
812 3021 1057 3095 Ephesii,
1090 3021 1180 3087 VI,
1211 3036 1371 3077 num.
1408 3021 1495 3087 14,
1532 3037 1648 3076 non
1686 3021 1831 3092 sine,
1882 3027 1942 3076 ut
1984 3027 2139 3090 puto,
2189 3019 2552 3091 exscriptoris
2601 3021 2830 3078 mendo.
2884 3022 2991 3089 Qui
3039 3023 3196 3079 enim
3237 3026 3418 3094 potuit
3467 3030 3813 3099 respondere

387 3114 624 3185 Cyprius
654 3111 760 3168 sub
788 3111 1118 3166 Andronico
1147 3110 1370 3166 seniore
1400 3108 1590 3165 Marco
1621 3109 1863 3179 Ephesio
1894 3108 2134 3164 antistiti
2164 3108 2271 3164 sub
2300 3112 2521 3165 Joanne
2553 3106 2885 3182 Palmologo,
2957 3112 3244 3183 antiquior
3290 3123 3523 3173 centum
3575 3119 3813 3189 triginta

387 3202 456 3260 ad
487 3200 682 3257 minus
708 3213 894 3254 annos
917 3195 1180 3267 juniori?
1203 3197 1388 3262 Quare
1415 3194 1720 3250 delendum
1772 3201 1856 3251 est
1909 3195 2002 3250 illu

2191 3196 2307 3267 'prii
2360 3199 2457 3249 τοῦ
2515 3195 2778 3268 Κυπρίου,
2829 3206 2883 3255 et
2939 3198 3418 3259 substinuendum
3477 3208 3806 3281 Πρωτοσυγ-

380 3286 587 3365 γὲλλου
618 3283 1027 3357 Protosyncelli
1049 3284 1118 3356 (Γ)
1153 3301 1167 3351 ;
1199 3284 1248 3339 is
1277 3283 1432 3339 enim
1462 3283 1521 3340 in
1554 3284 1805 3341 Marcum
1833 3283 2141 3354 Ephesium
2172 3283 2416 3355 scripsit,
2467 3293 2524 3342 et
2579 3287 2885 3343 calumniis
2933 3288 3090 3344 illius
3134 3289 3200 3347 in
3249 3290 3563 3349 Romanam
3609 3295 3806 3354 Eccle-

384 3381 526 3436 siam
567 3375 876 3447 respondit,
910 3381 970 3429 ut
999 3389 1068 3429 ex
1095 3374 1244 3429 edito
1262 3373 1383 3443 jam
1405 3389 1573 3442 opere
1606 3380 1728 3443 post
1758 3373 2068 3430 concilium
2101 3373 2493 3430 Florentinum
2521 3384 2772 3447 apparet.

457 3467 716 3522 Servatur
745 3478 918 3533 penes
950 3457 1191 3548 ηιθᾼΒίός
1220 3460 1311 3513 καὶ
1358 3456 1645 3548 πολιτεία,
1685 3458 1775 3514 καὶ
1837 3459 2033 3534 μερική
2094 3461 2381 3533 θαυμάτων
2444 3458 2702 3536 διήγησις
2761 3466 2859 3518 τοῦ
2918 3460 3071 3517 ὁσίου
3129 3463 3220 3519 καὶ
3275 3466 3541 3546 θεοφόρου
3593 3472 3807 3548 Πατρὸς

385 3553 540 3627 ὐμῶν
596 3551 868 3627 Λαζάρου,
896 3552 993 3603 τοῦ
1050 3546 1103 3602 ἐν
1165 3552 1244 3621 τῷ
1300 3547 1559 3622 Γαλησίῳ
1617 3544 1732 3626 ὄρει
1787 3549 2139 3620 ἀσκήσαντος,
2176 3550 2501 3629 συγγραφεῖς
2553 3551 2700 3625 παρὰ
2753 3555 2851 3606 τοῦ
2900 3551 3203 3628 ἀγιωτάτου
3253 3544 3597 3634 πατριάρχου
3635 3544 3806 3638 κυροῦ

389 3638 724 3719 Γρηγορίου.
763 3641 882 3698 Vita
912 3648 963 3696 et
991 3655 1078 3696 res
1104 3647 1293 3710 gestae,
1332 3649 1386 3695 et
1434 3642 1740 3711 peculiaris
1794 3640 2196 3696 miraculorum
2248 3645 2503 3698 narratio
2560 3643 2744 3698 sancti
2789 3647 2842 3699 et
2894 3643 3068 3700 Deum
3108 3647 3341 3717 ferentis
3384 3648 3575 3705 Patris
3627 3657 3807 3708 nostri

387 3733 612 3799 Lazari,
639 3730 740 3803 qui
774 3731 837 3785 in
866 3728 1073 3785 Galesio
1092 3733 1274 3785 monte
1303 3730 1474 3785 vitam
1501 3732 1788 3786 asceticam
1816 3730 2080 3800 excoluit,
2113 3730 2383 3803 descripta
2410 3748 2446 3786 a
2472 3734 2818 3789 sanctissimo
2861 3734 3187 3803 patriarcha
3232 3736 3464 3794 domino
3520 3737 3802 3813 Gregorio.

389 3821 497 3886 Qui
526 3836 643 3877 non
674 3819 820 3876 alius
848 3819 974 3888 erit,
1006 3833 1175 3890 quam
1206 3818 1462 3890 Cyprius.
1495 3822 1749 3890 Namque
1779 3826 1905 3891 post
1936 3819 2172 3874 Romani
2202 3820 2575 3893 Argyrophyli
2628 3822 2935 3893 imperium
2985 3822 3089 3879 sub
3138 3841 3247 3894 quo
3285 3827 3519 3885 ﬂorebat
3563 3828 3805 3887 Lazarus

385 3911 457 3966 ad
488 3908 763 3978 direptam
797 3922 973 3978 usque
1001 3907 1219 3974 urbem,
1249 3915 1449 3977 praeter
1493 3908 1826 3979 Gregorium
1865 3908 2379 3980 Protosyncellum,
2438 3910 2508 3964 ad
2565 3925 2734 3981 quem
2794 3911 3000 3967 referre
3048 3912 3288 3970 minime
3341 3920 3546 3987 potest,
3602 3919 3800 3976 nullus

381 3997 529 4053 alius
559 3994 1350 4068 Gregorius'patriarchatum
1395 3997 1829 4052 administravit.
1871 3996 2165 4067 Baronius,
2223 3997 2550 4066 Annalium,
2598 4014 2751 4054 anno
2795 4000 2923 4068 960,
2969 4015 3085 4057 non
3129 3999 3352 4058 alienus
3396 4003 3468 4060 ab
3509 4004 3619 4063 hac
3669 4023 3800 4064 sen-

383 4086 579 4154 tentia,
612 4091 900 4141 auctorem
924 4083 1057 4142 Vitaa
1084 4084 1384 4155 Georgium
1415 4085 1633 4141 vocavit
1664 4103 1681 4139 :
1714 4085 1936 4142 Claruit
1962 4086 2063 4142 hoc
2088 4089 2328 4158 tempore
2356 4088 2418 4142 in
2449 4085 2672 4143 Oriente
2718 4087 2776 4143 S.
2827 4089 3078 4145 Lazarus
3123 4091 3426 4148 monachus
3472 4093 3531 4149 in
3583 4080 3803 4153 Galesio

354 4182 558 4233 mute
576 4175 742 4247 juxta
772 4173 1068 4240 Ephesum,
1096 4173 1253 4244 cujus
1273 4174 1447 4228 vitam
1495 4173 1723 4245 scripsit
1765 4171 2027 4245 Georgius
2071 4174 2414 4246 patriarcha.
2473 4175 2718 4248 Scriptio
2773 4185 2858 4235 est
2910 4179 3047 4235 satis
3104 4179 3352 4255 elegans,
3410 4188 3465 4238 et
3514 4190 3800 4255 accurata,

381 4271 438 4321 et
459 4280 605 4322 rara.

443 4441 512 4515 (Γ)
556 4442 888 4521 Gregorius
930 4439 1419 4521 Prgtosyncellus,
1470 4441 1805 4521 patriarcha
1852 4441 2018 4521 GP_ol.
2133 4459 2189 4521 p.
2224 4443 2327 4521 112
2351 4458 2500 4515 seq.,
2534 4443 2846 4521 ubiuetiarn
2877 4446 3336 4521 docet_quinque
3366 4448 3562 4521 capita
3597 4449 3659 4521 in
3688 4450 3795 4507 de-

443 4456 512 4515 (f)
556 4456 870 4515 Gregorius
930 4456 1131 4497 t’t‘OtOS
1215 4456 1419 4508 celius,
1470 4456 1805 4514 patriarcha
1852 4456 2018 4499 UPOI.
2177 4486 2189 4498 .
2224 4456 2327 4497 112
2351 4458 2500 4515 seq.,
2534 4456 2637 4500 ubi
2668 4456 2846 4502 etiam
2877 4456 3047 4503 docet;
3074 4456 3336 4521 quinque
3366 4456 3562 4521 capita
3597 4456 3659 4506 in
3688 4456 3792 4507 de-

372 4515 618 4597 ab‘ann.
651 4514 893 4597 1445ad
926 4456 1209 4597 1453,ηὲοο
1214 4512 1386 4597 cuius
1427 4513 1665 4597 scriptis
1712 4514 2019 4597 adeundus
2127 4459 2457 4597 gnsionem
2490 4515 2728 4597 concilii
2753 4516 3069 4597 Florenti‘ni
3100 4516 3172 4574 ab
3196 4536 3263 4576 eo
3285 4518 3524 4597 scripta,
3559 4520 3792 4597 diversa

374 4589 583 4668 Petrus
608 4586 927 4668 _Ar_cudius
977 4584 1038 4668 in
1089 4584 1388 4640 Concordia
1422 4584 1721 4668 utriusque
1766 4586 2020 4668 Ecclesiae
2129 4585 2334 4668 utique
2363 4588 2829 4668 esses-totidem
2850 4590 3159 4668 capitibus
3189 4607 3318 4663 quas
3354 4584 3663 4650 Gennadio
3695 4595 3795 4651 ab-

380 4657 538 4716 circa
591 4656 917 4714 doctrinam
972 4656 1043 4712 de
1107 4656 1514 4726 sacramentis,
1562 4655 1667 4713 lih.
1719 4674 1782 4727 ιι,
1844 4674 1894 4713 c.
1926 4658 2017 4726 15,
2119 4655 2388 4728 judicare
2415 4655 2602 4715 voluit
2621 4655 3071 4735 Garyophyllus.
