4090 6436
285 433 362 494 17
1904 436 2113 498 νιΤΑ.
3641 437 3718 499 18

1313 779 2712 969 GEORGII

754 1077 2126 1456 GREGORE
2310 1261 2369 1449 (

1634 1077 2126 1456 )RSIEUI
2310 1257 3249 1457 GYPRII

1502 1570 2270 1660 PATRIARCH/E
2338 1572 2497 1658 ΟΡ.

1756 1757 2235 1868 VITA

280 1947 506 2025 QU/E
560 1948 697 2012 ΕΧ
749 1948 1070 2012 CODICE
1125 1948 2072 2014 LUGDUNO—BATAVENSI
2125 1947 2367 2011 NUNC
2437 1947 2785 2012 PRIMUM
2851 1948 3177 2011 GRﬂCE
3247 1949 3349 2011 ΙΝ
3398 1947 3704 2013 LUCEM

845 2028 1168 2092 PRODIT
1210 2029 1388 2093 CUM
1427 2031 1532 2092 LA
1550 2027 1749 2091 TINA
1796 2027 2363 2091 INTERPRETA
2378 2029 2458 2090 TI

1530 2027 1749 2091 .TINA
1796 2027 2641 2091 INTERPRETATIONE
2682 2029 2808 2091 ET
2843 2029 3145 2107 NOTIS;

291 593 2972 625 Μ

1839 2197 2154 2242 ACCEDUNT

281 2332 978 2394 DISSERTATIONES
1062 2336 1247 2396 DU/E
1330 2333 1775 2396 HISTORICIE
1858 2335 1960 2393 ET
2043 2333 2544 2404 DOGMATICIE,
2635 2335 2793 2396 CUM
2891 2336 3272 2396 EPISTOLA
3353 2335 3708 2397 EJUSDEM

365 2413 634 2474 CYPRII
722 2417 827 2474 AD
913 2413 1250 2486 AMICUM,
1337 2416 1438 2475 ET
1521 2413 2163 2482 MOSCHAMPERIS,
2256 2414 3087 2485 EXCHARTOPHYLAGIS,
3176 2419 3279 2476 AD
3364 2416 3630 2488 lPSUM,

645 2495 878 2566 QUEIS
925 2495 1386 2556 BYZANTINA
1429 2494 1748 2557 GEORGII
1792 2493 2296 2554 PACHYMEBIS
2341 2494 2706 2556 HISTORIA
2749 2497 3349 2570 ILLUSTRATUR;

1879 2660 2135 2699 AUCTORE

1166 2788 1317 2851 FR.
1347 2789 1474 2850 J0.
1508 2789 1850 2851 FRANC.
1885 2789 2162 2850 BERN.
2189 2792 2284 2851 M.
2325 2790 2449 2851 DE
2477 2789 2843 2854 RUBEIS.

1625 2956 1863 3002 0RDINIS
1905 2957 2382 3004 PBEDICATORUH

687 3088 988 3159 (Venetiis,
1021 3088 1360 3160 MDCCLIII,
1395 3090 1542 3163 typis
1562 3090 1652 3148 J0.
1687 3091 1842 3162 Bapt.
1875 3092 2156 3162 Pasquali,
2187 3093 2541 3164 superiorum
2576 3093 2850 3164 permissu
2885 3108 2952 3149 ac
2981 3091 3320 3164 privilegio.)

1477 3390 1640 3473 AD
1725 3391 2530 3480 LECTOREM.

366 3571 576 3644 Operis
632 3573 1028 3642 clucubrandi,
1080 3571 1476 3644 qualecunque
1530 3575 1715 3644 prodit
1798 3575 2125 3644 in11ucem,
2182 3578 2370 3633 datam
2456 3577 2813 3634 occasionem
2897 3576 3362 3646 prepositumque
3416 3577 3718 3633 consilium

291 3663 497 3731 paucis
555 3667 773 3735 accipe,
833 3664 1035 3720 Lector
1086 3659 1378 3718 benevole.
1438 3661 1577 3718 Cum
1635 3666 1787 3735 typis
1841 3665 2069 3722 Venetis
2128 3667 2450 3735 Byzantium
2494 3667 2754 3722 Historiae
2810 3664 3102 3722 volumina
3157 3681 3310 3721 anno
3354 3665 3495 3720 4729
3527 3666 3720 3722 recudi

293 3762 486 3829 crepta
537 3755 772 3822 fuerint,
800 3769 949 3809 nova
981 3752 1102 3810 haec
1154 3755 1326 3812 editio
1379 3757 1621 3826 pretium
1679 3755 1907 3826 aliquod
1957 3762 2016 3810 ut
2069 3755 2322 3821 haberet,
2354 3755 2499 3811 nihil
2556 3757 2625 3810 ab
2681 3772 2748 3812 eo
2797 3757 2892 3826 qui
2943 3773 3137 3813 curam
3167 3758 3288 3825 ejus
3317 3761 3717 3825 assumpserat,

289 3845 757 3918 praetermissum
797 3843 1106 3912 diligentias
1159 3844 1283 3915 fuit,
1343 3860 1452 3916 quo
1504 3845 1840 3900 accederent
1870 3860 1999 3901 cum
2052 3845 2436 3901 emolumento
2485 3861 2673 3915 opera,
2707 3845 2793 3899 vel
2847 3847 3140 3916 opuscula,
3171 3847 3218 3901 si
3285 3861 3395 3916 qua
3439 3845 3507 3899 ad
3567 3843 3718 3899 idem

288 3941 704 4006 argumentum
755 3931 1070 4002 spectantia
1100 3932 1354 3987 nondum
1410 3933 1558 3990 edita
1589 3933 1794 3988 forent.
1824 3933 1906 3987 Ad
1955 3935 2169 3989 amicos
2219 3934 2603 4004 litteratosque
2660 3934 2808 3989 viros
2837 3934 2986 3988 intra
3033 3942 3085 3990 et
3142 3942 3296 3989 extra
3327 3932 3546 3988 Italiam
3577 3933 3720 3987 datae

288 4024 500 4081 littera
534 4029 695 4088 sunt,
727 4021 885 4091 queis
945 4020 1295 4092 urgebantur
1341 4023 1473 4091 ipsi,
1505 4029 1562 4077 ut
1621 4038 1753 4077 suas
1782 4038 1883 4092 pro
1939 4022 2289 4078 humanitate
2340 4024 2511 4079 veluti
2560 4024 2846 4092 symbolas
2901 4023 3224 4079 conferrent
3277 4023 3346 4077 ad
3394 4037 3552 4076 novae
3601 4021 3718 4075 edi-

288 4112 468 4168 tionis
528 4110 1059 4179 ampliﬁcationem.
1123 4109 1759 4180 Lugdune-Batavorum
1817 4111 2067 4181 epistolae
2124 4111 2386 4182 plurimae
2437 4113 2790 4182 et0puscula
2830 4113 3150 4182 argumenti
3178 4111 3318 4166 varii
3366 4125 3490 4181 quae
3548 4108 3721 4164 Geor-

288 4202 444 4270 gius,
476 4215 580 4257 seu
615 4198 921 4269 Gregorius
946 4198 1208 4270 Cyprius,
1239 4197 1556 4255 litterarum
1613 4199 1850 4255 nomine
1882 4199 2088 4267 clarus,
2115 4217 2181 4256 ac
2238 4201 2572 4271 patriarchae
2618 4200 3231 4271 Constantinopolitani
3278 4199 3550 4270 dignitate
3587 4213 3723 4253 con-

285 4295 542 4364 Spicuus,
590 4288 985 4345 tertiodecimo
1041 4303 1171 4343 aera:
1223 4288 1561 4344 Christianae
1619 4289 1828 4345 saeculo
1887 4290 2211 4361 scripserat,
2243 4291 2570 4345 transmissa
2626 4291 2802 4355 fuere,
2833 4289 3216 4345 voluminibus
3261 4302 3434 4343 manu
3487 4286 3726 4343 exaratis

286 4378 715 4450 comprehensa
745 4374 988 4446 duobus,
1029 4391 1273 4447 quorum
1305 4376 1545 4431 alterum
1574 4377 1835 4433 Graecum
1888 4385 2102 4433 textum
2132 4379 2544 4448 complectitur.
2571 4379 2825 4433 Latinam
2856 4379 3175 4435 versionem
3205 4377 3445 4431 alterum
3487 4374 3557 4429 ab
3586 4390 3722 4430 ano-

291 4484 468 4539 nymo
528 4466 775 4537 quodam
835 4465 960 4535 ejus
994 4465 1104 4520 loci
1165 4465 1591 4521 concinnatam.
1646 4466 1893 4522 Editioni
1936 4467 2163 4522 Venetae
2216 4467 2289 4521 ita
2349 4465 2738 4521 consulentem
2779 4466 3048 4533 amicum,
3083 4481 3197 4534 prae
3252 4463 3432 4519 oculis
3465 4462 3728 4519 habuisse

288 4556 609 4630 putaverim
680 4553 832 4609 Petri
888 4553 1194 4623 Lambecii,
1243 4553 1351 4608 viri
1407 4553 1784 4620 celeberrimi,
1840 4555 2255 4610 adnotationem
2314 4556 2380 4608 ad
2441 4554 2684 4610 similem
2742 4552 3515 4609 Cresareo-Vindobouensem
3565 4555 3728 4610 codi-

293 4661 445 4712 cem,
475 4645 625 4700 Iibro
654 4660 762 4698 vm
815 4642 1182 4698 Bibliothecae
1230 4642 1572 4698 reccusitum
1598 4660 1612 4698 :
1643 4644 2000 4712 Dignissimae
2042 4646 2284 4715 profecto
2337 4647 2488 4714 sunt,
2528 4643 2861 4713 inquientis,
2893 4657 3076 4698 omnes
3105 4643 3225 4698 illae
3251 4639 3508 4714 epistolae
3562 4643 3720 4712 (Gre-

287 4733 434 4803 gorii
460 4731 702 4804 Cyprii,)
730 4740 797 4786 ut
848 4734 1126 4802 tanquam
1169 4731 1442 4786 eximium
1486 4733 1750 4802 Corporis
1803 4734 2061 4789 Historia?
2115 4731 2441 4803 Byzantina;
2483 4732 2941 4803 supplementum,
2975 4731 3150 4786 Graece
3205 4740 3258 4786 et
3303 4733 3518 4796 Latine,
3551 4732 3612 4786 in
3641 4731 3721 4786 lu-

298 4839 410 4880 cem
433 4823 823 4894 proferantur,
853 4827 905 4876 et
933 4819 1154 4891 quidem
1177 4821 1526 4890 potissimum
1556 4820 1620 4875 ob
1652 4819 1870 4889 Georgii
1913 4822 2268 4894 Paehymeris
2322 4822 2622 4877 Historiam
2678 4821 2904 4891 imperii
2928 4820 3232 4875 Andronici
3282 4821 3585 4891 Palaeologi
3633 4838 3720 4878 se-

288 4914 492 4983 nioris,
514 4910 720 4984 quippe
738 4925 860 4981 quae
899 4908 1101 4964 harum
1153 4908 1413 4976 beneﬁcio
1466 4909 1820 4980 epistularum
1849 4909 1986 4981 (imo
2043 4912 2210 4967 etiam
2261 4909 2710 4982 cpusculorum,)
2743 4911 3050 4965 innumeris
3092 4912 3208 4981 fere
3263 4911 3394 4966 locis
3440 4912 3721 4968 illustrari

289 5005 486 5074 potest.
521 5000 658 5056 Haec
689 4999 884 5055 eadem
916 5005 998 5054 est
1036 4997 1292 5054 Daniclis
1352 4997 1590 5054 Nesselii
1646 5000 2060 5056 animadversio
2117 5001 2177 5056 in
2219 5001 2482 5069 Catalogo
2532 5007 2689 5071 parte
2720 5001 2782 5066 V,
2813 5015 2976 5055 num.
3009 4999 3097 5054 CI.
3146 5000 3348 5055 Manus
3395 5000 3594 5056 ultima
3621 5001 3718 5056 de-

293 5107 448 5148 mum
485 5089 731 5148 editioni
760 5089 982 5145 Veneta
1041 5088 1306 5158 imposita
1343 5088 1471 5155 fuit,
1532 5089 1668 5159 quin
1727 5089 1915 5159 Cyprii
1963 5089 2082 5144 sive
2128 5090 2401 5161 epistolae,
2435 5090 2550 5145 sive
2597 5090 2869 5160 cpuscula
2912 5105 3011 5159 pro
3068 5090 3208 5145 votis
3232 5089 3419 5145 locum
3478 5091 3538 5144 in
3595 5090 3722 5162 ipsa

293 5176 621 5237 habuerint.
679 5193 805 5233 eam
858 5177 1095 5234 fortasse
1149 5176 1223 5233 ob
1279 5191 1532 5245 causam,
1591 5193 1761 5250 quam
1811 5193 1944 5234 mox
1997 5180 2335 5250 aperiemus.
2392 5179 2636 5247 Contigit
2687 5185 2812 5248 post
2862 5194 3065 5245 annos,
3098 5181 3161 5232 ut
3214 5176 3364 5248 quod
3423 5178 3720 5247 Lugduno-

293 5269 622 5327 Batavensis
681 5266 896 5323 codicis
951 5268 1350 5321 transmissum
1412 5273 1593 5321 iuerat
1647 5267 2058 5338 apographum,
2093 5268 2526 5338 neglectumque
2583 5266 2821 5338 jacebat,
2882 5266 3154 5338 singulari
3192 5265 3334 5321 mihi
3381 5267 3531 5321 dono
3556 5267 3721 5322 dare-

295 5353 424 5416 tur:
458 5357 771 5428 statimque
826 5354 971 5411 mihi
1023 5370 1188 5410 mens
1243 5351 1550 5422 insederat,
1583 5363 1642 5411 ut
1690 5356 2023 5425 patriarchae
2072 5355 2685 5428 Constantinopolitani
2743 5355 3184 5420 lucubrationes,
3217 5370 3354 5425 quas
3405 5355 3558 5411 docti
3615 5355 3719 5411 viri

291 5445 658 5521 expetebant,
718 5452 818 5500 aut
875 5458 1095 5512 omnes,
1145 5451 1243 5499 aut
1301 5443 1575 5514 majorem
1632 5452 1867 5514 partem,
1897 5445 2183 5516 publicam
2238 5446 2528 5515 prodirent
2585 5446 2647 5499 in
2697 5444 2901 5500 lucem.
2954 5446 3270 5510 Quomiuus
3306 5459 3438 5499 vero
3484 5459 3719 5513 compos

295 5529 556 5594 votorum
615 5534 837 5599 ﬁerem,
874 5531 1070 5586 Latina
1118 5530 1320 5602 versio,
1351 5547 1478 5601 quae
1524 5533 1862 5588 transmissa
1905 5533 2110 5604 fuerat,
2163 5533 2436 5598 inhibuit,
2485 5539 2676 5602 utpote
2742 5549 2866 5603 qua
2922 5533 3077 5587 rudis
3133 5532 3438 5587 admodum
3494 5537 3714 5601 reperta

294 5627 381 5693 sit,
408 5623 719 5696 minusque
776 5635 1034 5678 consona
1081 5621 1254 5676 textui
1307 5620 1523 5693 Graeco,
1555 5622 1670 5678 imo
1728 5631 1878 5679 certe
1935 5638 2302 5694 repugnans:
2353 5638 2477 5692 qua:
2518 5624 2753 5677 fortasse
2781 5638 2949 5678 causa
3002 5620 3187 5689 fuerit,
3220 5636 3294 5677 ne
3346 5621 3405 5675 in
3461 5619 3711 5676 editione

300 5715 508 5774 Veneta
538 5712 804 5772 Historiae
833 5707 1158 5784 Byzantines
1213 5712 1404 5767 locum
1451 5709 1772 5769 obtinerent
1827 5721 2153 5770 memoratae
2211 5711 2399 5783 Cyprii
2427 5711 2900 5769 elucubrationes.
2932 5710 3222 5781 Praecipua
3274 5725 3377 5780 spe
3417 5710 3705 5780 deceptus,
