4090 6436
349 410 426 470 19
1379 409 1697 472 GEORGII
1743 408 2010 471 CYPRII
2055 407 2174 470 GP.
2220 408 2758 471 PATRIARCHAB
3694 401 3776 466 20

350 541 502 598 haud
531 556 714 612 operas
742 540 1107 613 dispendium
1158 541 1278 598 fore
1330 543 1710 598 nihilominus
1739 541 2203 613 existimaverim,
2236 541 2286 597 si
2335 550 2458 598 leve
2515 542 2714 598 saltem
2765 542 2929 597 istius
2983 539 3200 598 codicis
3228 535 3530 595 exhibeam
3587 535 3774 607 speci-

348 649 481 689 men
510 632 778 703 aliquod:
812 632 1067 702 epistolis
1117 648 1327 703 nempe
1375 633 1644 688 omnibus
1693 639 1748 688 et
1779 632 2094 702 cpusculis,
2137 647 2260 701 quae
2316 633 2376 687 in
2434 649 2499 687 eo
2556 635 2941 703 continentur,
2970 629 3304 701 singillatim
3351 626 3652 683 indicatis:
3713 639 3778 681 ac

349 721 504 778 binis
564 722 734 776 etiam
765 721 1022 791 epistolis
1081 737 1308 792 unoque
1335 723 1610 792 opusculo
1670 737 1825 777 nunc
1854 721 2102 791 primum
2132 736 2267 777 cum
2316 737 2458 777 nova
2491 721 2692 776 Latina
2747 721 3212 794 interpretatione
3270 718 3333 773 in
3365 716 3552 771 lucem
3607 713 3780 770 emis-

349 810 451 867 sis.
483 810 630 866 Illud
661 810 810 865 inter
865 811 1139 881 opuscula
1195 810 1466 866 selectum
1528 818 1632 879 est,
1662 811 1808 880 quod
1841 809 1912 865 ab
1968 811 2091 880 ipso
2156 811 2358 882 Cyprio
2400 816 2478 866 De
2534 811 2692 867 rebus
2728 813 2844 866 suis
2901 811 3258 880 inscriptum,
3289 806 3535 878 primum
3595 803 3782 858 locum

351 905 522 970 tenet,
557 905 675 954 tum
707 899 837 969 quia
889 899 951 954 in
1008 899 1713 956 Caesareo-Vindobonensi
1769 900 1964 955 codice
2021 900 2286 955 mutilum
2341 908 2554 956 exstat:
2618 909 2737 956 tum
2797 901 2968 957 etiam
3025 899 3173 970 quod
3232 898 3338 952 viri
3395 895 3652 961 illustris,
3685 908 3780 946 va-

349 987 546 1057 rioque
605 987 716 1042 tato
773 986 1032 1059 celebris,
1075 988 1509 1058 diligentissime
1565 1003 1697 1043 cum
1756 989 1938 1058 patria
1996 988 2211 1043 natales
2273 989 2460 1055 refert,
2493 1005 2692 1059 genus,
2755 990 3045 1058 indolem;
3107 988 3296 1058 prima
3362 983 3566 1049 studia,
3599 996 3665 1038 ac
3696 980 3785 1036 iti-

347 1091 484 1132 nera
506 1076 577 1130 ad
608 1075 878 1131 eximiam
909 1076 1222 1132 litterarum
1280 1077 1542 1147 peritiam
1572 1077 1988 1148 assequendam
2040 1085 2332 1146 suscepta;
2367 1077 2748 1134 ecclesiastica
2805 1078 3019 1142 munia,
3053 1075 3486 1146 principemque
3547 1071 3608 1125 in
3648 1068 3784 1124 urbe

351 1165 504 1234 regia
533 1181 750 1220 sacram
800 1165 1168 1235 dignitatem;
1225 1175 1523 1237 partesque
1550 1167 1798 1221 diversas
1855 1165 1997 1233 ejus,
2031 1165 2279 1235 itemque
2308 1166 2568 1221 adversas
2629 1167 2687 1221 in
2721 1182 2807 1234 ea,
2841 1182 2965 1237 quae
2997 1175 3134 1220 tunc
3183 1163 3474 1232 utriusque
3514 1157 3785 1214 Ecclesiae

351 1254 493 1308 inita
524 1253 828 1310 concordia
883 1253 1027 1309 fuit:
1088 1258 1257 1325 atque
1287 1256 1517 1310 demum
1574 1256 1954 1324 potissimum,
1987 1255 2135 1325 quod
2195 1255 2328 1309 inde
2375 1255 2514 1310 mihi
2563 1256 2788 1310 daretur
2844 1273 3002 1323 ansa,
3037 1263 3098 1311 ut
3129 1251 3635 1322 Pachymerianam
3679 1246 3782 1302 Mi-

355 1342 570 1399 chaelis
630 1342 953 1414 Palaeologi,
997 1351 1048 1398 et
1096 1344 1409 1399 Andronici
1461 1344 1564 1399 lilii
1622 1344 2027 1411 imperatorum
2080 1342 2373 1400 historiam
2432 1345 2580 1401 haud
2643 1347 2886 1408 modico,
2941 1352 2999 1400 ut
3068 1337 3359 1414 putabam,
3400 1336 3788 1395 emolumento

353 1431 716 1487 illustrarem.
752 1431 888 1486 Eam
939 1432 1195 1502 intelligo
1226 1432 1486 1488 Historiae
1533 1451 1566 1487 a
1595 1432 1940 1501 Pachymere
1999 1431 2219 1503 scriptae
2252 1441 2491 1504 partem,
2524 1452 2649 1505 quae
2698 1437 2926 1504 negotia
2972 1433 3358 1490 Ecclesiarum
3388 1433 3639 1498 spectat:
3672 1424 3790 1480 sive

355 1537 478 1591 quae
523 1520 626 1576 sub
656 1520 933 1576 Michaele
989 1521 1308 1593 Palaeologo
1363 1528 1489 1577 acta
1518 1529 1650 1576 sunt
1707 1522 1770 1577 in
1801 1521 2078 1591 dogmatis
2127 1521 2482 1578 discussione
2535 1524 2605 1578 de
2635 1524 2994 1593 processione
3039 1521 3281 1593 Spiritus
3329 1517 3567 1573 sanctia
3596 1514 3792 1572 Patre,

357 1617 411 1667 et
439 1627 474 1665 a
523 1610 691 1681 Filio,
721 1609 808 1666 vel
839 1626 938 1681 per
996 1609 1225 1680 Filium,
1257 1627 1325 1667 ac
1374 1611 1516 1666 inita
1548 1611 1836 1681 utriusque
1895 1609 2163 1667 Ecclesiae
2200 1612 2260 1666 in
2309 1611 2666 1668 cacumenica
2711 1613 2926 1683 synodo
2983 1607 3354 1682 Lugdunensi
3413 1605 3646 1670 unione,
3697 1617 3793 1657 ea-

353 1701 602 1770 demque
632 1706 825 1770 postea
846 1705 1011 1770 rupta
1065 1715 1132 1756 ac
1183 1716 1375 1756 eversa
1423 1699 1528 1756 sub
1588 1700 1913 1756 Andronico
1962 1715 2322 1756 successore:
2355 1702 2471 1757 sive
2527 1718 2652 1773 quae
2709 1703 2998 1774 pertinent
3027 1701 3095 1756 ad
3150 1696 3600 1770 patriarcharum
3657 1705 3786 1748 suc-

354 1787 694 1856 cessionem,
751 1787 847 1858 qui
877 1803 978 1858 pro
1030 1788 1182 1843 vario
1212 1789 1460 1859 partium
1490 1788 1675 1843 studio
1734 1788 2212 1858 promovebantur
2240 1789 2303 1845 in
2334 1789 2597 1846 Ecclesiae
2642 1791 2932 1858 thronum,
2956 1805 3024 1846 ac
3081 1789 3285 1844 throno
3315 1783 3783 1846 detrudebantur,

354 1877 504 1934 Hinc
534 1893 662 1933 vero
693 1877 1114 1933 Dissertationes
1141 1877 1288 1946 duae,
1321 1879 1615 1946 historicas,
1647 1880 1698 1932 et
1738 1877 2079 1947 dogmaticae,
2111 1894 2236 1949 quae
2287 1880 2631 1950 praecipuam
2687 1880 2874 1950 operis
2929 1887 3143 1950 partem
3201 1875 3538 1942 conﬁciunt,
3580 1873 3778 1929 elucu-

361 1967 531 2023 bratas
564 1975 714 2034 sunt,
745 1983 812 2023 ac
840 1966 992 2023 binis
1019 1968 1189 2023 etiam
1241 1966 1598 2038 locupletata:
1627 1968 1880 2038 epistolis
1909 1968 2102 2024 Graece
2160 1969 2443 2039 simulque
2499 1968 2693 2024 Latine
2723 1985 2879 2025 nunc
2930 1969 3182 2040 primum
3213 1966 3399 2023 editis.
3435 1961 3779 2019 Gravissima

359 2072 464 2128 pro
517 2053 802 2113 catholico
833 2059 1095 2128 dogmate
1152 2063 1438 2113 momenta
1487 2073 1522 2112 a
1570 2056 1934 2126 Pachymere,
1993 2056 2357 2112 schismatico
2417 2057 2549 2113 licet
2609 2057 2746 2125 viro,
2779 2055 3052 2122 indicata,
3101 2071 3168 2112 ac
3215 2060 3354 2109 aestu
3411 2050 3775 2109 schismatico

275 2160 277 2163 '
360 2144 664 2215 aliquando
693 2145 977 2216 despecta,
1036 2145 1383 2202 validissime
1433 2146 1838 2202 vindicantur:
1898 2145 2298 2216 chronicaeque
2352 2146 2717 2202 difficultates
2774 2145 2985 2217 plures,
3013 2145 3080 2200 ad
3129 2141 3574 2216 patriarcharum
3609 2138 3778 2208 regite

361 2234 520 2290 urbis
559 2236 708 2305 quod
764 2235 966 2292 attinet
1021 2236 1467 2304 successionem,
1495 2235 1560 2292 in
1615 2236 1738 2306 ejus
1792 2239 2159 2292 occurrentes
2219 2235 2480 2304 Historia,
2514 2251 2622 2292 nec
2660 2236 2803 2292 adeo
2863 2235 3099 2291 feliciter
3144 2251 3177 2288 a
3230 2231 3560 2288 doctissimo
3597 2229 3776 2284 inter-

364 2329 522 2396 prete
575 2323 740 2380 Petro
768 2324 1027 2394 Possino,
1056 2325 1294 2396 aliisque
1351 2333 1474 2395 post
1504 2326 1691 2396 ipsum
1752 2325 2109 2395 peritissimis
2152 2323 2284 2380 viris
2341 2325 2633 2396 expeditae,
2681 2341 2893 2381 novum
2937 2325 3272 2380 revocantur
3317 2321 3386 2376 ad
3418 2333 3681 2384 examen,
3712 2330 3778 2372 ac

366 2428 504 2469 sane
523 2412 746 2470 felicius
777 2413 943 2485 (absit
996 2414 1164 2471 verbo
1221 2414 1492 2485 invidia!)
1552 2415 1784 2470 fortasse
1821 2414 2213 2484 expediuntur.
2251 2413 2378 2470 Haec
2425 2412 2594 2484 igitur
2653 2414 2794 2469 mihi
2823 2414 2952 2470 data
2997 2410 3369 2470 elucubrandi
3399 2406 3659 2478 opusculi
3687 2420 3781 2462 oc-

371 2503 546 2567 casio,
579 2503 791 2569 Lector,
853 2503 1144 2569 benevole,
1177 2505 1284 2560 hoc
1335 2504 1505 2560 etiam
1559 2503 1908 2573 propositum
1957 2501 2100 2557 mihi
2157 2502 2219 2558 in
2274 2518 2341 2557 eo
2399 2501 2752 2559 conficiendo
2781 2502 3106 2559 consilium.
3144 2499 3382 2555 Labores
3437 2503 3783 2566 conatusque

367 2608 547 2660 meos,
609 2593 828 2648 tametsi
886 2593 1082 2662 exiles,
1114 2609 1217 2665 pro
1275 2601 1368 2649 tua
1398 2593 1648 2663 excipias
1698 2591 2083 2647 humanitate:
2117 2591 2164 2646 si
2213 2591 2417 2662 quidve
2447 2591 2553 2662 ipsi
2580 2591 2878 2648 attulerint
2905 2589 3302 2655 emolumenti,
3335 2603 3436 2658 pro
3487 2593 3582 2642 tua
3608 2584 3784 2656 aequi-

367 2687 478 2738 tate
507 2682 736 2738 tuearis.

1252 2963 1377 3013 ΤΟΥ
1415 2961 1814 3015 ΣΟΦΩΤΑΤΟΥ
1850 2960 1964 3014 ΚΑΙ
2004 2959 2418 3016 ΛΟΓΙΩΤΑΤΟΥ
2456 2963 2881 3016 ΠΑΤΡΙΔΡΧΟΥ

1675 3078 2464 3130 ΚΩΝΣΤΑΝΤΙΝΟΥΠΟΛΕΩΣ
2876 3093 2881 3097 ”

888 3225 1902 3356 ΓΡΗΓΟΡΙΟΥ
2009 3226 2360 3434 ΤΟΥ
2476 3229 3270 3359 ΚΥΠΡΙΟΥ

1145 3455 1866 3552 ΔΙΗΓΗΣΕΩΣ
1956 3458 2516 3553 ΜΕΡΙΚΗΣ
2596 3459 3000 3556 ΛΟΓΟΣ

1601 3631 1684 3686 ΤΔ
1720 3631 1870 3686 ΚΑΘ’
1907 3630 2162 3686 ΕΑΥΤΟΝ
2201 3633 2540 3696 ΠΕΡΙΕΧΩΝ

1150 3870 1722 3934 SAPIENTISSIMI
1770 3873 1869 3932 AC
1909 3870 2429 3934 DISERTISSIMI
2472 3875 3001 3940 PATRIARCH/E

1749 4031 2242 4080 CONSTANTIIOPO
2250 4033 2394 4080 LEOS

1119 4183 2112 4352 GREGORII
2150 4159 2227 4233 ω
2362 4185 3035 4353 CYPRII

657 4455 1896 4556 PARTICULARIS
2005 4461 2272 4557 HIS

1880 4465 1896 4552 ἱ
2005 4461 2838 4559 ΗΙΞΤΟΒΙλἘ
2957 4459 3495 4559 SERMO

1572 4642 1717 4704 RES
1759 4642 1957 4704 SUAS
2001 4642 2572 4728 CONTINENS(2).

438 4879 482 4933 ’l
519 4877 742 4950 Cyprus
771 4877 968 4935 insula
998 4879 1050 4936 ei
1081 4881 1272 4954 patria
1303 4881 1436 4952 fuit,
1471 4883 1574 4956 qui
1604 4883 1822 4940 librum
1854 4885 2013 4942 hunc
2044 4937 2053 4958 λ

2205 4885 2406 4958 Πατρὶς
2441 4885 2534 4959 μὲν
2566 4889 2646 4957 τῷ
2677 4883 3028 4959 συντεταχότι
3081 4884 3180 4954 τήν
3245 4877 3438 4960 βίϐλον
3489 4884 3712 4960 Κύπρος
3742 4888 3777 4956 ἡ

367 4965 738 5023 concinnavit
766 4967 864 5040 (3).
895 4972 1100 5026 Patres
1131 4977 1329 5026 autem
1361 4976 1419 5028 et
1451 4973 1540 5028 avi
1573 4973 1650 5046 (4)
1696 4991 1980 5047 omnesqu

2165 4981 2334 5044 ἤσος⁸
2395 4974 2621 5048 πατέρες
2675 4973 2733 5029 δὲ
2781 4974 2873 5028 καὶ
2927 4973 3173 5047 πατέρων
3224 4975 3472 5051 πατέρες,
3498 4975 3588 5029 καὶ
3633 4973 3780 5040 ὅλως

367 5055 770 5129 progenitores
801 5057 1023 5129 primas
1073 5059 1408 5117 habuerunt
1452 5063 1512 5117 in
1563 5062 1804 5132 divitiis,
1855 5068 1914 5120 et
1956 5065 1982 5118 i:

2199 5062 2310 5118 ἅνω
2361 5068 2459 5118 τοῦ
2513 5065 2704 5140 γένους
2763 5063 2934 5138 σειρά,
2967 5063 3019 5117 οἱ
3059 5059 3304 5118 πλούτου
3359 5085 3419 5118 τε
3470 5065 3537 5118 τὰ
3591 5069 3783 5138 πρῶτα

363 5145 572 5217 patria,
625 5162 934 5218 quousque
982 5148 1194 5204 Graecis
1247 5166 1363 5205 non
1409 5151 1620 5224 obtigit
1667 5151 1747 5207 ibi
1799 5153 1978 5208 servir

2161 5153 2212 5208 αὶ
2243 5161 2344 5222 τῆς
2389 5150 2651 5230 πατρίδος
2702 5151 2941 5228 ἔχοντες,
2972 5148 3077 5214 ἕως
3124 5149 3276 5207 οὔπω
3311 5148 3612 5228 Βαρϐάροις
3651 5151 3776 5208 ἔλα-

363 5233 637 5291 Barbaris
691 5236 916 5292 Latinis
971 5237 1068 5309 (5).
1119 5241 1443 5311 Postquam
1487 5257 1620 5296 vero
1670 5241 1978 5298 servitute:

2159 5263 2219 5318 _sv
2270 5240 2502 5305 Ἰταλοῖς
2551 5243 2613 5297 τὸ
2667 5239 2838 5297 ἐκεῖσε
2897 5239 3171 5296 δουλεύειν
3233 5240 3576 5312 Ἑλληνικόν.
3627 5243 3774 5298 Ἐπεὶ

363 5322 693 5393 subierunt,
726 5327 1058 5381 communis
1089 5326 1440 5384 calamitatis
1472 5333 1529 5384 et
1557 5329 1670 5402 ipsi
1697 5331 1978 5404 participe

2159 5333 2169 5352 ’
2222 5329 2568 5405 ἐδούλωσαν,
2600 5332 2691 5386 καὶ
2747 5337 2849 5402 τῆς
2905 5333 3094 5401 κοινῆς
3150 5336 3433 5410 συμφορᾶς
3479 5331 3570 5386 καὶ
3619 5330 3773 5388 αὐτοι

362 5413 550 5468 effecti
582 5416 739 5484 sunt,
773 5414 1142 5471 mediocriter
1169 5417 1560 5491 possidentes,
1611 5424 1668 5476 et
1715 5419 1977 5476 honorati

2154 5442 2178 5476 ε
2236 5421 2521 5496 μετέσχον,
2587 5421 2779 5494 μέτρια
2834 5421 2924 5474 καὶ
2983 5418 3228 5497 ἔχοντες,
3276 5419 3366 5475 καὶ
3437 5421 3769 5496 τιμώμενοι,

363 5517 547 5572 eaque
578 5502 860 5558 habentes
885 5520 1012 5575 quae
1071 5521 1176 5560 nec
1233 5507 1612 5579 pauperibus,
1662 5512 1720 5565 et
1762 5508 1978 5581 plebeis

2154 5510 2203 5564 αἱ
2265 5508 2363 5564 ὅσα
2398 5511 2525 5583 μήτ’
2558 5509 2635 5572 εἷς
2683 5508 2912 5581 πένητας
2959 5509 3176 5579 αὐτοὺς,
3208 5510 3297 5565 καὶ
3338 5509 3467 5573 τοὺς
3522 5507 3769 5575 πολλοὺς

363 5593 424 5645 et
453 5590 664 5647 vilibus
696 5595 1200 5651 connumerabant
1245 5595 1428 5668 ipsos,
1485 5613 1555 5652 nc
1599 5597 1752 5654 inter
1797 5603 1978 5670 potent

2150 5598 2202 5652 αἰ
2247 5597 2468 5670 ἀδόξους
2517 5599 2795 5678 ἐνέγραφε,
2832 5601 2960 5674 μήτ’
2990 5600 3067 5663 εἷς
3113 5599 3242 5661 τοὺς
3290 5595 3489 5675 ἁδροὺς
3535 5599 3625 5656 διαὶ
3670 5602 3765 5677 βα-

361 5681 453 5738 tes
483 5697 549 5738 ac
577 5681 902 5740 ditissimos
930 5683 1382 5742 constituebant.

1163 5683 1382 5742 iebant.
2111 5687 2446 5753 θυπλούτους
2478 5690 2778 5748 συνέταττε.
