4090 6450
340 444 410 507 21
1950 443 2001 505 ν

2119 455 2164 506 ι.
3687 451 3764 514 22

347 582 596 637 Γεννᾶται
651 573 838 632 τοίνυν
900 573 954 631 έν
1012 577 1084 650 τῇ
1154 575 1327 649 νήσῳ,
1375 573 1467 631 καὶ
1537 574 1784 654 τρέφεται
1861 574 2007 652 παρὰ

2193 577 2259 632 In
2289 576 2399 634 hac
2429 577 2610 651 igitur
2639 577 2835 636 insula
2864 584 3038 638 natus
3068 585 3175 648 est,
3209 585 3266 638 et
3305 545 3460 656 apud
3494 554 3763 657 parentes

344 675 457 732 τοῖς
505 672 774 745 γονεῦσιν,
812 662 921 728 ἕως
981 664 1140 720 αὐτὸν
1200 659 1300 720 ἔνει
1360 670 1547 744 φοιτᾷν
1585 665 1661 728 είς
1693 686 2008 742 γραμματι-

349 761 511 814 στῶν.
561 759 652 819 Ὠς
705 754 766 811 δὲ
818 762 922 824 τῆς
979 753 1188 810 τούτων
1246 753 1556 828 ἐπιστήμης
1612 753 1860 832 παρῆλθε
1909 755 2008 823 την

346 848 558 924 χρείαν,
589 844 840 921 παρῆλθε
872 841 932 899 δὲ
978 842 1127 898 έννέα
1155 842 1295 898 πάνυ
1341 847 1410 917 τῇ
1461 841 1676 915 ἡλικίᾳ,
1730 841 1902 897 δοκῶν
1951 840 2006 896 εὖ

343 939 640 1015 πεφυκέναι
686 935 788 1004 τήν
836 936 1024 1011 ψυχὴν
1083 933 1220 1009 πρὸς
1284 935 1602 1006 μαθήματα,
1635 931 1723 986 καὶ
1782 929 2008 986 ὀδικοῖτ³

347 1024 660 1102 (ἆδικοῖσθ’)
710 1023 771 1079 ἂν
835 1025 910 1097 μή
971 1021 1187 1084 τούτοις
1260 1016 1715 1095 ἐμϐιϐαζόμενος,
1776 1019 1851 1082 εἷς
1902 1021 2002 1088 τὴν

347 1114 779 1172 Καλλινικισέων
832 1111 1090 1175 πλείονος
1145 1108 1476 1172 παιδεύσεως
1542 1105 1715 1164 ἕνεκεν
1793 1107 2002 1181 πέμπε-

342 1225 454 1273 ται,
486 1200 749 1258 δοκοῦσάν
777 1223 838 1256 τε
869 1201 946 1264 ὡς
975 1201 1075 1270 τήν
1114 1197 1276 1255 πόλιν
1325 1197 1534 1269 ἐκείνην
1588 1195 1796 1275 ἀνδρῶν
1847 1197 2003 1253 εὐτο-

344 1299 464 1369 χεῖν
493 1291 641 1348 πολὺ
678 1289 846 1346 πλέον
904 1286 1127 1344 εἰδότων
1178 1289 1324 1364 παρὰ
1367 1287 1499 1349 τοὺς
1549 1286 1600 1357 ἐξ
1648 1287 1826 1362 ἀρχῆς
1875 1309 2002 1342 παι-

347 1380 562 1454 δευτὰς,
619 1380 715 1435 κᾶν
773 1377 992 1455 εὐτύχει
1050 1383 1170 1440 ταῖς
1235 1377 1520 1446 ἀληθείαις
1592 1377 1706 1438 ἑνὸς
1764 1373 2000 1440 οὐδενός.

344 1471 443 1527 Καὶ
481 1471 608 1546 γὰρ,
641 1469 718 1531 ὡς
746 1469 813 1538 ἦν
849 1465 1066 1523 ἀκούειν
1123 1471 1228 1521 τῶν
1279 1460 1656 1542 πρεσϐυτέρων
1709 1465 2001 1541 ἐξηγουμέ-

343 1583 476 1630 νων,
510 1558 797 1630 ἒξηκοστὸν
859 1555 983 1620 ἔτος
1031 1557 1107 1618 εὶς
1160 1555 1354 1617 αὐτοὺς
1405 1555 1562 1622 εἶναι,
1611 1554 1662 1624 ἐξ
1711 1554 1874 1628 οὗπερ
1926 1555 2003 1617 εἰς

345 1646 793 1725 ὲτερογλώσσους
839 1647 910 1700 τὰ
953 1653 1059 1715 τῆς
1109 1647 1277 1716 νήσου
1321 1645 1492 1721 κράτη
1548 1644 1793 1717 μετέτεσε
1824 1647 2000 1717 (μετε-

341 1737 520 1810 τέθη),
579 1736 669 1791 καὶ
724 1737 852 1810 παρ’
911 1733 1043 1790 ὅλον
1118 1733 1331 1789 τουτονὶ
1381 1734 1473 1788 τὸν
1533 1733 1733 1809 χρόνον
1798 1730 2004 1807 μηδένα

344 1833 584 1906 φανῆναι
613 1823 756 1880 ἄλλο
783 1846 836 1880 τι
867 1825 1016 1901 παρᾶ
1043 1825 1112 1878 τὰ
1159 1824 1362 1894 συνήθη
1409 1827 1578 1877 ταῦτα
1632 1821 1722 1876 καὶ
1778 1824 2004 1877 ταπεινά

2119 668 2425 736 educatus,
2459 669 2642 724 donec
2681 671 2877 742 ipsum
2937 672 3021 726 ire
3078 673 3335 743 oportuit
3364 674 3434 727 ad
3466 691 3761 746 gramma-

2117 758 2266 827 ticae,
2301 775 2402 813 seu
2437 759 2761 830 primarum
2822 760 3146 816 litterarum
3189 763 3579 819 institutores.
3615 764 3761 819 Cum

2116 863 2251 901 vero
2281 848 2543 918 ipsorum
2578 849 2886 922 disciplina
2919 868 3065 921 opus
3097 869 3210 906 non
3246 853 3501 924 amplius
3534 854 3760 925 habuit,

2116 936 2305 991 aetatis
2355 953 2474 991 suae
2525 955 2729 993 novem
2781 939 3020 996 omnino
3070 947 3396 997 excesserat
3443 960 3628 998 annos
3660 945 3758 1015 (6).

2114 1026 2378 1097 Cumque
2409 1026 2644 1097 ingenio
2699 1028 2995 1084 videretur
3051 1032 3122 1085 ad
3182 1031 3524 1104 disciplinas
3554 1031 3762 1088 idoneo

2115 1117 2312 1184 natus,
2345 1117 2402 1169 et
2427 1114 2644 1186 injuria
2676 1117 2853 1184 affici,
2887 1119 2935 1173 si
2968 1119 3040 1174 iis
3091 1136 3206 1174 non
3255 1120 3667 1191 appliearetur,
3701 1123 3759 1176 in

2112 1201 2589 1258 Callinicensium
2622 1206 2826 1260 urbem
2860 1207 3112 1262 mittitur
3133 1210 3231 1279 (7),
3259 1210 3499 1279 majoris
3523 1209 3765 1265 institu-

2112 1290 2367 1347 tionis?
2399 1307 2613 1346 causa:
2675 1310 2801 1364 qua:
2853 1295 2994 1351 viris
3053 1297 3258 1352 ﬂorere
3315 1299 3764 1354 existimabatur

2112 1380 2474 1436 doctioribus
2526 1381 2618 1448 iis,
2671 1383 2771 1453 qui
2823 1384 3081 1454 primum
3131 1387 3292 1441 fuere
3338 1393 3762 1459 praeceptores;

2113 1470 2348 1524 tametsi
2380 1486 2581 1526 revera
2612 1472 2842 1528 ﬂoreret
2871 1475 3104 1530 nemine
3136 1493 3272 1531 uno.
3307 1477 3439 1531 Erat
3469 1478 3642 1532 etiam
3677 1494 3763 1532 se-

2112 1558 2307 1614 niores
2339 1558 2542 1614 audire
2587 1567 2914 1630 narrantes,
2967 1564 3399 1635 sexagesimum
3432 1566 3499 1620 ad
3532 1583 3631 1622 eos
3664 1584 3762 1622 us-

2111 1664 2225 1719 que
2257 1648 2498 1702 fluxisse
2529 1665 2775 1717 annum,
2819 1668 2887 1706 ex
2933 1669 3047 1723 quo
3096 1653 3300 1708 insulae
3349 1655 3671 1712 dominatio
3702 1657 3761 1711 in

2113 1736 2352 1792 alterius
2401 1723 2614 1828 lingiiae
2660 1738 2931 1794 homines
2982 1743 3271 1797 translata
3320 1744 3510 1798 fuerat
3548 1745 3662 1815 (8):
3697 1762 3763 1800 ac

2115 1841 2214 1895 per
2241 1829 2431 1881 totum
2464 1827 2622 1882 istud
2653 1832 2887 1900 tempus
2918 1829 3262 1902 apparuisse
3311 1833 3627 1904 neminem,
3661 1834 3762 1906 qui

341 1921 455 1972 τῶν
515 1914 857 1992 γραμμάτων
922 1913 1266 1983 ἀσκήσαντα*
1323 1913 1392 1967 τὰ
1435 1911 1552 2017 λτρὸ
1608 1910 1803 1966 τούτου
1853 1908 1911 1965 δὲ
1954 1911 2000 1966 εἰ

349 2002 374 2017 υ
638 2005 649 2017 1
853 2008 880 2017 -ο
966 2002 988 2017 Ἇ
1158 2001 1168 2017 1
1568 1997 1626 2017 ’θα
1673 1999 1693 2017 κ
1855 1998 1869 2017 3
1952 2005 1974 2016 ν

2119 1919 2318 1986 praeter
2350 1921 2632 1971 consueta
2663 1934 2728 1972 ac
2775 1917 3024 1974 humilia
3073 1919 3398 1976 litterarum
3429 1922 3764 1978 rudimenta

343 2002 450 2082 ἄρα
476 1988 565 2068 τις
593 2005 787 2080 γέγονε
813 2008 921 2058 τῶν
966 2001 1281 2078 λεγομένων
1325 1988 1528 2080 σοφῶν,
1563 1997 1769 2071 ἄδηλον
1819 1998 2002 2062 αὺτοῖς

344 2095 506 2165 εἶναι,
536 2093 627 2150 καὶ
660 2093 837 2170 λέγειν
874 2093 950 2166 μή
1003 2089 1276 2149 δύνασθαι.
1303 2091 1457 2154 Ὅθεν
1515 2089 1606 2144 καὶ
1665 2089 1739 2151 ὡς
1793 2089 1883 2144 οῦν
1935 2091 2001 2159 ἦν

343 2181 463 2239 οὐδ’
504 2183 732 2247 ἐνταῦθα
781 2180 926 2253 ἄξιόν
973 2202 1029 2236 τι
1071 2187 1174 2250 τῆς
1226 2178 1434 2258 φύσεως
1481 2178 1794 2252 έκμελετᾷν,
1829 2176 2005 2234 δεύτε-

343 2294 466 2350 ρος,
507 2271 542 2327 ὅ
589 2292 737 2350 φασι,
789 2270 966 2333 πλοῦς
1023 2270 1115 2324 καὶ
1175 2267 1250 2331 εἷς
1309 2268 1670 2344 παιδευτήρια
1715 2268 2002 2341 Ῥωμαίων

344 2365 528 2440 φοιτᾷ,
577 2366 970 2437 γραμματικῆς
1027 2357 1081 2413 ἐν
1132 2356 1353 2420 τούτοις
1409 2363 1511 2426 τῆς
1569 2358 1705 2411 κατὰ
1750 2359 1848 2426 τήν
1908 2356 2006 2412 πά-

340 2471 497 2526 τριον
559 2448 803 2504 Λατίνων
861 2443 1308 2523 παραδιδομένης
1359 2446 1566 2522 φωνήν.
1623 2444 1846 2524 Τούτοις
1910 2446 2002 2518 μὲν

345 2537 438 2594 οῦν
503 2535 804 2613 ἐνδιέτριψε
853 2536 1058 2611 χρόνον
1126 2533 1257 2610 οὐχὶ
1311 2533 1534 2608 συχνὸν,
1592 2533 1683 2588 καὶ
1740 2539 1893 2596 σκιᾶς
1947 2555 2008 2610 γε

346 2625 500 2700 εδοξε
553 2631 970 2702 γραμματικῆς,
1003 2621 1130 2679 ἀλλ’
1185 2621 1285 2676 οὐκ
1342 2621 1512 2692 αὐτῆς
1566 2643 1628 2698 γε
1675 2629 1778 2692 τῆς
1807 2621 2004 2697 τέχνης

347 2715 668 2771 ἀπόνασθαι.
721 2711 911 2770 Αἴτιον
971 2710 1030 2767 δὲ
1084 2709 1122 2781 ἤ
1177 2732 1238 2766 τε
1288 2716 1384 2766 τοῦ
1439 2710 1641 2788 χρόνου
1703 2711 2006 2788 βραχύτης,

344 2806 436 2861 καὶ
470 2807 508 2874 ἡ
536 2809 647 2859 τῶν
683 2799 1028 2858 διδασκάλων
1080 2802 1235 2880 φωνή
1269 2798 1575 2876 ἀλλόθρους
1605 2822 1688 2863 τις
1740 2799 1873 2856 οὖσα
1918 2801 2008 2854 καὶ

341 2896 526 2966 νόθος,
559 2893 652 2948 καὶ
681 2897 762 2965 τῷ
792 2890 900 2965 νέῳ
933 2889 1026 2945 σὺν
1077 2887 1278 2962 πολλῷ
1319 2889 1409 2944 καὶ
1460 2887 1687 2964 μεγάλῳ
1725 2889 2006 2962 καταλαμ-

342 2979 624 3057 ϐανομένη
680 2986 763 3053 τῷ
821 2980 1040 3056 μόχθῳ,
1073 2982 1142 3048 ἦς
1200 2976 1326 3033 ἄνευ
1385 2975 1594 3048 οὐδ’ἦν
1651 2985 1751 3048 τῆς
1804 2979 2007 3054 τέχνης

339 3071 836 3148 ἀποπειράσασθαι.
897 3072 1058 3124 Ὥστε
1113 3067 1202 3123 καὶ
1254 3061 1550 3136 συνέϐαινε,
1611 3065 1839 3124 διπλοῦν
1899 3069 2008 3122 ἀνθ’

339 3161 526 3218 ἁπλοῦ
580 3159 674 3214 τὸν
724 3157 890 3213 πόνον
927 3155 1268 3235 ὑφίστασθαι,
1299 3161 1461 3210 τοῦτο
1526 3155 1618 3229 μὲν
1676 3155 1772 3218 τὰς
1831 3157 2009 3230 φωνὰς

340 3254 452 3307 δτι
518 3247 585 3319 δὴ
648 3246 739 3304 καί
798 3246 1114 3319 σημαίνοιεν
1177 3249 1429 3316 ζητοῦντι
1480 3246 1690 3318 μαθεῖν,
1729 3249 1890 3301 τοῦτο
1953 3242 2010 3298 δὲ

2115 2003 2420 2074 quidpiam
2452 2005 2719 2060 doceret:
2751 2022 2894 2061 num
2950 2023 3083 2062 vero
3116 2013 3287 2063 antea
3316 2009 3530 2080 aliquis
3558 2027 3762 2066 eorum

2114 2091 2420 2163 exstiterit,
2483 2093 2584 2164 qui
2643 2093 2920 2149 dicuntur
2988 2095 3302 2167 sapientes,
3353 2097 3620 2169 ignotum
3678 2099 3764 2154 eis

2114 2197 2263 2246 esse,
2295 2197 2486 2253 neque
2517 2182 2708 2237 dicere
2737 2198 2928 2254 posse.
2961 2186 3084 2248 Qua
3114 2185 3184 2240 de
3213 2202 3394 2241 causa
3423 2203 3556 2242 cum
3585 2187 3764 2242 etiam

2115 2271 2196 2325 ibi
2245 2270 2480 2342 ingenio
2537 2271 2781 2343 dignum
2837 2277 3172 2344 suppeteret
3227 2275 3394 2339 nihil,
3457 2277 3517 2330 in
3557 2293 3672 2348 quo
3705 2294 3766 2332 se

2116 2364 2426 2426 exerceret,
2452 2361 2730 2425 secunda,
2755 2365 2821 2416 ut
2851 2361 3035 2427 aiunt,
3060 2363 3454 2434 navigatione,
3477 2365 3765 2420 Romano-

2115 2465 2247 2504 rum
2281 2448 2511 2504 schulas
2545 2449 2687 2515 adit,
2724 2451 2822 2505 ubi
2856 2453 3244 2522 grammatica
3290 2454 3634 2509 tradebatur
3664 2471 3763 2526 pa-

2114 2538 2229 2592 tria
2263 2538 2598 2592 Latinorum
2651 2538 2851 2610 lingua
2899 2541 2996 2611 (9).
3051 2545 3113 2594 In
3146 2540 3238 2596 his
3268 2546 3502 2614 tempus
3533 2543 3763 2598 insum-

2115 2627 2235 2697 psit
2264 2643 2381 2681 non
2413 2627 2668 2681 multum
2696 2645 2708 2682 :
2741 2631 2799 2682 et
2841 2629 3053 2683 umbra
3099 2631 3496 2702 grammaticae
3527 2631 3766 2687 videba-

2115 2718 2234 2782 tur,
2267 2731 2383 2770 non
2413 2714 2543 2786 ipsa
2572 2720 2697 2770 arte
2728 2715 2922 2787 potiri.
2957 2720 3142 2772 Causa
3173 2725 3298 2773 erat
3326 2721 3608 2791 temporis
3637 2721 3771 2776 bre-

2115 2802 2286 2869 vitas,
2319 2807 2503 2858 etvox
2533 2804 2954 2874 magistrorum
3015 2810 3230 2872 extera,
3290 2811 3347 2862 et
3402 2809 3609 2879 spuria
3634 2809 3769 2881 (10),

2118 2897 2174 2947 et
2200 2893 2472 2963 ajuvene
2502 2909 2618 2947 non
2651 2893 2777 2948 sine
2810 2893 2995 2948 multo
3027 2900 3082 2949 et
3111 2912 3325 2967 magno
3357 2897 3655 2953 intellecta
3686 2899 3769 2954 la-

2118 2981 2276 3046 bore,
2311 2982 2438 3035 sine
2470 2998 2587 3053 qua
2618 2997 2809 3052 neque
2857 2983 3138 3053 possibile
3188 2990 3312 3039 erat
3360 2985 3503 3040 artis
3533 3003 3768 3042 assecu-

2118 3069 2338 3125 tionem
2369 3071 2610 3125 tentare.
2645 3071 2791 3126 Hinc
2842 3072 3162 3142 eveniebat,
3221 3079 3288 3129 ut
3341 3075 3632 3145 duplicem
3663 3094 3769 3150 pro

2119 3159 2371 3231 simplici
2435 3160 2632 3215 subire
2691 3160 2950 3216 laborem
3009 3162 3282 3218 deberet:
3345 3181 3465 3220 una
3509 3182 3577 3220 ex
3607 3172 3770 3238 parte

2117 3265 2288 3304 voces
2321 3249 2621 3305 addiscere
2651 3257 2938 3321 quaerens,
2997 3256 3054 3305 et
3109 3252 3252 3322 quid
3302 3252 3443 3324 ipsae
3473 3255 3767 3326 significa-

340 3339 431 3397 καί
460 3340 558 3399 τὰς
613 3344 719 3406 τῆς
776 3335 1142 3407 ὑποκειμένης
1197 3333 1400 3409 τέχνης
1448 3333 1722 3410 περινοίας
1770 3333 2006 3389 καταλα-

2123 3343 2290 3393 rent:
2325 3343 2384 3392 et
2415 3355 2483 3393 ex
2513 3337 2716 3409 altera,
2770 3339 3044 3410 subjectae
3093 3340 3336 3396 vocibus
3386 3343 3529 3399 artis
3559 3361 3771 3400 sensus

341 3426 482 3486 δεῖν.
538 3427 670 3482 Ὑπδ
725 3423 784 3480 δὲ
826 3427 929 3494 τῆς
976 3423 1147 3493 αὐτῆς
1206 3422 1380 3485 αἰτίας
1441 3420 1568 3478 οὐδὲ
1614 3429 1716 3492 τῆς
1775 3421 2008 3497 λογικῆς

341 3514 770 3596 Ἀριστοτέλους
826 3512 1051 3568 ἐνταῦθα
1105 3509 1499 3585 διδασκομένης
1547 3510 1691 3580 ἄξιόν
1739 3533 1793 3565 τι
1841 3510 2010 3587 λόγου

339 3606 680 3684 παρείληφε,
708 3603 858 3672 πλὴν
913 3601 1038 3656 ὅσον
1086 3601 1154 3656 τὰ
1199 3600 1277 3662 εἷς
1326 3599 1634 3675 εἰσαγωγὴν
1684 3605 1779 3654 τοῦ
1834 3601 2008 3674 μαθή-

343 3717 520 3772 ματος
583 3691 808 3760 εἰδέναι,
837 3690 930 3745 καὶ
986 3691 1156 3745 ταῦτά
1213 3710 1331 3751 πως
1381 3685 1662 3764 ἀμυδρῶς.
1713 3687 2011 3764 Δυσχέρεια

337 3788 442 3864 γὰρ
477 3779 808 3858 έμϐαθύνειν
839 3784 958 3842 τοῖς
991 3778 1313 3854 λεγομένοις
1344 3777 1474 3840 τοὺς
1523 3777 1614 3831 καὶ
1662 3782 1767 3832 τῶν
1817 3783 2006 3856 φωνῶν

335 3876 519 3932 αὐτῶν
578 3873 658 3934 ὡς
717 3868 983 3947 ἐλάχιστα
1037 3865 1342 3929 ἐπαίοντας.
1379 3865 1536 3923 Ἀλλ’
1566 3867 1642 3928 ὡς
1700 3867 1884 3922 ἑαυτὸν
1946 3866 2008 3922 οὐ

334 3967 458 4020 κατ’
507 3960 803 4034 ἐπιθυμίαν
852 3952 1216 4033 προϐαίνοντα
1273 3957 1438 4033 ἑώρα,
1491 3953 1755 4018 αὐθάδους
1823 3955 2011 4031 λαχὼν

334 4054 584 4134 φύσεως,
617 4049 709 4105 καὶ
766 4054 950 4103 πονεῖν
1001 4047 1102 4102 οὐκ
1149 4047 1513 4122 ἀνεχομένης,
1549 4046 1586 4115 ἢ
1634 4045 1736 4120 γὰρ
1786 4043 1892 4100 ἔδει
1945 4045 2009 4100 τὸ

334 4133 438 4198 πᾶν
498 4137 652 4218 ἔχειν
696 4136 1088 4215 κατειληφυῖαν
1139 4137 1202 4208 (f.
1251 4133 1640 4210 καταληφθὲν),
1674 4135 1710 4203 ἢ
1765 4135 2009 4206 καθάπαξ

339 4232 648 4308 ὀλιγωρεῖν
743 4232 842 4282 τοῦ
949 4222 1368 4299 σπουδάσματος
1401 4267 1415 4294 ,
1496 4223 2007 4300 προσταλαιπωρεῖν

335 4323 542 4392 ἥκιστα
605 4315 955 4394 βουλομένην
1009 4311 1418 4390 (βουλόμενος),
1451 4312 1539 4366 ἐπὶ
1595 4314 1694 4382 τὴν
1754 4313 2008 4389 πατρῴαν

337 4411 520 4467 ἑστίαν
577 4409 727 4484 ἄγων
762 4404 822 4461 ἐκ
865 4404 1123 4481 γενέσεως
1175 4400 1294 4465 ἔτος
1352 4397 1824 4456 πεντεκαιδέκατον
1880 4402 2010 4455 ἀνα-

338 4499 584 4578 στρέφει.

304 4583 312 4591 ”
415 4587 518 4644 Καὶ
545 4589 650 4640 τοῦ
700 4583 900 4640 λοιποῦ
949 4579 1288 4655 κυνηγεσίων
1345 4579 1440 4653 μὲν
1492 4579 1657 4653 αὐτῷ,
1702 4579 1792 4634 καὶ
1831 4579 2012 4633 τοιού..

2119 3431 2444 3499 penetrare.
2480 3428 2635 3482 Hanc
2665 3428 2738 3482 ob
2777 3444 3015 3482 causam
3049 3445 3238 3500 neque
3266 3429 3467 3501 logica)
3496 3432 3774 3488 Aristote-

2118 3516 2262 3583 licze,
2291 3533 2417 3587 quae
2449 3516 2529 3572 ibi
2552 3517 2894 3584 docebatur,
2917 3516 3139 3587 aliquid
3162 3525 3491 3574 memoratu
3523 3521 3768 3592 dignum

2119 3605 2378 3676 percepit
2406 3609 2613 3676 prmter
2654 3622 2721 3660 ea
2780 3622 2906 3675 quae
2966 3606 3037 3660 ad
3097 3605 3286 3678 ipsius
3317 3609 3460 3663 artis
3492 3609 3768 3682 isagogen
3819 3628 3830 3641 ο

2118 3694 2440 3765 pertinent;
2494 3699 2551 3748 et
2609 3694 2730 3747 haec
2781 3693 3018 3764 quidem
3080 3695 3462 3751 subobscure.
3526 3698 3770 3755 Difﬁcile

2118 3784 2274 3838 enim
2332 3787 2440 3851 est,
2497 3786 2563 3837 ut
2609 3783 2970 3854 profundes
3003 3784 3291 3839 dictorum
3343 3801 3553 3842 sensus
3611 3805 3769 3844 asse-

2119 3876 2396 3943 quantur,
2431 3872 2530 3943 qui
2561 3888 2728 3926 voces
2759 3872 2918 3943 ipsas
2949 3888 3063 3926 non
3097 3873 3455 3945 intelligunt.
3488 3876 3599 3931 Sed
3634 3894 3769 3933 cum

2118 3978 2232 4016 non
2259 3977 2327 4016 ex
2355 3966 2486 4016 voto
2531 3977 2593 4015 se
2644 3961 2924 4032 proficere
2968 3960 3210 4026 videret,
3260 3967 3316 4016 et
3359 3962 3617 4019 indolem
3650 3982 3773 4022 mo-

2117 4049 2398 4106 rosiorem
2431 4047 2674 4104 sortitus
2733 4051 2910 4113 esset,
2970 4065 3036 4102 ac
3098 4049 3315 4104 laboris
3364 4051 3768 4123 impatientem

2119 4139 2450 4212 (oportebat
2514 4136 2671 4192 enim
2695 4136 2785 4191 vel
2809 4152 2980 4190 omne
3002 4139 3519 4209 comprehendere,
3541 4142 3630 4196 vel
3653 4147 3772 4199 stu-

2120 4227 2282 4282 dium
2317 4225 2551 4297 penitus
2597 4224 2934 4297 negligere),
2969 4225 3174 4280 nolens
3225 4227 3480 4298 amplius
3511 4231 3653 4285 adeo
3684 4232 3768 4286 fa-

2117 4316 2317 4388 tigari,
2351 4319 2409 4371 et
2438 4315 2722 4370 miserum
2753 4330 2901 4380 esse,
2936 4315 3008 4368 ad
3051 4315 3274 4386 patrios
3318 4317 3472 4373 lares
3501 4335 3770 4377 reversus

2118 4411 2228 4476 est,
2260 4403 2596 4476 quindecim
2631 4407 2804 4458 natus
2835 4420 3021 4458 annos
3051 4404 3185 4475 (11).
3394 4409 3398 4414 ’

2193 4583 2409 4638 Exinde
2438 4583 2520 4637 rei
2553 4582 2827 4636 venaticze
2861 4597 3095 4653 operam
3128 4582 3324 4649 dabat,
3358 4584 3773 4659 similibusque

337 4699 449 4733 των
474 4679 650 4731 τινῶν
687 4668 854 4745 ἔμελε
884 4665 1177 4745 διατριϐῶν
1201 4691 1214 4703 ο
1276 4668 1459 4742 λόγων
1597 4667 1853 4740 ἐπεθύμει
1891 4669 2007 4741 μὲν,

2121 4672 2656 4728 exercitationibus.
2685 4670 3039 4725 Liberalium
3063 4671 3301 4742 quidem
3325 4673 3770 4746 disciplinarum

342 4760 673 4842 έπεστέφετο
735 4758 794 4815 δὲ
851 4759 925 4820 ὡς
981 4755 1182 4826 ἥκιστα
1235 4761 1316 4828 τῷ
1376 4758 1452 4829 μὴ
1513 4751 1659 4831 ἔχειν
1720 4757 1916 4819 αὐτοὺς
1942 4760 2012 4828 τῇ

338 4841 639 4924 Ἑλλήνων
697 4841 1146 4924 παραλαμϐάνειν
1208 4848 1385 4923 φωνῇ,
1419 4841 1488 4898 δι’
1535 4847 1603 4913 ἧς
1633 4845 1692 4900 ἃν
1722 4844 1868 4916 αὐτῷ
1921 4845 2011 4900 καὶ

344 4943 514 5022 ῥᾴστη
579 4943 617 5010 ἡ
679 4937 898 4994 ἐκείνων
987 4935 1194 5012 ἐγένετο
1255 4931 1504 5004 ἄσκησις.
1565 4933 1662 5022 Καὶ
1719 4933 1893 4988 τοίνυν
1953 4933 2012 4989 ἐκ

337 5041 440 5104 τῆς
505 5027 807 5102 ἐπιθυμίας
860 5024 1065 5094 ταύτης
1122 5025 1348 5100 ἠρεμεῖν
1409 5022 1508 5077 οὐκ
1564 5021 2011 5097 ἐπιτρεπόμενος,

342 5120 610 5198 ὀχληρὸς
672 5119 816 5189 ὁμοῦ
869 5113 962 5170 καὶ
1021 5111 1270 5188 λυπηρὸς
1315 5116 1434 5174 τοῖς
1461 5116 1674 5189 γονεῦσι
1703 5112 2010 5184 καθίστατο,

340 5208 658 5290 ἐφοδιάζειν
693 5204 756 5261 ἐκ
790 5207 898 5258 τῶν
941 5201 1195 5272 ἐνόντων,
1227 5199 1317 5255 καὶ
1363 5207 1465 5270 τῆς
1511 5199 1771 5277 πατρίδος
1813 5201 2012 5274 ἐκπέμ-

339 5288 461 5355 πειν
526 5299 737 5368 ζητῶν,
767 5292 858 5347 καί
917 5312 982 5366 γε
1037 5288 1418 5365 παραπέμπειν
1473 5289 1527 5351 ἐς
1573 5290 1670 5352 τὰς
1719 5289 1770 5344 ἐν
1821 5290 2015 5361 Νικαίᾳ

341 5381 662 5462 διατριϐὰς,
715 5381 853 5438 ὅπου
911 5380 1003 5434 καὶ
1061 5377 1230 5453 λόγος
1288 5377 1518 5453 ἐκράτει,
1577 5379 1855 5454 γενομένῳ
1909 5379 2013 5433 τινὶ

337 5474 750 5546 αὖτὰςίξεῖναι
807 5469 992 5526 δοκεῖν
1043 5466 1109 5522 τά
1138 5467 1191 5543 γ’
1217 5465 1271 5528 ἐς
1329 5471 1509 5543 σοφῶν
1574 5464 1783 5544 ἀνδρῶν
1841 5467 2012 5544 ἀφθο-

341 5568 464 5624 νίαν
523 5565 626 5626 τὰς
680 5560 924 5622 παλαιὰς
971 5558 1202 5626 Ἀθήνας
1257 5556 1402 5631 ὁρᾷν.
1456 5557 1520 5610 Οἱ
1579 5553 1635 5611 δὲ
1695 5555 1908 5634 φύσεώς
1957 5578 2016 5612 τε

343 5659 437 5713 καὶ
470 5652 833 5732 ἰσχυροτέρας
866 5648 1118 5732 ἀνάγκης
1166 5641 1386 5718 δεσμοῖς
1437 5644 1695 5720 ἐχόμενοι
1744 5649 1842 5699 τοῦ
1889 5666 2014 5700 παι-

349 5745 467 5820 δὸς,
530 5731 637 5801 οῦκ
688 5742 748 5797 ἂν
805 5739 838 5796 ὅ
893 5758 952 5792 τι
1011 5731 1221 5810 γένοιτο
1280 5735 1533 5808 μεθήσειν
1594 5732 1859 5812 ἔφασκον·
1925 5735 2014 5790 καὶ

2120 4761 2410 4817 desiderio
2460 4761 2770 4816 tenebatur
2830 4761 2976 4831 (12):
3038 4760 3138 4814 sed
3198 4765 3263 4815 ut
3323 4763 3638 4820 minimum
3671 4784 3773 4822 cu-

2121 4868 2246 4906 ram
2281 4851 2352 4905 de
2409 4849 2482 4904 iis
2538 4849 2808 4914 faciebat,
2870 4849 3024 4928 quod
3081 4864 3179 4903 eas
3209 4849 3540 4907 Graecorum
3572 4853 3775 4928 lingua

2122 4939 2420 5012 percipere
2466 4955 2582 4994 non
2641 4941 2858 5009 posset,
2912 4924 3015 5008 per
3069 4953 3247 5008 quam
3280 4940 3625 4997 facillimum
3659 4924 3773 5016 ipsi

2124 5029 2334 5084 fuisset
2362 5044 2491 5084 sese
2534 5027 2594 5082 in
2643 5026 2866 5082 eisdem
2911 5041 3194 5082 exercere.
3232 5033 3303 5083 At
3333 5029 3675 5100 hujusmodi
3707 5050 3776 5089 ex

2123 5115 2416 5173 desiderio
2463 5133 2596 5171 cum
2648 5115 2951 5194 quiescere
2993 5131 3109 5169 non
3153 5117 3594 5186 permitteretur
3635 5122 3770 5193 (13),

2123 5206 2506 5262 turbulentus
2536 5204 2834 5275 simulque
2865 5203 3151 5259 molestus
3183 5206 3525 5276 parentibus
3567 5211 3770 5280 evasit,

2125 5312 2386 5367 quaerens
2446 5311 2514 5349 ex
2570 5293 2835 5365 ipsorum
2894 5293 3067 5348 bonis
3126 5300 3521 5351 commeatum
3563 5301 3634 5353 ad
3667 5300 3776 5355 iter

2125 5385 2440 5455 agendum,
2472 5387 2530 5438 et
2559 5382 2746 5438 emitti
2779 5399 2810 5437 e
2840 5382 3050 5453 patria,
3109 5387 3166 5437 et
3213 5383 3463 5439 Nicaeam
3497 5387 3650 5442 mitti
3701 5391 3772 5446 ad

2126 5470 2358 5526 scholas
2390 5470 2526 5541 (14),
2561 5469 2659 5524 ubi
2694 5470 2849 5523 fama
2873 5469 3165 5524 clamabat
3191 5487 3359 5540 posse
3383 5472 3565 5528 videri
3592 5476 3641 5530 ei
3675 5479 3774 5550 qui

2124 5559 2204 5614 ibi
2239 5559 2661 5624 diversabatur,
2695 5557 2767 5612 ob
2799 5557 3131 5628 sapientum
3164 5558 3421 5615 virorum
3467 5562 3775 5622 abundan-

2124 5650 2291 5716 tiam,
2323 5651 2547 5703 veteres
2585 5647 2778 5701 videre
2835 5647 3113 5701 Athenas.
3168 5646 3354 5703 Puero
3413 5650 3778 5712 adhaerentes

2127 5737 2237 5806 illi,
2271 5740 2490 5793 naturae
2521 5741 2577 5793 et
2606 5735 2864 5793 fortioris
2914 5737 3280 5793 necessitatis
3310 5738 3559 5797 vinculis
3590 5759 3654 5798 se
3683 5745 3776 5799 di-
