4090 6436
352 403 430 463 23
1386 394 1704 459 GEORGII
1749 392 2012 455 CYPRII
2056 392 2172 454 ΟΡ.
2217 395 2754 457 PATRIABCHjE
3695 393 3775 455 2‘

354 533 584 604 cebant,
618 531 905 604 quidquid
942 530 1174 586 evenire
1205 534 1424 602 posset,
1456 548 1574 586 non
1616 527 2010 593 dimissuros;

2129 526 2392 604 πρότερον
2425 527 2659 601 ετοίμως
2693 525 2837 604 ἔχειν
2869 523 3129 582 ἐνδιδόναι
3177 529 3258 599 τῷ
3307 522 3633 603 βουλομένῳ
3672 527 3771 596 τήν

354 629 413 678 et
442 622 639 694 potius
671 627 910 694 paratos
941 637 1090 688 esse,
1123 619 1304 676 vitam
1337 620 1570 675 auferre
1608 618 1824 673 volenti
1875 633 2010 688 per-

355 712 612 777 mittere,
646 728 826 782 quam
859 715 1070 782 sponte
1121 711 1439 778 sustinere,
1490 713 1556 763 ut
1610 707 1712 763 tali
1754 707 1812 761 in
1844 711 2012 761 aetate

354 801 417 855 in
470 799 812 872 peregrinas
867 804 1054 855 terras
1111 798 1271 853 ﬁlius
1331 798 1676 853 mitteretur.
1713 795 2012 852 Dissensio

354 889 555 961 itaque
586 889 865 961 utrinque
896 893 1057 944 erat:
1089 893 1145 942 et
1191 887 1251 941 in
1311 904 1380 942 ea
1438 887 1690 941 duorum
1724 901 2012 941 annorum

356 983 592 1051 tempus
624 979 734 1050 (15)
757 979 1130 1050 insumptum
1153 983 1261 1045 est,
1285 978 1468 1032 donec
1492 975 1854 1048 perspiciens
1876 975 2016 1030 ado—

356 1068 606 1132 lescens,
638 1072 912 1137 parentes
944 1082 1177 1136 semper
1205 1067 1485 1130 victuros,
1509 1066 1558 1119 si
1592 1069 1788 1136 aperte
1809 1069 1858 1119 4
1880 1079 2013 1118 cum

358 1157 506 1229 ipsis
539 1157 899 1227 loqueretur,
934 1157 1222 1227 deponere
1255 1171 1316 1209 se
1369 1155 1718 1208 sententiam
1751 1151 2013 1218 simulat,

359 1245 620 1318 quietam
652 1245 828 1299 vitam
887 1261 1078 1316 agere,
1136 1249 1192 1298 et
1249 1243 1745 1314 quemadmodum
1780 1243 1880 1313 qui
1913 1242 2014 1296 do-

363 1333 508 1388 mini
545 1339 712 1388 erant
740 1339 795 1388 et
820 1338 1111 1404 parentes,
1137 1335 1310 1402 jussa
1341 1334 1566 1395 darent,
1601 1331 1845 1403 obsequi
1873 1330 2014 1385 illis.

363 1424 447 1477 Ita
508 1422 820 1488 simulans,
887 1439 952 1476 ac
1009 1422 1168 1476 brevi
1224 1421 1421 1492 aliquo
1481 1425 1740 1491 tempore
1796 1420 2015 1474 ﬁctioni

363 1511 767 1583 acquiescens,
785 1516 850 1565 ut
871 1510 1204 1580 opinionem
1227 1510 1298 1564 de
1321 1511 1732 1580 permansione
1756 1527 1864 1564 sua
1885 1526 2018 1565 con-

363 1601 645 1669 firmaret,
681 1600 1089 1672 ignorantibus
1121 1598 1462 1653 domesticis
1493 1603 1550 1652 et
1580 1599 1861 1669 cognatis,
1896 1599 2017 1653 dis-

363 1689 575 1744 cedens
635 1705 666 1744 e
723 1688 931 1760 patria,
993 1694 1052 1742 et
1110 1687 1306 1742 navim
1375 1689 1794 1754 conscendens,
1854 1692 1912 1742 et
1959 1687 2019 1742 in

365 1778 736 1850 navigatione
767 1777 1026 1833 secundo
1068 1782 1238 1831 vento
1292 1794 1457 1842 usus,
1505 1777 1677 1831 tertia
1708 1777 1801 1831 die
1832 1775 2020 1832 Ptole-

366 1867 646 1935 maidem,
681 1884 808 1938 quas
860 1871 950 1922 est
1005 1865 1065 1921 in
1122 1864 1452 1932 Palaestina,
1507 1866 1842 1921 deducitur.
1878 1867 2019 1920 Inde

366 1960 603 2013 Anaam
636 1957 786 2010 Asiae
819 1954 1002 2011 altera
1049 1954 1417 2027 navigatione
1466 1954 1714 2020 difﬁcili,
1757 1971 1823 2010 ac
1853 1953 2020 2010 valde

365 2045 717 2119 periculosa,
749 2046 1004 2117 indeque
1048 2045 1346 2116 Ephesum
1394 2044 1552 2099 venit
1582 2044 1717 2115 (16),
1751 2043 1854 2100 Ηίο
1885 2061 2020 2099 cum

365 2134 615 2203 audiret,
647 2134 706 2189 in
753 2133 966 2190 vicinia
1010 2131 1414 2204 Blemmydam
1458 2131 1724 2188 habitare
1772 2134 1908 2204 (17),
1940 2133 2021 2188 νί-

365 2242 519 2293 rum,
556 2228 621 2279 ut
651 2223 977 2293 dicebatur,
1010 2240 1125 2278 non
1158 2221 1350 2277 solum
1394 2222 1546 2276 inter
1575 2222 1802 2277 Graecos
1835 2222 2019 2278 nostri

360 2315 667 2385 temporis,
715 2329 918 2368 verum
974 2311 1150 2367 etiam
1210 2311 1363 2366 inter
1405 2327 1612 2366 omnes
1651 2311 2018 2382 sapientissi-

362 2419 550 2473 mum,
581 2401 915 2458 vehementi
947 2400 1240 2456 desiderio
1273 2400 1570 2455 ferebatur
1597 2400 1669 2455 ad
1718 2417 1850 2454 eum
1885 2417 2020 2472 pro-

361 2492 682 2562 ﬁciscendi,
715 2496 780 2545 ut
811 2491 1008 2562 ipsum
1040 2490 1283 2545 videret.
1318 2490 1456 2559 Ejus
1487 2494 1682 2544 tamen
1727 2489 2018 2545 desiderio

360 2581 674 2638 obstabant
719 2581 827 2634 viri
870 2579 1124 2651 Ephesii,
1175 2578 1456 2645 dicentes,
1511 2582 1576 2632 ut
1606 2578 1782 2632 etiam
1815 2595 2016 2633 verum

359 2674 505 2737 erat,
529 2671 685 2742 quod
707 2687 822 2724 non
850 2670 1043 2723 solum
1070 2666 1459 2739 philosophus
1481 2666 1578 2722 ille
1600 2667 1794 2722 videre
1820 2666 2014 2738 ipsum

353 2760 718 2830 juvenem,et
747 2759 1207 2830 peregrinum,et
1231 2772 1551 2828 pauperem
1576 2756 2014 2828 dedignaretur:

363 2849 464 2903 sed
493 2848 542 2902 is
573 2847 772 2917 etiam,
798 2847 898 2918 qui
930 2862 1064 2900 cum
1093 2845 1219 2917 ipso
1252 2845 1587 2916 sapientum
1626 2845 1841 2900 chorus
1873 2853 2016 2915 erat,

362 2937 558 3008 ipsum
595 2936 1067 3007 appropinquare
1098 2934 1457 2989 monasterio
1488 2951 1604 2989 non
1637 2933 2015 3005 permitteret.

362 3025 469 3081 His
481 3024 1046 3095 addebant,perinde
1067 3023 1126 3078 in
1150 3022 1799 3094 ipsum[Blemmydam]
1823 3022 2018 3078 dicen-

362 3118 473 3185 tes,
490 3114 681 3168 virum
705 3130 832 3169 esse
854 3111 1530 3184 difﬁcilem,rigidum,et
1549 3110 1856 3178 elatum,et
1876 3113 2014 3167 sim-

364 3203 689 3276 plicitatem
714 3202 958 3257 minime
982 3207 1287 3256 curantem
1307 3217 1320 3254 :
1340 3200 1534 3255 locum
1557 3201 1733 3256 etiam
1763 3200 2019 3256 inacces~

363 3309 522 3359 sum,
542 3307 607 3346 ac
631 3289 954 3361 discipulos
979 3291 1139 3360 ipsos
1164 3289 1418 3360 praebere
1441 3305 1503 3344 se
1526 3289 1794 3344 difﬁciles
1824 3289 1896 3344 ad
1919 3306 2017 3345 eos

363 3381 739 3449 adeuntibus,
757 3383 957 3450 utpote
981 3379 1078 3449 qui
1103 3379 1261 3432 istud
1291 3382 1424 3432 ante
1445 3377 1604 3432 aliud
1627 3394 1800 3433 omne
1824 3395 1855 3433 a
1877 3395 2016 3449 prae-

364 3474 600 3541 ceptore
619 3469 1044 3523 documentum
1069 3467 1434 3538 accepissent
1457 3467 2017 3537 sapientissimo.Sic

364 3559 437 3614 ab
468 3557 634 3613 initio
667 3557 866 3612 statim
901 3556 1190 3611 desiderio
1223 3573 1329 3610 suo
1361 3556 1595 3624 excidit,
1625 3561 1682 3611 et
1711 3557 2019 3612 videbatur

364 3647 473 3702 hoc
498 3663 614 3701 non
641 3646 860 3701 bonum
885 3646 944 3700 in
969 3645 1231 3700 futurum
1255 3645 1298 3701 5
1329 3646 1664 3715 angurium.
1698 3650 2014 3716 Postquam

366 3753 469 3807 spe
516 3735 804 3790 frustatus
850 3741 956 3799 est,
1009 3733 1212 3787 abiens
1262 3733 1487 3804 Epheso
1537 3735 1671 3804 (18),
1725 3750 1826 3811 p_er
1863 3739 2017 3790 totos

366 3841 467 3880 sex
497 3840 752 3892 menses,
814 3839 1032 3894 eosque
1089 3824 1206 3877 fere
1270 3823 1577 3894 hybernos,
1619 3840 1754 3878 cum
1787 3823 2018 3895 magnis

366 3913 645 3981 miseriis,
677 3912 928 3984 aliisque
983 3929 1179 3966 rerum
1225 3913 1688 3967 necessariarum
1734 3913 2016 3984 penuriis,

365 4003 618 4058 Nicaeam
644 4001 703 4056 in
738 4001 1120 4074 Bithynorum
1172 4001 1540 4071 metropolim
1570 4001 1747 4056 venit.
1783 4001 2019 4056 Insum-

366 4093 486 4164 psit
513 4109 646 4146 vero
679 4091 822 4146 adeo
858 4090 1110 4144 multum
1144 4089 1368 4144 interea
1398 4093 1652 4160 tempus,
1685 4106 1800 4144 non
1860 4091 2016 4162 quod

365 4181 781 4254 longissimum
811 4179 921 4234 iter
949 4184 1123 4250 esset,
1175 4195 1278 4233 nec
1335 4183 1588 4243 tantum,
1624 4183 1686 4233 ut
1714 4179 2022 4234 conﬁcere-

364 4275 480 4338 tur,
513 4269 798 4342 temporis
829 4269 1126 4340 exigeret:
1188 4269 1283 4323 sed
1341 4268 1481 4339 quia
1537 4267 1703 4338 prius
1734 4267 1794 4322 in
1826 4273 2020 4325 castra

366 4359 521 4430 regis
552 4358 922 4430 perveniens,
955 4361 1011 4410 et
1039 4355 1268 4427 aliquos
1300 4356 1378 4410 ibi
1428 4355 1758 4426 potentium
1792 4356 2017 4424 adiens,

364 4449 584 4502 victum
619 4447 755 4512 sibi,
789 4447 891 4517 qui
947 4463 1048 4517 per
1087 4450 1275 4499 totum
1328 4444 1652 4515 disciplinae
1682 4449 1915 4516 tempus
1947 4447 2018 4501 ad

366 4538 548 4592 vitam
594 4536 910 4603 sufﬁceret,
962 4538 1233 4606 pararet;
1285 4551 1467 4604 eoque
1499 4550 1611 4588 non
1647 4534 1899 4602 invento,
1933 4536 2019 4589 di-

2126 618 2270 684 ζωὴν
2332 618 2600 696 ἀφαιρεῖν,
2635 617 2760 691 πρὶν
2818 617 3037 679 ἑκόντας
3095 616 3147 672 ἐν
3197 615 3445 689 τοσούτῳ
3499 622 3601 685 τῆς
3644 614 3772 686 ἡλι-

2122 705 2241 767 κίας
2278 706 2355 768 εἷς
2385 707 2537 776 ξένην
2599 705 2919 770 στέλλεσθαι
2964 707 3056 761 τὸν
3103 706 3217 760 υἱὸν
3271 710 3602 781 συγχωρεῖν.
3636 705 3772 760 Στά-

2123 816 2205 857 σις
2266 793 2357 849 οὖν
2419 796 2749 872 ἑκατέρωθεν
2800 797 2890 866 ἦν.
2921 796 3020 850 Καὶ
3084 799 3154 869 τῇ
3214 796 3395 850 στάσει
3427 791 3575 850 δυοῖν
3607 794 3773 850 ἐτέοιν

2125 884 2326 959 χρόνος
2381 881 2646 961 ἐτρίϐετο,
2695 883 2800 947 ἓως
2861 883 3085 940 συνιδὼν
3120 886 3148 940 6
3177 883 3410 952 νεανίας,
3445 883 3528 939 ὅτι
3586 889 3773 957 νικῷεν

2125 973 2185 1028 ἂν
2219 975 2272 1028 οἱ
2302 974 2546 1038 τεκόντες
2579 975 2660 1030 ἀεὶ
2710 975 2768 1030 ἐκ
2805 979 2902 1030 τοῦ
2957 979 3190 1054 φανεροῦ
3239 978 3345 1030 τῶν
3406 973 3582 1049 λόγων
3642 975 3776 1050 πρὸς

2124 1062 2321 1125 αὐτοὺς
2366 1063 2690 1140 γινομένων,
2723 1067 3018 1135 σκήπτεται
3073 1066 3311 1138 μεθεῖναι
3363 1065 3462 1134 τὴν
3523 1066 3776 1138 γνώμην,

2126 1153 2362 1228 ἡσυχίαν
2427 1151 2485 1208 δὲ
2543 1153 2710 1230 ἄγειν,
2743 1155 2833 1209 καὶ
2891 1156 3010 1218 καθ’
3055 1154 3086 1209 6'
3122 1176 3174 1209 τι
3231 1153 3291 1208 ἂν
3347 1152 3543 1209 ἐκεῖνοι
3600 1153 3781 1229 κύριοι

2126 1243 2215 1298 καὶ
2274 1249 2444 1318 γονεῖ,
2505 1239 2657 1305 ὄντες
2715 1241 3006 1313 κελεύοιεν,
3064 1241 3304 1308 ἕπεσθαι.
3365 1242 3519 1297 Οὕτω
3577 1241 3782 1316 σκηψά-

2132 1352 2317 1404 μενος,
2371 1333 2462 1387 καί
2520 1355 2641 1388 τινα
2699 1334 2900 1409 χρόνον
2955 1338 3035 1405 τῷ
3094 1331 3374 1406 πλάσματι
3434 1332 3783 1410 έφησυχάσας

2132 1421 2362 1496 βραχὺν,
2393 1420 2486 1476 ’ίνα
2517 1422 2660 1477 οὕτω
2697 1424 2795 1492 τήν
2836 1428 2934 1478 τοῦ
2986 1424 3162 1496 μένειν
3221 1418 3586 1497 βεϐαιώσηται
3641 1423 3782 1498 γνώ-

2134 1531 2265 1582 μην,
2295 1508 2483 1579 λαηὼν
2532 1517 2704 1566 πᾶσαν
2755 1511 2969 1566 πάντων
3023 1509 3269 1580 αἷ¹σθησιν
3321 1510 3537 1566 οἰκείων
3585 1532 3645 1566 τε
3692 1510 3783 1566 καὶ

2129 1604 2428 1673 συγγενῶν,
2463 1600 2760 1663 ἀπαναστὰς
2815 1608 2916 1671 τῆς
2976 1599 3259 1676 πατρίδος,
3290 1600 3420 1670 νηός
3467 1601 3515 1655 τ’
3568 1598 3784 1673 ἐπιϐὰς,

2129 1689 2219 1742 καὶ
2251 1687 2498 1778 ἐπιφόρῳ
2537 1691 2684 1764 παρά
2729 1691 2821 1745 τὸν
2870 1689 3044 1746 πλοῦν
3090 1691 3441 1766 χρησάμενος
3490 1689 3786 1761 πνεύματι,

2128 1783 2372 1854 τριταῖος
2394 1777 2426 1850 ξ’
2464 1778 2518 1840 ἐς
2548 1777 2903 1854 Πτολεμαΐδα
2929 1782 3028 1848 τήν
3077 1779 3129 1835 ἐν
3181 1777 3514 1854 Παλαιστίνῃ
3555 1777 3788 1853 κατάγε-

2127 1885 2234 1920 ται.
2299 1871 2354 1919 Κ’
2388 1864 2645 1930 ίέντεῦθεν
2698 1867 2776 1930 εἷς
2832 1869 3051 1922 Ἀναιαν
3121 1874 3222 1937 τῆς
3294 1867 3474 1929 Ἀσίας
3549 1863 3790 1943 δευτέρῳ

2131 1952 2258 2026 πλῷ
2312 1952 2545 2030 χαλεπῷ
2600 1955 2778 2029 τούτῳ
2832 1957 2923 2012 καὶ
2980 1956 3100 2013 λίαν
3148 1954 3495 2029 ἐπικινδύνῳ,
3543 1957 3790 2012 κάκεῖθεν

2131 2043 2208 2104 εἷς
2266 2045 2492 2122 Ἔφεσον
2552 2042 2897 2114 ἤκειθΈνθα
2951 2044 3041 2100 καὶ
3099 2046 3172 2108 ὡς
3220 2045 3272 2100 ἐν
3314 2045 3573 2121 γειτόνων
3621 2045 3790 2100 οἰκῶν

2133 2129 2217 2201 εἷή
2253 2133 2280 2187 6
2312 2130 2648 2206 Βλεμμύδης
2677 2135 2985 2208 πυθόμενος
3018 2135 3177 2210 ἀνὴρ,
3211 2135 3284 2198 ὡς
3315 2134 3557 2211 ἐλέγετο,
3589 2135 3652 2190 οὗ
3690 2135 3794 2209 μό-

2129 2242 2220 2276 νον
2265 2219 2547 2292 Ἑλλήνων
2601 2228 2709 2278 τῶν
2755 2224 2834 2301 ἐφ’
2878 2227 3065 2298 ἡμῶν,
3107 2223 3254 2280 ἀΛλά
3299 2222 3392 2279 καὶ
3432 2223 3652 2279 πάντων
3702 2225 3796 2279 ἀν-

2133 2305 2275 2384 δρῶν
2335 2311 2672 2387 σοφώτατος,
2732 2309 2908 2374 πολὺς
2985 2312 3185 2387 γίτεναι
3241 2313 3378 2388 πρὸς
3439 2311 3596 2367 αὐτὸν
3656 2313 3799 2368 κατὰ

2132 2397 2254 2452 θέαν
2313 2398 2637 2472 πορεύεσθαι
2687 2402 2788 2470 τήν
2847 2399 3035 2459 αὺτοῦ.
3096 2401 3357 2478 Ἐπέσχον
3400 2399 3459 2456 δὲ
3503 2399 3661 2476 ὅμως
3703 2403 3796 2457 ἅν-

2132 2485 2253 2562 δρες
2306 2487 2542 2562 Ἐφέσιοι
2595 2496 2696 2558 τῆς
2758 2491 2960 2565 ὁρμῆς,
3019 2490 3320 2565 εἰρηκότες,
3378 2490 3512 2568 ὅπερ
3568 2491 3663 2548 καί
3721 2493 3793 2564 ἦν

2129 2574 2354 2649 ἀληθὲς,
2387 2577 2460 2638 ὡς
2491 2577 2552 2631 οὐ
2588 2577 2749 2650 μόνον
2782 2578 2937 2634 αὐτὸν
2986 2581 3282 2650 ἀπαξιώσοι
3333 2577 3463 2635 ἰδεῖν
3497 2580 3525 2633 ὁ
3557 2579 3793 2658 φιλόσο-

2131 2687 2231 2744 φος
2290 2666 2406 2722 νέον
2463 2662 2612 2734 ὄντα,
2672 2668 2760 2724 καὶ
2811 2667 2980 2738 ξένον,
3041 2669 3131 2724 καὶ
3190 2670 3418 2740 πένητα,
3453 2667 3604 2724 ἀλλὰ
3641 2671 3797 2726 καὶὸ

2128 2755 2253 2832 περὶ
2312 2755 2470 2811 αὐτὸν
2529 2758 2702 2833 χορὸς
2755 2762 2864 2812 τῶν
2923 2762 3102 2836 σοφῶν
3141 2758 3512 2832 μοναστηρίῳ,
3546 2779 3800 2833 προσπε-

2131 2845 2290 2901 λάσαι
2349 2845 2449 2900 οὐκ
2503 2846 2561 2900 ἂν
2620 2849 3055 2922 συγχωρήσαιεν.
3115 2853 3240 2910 Τοῖς
3301 2847 3403 2923 γὰρ
3461 2854 3577 2902 κατ’
3630 2849 3799 2905 αὐτὸν

2131 2932 2344 3006 ἐπίσης,
2405 2933 2489 2989 ὅτι
2546 2935 2685 3010 ἀνὴρ
2742 2935 3037 3010 ἀπρόσιτος
3107 2933 3320 3015 ἔφασαν,
3380 2934 3614 3006 ἀκλινὴς
3698 2936 3802 3011 ὢν,

2127 3023 2220 3078 καὶ
2249 3025 2542 3098 μετέωρος,
2574 3025 2664 3080 καὶ
2714 3023 2912 3093 ἥκιστα
2967 3023 3240 3087 εὐτελείας
3293 3024 3763 3103 ἐπιστρεφόμενος
3791 3050 3804 3063 ·

2129 3111 2160 3167 6'
2204 3133 2262 3166 τε
2322 3117 2511 3189 χῶρος
2559 3109 2905 3186 ἀνεπίϐατος,
2951 3114 3041 3170 καὶ
3096 3115 3148 3169 οἱ
3212 3115 3448 3187 μαθηταὶ
3506 3115 3671 3171 αὐτοὶ
3727 3119 3807 3181 ὡς

2131 3199 2250 3256 λίαν
2314 3199 2710 3271 δυσέντευκτοι,
2772 3203 2867 3258 ἀντ
2940 3201 3115 3258 ἄλλου
3181 3203 3382 3264 παντὸς
3465 3209 3811 3278 μαθήματος

2129 3294 2290 3344 τοῦτο
2349 3290 2485 3366 πρὸς
2541 3295 2636 3345 τοῦ
2694 3290 3076 3366 καθηγεμόνος
3133 3291 3535 3370 παρειληφότες
3565 3299 3672 3350 τοῦ
3713 3297 3815 3370 μὲν

2129 3380 2468 3455 σοφωτάτου.
2514 3381 2608 3434 Ἐκ
2664 3379 2976 3453 προοιμίων
3037 3379 3190 3442 εὐθὺς
3250 3380 3425 3443 οὕτως
3484 3381 3816 3462 ἀποτυγχά-

2127 3489 2228 3538 νει,
2256 3468 2346 3522 καὶ
2399 3465 2575 3522 ἐδόκει
2622 3467 2786 3522 τοῦτό
2837 3488 2902 3542 γε
2953 3467 3055 3522 οὐκ
3098 3467 3302 3543 ἀγαθὸς
3357 3467 3493 3543 πρὸς
3551 3472 3626 3524 τὰ
3680 3473 3816 3543 ἑξῆς

2130 3555 2350 3618 οἰωνός.
2388 3554 2540 3613 Ἀλλ’
2597 3556 2672 3620 ὡς
2736 3556 3025 3632 ἀπέτυχεν,
3080 3553 3210 3631 ἄρας
3266 3555 3326 3610 ἐκ
3378 3563 3479 3626 τῆς
3543 3561 3817 3636 Ἐφέσου,

2130 3642 2199 3701 δι’
2229 3643 2375 3700 ὅλων
2441 3648 2628 3718 μηνῶν
2686 3645 2762 3716 ἓξ,
2792 3645 2882 3700 καὶ
2933 3644 3142 3700 τούτων
3203 3643 3407 3722 σχεδὸν
3463 3651 3816 3726 χειμερίων,

2129 3735 2272 3806 ὁμοῦ
2353 3732 2619 3807 μεγάλαις
2691 3732 3112 3812 ταλαιπωρίαις,
3170 3731 3369 3797 ἄλλαις
3425 3755 3485 3789 τε
3529 3737 3630 3792 καὶ
3686 3746 3818 3804 ταῖς

2126 3827 2232 3877 τῶν
2311 3822 2621 3898 ἀναγκαίων
2696 3825 3028 3899 στερήσεσιν,
3075 3824 3153 3885 εἷς
3210 3824 3309 3892 τὴν
3381 3827 3490 3878 τῶν
3559 3829 3822 3886 Βιθυνῶν

2132 3910 2479 3988 μητρόπολιν
2536 3910 2760 3966 Νίκαιαν
2813 3909 3054 3988 ἔρχεται.
3107 3911 3311 3967 Ἐποίει
3363 3909 3421 3967 δὲ
3466 3912 3656 3970 πολὺν
3720 3919 3822 3975 τὸν

2133 4001 2328 4074 μεταξὺ
2360 4005 2548 4055 τοῦτον
2585 4001 2787 4076 χρόνον
2823 4000 2884 4056 οὐ
2915 4001 2978 4056 τὸ
3034 4007 3134 4071 τῆς
3197 3998 3329 4056 ὀδοῦ
3390 4002 3670 4075 μήκιστον
3738 4007 3826 4067 ὃν,

2127 4089 2218 4144 καὶ
2250 4089 2515 4144 τοσούτου
2553 4087 2789 4164 βαδίζειν
2822 4086 3103 4163 δεόμενον,
3138 4087 3265 4146 ἀλλ’
3295 4089 3378 4145 δτι
3426 4091 3712 4169 πρότερον
3771 4097 3828 4162 ἐς

2127 4180 2190 4235 τὸ
2243 4177 2508 4254 βασιλέω,
2543 4177 2841 4257 ἀφιγμένος
2891 4176 3279 4254 στρατόπεδον,
3315 4177 3470 4256 ἐφ’ᾦ
3518 4202 3641 4238 τισι
3707 4191 3828 4243 τῶν

2133 4266 2374 4324 δυνατῶν
2427 4268 2696 4343 προσιὼν,
2747 4268 2952 4345 τροφὰς
3005 4268 3179 4338 έαυτῷ
3223 4267 3319 4328 τὰς
3363 4273 3488 4342 παρ’
3535 4267 3681 4328 ὅλον
3729 4277 3831 4331 τὸν

2131 4366 2232 4428 τῆς
2269 4358 2553 4431 μαθήσεως
2585 4356 2783 4432 χρόνον
2814 4357 2914 4424 τὴν
2977 4357 3121 4425 ζωὴν
3173 4355 3360 4418 ἱκανὰς
3409 4357 3674 4435 συνέχειν
3720 4385 3836 4422 πο-

2135 4448 2372 4524 ρίσεται·
2434 4446 2522 4500 καὶ
2581 4445 2779 4506 ταύτας
2855 4446 3003 4520 παρά
3081 4442 3314 4517 μηδενὸς
3373 4445 3664 4523 εὑρηκὼς,
3725 4461 3828 4510 τὸν

2133 4536 2426 4613 εἰρημένον
2487 4534 2686 4610 ’χρόνον
2755 4535 3063 4610 κατέτριψε.
3120 4533 3226 4586 Τόν
3281 4533 3328 4586 δ’
3385 4530 3830 4606 Ἑλλήσποντον

369 4631 530 4681 ctum
559 4628 793 4695 tempus
834 4623 1123 4678 contrivit.
1175 4622 1617 4693 Hellespontum
1665 4622 1842 4677 simul
1887 4640 2017 4677 cum

2139 4627 2253 4698 ἅμα
2307 4629 2388 4697 τῷ
2442 4627 2654 4700 στρατῷ
2713 4617 3026 4691 διαϐαίνων,
3091 4619 3181 4676 διά
3237 4621 3452 4694 Θρᾴκης
3518 4627 3834 4702 σχολαίως

369 4714 623 4770 exercitu
682 4717 1068 4778 transvectus,
1131 4728 1235 4782 per
1304 4711 1615 4766 Thraciam
1675 4717 1868 4766 castra
1926 4729 2026 4782 per

371 4802 557 4856 otium
591 4800 877 4869 sequitur,
926 4806 984 4854 et
1027 4799 1370 4870 Byzantium
1423 4799 1695 4854 advenit:
1750 4800 1849 4855 ubi
1883 4805 2024 4855 tunc

370 4908 470 4945 rex
499 4889 815 4964 festinabat
870 4889 1135 4944 obsidere
1187 4889 1410 4958 urbem,
1459 4893 1516 4943 et
1563 4905 1924 4960 oppugnare,
1956 4907 2023 4946 ac

369 4966 878 5034 etiamﬂdevastare
937 4979 1198 5048 quidem,
1259 4977 1308 5033 si
1367 4982 1585 5049 posset.
1649 4980 1722 5032 At
1776 4978 1859 5032 illi
1889 4996 2022 5035 vero

369 5067 588 5140 placuit
627 5066 881 5120 Nicaeam
939 5066 1227 5133 secedere,
1288 5083 1423 5122 cum
1481 5065 1541 5120 in
1600 5083 1751 5131 eam,
1783 5083 1910 5138 quas
1942 5067 2023 5122 ibi

368 5163 543 5224 esset,
578 5156 872 5209 intentum
903 5154 1145 5210 haberet
1192 5155 1484 5222 animum,
1529 5155 1880 5211 eruditionis
1911 5157 2022 5210 mi-

368 5262 492 5300 ram
529 5243 950 5317 prastantiam,
995 5243 1428 5315 amabilemque
1458 5245 1678 5299 fontem
1706 5263 1719 5312 ;
1753 5244 1812 5299 in
1844 5261 2022 5316 quam

368 5336 545 5390 etiam
577 5351 646 5389 ex
675 5337 857 5405 Cypro
889 5349 1127 5405 pergere
1159 5332 1549 5388 anbelaverat.
1577 5333 1686 5388 Sed
1713 5334 1821 5388 hoc
1843 5351 2022 5405 quam

370 5423 539 5477 aliter
569 5421 780 5476 accidit
811 5421 960 5492 (19)!
1008 5421 1231 5476 Etenim
1293 5427 1496 5492 prater
1550 5423 2020 5493 grammaticam,

371 5519 429 5566 et
461 5510 705 5583 possim,
739 5516 795 5564 et
825 5510 1256 5582 superficiarias
1289 5511 1452 5576 istas,
1479 5511 1691 5582 reperit
1721 5510 1831 5566 loci
1866 5512 2024 5566 illius

373 5604 688 5670 δᾶιὶίσέιιίι
725 5600 824 5671 qui
876 5599 1020 5653 nihil
1073 5601 1279 5654 docere
1328 5599 1481 5654 aliud
1534 5601 1770 5656 scirent.
1824 5601 2024 5665 Qualis

375 5691 530 5746 enim
566 5690 773 5761 gloria,
806 5689 1159 5745 disserentes
1207 5689 1407 5745 audire
1456 5691 1695 5762 quidem
1727 5691 1798 5746 de
1829 5691 2022 5747 rheto-

2138 4713 2638 4790 συμπορευόμενος,
2672 4711 2784 4794 καὶί
2823 4711 2876 4773 ἐς
2929 4712 3219 4779 Βυζάντιον
3273 4709 3447 4778 ἥκων,
3483 4711 3638 4772 ὅπου
3697 4721 3837 4780 τότε

2133 4805 2223 4860 καὶ
2309 4800 2564 4879 βασιλεὺς
2641 4798 2886 4872 ἔσπενδε,
2945 4797 3435 4875 περικαθιοόμενος
3496 4803 3667 4879 αὐτὸ,
3736 4802 3838 4868 καὶ

2132 4893 2543 4968 πολιορκήσων,
2595 4886 2672 4943 ἔτι
2721 4910 2784 4962 γε
2838 4889 2944 4961 μὴν
2995 4887 3088 4943 καὶ
3147 4887 3536 4964 ἐκπορθήσων,
3596 4895 3663 4951 ἂν
3729 4899 3844 4977 ἄρα

2137 4981 2443 5052 δυνήσεται.
2504 4977 2660 5046 Πλὴν
2723 4974 2871 5048 ἔδοξε
2941 4978 3040 5045 τήν
3100 4976 3323 5032 Νίκαιαν
3415 4974 3841 5061 ἀναχορεύσαι,

2133 5064 2456 5127 καταλαϐὼν
2509 5068 2586 5129 ὡς
2618 5066 2754 5140 αὐτῇ
2787 5068 2838 5141 γ’
2875 5065 3093 5128 ἐπιστὰς
3145 5071 3214 5140 τῇ
3269 5071 3379 5121 τῶν
3441 5064 3646 5146 λόγων
3708 5079 3846 5135 eam-

2140 5159 2304 5233 μασίᾳ
2359 5156 2450 5211 καὶ
2507 5154 2867 5242 πολῖθεράστῷ
2924 5158 3100 5242 πηγῇσ
3155 5154 3236 5233 ἐφ’
3268 5157 3334 5225 ἣν
3378 5156 3472 5211 καὶ
3535 5165 3846 5242 Κυπρόθεν

2135 5248 2410 5323 ἠπείγετο.
2469 5242 2540 5298 Τὰ
2622 5241 2681 5297 δὲ
2749 5243 2824 5304 ὡς
2908 5241 3107 5317 ἑτέρως
3174 5243 3489 5300 συνέπιπτε.
3558 5241 3685 5307 Καὶγ
3729 5258 3844 5335 γὰρ

2133 5335 2280 5405 πλὴν
2362 5337 2757 5410 γραμματικῆς
2814 5351 2874 5386 τε
2931 5332 3022 5386 καὶ
3081 5339 3400 5402 ποιητικῆς,
3464 5331 3846 5405 ἐπιπολαίων

2132 5425 2222 5480 καὶ
2250 5423 2482 5492 τούτων,
2516 5422 2665 5494 εὗρεν
2711 5419 2909 5482 αὐτοὺς
2962 5419 3135 5476 ἐκεῖσε
3177 5420 3378 5499 σοφοὺς
3419 5417 3625 5502 ἕτερον
3679 5431 3843 5493 διδά-

2134 5535 2276 5568 σκειν
2310 5510 2519 5573 εἰδότας
2551 5507 2722 5565 οὐδέν.
2759 5509 2989 5564 Φάσκειν
3034 5507 3093 5564 δὲ
3143 5510 3445 5585 ῥητορικῆς
3498 5517 3600 5572 καὶ
3655 5522 3835 5601 φιλο,

2135 5602 2345 5680 σοφίας,
2377 5600 2466 5655 καὶ
2505 5604 2616 5653 τῶν
2667 5597 2852 5653 ἄλλων
2913 5598 3012 5652 ὅσα
3065 5601 3362 5673 μαθήματα
3423 5596 3835 5686 διαφερόντως

2138 5693 2370 5764 μετιέναι
2417 5689 2505 5744 καὶ
2568 5687 2764 5744 εἰδέναι
2812 5687 3086 5763 ἀνθρώπῳ
3131 5689 3421 5762 προσήκει,
3469 5691 3653 5763 κλέος
3703 5706 3836 5763 οἷον
