4090 6440
347 428 424 498 Ili
1954 426 2003 493 ν

2115 429 2170 490 ι.
3681 404 3764 479 ΞΒ

334 564 569 624 ἆκοῦεινθ
619 563 916 643 γινώσκειν
972 564 1161 639 μέντοι
1218 561 1414 627 αὐτοὺς
1472 541 1504 618 δ
1555 584 1609 618 τι
1667 561 1798 618 me
1840 561 1995 632 εἰσιν,

2115 562 2253 632 rica,
2310 567 2369 620 et
2431 561 2825 636 philosophia,
2883 558 3133 632 aliisque
3196 551 3547 629 disciplinis,
3607 567 3760 643 quas

335 656 378 713 sl
404 654 503 734 ἄρα
543 656 640 711 καὶ
689 655 850 725 εἰσὶν,
902 651 1191 728 οὐδαμῶς.
1237 655 1400 709 Ὥστε
1443 654 1535 708 καὶ
1584 650 1867 726 δυσθυμίαι
1911 649 2001 707 διὰ

332 751 491 802 ταῦτα
518 742 676 821 εῒχον
711 744 876 799 αὐτὸν
904 744 999 799 καὶ
1051 740 1369 817 μετάμελοι.
1404 742 1575 819 Ε’ίχον
1629 740 1687 797 δὲ
1715 743 1806 797 καὶ
1852 739 2001 814 μάλα

333 832 576 897 δικαίωςδ
630 832 679 888 εἰ
725 830 970 909 πατρίδα
1035 832 1132 906 μὲν
1175 828 1477 904 κατέλιπε,
1525 833 1760 909 ποργήν
1807 828 1866 887 δὲ
1910 852 2001 908 γο-

332 925 462 980 νέων
487 924 750 994 ἧθὲτησε,
794 921 1003 999 δάκρυα
1051 920 1111 977 δὲ
1154 919 1398 997 παρεῖδε,
1446 918 1660 999 πελάγη
1712 919 1769 976 δὲ
1817 915 1997 976 διέϐα-

333 1010 422 1068 λεν
483 1012 564 1075 ὡς
629 1013 726 1085 μὶν
789 1012 1011 1088 μακρὰ,
1069 1011 1146 1074 ὡς
1204 1008 1264 1067 δὲ
1316 1010 1539 1087 χαλεπὰ
1592 1011 1682 1067 καὶ
1739 1009 2001 1066 κινδύνων

334 1103 547 1177 μεστά·
607 1098 841 1178 ἤπειρον
921 1098 983 1156 δὲ
1037 1099 1305 1171 τοσαύτην
1371 1098 1677 1178 διέδραμε,
1741 1105 1886 1170 ζωῆς
1943 1099 2001 1155 δὲ

328 1189 573 1263 καθάπαξ
621 1187 952 1269 ἠφείδησεν,
1006 1192 1102 1246 εἶτ’
1150 1190 1268 1249 ἀντὶ
1316 1189 1524 1269 τούτων
1574 1189 1719 1245 οὕτω
1771 1187 2002 1266 μεγαλο-
2040 1236 2049 1269 ,

210 1342 217 1348 ⁸
329 1286 441 1359 qui
484 1260 768 1353 κομιεῖται
816 1260 1040 1353 μισθόν,
1088 1278 1296 1343 κλίσεις
1343 1264 1636 1422 ἐνομάτων
1688 1260 2000 1353 ἐκμελητῆ-
2036 1260 2073 1353 ίδ

330 1388 444 1422 σαι-
491 1369 588 1422 καὶ
639 1367 907 1422 ὁηιιάτων
975 1388 1337 1422 σγηιιατισιιο
1380 1390 1405 1422 ς
1447 1369 1537 1422 καὶ
1583 1371 1861 1422 κινήσεις.
1911 1370 2001 1422 καὶ

330 1388 444 1441 σαι,
491 1369 588 1423 καὶ
639 1367 907 1444 ῥημάτων
975 1367 1405 1445 σχηματισμοὺς
1447 1369 1537 1423 καὶ
1583 1371 1861 1439 κινήσεις,
1911 1370 2001 1423 καὶ

331 1456 410 1520 ὡς
465 1459 503 1526 ἡ
565 1455 851 1535 Τυνδάρεω
908 1463 1039 1522 παῖς
1094 1460 1341 1535 ἡρπάγη,
1387 1457 1476 1512 καὶ
1529 1459 1563 1526 ἠ
1610 1462 1862 1535 Πριάμου
1905 1456 2001 1513 πέ-

330 1564 520 1600 πτωκε
575 1542 744 1608 πόλις
810 1543 1070 1601 πολυετεῖ
1138 1543 1228 1601 διὰ
1298 1547 1397 1615 τήν
1452 1551 1682 1622 γυναῖκα
1755 1550 2004 1618 καμοῦσα

331 1632 593 1708 πολέμῳ,
624 1635 715 1691 καὶ
762 1635 837 1698 ὡς
886 1637 939 1691 οἱ
982 1634 1171 1699 παῖδες
1215 1633 1508 1699 Οἰδίποδος
1551 1637 1670 1691 κατ’
1717 1635 2004 1706 ἀλλήλους

340 1722 601 1797 μανέντες
645 1723 739 1780 ὁπ’
786 1723 1057 1796 ἀλλήλων
1109 1723 1431 1796 ἀπώλοντο,
1478 1725 1568 1780 καὶ
1616 1722 1796 1781 τᾶλλα
1846 1723 1946 1780 ὅσα
1975 1726 2004 1779 ὁ

334 1812 632 1881 ποιητικὸς
683 1813 857 1890 χορὸς
920 1815 1059 1869 κατά
1100 1835 1220 1870 τινα
1266 1820 1366 1884 τῆς
1427 1814 1632 1891 τέχνης
1680 1813 2002 1889 αὐτονομίαν

333 1898 564 2004 πλῇτει
589 1922 651 1957 τε
675 1901 1112 2004 περ’μυθδεύεται,
1165 1900 1371 1973 ἥδονῆς
1425 1903 1521 1977 μὲν
1566 1904 1636 1958 τὰ
1660 1900 1848 1959 πολλὰ
1888 1924 2006 1959 στο-
2035 1939 2081 2004 Β

333 1984 666 2065 χαζόμενος,
702 1988 866 2067 ὀλίγα
895 1988 956 2046 δὲ
982 1998 1084 2062 τῆς
1115 1990 1375 2064 ἀληθείας
1406 1991 1723 2071 φροντίζων.

408 2258 589 2310 Ταῦτα
635 2276 726 2311 τοι
773 2256 866 2311 καὶ
915 2253 1111 2320 δεινῶς
1152 2257 1311 2313 αὐτὸν
1353 2257 1650 2336 ἠνώχλουν
1698 2259 1758 2313 οἱ
1792 2264 1894 2328 τῆς
1924 2256 2001 2320 εἷς

338 2341 576 2417 πατρίδα
645 2344 1000 2424 ὑποστροφῆς
1075 2344 1339 2422 λογισμοί
1384 2392 1398 2405 .
1467 2349 1567 2403 Καὶ
1652 2348 2004 2426 ὑποστρέφειν

342 2430 567 2505 ὠθέως,
617 2433 664 2489 εί
693 2433 787 2489 καὶ
815 2435 881 2489 τὸ
912 2431 1098 2510 ῥᾴδιον
1149 2436 1293 2512 ἐώρα
1327 2437 1529 2514 προσὸν
1577 2441 1658 2510 τῷ
1700 2437 2003 2513 πράγματι,

340 2520 455 2574 νυνὶ
512 2521 606 2577 καὶ
661 2523 1019 2599 ἀπορώτατον
1071 2526 1160 2594 ἦν.
1221 2529 1367 2601 Πεζῇ
1404 2546 1465 2580 τε
1518 2527 1621 2603 γάρ
1649 2522 1759 2580 ἓδει
1806 2526 2003 2603 μέχρις

341 2609 560 2673 ’Δναίας
617 2606 781 2668 πόλιν
834 2609 1096 2688 βαδίζειν.
1155 2613 1385 2687 Προσέτι
1445 2612 1505 2670 δὲ
1557 2614 1647 2669 καὶ
1715 2611 2005 2687 ἀναλωμά-

336 2717 449 2753 των
498 2698 534 2752 ἃ
583 2700 660 2772 μή
717 2694 880 2773 μόνον
926 2700 1029 2756 οὐκ
1070 2700 1138 2770 ἦν
1191 2700 1337 2774 αὖτῷ
1385 2704 1522 2779 πρὸς
1568 2704 1667 2772 τὴν
1702 2704 1814 2757 κατ’
1851 2698 2007 2770 ἤπει-

341 2805 435 2862 ρον
486 2787 580 2843 καὶ
629 2787 897 2844 θάλατταν
945 2789 1170 2864 πορείαν
1228 2790 1468 2867 αὐτάρκη
1494 2838 1509 2863 ,
1568 2790 1695 2848 ἀλλ’
1753 2789 1869 2847 οὐδ’
1926 2790 2009 2868 ἐφ’

337 2875 579 2951 ἡμέραις
609 2876 768 2940 ὅλαις
812 2878 959 2952 τρισὶ
1006 2875 1292 2954 γλίσχρως
1338 2882 1429 2935 καὶ
1476 2885 1755 2958 πενιχρῶς
1803 2877 2008 2953 διπρὲ-

337 2966 553 3043 φεσθαι,
609 2967 684 3038 μή
739 2986 891 3029 τινος
944 2963 1139 3038 ἔξωθεν
1190 2971 1631 3045 χορηγήσαντος,
1682 2971 1773 3026 καὶ
1809 2974 1879 3044 τῇ
1912 2967 2007 3024 δα-

329 3052 475 3127 πάνῃ
502 3049 1054 3129 προσϐοηθήσαντος.
1102 3054 1275 3134 Εἶχον
1321 3059 1417 3132 μὲν
1472 3060 1562 3115 οὗν
1596 3059 1755 3115 αὐτὸν
1802 3061 1859 3114 αἱ
1888 3078 2004 3113 τοι-

333 3145 495 3198 αὗται
553 3145 666 3197 τῶν
726 3143 993 3218 ἀποριῶν,
1052 3143 1144 3199 καὶ
1201 3151 1458 3223 κατεῖχον
1512 3148 1661 3222 παρὰ
1715 3152 2000 3203 Νικαεῢσιν

2110 653 2363 709 maxime
2385 653 2609 709 ambire
2634 669 2701 709 ac
2726 667 2898 708 nosse
2918 647 3190 707 convenit
3214 643 3441 703 homini
3465 661 3481 714 ;
3511 642 3758 700 minime

2108 759 2243 799 vero
2275 747 2692 817 cognoscentes
2723 741 2865 814 quid
2894 740 3008 796 illa:
3051 739 3193 806 sint,
3225 737 3344 792 imo
3386 737 3444 791 et
3493 734 3541 789 si
3592 730 3759 790 sint?

2109 836 2469 905 quapropter
2513 831 2760 887 tristitia
2814 833 2872 887 et
2924 826 3288 903 paenitudine
3345 822 3760 881 afﬁciebatur:

2107 924 2166 977 et
2212 922 2451 994 quidem
2497 920 2837 993 justissima
2887 920 2959 975 de
3008 933 3207 985 causa,
3240 913 3521 988 quoniam
3564 912 3614 969 ϐ
3658 926 3765 983 pa-

2109 1011 2286 1067 triam
2337 1009 2672 1083 reliquerat,
2722 1012 3036 1082 parentum
3093 1020 3356 1063 amorem
3414 1004 3763 1074 aspernatus

2109 1103 2253 1169 erat,
2286 1099 2577 1173 lacrymas
2606 1116 2810 1155 eorum
2862 1096 3034 1153 nihili
3081 1097 3317 1160 fecerat,
3348 1090 3538 1150 maria
3583 1090 3762 1162 traje-

2109 1193 2269 1245 cerat
2313 1188 2589 1260 spatiosa,
2621 1190 2680 1244 et
2727 1186 3010 1254 difﬁcilia,
3044 1201 3110 1241 ac
3155 1181 3433 1256 periculis
3476 1179 3669 1254 plena,
3701 1183 3760 1235 et

2110 1282 2197 1335 tot
2241 1281 2428 1334 terras
2477 1281 2864 1350 percurreret,
2915 1279 2974 1331 et
3030 1273 3269 1331 omnino
3324 1271 3760 1341 contempserat

2111 1369 2326 1435 vitam;
2360 1383 2426 1422 ac
2471 1366 2680 1422 deinde
2730 1382 2833 1437 pro
2880 1365 2975 1420 his
3023 1362 3299 1420 omnibus
3328 1364 3447 1415 tam
3480 1357 3760 1430 magnifi-

2111 1472 2240 1512 cam
2296 1455 2511 1511 tulerat
2568 1454 2918 1524 mercedem,
2972 1450 3393 1509 declinationes
3449 1446 3761 1504 nominum

2112 1543 2341 1611 callere,
2400 1547 2457 1598 et
2521 1542 2940 1599 vocabulorum
3006 1540 3385 1597 formationes
3444 1535 3763 1592 motiones-

2113 1649 2246 1704 que,
2294 1637 2351 1688 et
2398 1633 2690 1704 quomodo
2744 1630 3036 1705 Tyndarei
3086 1629 3209 1685 ﬁlia
3255 1633 3425 1700 rapta
3469 1625 3666 1693 fuerit,
3710 1627 3770 1680 et

2112 1722 2330 1778 Priami
2364 1723 2505 1777 urbs
2536 1721 2815 1777 ceciderit
2859 1720 3032 1793 longo
3081 1717 3232 1776 bello
3276 1720 3482 1773 vexata
3533 1716 3772 1788 propter

2115 1827 2374 1868 amorem
2427 1809 2713 1878 mulieris,
2761 1814 2819 1865 et
2862 1807 2967 1864 ﬁlii
3017 1805 3353 1879 OEdipodis,
3394 1804 3457 1860 in
3510 1819 3573 1861 se
3617 1801 3765 1858 invi-

2113 1916 2240 1957 cem
2271 1900 2637 1956 insanientes
2668 1899 2968 1971 perierint,
2999 1900 3059 1954 et
3096 1896 3211 1953 alia
3242 1906 3605 1968 quaecunque
3635 1907 3768 1964 poe-

2111 1994 2306 2046 tarum
2338 1988 2555 2046 chorus
2581 1990 2834 2062 quadam
2867 1988 3011 2044 artis
3042 1985 3279 2043 licentia
3306 1982 3495 2057 fingit,
3518 1986 3577 2038 et
3604 1997 3764 2037 com-

2112 2078 2469 2148 miniscitur,
2501 2079 2573 2134 ad
2620 2078 2978 2150 voluptatem
3031 2077 3380 2150 plerumque
3420 2070 3766 2144 respiciens,

2114 2183 2326 2239 parum
2358 2171 2555 2223 autem
2583 2166 2890 2222 veritatem
2922 2181 3160 2221 curans.

2184 2256 2337 2323 Hac,
2369 2261 2426 2312 et
2454 2256 2839 2330 cogitationes
2879 2256 2952 2311 de
2995 2254 3188 2311 reditu
3236 2252 3299 2308 in
3345 2249 3600 2324 patriam
3630 2264 3770 2322 gra-

2113 2345 2265 2401 viter
2308 2345 2506 2417 ipsum
2556 2345 2895 2402 turbabant.
2928 2345 2999 2401 Et
3038 2342 3278 2416 quidem
3316 2340 3504 2397 redire
3546 2339 3768 2409 statim,

2116 2435 2353 2491 tametsi
2405 2433 2571 2491 facile
2624 2435 2981 2508 perspiceret
3038 2449 3145 2489 suo
3200 2431 3463 2488 conferre
3511 2427 3770 2499 negotio,

2120 2539 2277 2579 nunc
2306 2522 2392 2579 illi
2431 2527 2557 2579 erat
2584 2522 3017 2579 difﬁcillimum.
3050 2521 3234 2578 Pedes
3263 2520 3422 2577 enim
3462 2517 3770 2590 oportebat

2120 2630 2311 2686 usque
2331 2619 2567 2669 Auream
2594 2614 2786 2669 denuo
2810 2613 2921 2668 iter
2949 2627 3138 2683 agere.
3161 2610 3441 2665 Praeterea
3466 2610 3762 2678 sumptus,

2121 2702 2221 2773 qui
2253 2718 2370 2758 non
2401 2701 2596 2758 solum
2631 2719 2745 2758 non
2777 2705 2943 2758 erant
2969 2699 3055 2755 illi
3091 2701 3162 2756 ad
3194 2700 3304 2755 iter
3329 2714 3434 2769 per
3462 2700 3680 2753 terram
3710 2699 3769 2751 et

2119 2807 2301 2856 mare,
2334 2792 2437 2847 sed
2485 2807 2673 2860 neque
2710 2791 2782 2846 ad
2832 2805 3076 2862 parcum
3133 2792 3191 2844 et
3237 2802 3554 2860 pauperem
3583 2783 3766 2840 trium

2117 2879 2349 2935 dierum
2394 2878 2634 2947 victum,
2685 2895 2856 2935 nemo
2905 2878 3047 2935 foris
3098 2875 3536 2949 suppeditabat,
3579 2889 3771 2946 neque

2120 2985 2224 3041 pro
2271 2968 2570 3041 impendio
2616 2967 2899 3023 auxilium
2941 2966 3261 3040 praebebat.
3294 2965 3497 3037 Itaque
3527 2963 3774 3019 vexabat

2120 3075 2254 3115 eum
2286 3058 2410 3114 haec
2438 3056 2637 3130 inapia
2675 3057 2929 3126 consilii,
2964 3055 3371 3126 retinebatque
3421 3053 3618 3125 ipsum
3672 3051 3770 3107 Ni-

2120 3164 2269 3216 caea,
2302 3147 2389 3202 uti
2433 3146 2755 3203 vinculum.
2790 3145 3011 3202 Deinde
3060 3161 3177 3201 non
3227 3142 3412 3200 multo
3463 3144 3598 3215 post
3648 3140 3772 3197 haec

331 3228 522 3307 ὥσπερ
827 3232 912 3290 Τὰ
968 3228 1017 3287 δ’
1066 3231 1303 3289 ἐντεῦθεν
1363 3235 1426 3290 οὗ
1481 3235 1658 3299 πολὺς
1713 3232 1916 3315 χρόνος
1971 3236 1999 3290 ὁ

2116 3240 2402 3309 tempore,
2450 3252 2727 3309 magnam
2777 3235 3041 3309 Byzantii
3092 3234 3297 3290 urbem
3343 3236 3497 3289 Deus
3545 3228 3770 3286 Latinis

334 3320 475 3393 μετὰ
500 3323 696 3390 ταῦτα,
745 3320 839 3375 καὶ
884 3318 949 3375 τὸ
999 3320 1143 3395 μέγα
1189 3324 1477 3392 Βυζάντιον
1529 3323 1659 3381 ἄστυ
1704 3310 1997 3400 ’βωμαίοις

2115 3327 2382 3382 auferens
2437 3324 2649 3381 Graecis
2704 3324 2896 3380 reddit
2939 3322 3074 3396 (20).
3122 3322 3389 3394 Cumque
3443 3319 3772 3392 imperator

330 3409 489 3471 ὦθις
547 3408 683 3471 Θεὸς
736 3407 869 3471 τοὺς
917 3408 1178 3474 Λατίνους
1234 3409 1573 3492 ἀφελόμενος
1634 3411 1844 3469 δίδωσι.
1905 3414 2005 3470 Καὶ

328 3502 432 3553 τοῦ
482 3495 892 3572 Ἀκροπολίτου
959 3504 1256 3569 τηνικαῦτα
1302 3500 1471 3557 πλέον
1528 3507 1638 3558 τῶν
1698 3500 1889 3559 ἄλλων
1939 3504 2009 3560 τά

331 3585 413 3649 εἰς
442 3581 656 3661 λόγους
687 3582 842 3650 ὄντος
888 3593 1060 3667 σοφοῦ
1112 3589 1244 3665 ὑπὲρ
1296 3595 1405 3646 τῶν
1457 3587 1658 3669 λόγων,
1692 3592 1773 3648 ὅτι
1807 3590 1874 3662 δὴ
1904 3613 2005 3648 πο-

330 3673 437 3739 λὺς
488 3675 671 3731 αὐτῶν
719 3676 939 3753 αὐχμὸς
992 3675 1045 3733 ἐν
1097 3683 1219 3742 ταῖς
1272 3683 1382 3735 τῶν
1428 3680 1727 3756 ἀνθρώπων
1796 3680 2005 3757 ἐκράτει

330 3767 547 3842 ψυχαῖς
574 3762 1053 3843 δυσχεραίνοντος,
1095 3769 1197 3838 τήν
1224 3787 1286 3823 τε
1318 3770 1519 3846 ,ψυχὴν
1554 3771 1884 3847 πάσχοντος,
1914 3773 2004 3827 καὶ

334 3854 566 3930 βοηθεῖν
617 3853 698 3917 εἷς
756 3850 985 3927 δύναμιν
1032 3853 1309 3926 θέλοντος,
1359 3858 1675 3932 αἰσθόμενος
1727 3857 2002 3934 βασιλεὺς,

325 3941 519 4013 ἆνίησι
565 3939 678 3997 τῶν
723 3938 1008 4015 δημοσίων
1057 3942 1404 4022 φροντίδων,
1451 3947 1543 4002 καὶ
1603 3948 1822 4024 βοηθεῖν
1873 3970 2002 4025 συγ-

324 4035 545 4107 χωρεῖ,
602 4030 701 4085 καὶ
748 4030 824 4092 ὡς
884 4026 1171 4105 πρόθυμον
1232 4035 1423 4090 ἑαυτὸν
1471 4041 1589 4098 τοῖς
1648 4035 2005 4114 βουλομένοις

326 4120 633 4196 ἀιροᾶπθαι
679 4118 889 4188 καθίζει
936 4117 1262 4177 διδάσκαλον
1292 4169 1306 4196 ,
1357 4123 1627 4201 ἐξηγητὴν
1670 4130 1778 4181 τῶν
1833 4122 2002 4182 λαϐυ-

326 4209 529 4285 ρίνθων
594 4207 1017 4285 Ἀριστοτέλους
1052 4228 1066 4244 ο
1128 4208 1275 4267 οὕτω
1350 4214 1455 4289 γάρ
1532 4212 1642 4288 ἐγὼ
1697 4212 1852 4269 καλῶ
1905 4216 2002 4278 τὰς

326 4296 540 4353 ἑκείνου
600 4296 815 4375 σοφίας,
874 4297 966 4353 καὶ
1012 4296 1245 4371 πλοκὰς,
1300 4302 1387 4363 αἷς
1414 4302 1482 4356 τὰ
1519 4303 1711 4358 ἑαυτοῦ
1740 4299 2003 4380 περιϐάλ-

327 4385 478 4459 λων,
526 4383 751 4464 ἐργώδη
812 4391 1094 4443 κατανοεῖν
1149 4389 1559 4465 ἀπεργάζεται·
1620 4390 1888 4468 ἐξηγητὴν
1947 4389 2005 4448 δὲ

326 4476 421 4531 καὶ
466 4478 589 4531 τῶν
638 4471 940 4530 Εὐκλείδου
988 4474 1081 4531 καὶ
1132 4477 1461 4553 Νικομάχου
1513 4477 1612 4534 ὅσα
1661 4483 2003 4556 τεθεωρήκα-

328 4585 414 4620 σιν
447 4564 634 4633 οὗτοι,
677 4561 707 4618 δ
757 4564 853 4636 μὲν
895 4560 1232 4641 γεωμέτρας,
1284 4566 1605 4644 Νικόμαχος
1656 4567 1714 4624 δὲ
1756 4571 2002 4644 ἀπιθμη-

328 4652 525 4749 Et..on
567 4648 987 4749 ἐκδιδάσκοντες
1022 4697 1036 4710 .
1079 4653 1390 4749 ’ξυνερῥεον
1468 4658 1604 4731 πρὸς
1673 4658 1834 4714 αὐτὸν
1907 4658 2007 4715 οὐκ
2036 4684 2084 4749 D

330 4741 523 4818 ὀλίγοι
565 4736 735 4817 ἔρωτι
778 4737 1026 4805 παιδείας
1078 4740 1390 4817 ἑλκόμενοι.
1442 4745 1727 4823 Ἠπείγετο
1765 4747 1855 4803 καὶ
1914 4746 2006 4805 ὅδε

328 4832 606 4893 νεώτατος
669 4829 768 4903 μὲν
819 4834 916 4885 τοῖ’)
967 4836 1168 4908 χοροῦ,
1225 4830 1568 4890 πλεονεκτεῖν
1622 4833 1681 4891 δὲ
1736 4836 1902 4892 αὐτοῦ
1950 4837 2001 4893 ἐν

326 4924 396 4995 τῇ
464 4920 801 4994 μαθήματος
862 4918 1170 4994 καταλήψει
1242 4919 1369 4976 οὐδὲ
1441 4927 1548 4979 τῶν
1623 4921 2000 5003 πρεσϐυτέρων

325 5011 691 5086 παραχωρῶν
733 5004 910 5063 οὐδενί
941 5050 956 5066 .
1003 5014 1116 5079 Τῆς
1166 5010 1347 5065 τοίνυν
1423 5012 1853 5089 συλλογιστικῆς
1911 5016 2003 5071 καὶ

326 5096 670 5167 ἀναλυτικῆς
738 5093 925 5159 καλῶς
996 5102 1077 5171 τῷ
1151 5094 1469 5174 διδασκάλῳ
1538 5104 1959 5182 σαφηνισθείσης
1986 5152 2000 5178 ,

330 5188 413 5251 ὥς
464 5184 713 5257 ἐπῆλθεν
763 5185 913 5259 αὐτῷ
966 5186 1059 5241 καὶ
1116 5187 1196 5250 εἷς
1254 5190 1322 5244 τὰ
1369 5196 1472 5260 τῆς
1530 5191 1830 5270 ῥητορικῆς
1873 5194 2002 5259 τοὺς

332 5276 620 5354 ὁμιλητὰς
668 5270 1011 5350 ἐμϐιϐάζειν,
1058 5276 1186 5351 πρίν
1242 5298 1361 5334 τινα
1413 5277 1661 5358 δεύτερον
1706 5286 1814 5337 τῶν
1859 5284 2006 5360 Ἀρι-
2042 5296 2047 5305 ·

2116 3412 2501 3471 intellexisset
2564 3413 2960 3486 Acropolitam
3027 3412 3139 3486 (21)
3203 3407 3613 3484 (Georgium),
3667 3407 3772 3480 qui

2115 3506 2259 3559 tunc
2313 3503 2536 3560 caeteris
2592 3502 2920 3559 eruditione
2981 3502 3022 3557 ’1
3081 3497 3468 3572 praecellebat,
3527 3495 3773 3553 moleste

2115 3591 2267 3648 ferre
2296 3592 2453 3664 quod
2484 3591 2813 3647 litterarum
2847 3589 3088 3661 squalor
3126 3589 3187 3645 in
3217 3587 3529 3643 hominum
3558 3584 3774 3642 animis

2116 3681 2473 3753 praevaleret,
2511 3684 2568 3736 et
2621 3680 2799 3751 hujus
2851 3679 2934 3734 rei
2984 3677 3362 3734 miseratione
3405 3678 3768 3732 commotum

2114 3770 2258 3826 velle
2314 3787 2417 3842 pro
2473 3768 2626 3825 virili
2686 3783 2856 3841 opem
2915 3783 3086 3823 suam
3145 3770 3441 3839 praestare,
3495 3762 3768 3819 civilibus

2112 3859 2309 3931 ipsum
2340 3858 2496 3914 curis
2525 3857 2816 3923 liberavit,
2840 3872 2906 3913 ac
2937 3857 3214 3927 adjuvare
3247 3853 3550 3927 permisit:
3586 3866 3767 3924 seque

2113 3947 2213 4003 ille
2237 3952 2509 4020 paratum
2537 3945 2801 4002 exhibuit
2829 3945 2902 4000 iis
2932 3944 3232 4012 omnibus,
3262 3943 3364 4016 qui
3395 3941 3598 3998 audire
3627 3956 3760 3997 eum

2110 4036 2343 4103 vellent,
2373 4036 2742 4108 magistrum.
2775 4033 3275 4105 Interpretabatur
3304 4035 3501 4088 autem
3531 4029 3763 4084 Aristo-

2111 4125 2245 4181 telis
2275 4124 2639 4197 labyrinthos
2671 4140 2684 4179 :
2737 4124 2822 4179 sic
2864 4122 3023 4178 enim
3055 4121 3396 4178 obscuriora
3422 4120 3552 4189 eius
3582 4117 3762 4184 dicta,

2112 4218 2171 4271 et
2215 4214 2624 4286 perplexitates
2676 4212 2924 4285 appello,
2978 4211 3193 4282 quibus
3249 4211 3603 4265 documenta
3654 4221 3764 4261 sua

2111 4302 2431 4374 involvens,
2464 4301 2761 4359 intellectu
2792 4299 3090 4357 difficilem
3140 4316 3202 4356 se
3249 4297 3463 4355 reddit.
3497 4296 3762 4368 Expone-

2113 4394 2216 4450 bat
2242 4392 2421 4449 etiam
2451 4407 2815 4465 quaecunque
2840 4388 3112 4446 Euclides
3142 4393 3201 4445 et
3219 4383 3612 4443 Nicomachus
3635 4399 3764 4456 spe-

2113 4481 2292 4538 culati
2340 4487 2499 4547 sunt,
2541 4497 2789 4553 quorum
2833 4479 3062 4551 primus
3109 4482 3459 4550 geometras,
3490 4473 3762 4530 Nicoma-

2114 4572 2262 4629 chus
2293 4576 2487 4627 autem
2520 4570 2765 4625 instruit
2795 4566 3195 4624 arithmeticos
3228 4582 3242 4621 :
3279 4563 3765 4634 conﬂuebantque

2115 4661 2188 4717 ad
2233 4661 2432 4731 ipsum
2476 4676 2592 4715 non
2636 4657 2826 4732 pauci,
2857 4655 3205 4714 eruditionis
3237 4669 3435 4711 amore
3466 4651 3764 4725 pertracti.

2114 4748 2433 4806 Festinavit
2476 4748 2657 4821 igitur
2705 4750 2761 4802 et
2810 4750 2920 4802 iste
2966 4744 3129 4800 chori
3178 4742 3338 4799 illius
3386 4740 3768 4808 novissimus,

2115 4837 2379 4912 superari
2430 4853 2492 4893 se
2539 4837 2604 4892 in
2647 4835 3027 4893 scientiarum
3061 4832 3427 4889 assecutione
3457 4848 3492 4886 a
3528 4845 3769 4903 provec-

2114 4929 2330 4985 tiorum
2364 4925 2597 5007 nemine
2627 4924 2990 4997 permittens.
3030 4924 3230 4993 Itaque
3255 4919 3616 4993 syllogistica
3643 4924 3767 4973 arte
3881 4958 3889 4965 .

2114 5023 2172 5074 et
2201 5006 2487 5086 analytica
2517 5015 2661 5070 satis
2692 5030 2726 5069 a
2755 5012 3037 5085 magistro
3067 5009 3352 5083 exposita,
3384 5014 3451 5065 ut
3491 5008 3543 5064 ei
3585 5006 3767 5063 disci-

2113 5107 2287 5181 pulos
2316 5104 2608 5161 rhetorica
2633 5102 2902 5157 imbuere
2949 5100 3010 5156 in
3064 5105 3321 5156 mentem
3359 5097 3536 5164 venit,
3569 5096 3763 5170 prius-

2114 5212 2294 5270 quam
2348 5195 2420 5250 ad
2470 5191 2654 5249 alium
2711 5191 2969 5263 aliquem
3025 5206 3095 5245 ex
3131 5187 3521 5245 Aristotelicis
3570 5184 3767 5258 gradi-

2116 5287 2231 5343 bus
2287 5285 2402 5357 (22)
2459 5297 2559 5338 eos
2615 5279 2855 5337 evehere
2909 5280 3222 5352 inciperet,
3281 5276 3640 5334 contrarium
3701 5289 3768 5330 ac

331 5349 675 5425 στυτελιιῶνδ
706 5349 710 5350 ν
1018 5349 1316 5442 ἐπιχειρεῖν
1372 5349 1679 5426 ἀναϐαίνειν
1714 5417 1729 5443 ,
1790 5349 2003 5429 ἐνταδθα

2118 5379 2290 5432 antea
2344 5373 2499 5429 circa
2559 5386 2695 5431 eum
2755 5369 2856 5441 qui
2915 5349 3069 5425 inter
3118 5367 3266 5425 alios
3313 5366 3572 5439 optimus
3618 5367 3764 5434 erat,

332 5453 657 5512 τούναντίον
714 5454 750 5525 ἢ
810 5453 1082 5531 πρότερον
1151 5456 1276 5532 περὶ
1326 5457 1419 5513 τὸν
1491 5458 1715 5523 ἐκείνοις
1788 5444 2003 5538 ἄριστον

2118 5463 2410 5538 apparuit.
2472 5460 2536 5516 In
2591 5457 3105 5515 exercitationibus
3161 5456 3341 5525 enim,
3394 5455 3612 5529 quibus
3667 5466 3767 5510 eos

332 5544 557 5603 τουτονὶ
616 5544 866 5623 ὑπῆρχεν
926 5543 1065 5620 ὁρᾷν
1094 5586 1107 5600 .
1163 5549 1253 5599 Ἐν
1321 5545 1425 5621 γὰρ
1503 5553 1621 5611 ταῖς
1683 5551 2003 5625 γυμνασίαις

2118 5553 2424 5627 oportebat
2466 5547 2690 5622 ingenii
2738 5547 2831 5604 sui
2876 5548 3257 5620 capacitatem
3311 5545 3527 5617 scripto
3571 5549 3765 5600 osten-

335 5637 458 5693 κόν
488 5637 555 5698 ἅς
603 5631 710 5690 ἔδει
747 5632 1059 5713 γράφοντας
1108 5629 1501 5699 ἐπιδείκνυσθαι
1555 5639 1656 5707 τὴν
1713 5640 1838 5716 περὶ
1882 5639 2003 5696 τόδε

2118 5644 2277 5713 dere,
2308 5655 2512 5697 omnes
2560 5637 2660 5693 illo
2709 5635 3040 5707 superiores
3086 5639 3270 5701 erant,
3304 5634 3431 5706 ipse
3474 5648 3610 5688 vero
3662 5646 3765 5687 ne-

338 5732 445 5796 αῆς
485 5726 685 5802 ψυχῆς.
723 5719 1176 5798 ὃπιτηδειὸτηται,
1230 5724 1426 5786 πάντες
1474 5726 1574 5799 μὲν
1618 5727 1785 5784 αὐτον
1826 5727 2003 5805 κρείτ-

2118 5731 2265 5791 mini
2324 5728 2657 5811 prastabat.
2707 5725 2887 5798 Cujus
2944 5724 3027 5780 rei
3084 5724 3331 5781 fortasse
3386 5734 3566 5780 causa
3617 5723 3766 5789 erat,
