4090 6460
347 393 426 462 37
618 402 622 404 Ὗ
1379 404 1698 469 GEORGII
1741 403 2005 469 CYPRII

2120 403 2164 466 Ρ.
2212 403 2740 468 ΡΛΤΒΙΑΗΟΗΕ
3683 402 3763 466 28

348 537 504 610 quod
568 535 620 594 is
670 553 806 595 cum
853 537 1283 598 Aristotelicam
1341 539 1773 614 philosophiam
1831 539 1996 595 valde

2120 558 2237 599 τους
2277 538 2437 609 ἦσαν,
2486 536 2647 599 αὐτὸς
2697 533 2755 591 δὲ
2809 533 3102 613 ὑπέρτερος
3150 529 3388 598 οὐδενός.
3435 533 3506 590 Τὸ
3557 531 3605 590 δ’
3627 532 3766 592 ’ἴσως

349 630 593 696 amaret,
628 632 686 684 et
713 627 850 684 huic
895 646 956 686 se
1002 631 1198 702 ipsum
1229 629 1572 695 addixisset,
1606 629 2000 685 Aristotelem-

276 773 278 776 ,
351 732 464 789 que
506 734 685 790 supra
723 734 926 774 omnes
975 719 1124 774 alios
1173 719 1556 792 philosophos
1588 720 1635 775 8
1667 719 1996 786 honoraret,

304 839 308 844 -
351 805 551 862 minus
584 807 954 876 rhetoricam,
987 809 1316 865 industrius
1346 808 1480 864 licet
1527 813 1681 864 esset
1727 808 1998 879 scriptor,

353 895 556 951 audire
579 897 832 953 curavit:
858 897 1118 970 adeoque
1144 903 1344 954 ornate
1366 897 1576 968 dicere,
1591 898 2000 968 rhetoremque

355 1001 525 1057 agere
562 985 646 1040 illi
691 987 842 1042 curae
885 1005 1000 1043 non
1044 993 1188 1044 erat.
1221 989 1330 1044 Sed
1382 987 1493 1043 hoc
1542 987 1624 1042 illi
1679 1003 1828 1042 curae
1883 1001 1998 1040 non

355 1073 487 1145 fuit,
519 1075 701 1132 donec
741 1076 869 1147 ejus
901 1077 1288 1149 condiscipuli
1321 1077 1704 1148 quiescerent,
1738 1092 1805 1131 ac
1850 1091 2000 1130 non-

355 1163 498 1218 dum
531 1165 747 1236 apertis
778 1166 1038 1222 dicteriis
1069 1167 1405 1222 morderent
1433 1183 1588 1233 eum,
1624 1182 1690 1220 ac
1717 1163 1894 1220 veluti
1927 1165 1998 1219 ad

357 1252 497 1308 talia
525 1252 790 1327 ineptum
821 1257 1211 1312 traducerent.
1245 1260 1559 1327 Postquam
1592 1271 1728 1310 vero
1781 1253 1820 1307 ii
1865 1269 2000 1307 con-

354 1345 445 1398 tra
475 1343 670 1415 ipsum
702 1345 978 1400 commoti
1007 1350 1167 1411 sunt,
1198 1349 1255 1400 et
1300 1343 1680 1416 opprobrium
1719 1343 1848 1413 ejus
1881 1359 2002 1396 ma-

357 1431 635 1488 nifestum
698 1434 914 1488 factum
965 1438 1076 1500 est,
1106 1434 1218 1489 late
1267 1450 1471 1505 sparso
1521 1449 1795 1500 rumore;
1853 1431 2004 1484 hanc

356 1536 472 1575 non
503 1520 641 1576 tulit
671 1521 769 1577 ille
801 1522 1196 1589 insolentiam,
1221 1539 1322 1578 seu
1356 1521 1550 1594 potius
1577 1524 2000 1592 contemptum,

357 1627 492 1665 cum
524 1610 615 1665 sui
648 1616 804 1667 esset
831 1612 1070 1667 honoris
1101 1611 1566 1678 amantissimus,
1598 1613 1654 1665 et
1680 1608 1999 1680 zelmypus.

357 1698 505 1754 Huic
535 1700 728 1755 studio
759 1717 821 1756 se
858 1705 1046 1756 totum
1078 1701 1342 1770 tradidit,
1376 1700 1488 1754 sibi
1523 1699 1836 1772 magistros
1866 1714 2003 1752 con-

357 1787 758 1851 stituens,non
776 1806 923 1861 quos
950 1789 1031 1844 illi
1056 1789 1370 1854 habebant,
1385 1792 1825 1860 corrumpentes
1848 1786 2003 1858 quod

356 1877 418 1934 in
450 1878 740 1934 rhetorica
768 1879 1077 1950 pulchrum
1122 1883 1232 1944 est,
1266 1881 1324 1934 et
1370 1879 1630 1950 ipsarum
1679 1876 2002 1932 dictionum
2035 1914 2084 1978 B

358 1969 631 2040 gratiam,
659 1973 718 2024 et
748 1969 1128 2040 atticismum,
1152 1973 1209 2024 et
1235 1971 1622 2033 venustatem,
1653 1970 1710 2022 et
1739 1965 1890 2038 quod
1916 1968 2006 2020 est

358 2072 557 2112 revera
581 2057 978 2114 Grecanicum
1003 2077 1016 2114 :
1042 2059 1144 2114 sed
1167 2059 1545 2130 antiquorum
1570 2056 1866 2111 rhetorum
1893 2056 2008 2110 cla-

359 2144 648 2210 rissimos,
673 2149 731 2201 et
760 2146 902 2201 artis
927 2145 1137 2218 ipsius,
1162 2150 1227 2201 ut
1248 2146 1331 2200 ita
1352 2146 1568 2216 dicam,
1592 2145 1921 2200 inventores
1949 2145 2009 2197 et

359 2237 577 2326 patres.
610 2233 773 2289 Brevi
807 2218 950 2326 alips
989 2251 1058 2289 ex
1097 2233 1212 2289 alio
1244 2235 1431 2289 factus
1461 2237 1569 2301 est,
1602 2250 1718 2289 non
1750 2231 2006 2303 amplius

361 2321 594 2378 derisus
625 2326 689 2377 ut
718 2321 909 2392 antea,
942 2327 999 2378 et
1029 2326 1402 2393 contemptus
1434 2323 1507 2378 ab
1547 2323 1618 2378 iis
1649 2321 2005 2394 quibuscum

360 2415 505 2476 erat,
555 2427 682 2467 sese
728 2410 788 2466 in
847 2410 1213 2468 orationibus
1265 2427 1559 2479 exercens,
1613 2428 1712 2467 eas
1770 2425 2004 2480 compo-

362 2516 510 2556 nens
542 2517 556 2554 :
593 2499 676 2555 ita
706 2504 771 2555 ut
800 2499 1003 2555 multis
1030 2500 1325 2556 videretur
1353 2500 1496 2556 satis
1526 2517 1674 2569 esse,
1707 2516 1811 2571 pro
1845 2496 2007 2552 omni

361 2588 478 2644 alio
508 2589 665 2644 istud
699 2588 1032 2661 exemplum
1064 2587 1348 2644 aemulari.
1383 2589 1440 2644 Si
1476 2589 1616 2661 quid
1649 2593 1842 2643 autem
1873 2601 2006 2641 vere

360 2678 606 2750 dignum
655 2677 828 2734 laude
874 2683 932 2734 et
977 2678 1347 2735 aemulatione
1384 2678 1523 2734 huic
1553 2678 1774 2734 auctori
1807 2675 2004 2732 elucu-

359 2767 532 2823 brare
579 2767 734 2823 circa
780 2766 1174 2839 eloquentiam
1220 2767 1548 2840 contigerit,
1581 2766 1880 2838 inquirere
1908 2781 2006 2821 vo-

359 2854 618 2912 lentibus
649 2856 771 2911 haec
801 2855 1135 2929 syngrapha
1163 2855 1461 2912 exhibebit
1493 2873 1505 2911 :
1538 2855 1622 2911 sic
1653 2855 1810 2910 enim
1842 2870 2002 2921 voco,

364 2945 464 3016 qui
495 2962 611 3017 prae
643 2945 918 3000 manibus
960 2949 1070 3012 est,
1101 2944 1387 3001 libellum.
1420 2947 1537 3002 Cur
1579 2961 1713 3000 vero
1762 2959 2005 3015 Operum

360 3049 676 3089 numerum
722 3049 838 3088 non
883 3032 1127 3102 auxerit,
1160 3032 1260 3088 alii
1291 3032 1526 3104 quidem
1559 3031 1735 3088 aliam
1766 3047 2005 3086 causam

355 3121 582 3187 dicunt,
615 3128 674 3178 et
700 3137 828 3177 eam
860 3121 1107 3194 quilibet
1137 3121 1302 3177 affert
1341 3138 1519 3192 quam
1569 3120 1710 3176 vult.
1745 3119 1853 3184 Qui
1903 3135 2005 3174 au-

2108 623 2279 680 ui’nov
2318 649 2330 660 '
2389 625 2470 681 ὅτι
2543 633 2647 695 τῆς
2716 628 3152 702 περιπατητικῆς
3228 623 3556 702 φιλοσοφίας
3632 626 3766 702 ἄγαν

2110 715 2393 788 ἐρῶν,οκαὶ
2449 715 2617 789 ταύτῃ
2667 715 2851 770 ἑαυτὸν
2913 714 3209 788 ἐπινείμας,
3267 715 3648 791 Ἀριστοτέλην
3705 737 3766 772 τε

2108 805 2183 867 ὡς
2234 803 2421 860 οὐδένα
2469 799 2783 883 φιλοσόφων
2834 804 3122 874 ἐκθειάζων
3167 809 3276 859 τῶν
3323 802 3548 878 ἄλλων,
3597 805 3760 874 ἧττον

2106 895 2205 962 τήν
2237 893 2531 971 ῥητορικὴν
2567 892 2736 964 δεξιὸς
2785 893 2874 949 καὶ
2927 894 3267 972 λογογράφος
3323 892 3532 949 ἀκούειν
3567 890 3762 972 ἐφρόν-

2106 989 2258 1053 τιζε·
2316 983 2406 1038 καί
2463 1004 2525 1060 γε
2575 983 2723 1056 αύτῷ
2781 983 2870 1039 διὰ
2922 988 3091 1038 ταῦτα
3146 983 3559 1058 κεκομψευμένα
3614 984 3764 1061 ἐξαγ-

2109 1070 2328 1148 γέλλειν
2379 1073 2468 1128 καὶ
2518 1072 2831 1149 ῥητορεύειν
2883 1073 2982 1128 οὐκ
3029 1070 3238 1147 ἔμελεν.
3290 1072 3444 1130 Ἀλλ’
3489 1073 3589 1128 οὐκ
3637 1073 3761 1147 ἔμε-

2112 1161 2226 1232 λεν,
2256 1159 2362 1224 ἕως
2393 1162 2483 1217 καὶ
2523 1163 2590 1217 τὰ
2621 1167 2728 1217 τῶν
2777 1167 3164 1242 συμφοιτητῶν
3204 1164 3422 1236 ἠρέμει,
3471 1164 3563 1218 καὶ
3610 1160 3767 1218 οῦπω

2109 1251 2362 1315 πλατέως
2419 1251 2577 1307 αὐτὸν
2628 1253 2895 1308 σκώπτειν
2931 1297 2944 1322 ,
3001 1253 3091 1307 καὶ
3151 1250 3421 1329 διασύρειν
3480 1253 3556 1315 ὡς
3617 1254 3760 1332 ἀφυῆ

2111 1343 2340 1416 περὶτὰ
2396 1345 2618 1396 τοιαῦτα
2671 1340 2951 1416 ἐξήγοντο.
3014 1340 3160 1397 Ἐπεὶ
3220 1339 3278 1396 δὲ
3323 1343 3629 1411 κεκίνηντο,
3673 1341 3764 1396 xui

2113 1433 2141 1486 ὁ
2167 1427 2375 1492 ὄνειδος
2410 1429 2663 1506 λαμπρὸς
2712 1431 2779 1500 ἧν
2827 1430 2913 1485 ἐπὶ
2944 1430 3087 1487 πολὺ
3129 1436 3227 1485 τοῦ
3259 1428 3430 1506 λόγου
3459 1429 3767 1504 διαδιδομέ-

2111 1542 2236 1586 νου,
2285 1517 2364 1575 ὅδ’
2423 1519 2521 1575 ούκ
2576 1520 2829 1596 ἠνείχετο
2880 1525 2977 1575 τοῦ
3032 1522 3404 1597 φρονήματος,
3454 1521 3491 1590 ἢ
3553 1519 3766 1594 μᾶλλον

2114 1609 2282 1664 εἰπεῖν
2327 1613 2424 1662 τοῦ
2471 1609 2989 1688 καταφρονήματος,
3037 1605 3333 1686 φιλότιμος
3381 1606 3455 1662 ὢν
3504 1608 3555 1671 ἐς
3601 1609 3762 1684 ὑπερ-

2114 1693 2312 1768 ϐολὴν,
2374 1699 2487 1770 ἅμα
2544 1673 3129 1778 δὶυκέίὶηζηλότυπος.
3193 1673 3516 1776 ’ἐπαφίησιν
3576 1673 3762 1754 tua)th

2113 1791 2180 1860 τῇ
2244 1785 2442 1862 μελέτῃ
2486 1785 2682 1861 ταύτῃ,
2743 1784 3099 1849 διδασκάλους
3155 1785 3601 1860 προστησάμενος
3658 1787 3767 1864 οὐχ

2115 1876 2208 1938 οὓς
2267 1874 2458 1931 ἐκεῖνοι
2507 1874 2633 1938 τοὺς
2692 1871 3096 1953 διαφθείραντας
3152 1877 3221 1930 τὰ
3279 1875 3425 1932 ἄλλα
3481 1875 3580 1931 ὅσα
3623 1877 3768 1932 καλὰ

2113 1965 2183 2040 τῇ
2240 1965 2526 2042 ῥητορικῇ,
2573 1964 2663 2019 καὶ
2716 1964 2897 2038 μέντοι
2944 1972 3045 2034 τῆς
3095 1963 3293 2036 λέξεως
3341 1965 3509 2036 αὐτῆς
3555 1964 3618 2021 τὰ
3661 1965 3767 2042 χά-

2116 2075 2248 2132 ριεν,
2298 2053 2390 2108 καὶ
2444 2054 2710 2124 ’Δττικὸν,
2755 2051 2845 2108 καί
2893 2054 3105 2127 σεμνὸν,
3153 2055 3245 2108 καὶ
3296 2050 3462 2118 ὅντως
3510 2053 3765 2125 Ἑλληνι-

2114 2145 2232 2211 κὸν,
2284 2142 2412 2206 τοὺς
2470 2145 2516 2194 δ’
2572 2139 3020 2220 ἐπιφανεστάτους
3075 2148 3184 2199 τῶν
3238 2143 3408 2200 πάλαι
3468 2140 3716 2220 ῥητόρων
3751 2191 3766 2217 ,

2113 2233 2201 2288 xui
2250 2239 2353 2302 τῆς
2397 2231 2620 2308 τέχνης,
2673 2232 2748 2294 ὡς
2803 2231 2991 2302 εἰπεῖν,
3037 2231 3321 2310 ἐφευρετὰς
3368 2232 3458 2288 καὶ
3511 2233 3767 2309 πατέρας·

2114 2328 2315 2378 Θᾶττον
2370 2317 2554 2396 ἕτερος
2608 2321 2824 2397 γέγονεν
2888 2321 2938 2391 ἐξ
2997 2321 3201 2397 ἑτέρου,
3251 2326 3507 2376 τοσοῦτον
3559 2322 3620 2377 ού
3654 2319 3771 2378 δια-

2113 2411 2426 2489 γελώμενος
2473 2410 2549 2472 ὡς
2588 2410 2651 2465 τὸ
2696 2405 2983 2487 πρότερον,
3033 2409 3125 2465 xui
3171 2411 3672 2490 περιφρονούμενος
3716 2412 3769 2467 ἐν

2115 2503 2200 2562 οἷς
2227 2498 2491 2575 ἐτύγχανε
2531 2494 2730 2574 λόγους
2781 2496 3113 2568 ἐπιτηδεύων
3162 2499 3252 2553 καὶ
3300 2499 3583 2562 συντιθείς·
3634 2498 3774 2555 ὥστε

2112 2589 2203 2644 καὶ
2255 2585 2494 2650 πολλοῖς
2553 2585 2703 2659 δόξαι
2749 2588 2864 2652 ἀνθ’
2911 2588 3096 2664 ἑτέρου
3151 2589 3347 2650 παντὸς
3402 2587 3774 2666 παραδείγμα-
3849 2651 3860 2674 ὶ

2112 2699 2206 2740 τος
2242 2675 2514 2747 ζηλοῦντα
2556 2674 2761 2752 τοῦέδὲ
2811 2679 3010 2752 ἀρκεῖν.
3063 2677 3127 2732 Ei
3182 2677 3276 2752 μὶν
3324 2678 3416 2732 οῦν
3463 2677 3554 2733 xui
3599 2678 3771 2750 ζήλου
3837 2679 3848 2730 .’

2112 2770 2232 2830 ταῖς
2288 2765 2569 2838 ἀληθείαις
2623 2749 2769 2836 ἄξιον
2821 2749 2914 2822 καὶ
2987 2749 3332 2844 λόγουγπερὶ
3388 2765 3515 2830 τοὺς
3567 2749 3773 2843 λόγους

2116 2856 2384 2932 ἐξεγένετο
2437 2856 2775 2930 κατορθῶσαι
2829 2860 2910 2927 τῷ
2970 2861 3297 2934 συγγραφεῖ,
3358 2854 3459 2926 ἥδε
3511 2877 3618 2912 που
3675 2879 3774 2913 πα-

2117 2948 2369 3024 ραστήσει
2416 2949 2534 3008 τοῖς
2591 2944 2850 3016 ἐξετάζειν
2912 2944 3273 3021 βουλομένοις
3339 2947 3374 3016 ἠ
3437 2950 3720 3025 συγγραφή
3759 2989 3772 3004 .

2115 3033 2279 3091 Καλῶ
2334 3035 2436 3111 γὰρ
2486 3032 2629 3089 οὕτω
2685 3037 2775 3088 νῦν
2831 3034 2934 3103 τὴν
2985 3033 3082 3089 ἀνὰ
3127 3040 3319 3112 χεῖρας
3361 3033 3611 3091 πυκτίδα.
3668 3040 3775 3090 Τοῦ

2117 3121 2175 3179 δὲ
2200 3123 2276 3187 εἰς
2307 3122 2482 3178 πολὺν
2528 3123 2622 3178 τὸν
2658 3127 2767 3178 τῶν
2815 3124 3150 3197 πονημάτων
3201 3123 3434 3200 ἀριθμὸν
3476 3125 3551 3197 μὴ
3605 3125 3774 3180 ἐκτεῖ-

357 3214 478 3267 tam
509 3212 558 3266 9
600 3211 778 3283 probe
826 3211 1024 3282 ipsum
1072 3214 1374 3276 noverant,
1423 3227 1557 3266 eum
1608 3209 1796 3265 dicere
1842 3207 2007 3263 aiunt

2120 3233 2202 3268 ναι
2233 3209 2399 3267 ἄλλοι
2431 3213 2525 3286 μὲν
2553 3209 2731 3281 am»;
2784 3210 3036 3286 λέγουσιν
3080 3212 3278 3267 αἰτίανο
3307 3213 3398 3267 xui
3440 3213 3546 3288 γὰρ
3586 3212 3778 3290 λέγου-

357 3303 594 3371 tempus
641 3298 857 3370 quietis
905 3314 1107 3354 revera
1145 3298 1584 3356 brevissimum.
1636 3297 1845 3353 Studia
1902 3312 2003 3368 ag-

2120 3323 2197 3356 σιν
2245 3300 2313 3370 ἢν
2367 3297 2590 3362 ἕκαστος
2653 3297 2948 3375 βούλεται·
3009 3299 3169 3355 αὐτὸν
3225 3298 3284 3355 δὲ
3339 3302 3558 3380 φάσκειν
3620 3283 3777 3382 φασὶν

357 3403 599 3460 gressus
619 3391 730 3456 est,
753 3404 888 3443 cum
908 3404 1131 3444 annum
1153 3397 1352 3460 ageret
1368 3387 1714 3444 vicesimum
1739 3389 1968 3442 sextum
1989 3403 2002 3455 ;

357 3477 532 3534 desiit
557 3495 691 3534 vero
722 3482 898 3535 natus
928 3493 1114 3534 annos
1142 3483 1262 3534 tres
1291 3495 1357 3534 ac
1386 3477 1626 3551 triginta
1655 3478 1790 3550 (23).

432 3746 817 3802 Postmodum
867 3761 1000 3802 vero
1057 3745 1400 3816 hujusmodi
1446 3761 1624 3818 opera
1669 3743 2011 3800 elucubrare

363 3834 793 3908 prohibuerunt
822 3835 1040 3908 partim
1071 3835 1142 3891 de
1180 3834 1301 3890 vita
1328 3834 1592 3902 timores,
1625 3849 1773 3906 quos
1819 3831 1904 3886 illi
1953 3835 2013 3888 et

364 3924 496 3982 aliis
527 3923 731 3981 multis
759 3924 1087 3980 intulerunt
1116 3924 1271 3980 circa
1308 3924 1585 3996 dogmata
1611 3921 1927 3992 innovatio,
1957 3924 2014 3976 et

364 4015 468 4086 qui
513 4013 850 4087 supervenit
877 4013 1147 4070 Ecclesiae
1176 4014 1348 4070 turbo
1379 4014 1511 4086 (24),
1565 4011 1778 4085 partim
1827 4010 2012 4066 animi

366 4121 540 4174 curas,
575 4103 634 4158 in
680 4120 829 4176 quas
867 4103 1041 4159 modo
1074 4103 1246 4158 dictis
1274 4103 1587 4158 timoribus
1619 4101 1848 4168 solutis,
1883 4116 2012 4173 per-

364 4195 589 4248 tractus
614 4192 664 4248 ei
696 4191 951 4248 traditus
980 4195 1070 4247 est
1087 4190 1197 4264 (25)
1220 4209 1233 4246 :
1267 4207 1466 4246 secum
1493 4193 1774 4262 reputans
1794 4189 2012 4243 mirum

369 4282 510 4356 ﬂore,
543 4281 589 4337 si
622 4279 805 4336 vitam
837 4279 1088 4353 negotiis
1116 4295 1362 4335 vacuam
1393 4280 1584 4335 vivere
1613 4271 2012 4350 posset,"qua-

365 4368 484 4426 lem
536 4368 908 4441 philosopho,
956 4369 1127 4440 eique
1174 4366 1377 4438 libero,
1410 4366 1719 4423 convenire
1769 4366 2012 4420 diceres.

368 4458 457 4513 Ad
501 4474 804 4513 summum
848 4456 1311 4528 patriarcharum
1344 4454 1683 4512 conscendit
1709 4453 2014 4522 thronum,

370 4563 496 4611 seu,
530 4546 685 4618 quod
727 4546 924 4601 verius
970 4549 1060 4601 est
1110 4545 1320 4614 dicere,
1353 4547 1682 4616 pertractus
1711 4547 1800 4599 est
1831 4559 1844 4598 :
1895 4541 2019 4597 haec

2117 3388 2171 3446 o'i
2199 3391 2252 3465 γ’
2283 3383 2522 3465 ἀκριϐῶς
2569 3387 2770 3443 ἐκεῖνον
2820 3386 3044 3459 εἰδότες,
3087 3389 3180 3444 τὸν
3233 3388 3432 3465 χρόνον
3466 3390 3602 3446 εἶναι
3650 3392 3779 3469 βρα-
3883 3413 3887 3416 ’

2116 3479 2352 3555 χύτατον
2385 3473 2514 3532 ὄντα
2554 3475 2648 3532 τὸν
2694 3483 2794 3546 τῆς
2846 3475 3096 3540 ἀνέσεως.
3142 3473 3410 3533 Ἐπέϐαλε
3445 3479 3541 3552 μὲν
3585 3478 3678 3534 οῦν
3702 3485 3772 3554 τῇ

2119 3563 2328 3640 σπουδῇ
2384 3562 2538 3620 ἕκτον
2596 3565 2687 3620 καὶ
2761 3565 3000 3621 εἰκοστὸν
3075 3562 3218 3642 ἔχων
3272 3561 3391 3629 ἔτος
3426 3585 3440 3600 ·
3501 3562 3661 3642 ἔληξε
3717 3567 3776 3625 δὶ

2115 3653 2434 3732 τριακοστὸν
2459 3654 2604 3729 ἄγων
2639 3653 2728 3708 καὶ
2755 3651 2960 3729 τρίτον.

2190 3745 2260 3799 Τὸ
2292 3741 2350 3799 δὲ
2397 3743 2520 3814 ἑξῆς
2565 3748 2789 3798 τοιαῦτα
2834 3748 3040 3816 πονεῖν,
3088 3747 3250 3798 τοῦτο
3305 3745 3399 3817 μὲν
3450 3745 3503 3800 οἱ
3549 3745 3673 3821 περῖ
3710 3747 3775 3801 τὸ

2123 3837 2219 3908 ζῇν
2268 3832 2521 3908 ἀπεῖρξαν
2576 3827 2760 3910 φόϐοι,
2810 3831 2903 3894 οὓς
2950 3831 3098 3903 αὖτῷ
3142 3853 3202 3887 τε
3253 3832 3343 3888 καὶ
3387 3831 3626 3897 πολλοῖς
3668 3835 3777 3892 ἑτέ-

2121 3942 2238 3996 ροις
2285 3923 2321 3990 ἡ
2370 3919 2496 3996 περὶ
2538 3920 2606 3974 τδ.
2652 3917 2902 3996 δόγματα
2948 3920 3295 3994 καινοτομία,
3343 3921 3433 3976 καὶ
3471 3924 3508 3992 ἡ
3536 3929 3638 3993 τῆς
3667 3929 3783 3980 Ἐκ-

2119 4009 2352 4079 κλησίας
2386 4008 2649 4078 ἐπέστησε
2698 4008 2860 4079 ζάλη,
2893 4013 3056 4064 τοῦτο
3107 4006 3164 4063 δὲ
3211 4010 3302 4064 καὶ
3351 4011 3386 4079 ἡ
3438 4014 3544 4064 τῶν
3584 4014 3778 4087 ψυχῶν

2121 4098 2363 4177 φροντὶς,
2396 4097 2474 4160 εἰς
2507 4100 2575 4168 ἣν
2623 4102 2730 4152 τῶν
2774 4097 3079 4175 εἰρημένων
3120 4097 3310 4167 αὐτίκα
3360 4093 3545 4176 φόϐων
3590 4100 3785 4164 Λυθέν-

2119 4209 2252 4258 των,
2297 4183 2515 4242 ἕλκεται
2562 4186 2653 4240 καὶ
2721 4183 3115 4262 παραδίδοταιο
3164 4187 3256 4241 καὶ
3314 4190 3484 4242 ταῦτα
3524 4185 3679 4259 δόξας
3728 4188 3780 4244 ἐν

2123 4276 2297 4347 ἑαυτῷ
2353 4275 2470 4351 βίον
2517 4274 2843 4351 ἀπράγμονα
2885 4279 2984 4330 τοῦ
3023 4273 3223 4330 λοιποῦ
3275 4277 3528 4346 ζήσεσθαι
3574 4277 3782 4350 θαυμα-

2126 4364 2660 4458 στὸνίοῖον,ὁποῖον
2720 4363 2781 4417 ἃν
2829 4362 2921 4418 καὶ
2963 4360 3477 4458 φιλοσόφῳ,εἷίτουν
3511 4363 3783 4443 ἐλευθέρῳ

2126 4445 2319 4531 φήσεις
2366 4445 2665 4526 προσήκειν
2693 4496 2706 4509 .
2757 4451 2853 4514 Εἷς
2897 4451 2999 4528 γὰρ
3040 4450 3133 4506 τὸν
3181 4445 3476 4528 ὑπέρτατον
3521 4457 3629 4508 τῶν
3677 4474 3784 4510 πα-

2123 4545 2401 4616 τριαρχῶν
2461 4538 2813 4610 ἀνεληλυθὼς
2869 4540 3079 4616 θρόνον,
3137 4541 3173 4608 ἢ
3221 4539 3285 4595 τὸ
3330 4541 3380 4616 γ’
3423 4539 3784 4620 ἀληθέστερον

370 4635 530 4690 enim
581 4633 780 4689 omnia
826 4637 1036 4705 praeter
1080 4634 1211 4704 ejus
1258 4632 1570 4689 consilium
1621 4631 1775 4688 circa
1820 4631 2010 4702 ipsum

2129 4630 2296 4686 εἰπεῖν
2353 4629 2695 4692 ἀνελκυσθεὶς
2729 4675 2743 4701 ,
2792 4631 2967 4684 πάντα
3006 4629 3109 4705 γὰρ
3157 4633 3326 4684 ταῦτα
3380 4630 3527 4705 παρὰ
3589 4633 3784 4709 προαί..

371 4727 608 4796 peracta
637 4728 797 4779 sunt.
830 4724 898 4778 Et
928 4724 987 4778 in
1019 4727 1287 4795 tempora
1315 4721 1522 4778 incidit
1557 4722 1738 4777 dubia
1765 4737 1835 4777 ex
1863 4720 2019 4776 schi-

371 4812 756 4868 smaticorum
806 4812 1022 4881 furore,
1056 4817 1114 4868 et
1161 4811 1424 4868 difﬁcilia
1454 4811 1589 4883 (26),
1621 4809 1821 4882 qualia
1869 4827 2022 4864 nun-

371 4915 550 4970 quam
584 4900 764 4970 fuere,
801 4901 1029 4972 quibus
1048 4905 1240 4957 metus
1273 4899 1464 4955 omnis
1503 4898 1782 4955 relaxatio
1813 4899 2023 4970 cuique

370 4988 508 5044 data
526 4988 641 5061 (27)
661 4987 968 5061 plerosque
999 4989 1232 5063 magnis
1261 4987 1435 5044 malis
1465 4987 1678 5057 affecit,
1701 5004 1872 5043 suam
1902 4986 2023 5042 sin-

370 5077 528 5150 gulis
549 5079 932 5150 voluptatem,
957 5083 1014 5135 et
1037 5079 1306 5150 gloriam,
1331 5083 1389 5134 et
1418 5076 1850 5149 beneplacitum
1874 5093 2027 5148 quae-

371 5167 638 5222 rentibus
669 5183 774 5238 pro
804 5183 893 5234 eo,
919 5169 1075 5238 quod
1107 5167 1251 5223 utile
1274 5167 1508 5239 Deoque
1539 5170 1774 5238 gratum
1804 5169 1894 5222 est
1919 5182 1932 5220 :
1967 5169 2026 5220 et

372 5254 690 5311 Ecclesiam
730 5255 892 5311 omni
937 5260 1190 5312 tremore
1241 5260 1298 5311 et
1345 5255 1783 5326 perturbatione
1813 5254 2025 5326 imple-

371 5344 474 5410 vit,
507 5345 785 5400 omnibus
831 5344 893 5400 in
944 5361 1012 5400 ea
1048 5346 1337 5418 imperare
1367 5343 1761 5416 cupientibus,
1793 5342 2028 5398 nemine

374 5438 572 5489 autem
623 5451 686 5490 se
716 5434 1092 5500 submittere,
1144 5451 1211 5490 ac
1263 5433 1474 5490 divinis
1517 5449 1721 5506 parere
1757 5431 2023 5505 legibus;

373 5522 456 5577 ita
485 5527 552 5577 ut
579 5522 776 5580 verius
807 5528 962 5580 esset
991 5522 1137 5579 illud
1168 5521 1430 5578 Platonis
1460 5523 1728 5589 dicentis,
1763 5537 1878 5576 non
1907 5538 2029 5577 om-

375 5611 552 5668 nibus
572 5612 840 5684 cxpedire
869 5611 1225 5681 libertatem,
1248 5611 1392 5668 utile
1420 5628 1554 5668 vero
1579 5627 1710 5667 esse
1730 5609 2029 5682 aliquibus

380 5701 596 5758 servire
622 5707 681 5760 et
715 5702 905 5760 vivere
935 5703 1046 5760 sub
1077 5701 1292 5759 timore
1318 5701 1392 5758 ad
1423 5703 1786 5759 senectutem
1817 5716 2028 5772 usque,

2131 4741 2273 4797 ρεσιν
2330 4719 2432 4788 τὴν
2482 4719 2646 4790 αὐτοῦ
2696 4718 2945 4795 ἐπράχθη
2993 4717 3118 4794 περὶ
3162 4717 3321 4773 αὐτόν
3359 4761 3372 4775 .
3423 4719 3524 4775 Καὶ
3569 4729 3781 4795 καιροῖς
3850 4730 3856 4735 ’

2131 4810 2519 4884 ἐντετοχτικῶς
2577 4807 2998 4885 (ἐντετυχηκὼς)
3045 4807 3362 4882 ἀνωμάλοις
3421 4809 3482 4864 ἐκ
3534 4812 3634 4880 τῆς
3675 4816 3783 4866 τῶν

2135 4901 2525 4974 Σχισματικῶν
2561 4897 2775 4970 μανίας,
2825 4895 2917 4952 xui
2964 4893 3304 4972 δυσχερέσιν,
3352 4897 3568 4961 ὁποίοις
3612 4896 3786 4962 ἄλλος

2135 4984 2412 5060 οὐδέποτε,
2456 4987 2576 5050 καθ’
2627 4985 2720 5049 οὓς
2768 4982 2945 5048 ἄνεσις
2995 4981 3202 5047 δειλίας
3253 4985 3465 5057 ἁπάσης
3512 4989 3668 5043 παντὶ
3699 4985 3790 5044 δο-

2135 5082 2331 5149 θεῖσα,
2387 5074 2518 5138 τοὺς
2581 5076 2676 5148 μὲν
2731 5073 3028 5136 πλείστους
3083 5073 3296 5138 κακίαις
3377 5075 3637 5152 μεγάλαις
3697 5077 3792 5133 ὐπ-

2136 5164 2328 5238 έζευξε,
2359 5165 2460 5234 τὴν
2514 5164 2705 5220 ἑαυτοῦ
2759 5185 2883 5219 τινα
2934 5160 3157 5219 ἕκαστον
3211 5161 3418 5235 ἡδονὴν
3473 5165 3563 5220 xui
3618 5168 3790 5240 τιμήν

2132 5253 2225 5309 καὶ
2252 5253 2526 5328 ἀρέσκειαν
2559 5253 2666 5328 πρὸ
2713 5257 2811 5307 τοῦ
2860 5250 3233 5330 συμφέροντος
3280 5253 3371 5308 καὶ
3399 5256 3497 5308 τοῦ
3543 5257 3623 5326 τῷ
3675 5260 3793 5329 Θεῷ
3860 5283 3864 5287 ·

2138 5339 2425 5404 δοκοῦντος
2485 5345 2765 5411 ζητοῦντα,
2821 5341 2921 5409 τὴν
2972 5338 3030 5396 δὲ
3085 5339 3410 5412 Ἐκκλησίαν
3467 5339 3649 5414 πάσης
3702 5366 3794 5400 τα-

2139 5437 2316 5508 ραχῆς
2375 5429 2465 5485 καὶ
2530 5428 2750 5500 ἀταξίας
2822 5427 3090 5500 ἐνέπλησε
3120 5475 3135 5503 ,
3195 5430 3406 5485 πάντων
3471 5431 3660 5508 ἄρχειν
3739 5433 3794 5490 ἐν

2137 5521 2296 5594 αὐτῇ,
2350 5519 2442 5574 καὶ
2490 5521 2801 5592 νομοθετεῖν
2863 5520 3215 5597 ἀγαπώντων,
3264 5517 3527 5595 ἄρχεσθαι
3587 5519 3647 5577 δὲ
3699 5525 3791 5579 xui
3883 5576 3886 5578 ν

2137 5609 2305 5671 Θείοις
2359 5604 2556 5684 νόμοις
2611 5608 2996 5665 ὑποτάττεσθαι
3047 5606 3284 5670 οὐδενός
3335 5608 3411 5672 ὡς
3471 5605 3788 5686 συμϐαίνειν

2135 5697 2227 5756 καὶ
2275 5695 2424 5774 μάλα
2472 5695 2674 5769 ἀληθὲς
2715 5699 2780 5754 τὸ
2823 5702 2923 5754 τοῦ
2969 5695 3266 5759 Πλάτωνος
3317 5695 3476 5771 εἶναι,
3530 5701 3608 5774 μὴ
3656 5705 3787 5757 πᾶσι
