4090 6444
1958 406 2170 473 VITA.

3695 403 3776 470 3O

361 534 614 608 λυσιτελῆ
666 536 773 608 τὴν
824 534 1135 615 ἐλευθερίαν
1194 539 1453 617 λέγοντος
1510 540 1663 610 εἶναι,
1722 540 2013 622 συμφέρειν

2125 541 2229 597 ιο
2259 542 2318 598 et
2347 544 2618 597 mortem.
2649 540 2852 614 Itaque
2878 540 2941 598 in
2969 539 3081 598 hac
3109 556 3306 598 rerum
3339 539 3775 614 perturbatione

360 625 417 684 δέ
440 648 548 683 τισι
574 628 679 697 τὴν
708 625 990 701 δουλείαν,
1022 627 1114 684 καί
1142 629 1245 685 ὑπὸ
1304 625 1473 708 φόϐον
1534 635 1629 706 ζῇν
1688 632 1853 708 μέχρι
1911 632 2016 706 γή-

359 737 463 793 ρως
523 715 693 772 αὐτοῦ
751 717 845 772 καὶ
892 720 1143 774 Θανάτου.
1177 719 1337 776 Ἀλλ’
1381 717 1471 775 οὗν
1522 719 1575 775 ἐν
1618 720 1842 797 τοιαύτῃ
1893 742 2017 797 συγ-

358 804 514 883 χύσει
571 808 920 882 πραγμάτων
970 807 1050 872 εἷς
1094 807 1158 864 τι)
1208 809 1369 883 μέσον
1421 809 1785 884 συνελασθεὶς,
1837 807 1913 873 εἷ¹ς
1960 830 2021 865 τε

353 896 453 964 τήν
501 895 710 973 ἀρχὴν,
742 896 819 960 ὡς
868 896 945 960 είς
989 897 1169 969 ἄλλην
1217 899 1336 954 τινὰ
1383 896 1698 976 δυστυχίαν,
1744 899 1797 971 ἐξ
1848 897 2022 955 εὐδαί-

358 1006 527 1060 μονος
585 984 681 1041 καὶ
743 985 1013 1061 μακαρίας
1075 992 1220 1057 ζωῆς
1271 988 1705 1059 ἀποπεπτωκὼς,
1744 989 1834 1044 καὶ
1890 988 2022 1067 ἀφύ-

352 1094 510 1136 κτοις
560 1075 824 1151 ἀνάγκαις
876 1075 1298 1152 ὗποζυγεῐς,αἴς
1343 1081 1443 1147 τήν
1494 1078 1862 1134 ὑποπεσοῦσαν
1914 1081 2021 1153 ψυ-

355 1165 467 1239 χὴν
502 1162 609 1218 οὐκ
638 1162 699 1219 ἂν
732 1162 845 1239 ἐγώ
872 1185 1008 1221 ποτε
1045 1164 1243 1242 λόγους
1293 1167 1501 1239 ἀξιοίην
1551 1167 1855 1224 ἀποτίκτειν
1906 1188 2024 1245 γεν-

354 1256 710 1329 ναιοτέρους·
761 1251 943 1328 ὥσπερ
1003 1253 1118 1310 οὐδ’
1172 1256 1474 1333 ἀνθρώπων
1527 1256 1620 1312 τὸν
1680 1254 2023 1334 δρομικώτα-

352 1363 450 1398 τον
476 1343 702 1420 τρέχειν
732 1340 948 1420 σιδήρῳ
975 1344 1115 1421 πρὸς
1164 1345 1455 1424 ἀσφάλειαν
1508 1343 1854 1420 διειλημένον
1895 1346 2022 1410 τοὺς

354 1430 555 1495 πόδας.
625 1432 727 1488 Καὶ
805 1434 949 1489 ἄκων
1023 1438 1122 1489 τοῦ
1197 1436 1497 1491 συντάττειν
1574 1434 1867 1494 ἐπαύσατο.
1917 1441 2022 1492 Τοῦ

358 1521 462 1596 μὲν
518 1519 711 1577 τοίνυν
769 1522 847 1596 μὴ
897 1519 1150 1586 πολλοὺς
1207 1523 1338 1579 εἶναι
1395 1523 1523 1588 τοὺς
1596 1524 1800 1601 λόγους
1859 1525 2023 1581 αὐτοῦ

352 1614 531 1665 ταῦτα
585 1611 657 1665 τὰ
709 1607 875 1667 αἴτια.
910 1610 1017 1668 Καὶ
1073 1612 1208 1688 πρὸς
1261 1613 1476 1676 τούτοις
1522 1615 1577 1669 αἱ
1623 1613 1871 1671 ποικίλαι
1924 1619 2022 1670 τοῦ

359 1699 627 1773 σώματος
655 1699 830 1770 νόσοι,
854 1701 948 1756 καὶ
982 1700 1221 1775 μάλιστά
1258 1723 1322 1779 γε
1366 1704 1419 1759 αἱ
1470 1704 1579 1763 ἀπὸ,
1621 1711 1723 1774 τῆς
1778 1701 2021 1783 κεφαλῆς

362 1789 418 1844 οἳ
466 1785 717 1861 ἤσκησαν
775 1788 958 1862 αὐτὸν,
988 1791 1081 1846 καὶ
1139 1790 1195 1855 ές
1239 1792 1304 1847 τὸ
1358 1789 1751 1869 χαλεπώτατον
1809 1791 2021 1870 ἤγαγον

365 1877 425 1933 αἵ
473 1898 537 1934 τε
913 1876 1258 1984 ὑδροποσίαι,
1307 1879 1495 1951 ἐπειδὴ
1564 1883 1664 1952 τὴν
1716 1886 1817 1939 τοῦ
1872 1878 2102 1984 oi’vouB

363 1973 574 2044 χρῆσιν
616 1966 668 2038 ἐξ
719 1966 891 2038 αὐτῆς
943 1967 1205 2044 γενέσεως
1249 1970 1630 2050 ἀπεστρέφετο,
1661 1970 1754 2026 καὶ
1803 1972 1856 2026 οἱ
1898 1971 2023 2049 περὶ

359 2056 424 2112 τὸ
487 2058 882 2136 μετεγγράφειν
928 2063 996 2113 τα
1040 2061 1150 2114 τῶν
1205 2057 1375 2115 πάλαι
1434 2064 1614 2139 σοφῶν
1674 2059 1874 2132 ἐκπονή
1885 2082 2027 2135 ματα

364 2145 543 2201 πόνοι.
586 2147 792 2223 Ἔτυχε
837 2148 943 2222 γὰρ
975 2148 1004 2202 ὁ
1034 2146 1172 2216 ἀνὴρ
1218 2148 1309 2204 καὶ
1357 2149 1526 2220 πένης
1574 2150 1732 2219 εἶναι,
1770 2151 1861 2205 καὶ
1915 2154 2023 2205 τῶν

367 2229 605 2311 βιϐλίων
672 2234 989 2311 κατακόρως
1052 2235 1212 2314 ἐρῶν.
1267 2237 1470 2314 Ἔτυχε
1523 2236 1581 2294 δὲ
1636 2239 1727 2295 καὶ
1781 2238 1905 2314 περὶ
1958 2238 2023 2314 τᾷ

362 2328 592 2405 γράφειν
673 2325 931 2403 μετρίως,
966 2311 1190 2406 ἀγαθὰς
1266 2311 1442 2404 ἔχων-
1487 2328 1584 2397 τὰς
1652 2311 1862 2404 χεῖραςξ
1923 2311 2025 2384 Καἱ

359 2413 551 2486 ἐπειδή
611 2416 737 2494 περὶ
794 2420 1079 2494 χρήμασιν
1133 2416 1234 2474 οὐκ
1288 2418 1355 2486 ἦν
1411 2419 1480 2473 τὰ
1531 2415 1764 2497 φίλτατα
1818 2419 2019 2488 κτήσα-

360 2516 508 2575 σθαι,
564 2511 684 2569 τοῖς
761 2503 924 2570 ἰδίοις
1002 2503 1220 2584 ἱδρῶσιν
1276 2504 1562 2578 ἐκτήσατο.
1623 2506 1723 2562 Καὶ
1785 2501 2099 2589 βιϐλίωνς)

359 2592 717 2674 ἀντιγραφεὺς
790 2597 1033 2672 γέγονεν,
1081 2595 1207 2652 ὅσον
1258 2593 1374 2652 οὐδ’
1426 2594 1502 2663 εἷς
1583 2593 1778 2672 σχεδὸν
1833 2594 2019 2674 ἕτερος
2058 2600 2085 2643 ί

356 2689 469 2741 τῶν
526 2682 713 2761 λόγων
769 2706 842 2765 φη
855 2686 917 2759 μὶ
971 2685 1290 2759 μετιόντων.
1318 2690 1425 2741 Τοῦ
1448 2682 1527 2741 ³δέ
1577 2687 1653 2760 μὴ
1685 2684 1886 2750 πάντας
1915 2693 2020 2756 τῆς

360 2773 537 2843 αὐτῆς
591 2773 729 2829 εἶναι
778 2772 1021 2845 σπουδῆς
1069 2772 1353 2852 πρόδηλος
1407 2774 1562 2849 οἶμαι
1611 2776 1640 2831 ὁ
1688 2773 1876 2851 λόγος.
1918 2775 2018 2831 Καὶ

356 2865 462 2939 γὰρ
506 2854 643 2941 ὅπερ
697 2861 787 2919 ἐπὶ
852 2868 959 2919 τῶν
1039 2865 1376 2941 βαναυσικῶν
1432 2866 1669 2943 ὁρῶμεν,
1727 2869 1888 2920 τοῦτο
1948 2862 2014 2936 δὴ

356 2952 631 3008 κάνταῦθα
683 2950 997 3029 λογίζεσθαι
1053 2951 1153 3010 δεῖ.
1210 2953 1467 3017 Ἐκείνῦις
1528 2955 1622 3028 μὲν
1677 2954 1781 3031 γὰρ
1810 2954 2019 3031 προϊὼν

353 3041 387 3097 ὁ
413 3047 522 3112 τῆς
562 3040 846 3113 ἀσκήσεως
892 3041 1095 3120 χρόνος
1140 3041 1344 3120 βελτιω
1387 3046 1495 3098 τῶν
1528 3042 2014 3120 ’προηγησαμένων

351 3129 423 3187 τὰ
471 3129 614 3205 μετὰ
664 3136 835 3187 ταῦτα
898 3129 1159 3188 δείκνυσιν
1238 3128 1386 3209 ἔργα.
1463 3132 1562 3188 Καὶ
1646 3131 2016 3211 λογογράφοις

347 3219 688 3299 τοίνυνηκαὶ
744 3219 973 3297 ῥήτορσι
1027 3221 1097 3276 τὰ
1152 3220 1206 3276 ἐν
1264 3223 1415 3299 γήρᾳ
1454 3222 1751 3295 πονήματα
1775 3219 2014 3298 γενναιό-

2127 630 2405 703 prodiens
2450 630 2511 686 in
2559 630 2839 703 medium,
2870 634 2929 687 et
2974 630 3036 686 in
3084 630 3476 704 principatum
3504 630 3683 687 veluti
3711 631 3772 686 in

2129 720 2288 776 aliud
2321 720 2615 793 quoddam
2645 720 3058 786 infortunium,
3080 720 3404 777 efelicitate
3433 725 3493 776 et
3521 720 3774 777 beatitu-

2129 808 2278 865 dinm
2324 809 2453 865 vitae
2497 809 2729 880 excidit,
2760 814 2818 867 et
2859 810 3297 866 inevitabilibus
3327 809 3775 867 necessitatibus

2129 899 2432 971 subjectus
2462 902 2570 961 est.
2603 900 2662 955 in
2710 916 2857 972 quas
2898 900 3134 956 animus
3163 916 3300 956 cum
3328 898 3624 965 inciderit,
3657 915 3774 955 non

2128 993 2351 1062 posset,
2382 992 2450 1044 ut
2494 1005 2600 1062 ego
2648 990 2887 1061 quidem
2935 995 3097 1062 puto,
3143 989 3459 1046 nobiliores
3507 1003 3775 1061 promere

2130 1079 2468 1136 orationes:
2522 1080 3020 1151 quemadmodum
3076 1095 3268 1152 neque
3312 1079 3511 1149 homo,
3542 1077 3650 1135 etsi
3703 1079 3774 1134 ad

2131 1169 2486 1225 currendum
2509 1167 2873 1241 aptissimus,
2895 1183 3128 1225 currere
3153 1169 3326 1237 valet,
3352 1168 3600 1241 pedibus
3621 1168 3773 1223 ferro

2130 1257 2378 1314 ﬁrmiter
2404 1257 2685 1327 trajectis.
2717 1256 2939 1314 Invitus
2980 1257 3227 1314 cessavit
3272 1274 3308 1313 a
3353 1256 3774 1329 componendis

2132 1346 2515 1404 orationibus.
2548 1347 2617 1401 Et
2662 1346 2787 1402 haec
2832 1350 2923 1403 est
2967 1364 3166 1412 causa,
3205 1363 3386 1420 quare
3433 1363 3551 1403 non
3601 1344 3776 1401 multi

2131 1437 2260 1508 ejus
2290 1438 2518 1491 exstent
2546 1451 2847 1492 sermones
2875 1435 3010 1507 (28).
3064 1437 3230 1492 Adde
3275 1435 3469 1492 varios
3515 1435 3777 1508 corporis

2134 1525 2371 1581 morbos
2403 1528 2459 1580 et
2487 1526 2807 1597 praesertim
2840 1526 3047 1598 capitis
3078 1526 3212 1599 (29),
3244 1525 3347 1598 qui
3395 1524 3565 1580 illum
3611 1541 3777 1581 exer-

2132 1630 2304 1670 cuere
2331 1631 2344 1669 :
2376 1613 2909 1687 difﬁcillimumque
2927 1615 2988 1670 in
3014 1619 3235 1671 statum
3256 1614 3626 1671 adduxerunt
3644 1630 3780 1671 eum

2132 1707 2305 1776 potus
2325 1719 2615 1775 aquarum
2639 1720 2673 1759 a
2692 1703 2962 1776 pueritia,
2980 1704 3259 1777 quoniam
3280 1721 3315 1760 a
3336 1704 3513 1761 nativi
3523 1707 3640 1760 tate
3661 1702 3777 1759 vini

2133 1810 2308 1849 usum
2341 1792 2723 1850 fastidiebat:
2772 1797 2829 1849 et
2874 1793 3106 1851 labores
3136 1794 3333 1867 (adde)
3385 1793 3446 1849 in
3496 1793 3779 1850 transcri-

2133 1882 2344 1938 bendis
2367 1886 2629 1939 veterum
2655 1882 2990 1956 sapientum
3018 1882 3529 1940 lucubrationibus
3555 1883 3779 1956 impen-

2136 1988 2233 2029 sos
2263 1971 2395 2045 (30).
2424 1973 2561 2028 Erat
2588 1972 2745 2028 enim
2773 1973 2882 2043 vir,
2915 1977 2973 2029 et
3003 1989 3245 2046 pauper,
3276 1976 3333 2029 et
3360 1972 3645 2029 librorum
3677 1989 3778 2029 cu-

2134 2061 2483 2135 pidissimus
2516 2078 2530 2118 :
2580 2062 2987 2136 scribebatque
3028 2062 3173 2120 satis
3224 2062 3527 2130 concinne,
3559 2063 3784 2135 optima

2135 2151 2206 2207 ad
2254 2150 2315 2207 id
2367 2151 2650 2224 praeditus
2694 2168 2896 2208 manu.
2929 2152 3001 2208 Et
3038 2151 3316 2224 quoniam
3346 2151 3613 2224 pecuniis
3662 2168 3780 2208 non

2132 2244 2332 2313 posset
2352 2257 2479 2314 quas
2500 2241 2611 2297 sibi
2635 2244 2801 2297 erant
2821 2240 3171 2297 charissima
3188 2239 3506 2314 possidere,
3526 2241 3778 2315 propriis

2133 2331 2452 2386 sudoribus
2500 2330 2856 2403 acquirebat.
2899 2330 3064 2387 Unde
3109 2330 3295 2387 evasit
3341 2329 3628 2386 librorum
3675 2346 3778 2386 ex-

2132 2419 2385 2491 scriptor
2415 2418 2608 2492 qualis
2630 2435 2805 2475 nemo
2826 2419 3009 2476 ferme
3028 2419 3179 2475 alius
3207 2418 3361 2475 inter
3389 2434 3490 2475 eos
3518 2418 3650 2487 fuit,
3674 2419 3777 2492 qui

2131 2507 2378 2579 litteras,
2439 2508 2702 2580 inquam,
2751 2507 3024 2565 liberales
3079 2511 3299 2564 amant.
3358 2507 3521 2572 Quod
3577 2511 3774 2565 autem

2130 2598 2424 2654 orationes
2448 2598 2577 2669 ejus
2595 2614 2713 2654 non
2745 2613 2949 2654 omnes
2978 2598 3243 2669 ejusdem
3273 2601 3469 2653 essent
3497 2597 3678 2653 studii
3709 2613 3777 2653 ac

2130 2686 2467 2760 diligentiae,
2514 2703 2712 2755 causa,
2762 2690 2830 2742 ut
2880 2692 3042 2758 puto,
3092 2686 3407 2743 manifesta
3451 2690 3559 2743 est.
3610 2685 3774 2751 Quod

2127 2776 2285 2833 enim
2338 2776 2399 2832 in
2448 2776 2674 2832 artibus
2723 2774 3080 2832 mechanicis
3127 2775 3420 2842 videmus,
3459 2774 3618 2832 idem
3662 2775 3773 2832 hac

2127 2864 2303 2922 etiam
2334 2865 2394 2920 in
2426 2880 2489 2921 re
2516 2864 2972 2921 existimandum
3011 2867 3137 2921 est:
3171 2864 3492 2936 procedens
3522 2863 3680 2920 enim
3709 2863 3772 2919 in

2127 2953 2536 3011 exercitatione
2582 2958 2816 3026 tempus
2866 2952 3110 3010 meliora
3154 2955 3251 3009 ll
3305 2952 3771 3025 precedentibus

2127 3042 2466 3099 manifestat
2519 3059 2697 3115 opera
2749 3043 3092 3115 posteriora.
3151 3041 3248 3098 Sic
3304 3041 3656 3113 scriptorum
3714 3047 3773 3099 et

2126 3132 2425 3189 rhetorum
2451 3130 2667 3188 seniles
2695 3130 3130 3187 lucubrationes
3160 3129 3773 3207 nobilitate‘przestant

2118 3221 2504 3295 juvenilibus.
2536 3221 2851 3294 Propterea
2877 3236 2948 3276 ex
2977 3218 3260 3292 subjectis
3288 3218 3587 3293 opusculis
3619 3220 3768 3294 (quas

345 3328 483 3386 τερα
605 3305 693 3381 εἴη
971 3309 1173 3388 ἀρχῆς.
1207 3282 1512 3367 ΔιὲιΙτόῦιιο
1564 3282 1655 3367 καὶ
1707 3282 1818 3366 τῶν
1879 3310 2014 3366 ὑπο-

2123 3282 2188 3367 in
2234 3310 2345 3367 hoc
2388 3282 2691 3368 volumine
2736 3309 3129 3382 continentur)
3157 3308 3343 3366 aetatis
3395 3308 3587 3366 robori
3638 3282 3765 3382 qua

344 3399 622 3472 κειμένων
674 3396 776 3454 ὅσα
826 3399 923 3473 μὲν
974 3396 1263 3470 σπονδαῖα,
1308 3402 1380 3474 τῇ
1429 3399 1580 3475 ἀκμῇ
1628 3398 1922 3476 λογιστέα·
1979 3399 2016 3454 ἃ

345 3482 410 3542 δὲ
467 3487 553 3561 μὴ
611 3491 863 3558 τοιαῦτα,
916 3491 988 3564 τῇ
1049 3486 1267 3559 νεότητι
1332 3488 1730 3566 προσνεμητέα,
1785 3488 1877 3545 καὶ
1931 3493 2013 3563 τῷ

342 3572 539 3631 ἄτελεῖ
592 3581 698 3646 τῆς
755 3577 1058 3648 ἀσκήσεως.
1089 3575 1165 3632 Τά
1217 3596 1282 3654 γε
1341 3578 1449 3651 μὴν
1507 3574 1625 3649 εἶ’δη
1684 3582 1783 3634 τοῦ
1838 3576 2012 3654 λόγου

345 3660 449 3720 εἴτ’
506 3665 707 3741 ἄριστα
771 3666 1016 3743 κέκριται
1092 3671 1218 3744 παρ’
1269 3665 1438 3740 αὐτῷ,
1495 3662 1593 3739 εἴθ’
1646 3666 1722 3730 ὡς
1793 3665 2009 3744 ἑτέρως,

342 3753 441 3809 καὶ
493 3753 575 3817 ὡς
606 3754 922 3831 ἁπανταχοῦ
980 3754 1335 3830 ἀγωνιστικός
1393 3754 1529 3826 ἐστι,
1556 3754 1649 3811 καὶ
1706 3757 2009 3831 σχημάτων

344 3839 672 3918 ἐξαλλαγῆς
747 3841 896 3916 αἰνεῷ
969 3842 1143 3918 μέλει,
1207 3843 1364 3918 μέλει
1440 3841 1499 3900 δὲ
1552 3844 1646 3899 καὶ
1692 3843 2010 3921 εὐκρινείας,

345 3931 648 4009 μεγέθους,
720 3932 1074 4008 σεμνότητος,
1145 3933 1503 4012 γοργότητος,
1577 3935 1669 3990 καὶ
1740 3940 1850 3991 τῶν
1912 3940 2010 3991 τοῦ

339 4020 524 4093 ἤθους
582 4020 772 4078 καλῶν
827 4019 966 4096 μετά
1015 4044 1163 4086 τινος
1222 4022 1537 4099 εὐρυθμίας,
1588 4023 1680 4079 καὶ
1736 4025 2009 4096 συνθήκης

339 4111 449 4169 οὐκ
485 4112 774 4188 ἀγεννοῦς,
804 4111 911 4190 ἐγὼ
957 4114 1052 4188 μὲν
1110 4112 1211 4169 οὐκ
1258 4112 1390 4190 ἐρῶ,
1426 4114 1502 4188 μὴ
1549 4115 1641 4169 καὶ
1699 4113 1775 4177 εἷς
1836 4115 2011 4189 μῆκος

339 4199 571 4257 ἂτείνω
624 4200 720 4257 τὸν
780 4199 974 4277 λόγον,
1021 4204 1098 4276 μὴ
1153 4202 1247 4259 καὶ
1300 4198 1509 4279 τάνδρί,
1569 4198 1684 4258 ἴσον
1734 4200 1782 4258 δ’
1838 4203 2006 4259 εἰπεῖν

338 4288 593 4364 ἐμαυτῷ,
659 4289 981 4366 χαρίζεσθαι
1054 4288 1214 4362 δόξω.
1289 4290 1552 4365 Ἐμαινιὸν
1625 4293 1730 4369 γὰρ
1806 4290 2006 4348 ἐκεῖνον

335 4379 591 4457 ¹ἥγημαι,
619 4378 717 4434 καὶ
751 4378 928 4453 καλῶ,
955 4385 1058 4450 τῆς
1115 4376 1282 4458 ἄκρας
1338 4382 1502 4454 ἡμῶν
1560 4379 1807 4444 ἑνώσεως
1862 4373 2015 4447 τοῦθ’

340 4469 493 4525 οὕτω
546 4467 644 4525 καὶ
705 4466 884 4546 λέγειν
936 4466 1197 4547 ἀσφαλῶς
1237 4469 1330 4525 γαὶ
1395 4474 1609 4549 φρονεῖν
1688 4466 2003 4535 δεδωκυίας.

338 4559 453 4615 Κᾶν
510 4579 601 4621 τις
662 4554 769 4634 ἄρα
821 4556 948 4636 περὶ
996 4562 1107 4614 τῶν
1138 4558 1379 4614 ’ἐκείνου
1434 4558 1676 4637 χρηστόν
1714 4580 1789 4631 τι,
1820 4561 1858 4630 ἢ
1914 4562 2005 4617 καὶ

2121 3401 2367 3474 probata
2396 3404 2556 3467 sunt,
2587 3399 2800 3456 ascribi
2843 3400 3056 3456 debent
3085 3417 3099 3455 :
3152 3414 3282 3471 quas
3313 3413 3450 3455 vero
3479 3414 3596 3454 non
3627 3402 3770 3455 sunt

2119 3489 2281 3563 talia,
2303 3506 2373 3547 ea
2392 3490 2688 3562 juventuti
2716 3492 2857 3545 sunt
2884 3489 3220 3557 tribuenda,
3251 3490 3308 3544 et
3336 3486 3766 3545 exercitationis

2121 3578 2391 3637 defectui.
2422 3580 2509 3636 Ad
2556 3578 2837 3637 orationis
2882 3579 3133 3634 formam
3180 3576 3337 3650 quod
3386 3576 3612 3648 attinet,
3644 3576 3765 3635 sive

2120 3668 2346 3742 optima
2389 3683 2571 3741 penes
2618 3668 2815 3741 ipsum
2855 3666 3123 3740 judicata
3168 3669 3278 3738 est,
3309 3666 3431 3724 sive
3476 3665 3664 3739 aliter,
3696 3684 3766 3724 ea

2119 3757 2338 3831 ubique
2366 3756 2543 3813 veluti
2572 3771 2810 3830 pugnax
2836 3759 2945 3825 est,
2978 3760 3035 3812 et
3063 3755 3392 3813 certatoria.
3416 3755 3764 3829 Figurarum

2108 3837 2457 3905 varietatem
2487 3850 2655 3902 curat
2698 3845 2796 3903 ille
2828 3862 2843 3902 :
2894 3848 3061 3902 curat
3090 3844 3547 3916 distinctionem,
3577 3845 3762 3903 subli-

2119 3937 2405 4004 mitatem,
2454 3935 2821 4009 gravitatem,
2871 3932 3340 4004 concitationem,
3389 3939 3450 3992 et
3498 3936 3655 4006 quod
3702 3935 3761 3991 in

2117 4026 2421 4084 affectibus
2450 4027 2727 4082 decorum
2766 4027 2856 4080 est
2896 4040 3032 4080 cum
3062 4024 3317 4097 quadam
3348 4024 3760 4096 concinnitate,

2117 4119 2177 4172 et
2205 4131 2412 4171 vocum
2441 4113 2812 4187 copulatione
2841 4129 2957 4169 non
2996 4112 3262 4185 ignobili.
3294 4114 3413 4187 Ego
3458 4129 3595 4170 vero
3643 4129 3762 4170 non

2117 4204 2330 4272 dicam,
2346 4221 2418 4260 ne
2435 4203 2720 4277 prolixius
2741 4216 3072 4259 sermonem
3094 4202 3457 4275 protraham,
3473 4206 3531 4258 et
3549 4218 3622 4258 ne
3635 4203 3760 4259 viro

2118 4294 2314 4350 videar
2348 4307 2514 4365 seque
2561 4309 2630 4349 ac
2678 4291 2823 4347 mihi
2870 4291 2985 4364 ipsi
3028 4290 3364 4364 gratiﬁcari.
3399 4289 3572 4347 Illum
3601 4291 3758 4348 enim

2116 4387 2321 4456 reputo
2368 4398 2464 4438 me
2508 4382 2704 4455 ipsum
2735 4381 2872 4453 (31),
2915 4384 2973 4437 et
3010 4397 3153 4437 voco
3194 4384 3432 4453 propter
3460 4397 3758 4437 summam

2114 4473 2299 4529 nostri
2326 4471 2628 4540 unionem,
2658 4487 2786 4543 quae
2824 4470 2964 4527 facit
2991 4473 3059 4526 ut
3086 4470 3195 4527 hoc
3225 4484 3427 4526 secure
3458 4468 3671 4542 dicam,
3702 4474 3762 4526 et

2113 4562 2384 4635 cogitem.
2417 4560 2478 4617 Si
2533 4560 2668 4634 quis
2707 4560 2888 4634 igitur
2932 4561 3005 4616 de
3046 4547 3146 4616 illo
3184 4558 3272 4616 vel
3305 4559 3446 4632 quid
3478 4560 3637 4629 boni,
3666 4560 3756 4616 vel

338 4650 576 4726 θάτερον
642 4653 919 4725 μαρτυρῆ,
948 4646 1026 4710 εἷς
1079 4646 1150 4703 τὰ
1205 4647 1444 4722 ἐμαυτοῦ
1495 4645 1586 4703 καί
1632 4647 1698 4703 τὸ
1746 4652 2004 4723 σκῶμμα,

2123 4651 2471 4708 contrarium
2501 4649 2827 4722 perhibent,
2857 4649 2919 4704 in
2972 4664 3066 4704 me
3110 4648 3308 4721 ipsum
3352 4652 3410 4704 et
3447 4648 3755 4706 dicterium
3812 4712 3820 4719 ,

340 4738 422 4802 εἷς
468 4737 542 4793 τὰ
590 4734 830 4811 ἐμαυτοῦ
866 4737 959 4793 καὶ
1009 4736 1099 4792 τὸν
1142 4733 1359 4817 ἔπαινον
1410 4738 1589 4817 φέρειν
1635 4737 1821 4817 φημί·
1881 4736 2008 4795 ὥστ’

340 4826 472 4902 ἐμοί
514 4828 574 4904 γ’
626 4824 775 4882 οῧτω
818 4826 888 4882 τὰ
931 4825 1073 4903 πρὸς
1117 4813 1321 4883 ἐκεῖνον
1371 4813 1557 4903 ἔχοντι
1585 4813 1792 4905 πρέπον
1825 4826 1886 4882 ἂν
1918 4823 2002 4898 εἴη

342 4920 527 4992 σιγᾷν.
575 4916 643 4971 Ἦ
689 4912 750 4971 δέ
795 4935 905 4971 που
960 4914 1175 4987 πυκτὶς,
1226 4914 1360 4993 ὅπερ
1416 4915 1506 4972 καὶ
1574 4914 1771 4971 ἄνωθεν
1846 4912 2003 4995 ἔφην,

337 5004 533 5068 καλῶς
585 5004 680 5061 τὸν
738 5005 948 5079 πατέρα
1001 5009 1122 5067 τοῖς
1178 5004 1610 5080 ἀναγινώσκουσι
1654 5002 1835 5079 δείξει,
1867 5004 2006 5061 ὥστε

332 5094 670 5172 προσεκτέον
702 5093 839 5170 αὐτῇ
867 5097 968 5150 τοῦ
1018 5091 1239 5151 λοιποῦ.
1271 5093 1372 5150 Καὶ
1421 5094 1499 5156 ὡς
1547 5094 1607 5149 ἂν
1656 5093 1791 5163 αὐτὴ
1841 5091 2004 5150 δώσει

330 5184 562 5260 κρίνειν,
611 5183 756 5241 οὕτω
807 5183 901 5240 καὶ
953 5182 1084 5260 περὶ
1139 5187 1246 5238 τῶν
1302 5182 1607 5261 εἰρημένων
1658 5184 1758 5253 τήν
1817 5186 1999 5263 ψῆφον

331 5273 653 5347 agmen».

2114 4739 2253 4797 ferri
2284 4744 2341 4795 et
2369 4739 2602 4796 laudem
2634 4738 2764 4794 dico
2795 4753 2811 4796 :
2854 4738 2937 4795 ita
2964 4742 3031 4794 ut
3058 4738 3225 4807 mihi,
3257 4738 3359 4811 qui
3387 4755 3528 4813 erga
3558 4738 3755 4811 ipsum
3848 4774 3853 4779 ι

2112 4829 2199 4886 ita
2237 4845 2331 4886 me
2374 4829 2578 4895 habeo,
2610 4832 2803 4885 tacere
2844 4826 3169 4885 conveniat.
3202 4826 3463 4885 Libellus
3512 4828 3610 4886 hic
3656 4844 3760 4884 au-

2070 4976 2073 4979 .
2113 4923 2255 4989 tem,
2290 4921 2355 4974 ut
2383 4918 2560 4974 etiam
2590 4917 2862 4990 superius
2899 4916 3039 4988 dixi,
3074 4921 3298 4989 patrem
3348 4934 3525 4974 suum
3579 4917 3761 4992 probe

2111 5006 2429 5065 lectoribus
2461 5007 2731 5064 ostendet
2758 5006 2910 5079 (32):
2947 5008 3104 5062 unde
3133 5008 3323 5079 quoad
3357 5006 3601 5080 reliqua,
3634 5007 3760 5080 ipse

2112 5098 2421 5154 adeundus
2451 5101 2559 5153 est.
2592 5099 2659 5151 Et
2688 5096 3182 5168 quemadmodum
3213 5096 3377 5153 dabit
3405 5096 3533 5168 ipse
3568 5095 3759 5168 (libel-

2110 5185 2232 5255 lus)
2255 5189 2322 5241 ut
2339 5183 2658 5267 judicetur,
2684 5184 2769 5243 ita
2788 5184 3137 5258 suffragium
3159 5185 3231 5241 de
3258 5184 3566 5257 hucusque
3585 5185 3760 5242 dictis

2109 5274 2419 5331 ferendum
2449 5276 2557 5331 est.
