4090 6436
363 381 436 446 31
1391 397 1712 498 GEORGII
1758 399 2021 462 CYPRII
2065 383 2182 460 cp.
2229 401 2763 465 PATRIARCHE
3706 389 3784 466 se

369 525 3248 557 ______.__________________________________

1394 668 1494 724 η
1561 670 1928 764 NOTE
2008 671 2754 789 HISTORICIE,

1635 883 1868 930 CERONO
1876 883 2098 930 LOGICE
2139 885 2216 929 ET
2258 884 2508 930 CRITICE

942 1026 1017 1085 IN
1065 1026 1576 1089 SUPERIOREM
1622 1029 1938 1090 GEORGII
1986 1029 2138 1092 SEU
2183 1029 2562 1091 GHEGORII
2605 1030 2867 1092 CYPRII
2921 1032 3197 1093 VlTAM.

439 1325 516 1397 (1)
548 1325 812 1395 Gregorii.
847 1332 965 1385 Hoc
997 1328 1093 1385 ille
1123 1330 1449 1402 appellatus
1479 1336 1568 1387 est
1598 1333 1853 1397 nomine,
1879 1350 2013 1388 cum

2130 1351 2185 1386 τε
2216 1328 2518 1407 συλλέγων,
2550 1329 2939 1411 καλλιγραφεῖν
2975 1330 3199 1407 δίδωμι,
3237 1331 3576 1410 βουλόμενος
3616 1333 3778 1396 αὐτὰς

369 1416 720 1471 monachum
754 1417 966 1486 induit,
999 1425 1314 1492 antequam
1361 1422 1431 1476 ad
1485 1423 1648 1477 urbis
1696 1424 1863 1495 regiae
1913 1439 2014 1495 pa-

369 1503 741 1560 triarchalem
783 1507 1063 1564 thronum
1110 1515 1591 1582 promoveretur:
1643 1513 1836 1568 dictus
1879 1529 2014 1568 vero

369 1595 553 1649 sacris
577 1594 636 1650 in
662 1596 836 1652 undis
859 1598 1139 1667 Georgius.
1197 1600 1577 1672 Pachymeres
1606 1600 1664 1656 in
1689 1602 2016 1658 Andronico

368 1682 712 1756 Palaeologo,
746 1685 892 1742 libro
926 1705 964 1755 ι,
998 1688 1183 1760 capite
1213 1693 1303 1755 22,
1341 1691 1425 1745 sic
1455 1691 1535 1745 ait
1567 1707 1579 1744 :
1615 1692 1724 1746 Hoc
1755 1691 2016 1764 Gregorii

366 1787 565 1827 nomen
594 1776 795 1846 Cyprio
842 1777 1135 1846 insederat,
1176 1795 1249 1834 ex
1301 1778 1524 1851 Georgio
1569 1785 1862 1851 mutatum,
1893 1797 2019 1836 cum

363 1863 760 1933 professionem
798 1866 859 1920 in
900 1875 1313 1939 praeparatione
1336 1870 1746 1940 patriarchatus
1775 1885 2016 1925 assume-

365 1959 452 2007 ret
490 1955 874 2010 monasticam.

441 2039 518 2111 (2)
549 2043 647 2098 Res
703 2057 834 2099 suas
897 2047 1179 2102 continens
1226 2065 1245 2101 :
1309 2047 1376 2100 τὰ
1439 2047 1557 2100 καθ’
1622 2045 1830 2102 ἑαυτόν.
1902 2049 2015 2103 Leo

371 2129 550 2186 etiam
579 2131 830 2188 Allatius
861 2134 922 2189 in
953 2135 1214 2192 Diatriba
1243 2137 1314 2205 de
1346 2137 1608 2210 Georgiis
1656 2154 1725 2192 ex
1767 2137 2015 2192 Roberto

371 2217 754 2276 Constantino
785 2222 869 2277 sic
899 2225 1108 2278 refert:
1143 2229 1283 2280 Item
1311 2225 1376 2281 de
1404 2228 1523 2282 vita
1549 2243 1650 2281 sua
1681 2231 1733 2281 et
1759 2226 2017 2297 Epistolm

369 2325 597 2365 numero
629 2311 750 2367 166.
785 2313 965 2368 Addit
992 2312 1238 2370 Allatius
1271 2331 1284 2369 :
1335 2316 1418 2370 An
1446 2331 1580 2386 Opus
1621 2321 1724 2371 hoc
1765 2315 1830 2370 de
1876 2317 2013 2381 vita,

367 2397 666 2470 inquiens,
713 2400 998 2457 diversum
1042 2407 1120 2458 est
1170 2404 1237 2459 ab
1296 2403 1570 2475 Epistolis,
1621 2405 1708 2460 vel
1759 2406 2017 2476 Epistolis

366 2489 503 2560 ipsis
529 2505 687 2544 suam
715 2492 887 2545 vitam
916 2492 1218 2562 exprimit?
1245 2495 1381 2548 Mihi
1407 2493 1583 2549 adhuc
1613 2495 1886 2549 incertum
1916 2501 2012 2549 est.

365 2577 498 2634 Jam
530 2582 752 2633 certum
785 2595 940 2646 vero,
965 2581 1036 2636 ab
1063 2581 1338 2653 Epistolis
1369 2583 1657 2638 diversam
1689 2599 1816 2638 esse
1845 2583 2016 2638 Vitam

367 2665 519 2769 hanc
565 2667 820 2740 Georgii,
869 2685 972 2726 seu
1004 2671 1281 2769 Gregorii
1325 2671 1537 2744 Cyprii,
1581 2677 1647 2728 ut
1698 2689 1768 2728 ex
1815 2677 2014 2727 nostro
2045 2703 2094 2769 B

367 2755 566 2812 codice
596 2761 774 2828 patet,
809 2763 868 2814 et
907 2775 976 2814 ex
1004 2759 1442 2817 Vindobonensi
1475 2761 1629 2833 apud
1661 2760 2012 2817 Nesselium.

369 2845 425 2901 Is
468 2845 529 2900 in
569 2845 844 2919 Catalogo
874 2848 1233 2906 bibliothecae
1264 2850 1554 2918 Caesareas,
1587 2867 1691 2906 seu
1722 2849 2018 2905 Vindobo-

370 2935 572 2991 nensis
604 2940 767 3008 parte
803 2953 857 3002 v,
891 2938 1150 2994 codicem
1184 2940 1280 2994 101
1316 2944 1579 2995 recenset
1609 2957 1622 2994 :
1677 2963 1707 2990 «
1739 2940 2016 3011 Epistolis,

369 3024 665 3096 inquiens,
713 3033 931 3081 centum
980 3029 1288 3096 nonaginta
1333 3031 1386 3084 et
1434 3044 1568 3096 una,
1621 3044 1754 3084 cum
1812 3027 2018 3084 incerti

368 3114 680 3184 cujusdam
712 3115 968 3171 auctoris
999 3116 1334 3188 synchroni,
1370 3118 1540 3189 cujus
1570 3133 1782 3173 nomen
1815 3119 1887 3173 ob
1919 3116 2020 3172 ali-

371 3206 514 3275 quot
567 3202 842 3258 foliorum
903 3205 1196 3261 defectum
1260 3206 1582 3278 ignoratur,
1649 3207 2017 3279 Prw/“ctione,

372 3291 706 3348 continente
739 3294 953 3362 Vitam,
988 3310 1091 3350 seu
1122 3293 1318 3366 potius
1356 3294 1753 3351 laudationem
1805 3296 1953 3366 ejus.
1988 3316 2018 3345 »

373 3381 612 3454 Integra
666 3381 726 3436 in
781 3386 979 3438 nostro
1039 3383 1234 3439 codice
1281 3384 1404 3439 haec
1452 3387 1676 3456 prostat
1722 3385 2017 3456 Praefatio,

373 3487 477 3528 seu
510 3471 704 3542 potius
736 3487 928 3527 sermo
961 3477 1038 3528 De
1064 3474 1180 3528 vita
1215 3473 1307 3528 sui
1344 3475 1539 3546 ipsius,
1574 3473 1843 3546 pluribus
1873 3491 2019 3546 opu-

373 3559 553 3616 sculis
583 3559 972 3633 plurimisque
1003 3562 1264 3634 epistolis
1295 3580 1412 3618 uno
1457 3562 1515 3617 in
1564 3562 1860 3619 volumine
1900 3563 2020 3619 col-

368 3648 534 3705 lectis
558 3650 920 3722 premissus.
939 3650 1229 3706 Dubitatio
1251 3651 1437 3724 ingeri
1458 3651 1622 3706 nulla
1643 3657 1853 3722 potest,
1876 3653 2016 3724 quin

369 3740 636 3809 ejusdem
670 3739 960 3795 sermonis
999 3739 1126 3810 ipse
1157 3739 1432 3811 Georgius,
1465 3740 1552 3796 vel
1585 3739 1879 3813 Gregorius
1912 3739 2016 3811 Cy-

368 3829 528 3899 prius
578 3832 780 3882 auctor
827 3827 947 3882 sit:
1000 3827 1340 3884 inscribitur
1389 3846 1596 3900 nempe
1638 3830 1712 3885 De
1756 3832 1867 3884 vita
1893 3846 2016 3894 sua,

370 3917 492 3972 sive
520 3917 590 3972 de
619 3918 690 3972 iis
720 3931 845 3988 qua
872 3917 948 3972 ad
975 3919 1216 3988 seipsum
1255 3919 1554 3989 pertinent.
1589 3920 1651 3973 In
1683 3917 1839 3973 calce
1869 3935 2018 3989 opu-

372 4005 521 4061 sculi
555 4007 675 4060 haec
706 4005 998 4060 habentur
1027 4007 1098 4061 de
1128 4012 1364 4061 auctore
1398 4023 1410 4061 :
1458 4006 1546 4074 Μὴ
1578 4003 1668 4058 καὶ
1696 4001 1870 4075 ἀνδρὶ,
1902 4001 2014 4058 ἴσον

2126 1419 2202 1482 εἰς
2262 1421 2483 1475 πυκτίον
2544 1418 2690 1497 ἔχειν
2751 1422 2977 1499 ἀθρόας,
3037 1424 3316 1496 Epistolas
3368 1441 3548 1497 meas,
3605 1427 3780 1480 aliam

2125 1510 2356 1567 aliunde
2383 1513 2661 1582 colligens,
2694 1518 2755 1568 ut
2799 1516 2940 1586 potis
2985 1531 3125 1582 sum,
3158 1516 3436 1586 eleganter
3461 1515 3776 1570 describen-

2125 1600 2224 1656 das
2281 1602 2458 1668 trado,
2513 1619 2605 1658 eas
2661 1603 2846 1659 volens
2891 1605 2954 1659 in
3012 1604 3196 1660 libello
3250 1605 3499 1660 collectas
3553 1604 3776 1660 habere.

2125 1689 2414 1746 Volumen
2437 1691 2616 1757 istud,
2643 1707 2759 1762 quo
2786 1698 2940 1760 utor,
2962 1698 3020 1749 et
3049 1709 3117 1748 ea
3143 1692 3378 1766 singula
3398 1710 3526 1766 qua:
3558 1693 3616 1748 in
3650 1693 3778 1766 ipso

2127 1781 2521 1850 continentur,
2556 1781 2898 1855 diligentius
2927 1784 3080 1840 infra
3111 1783 3467 1839 recensenda
3496 1787 3654 1838 sunt.

2198 1871 2277 1941 (4)
2308 1875 2502 1926 Patres
2531 1887 2660 1928 vero
2689 1877 2744 1928 et
2786 1875 2896 1940 avi,
2931 1877 3040 1929 etc.
3074 1873 3206 1928 Haec
3234 1873 3427 1940 verba,
3461 1889 3594 1927 cum
3646 1871 3780 1928 aliis

2125 1959 2443 2030 conjuncta
2473 1977 2604 2032 quas
2634 1966 2979 2034 sequuntur,
3013 1967 3078 2018 ut
3112 1966 3310 2034 postea
3340 1961 3777 2030 adnotabimus,

2124 2047 2398 2104 videntur
2443 2050 2588 2105 satis
2641 2050 2921 2119 indicare,
2953 2069 3024 2108 ex
3073 2050 3288 2106 illustri
3337 2049 3520 2107 fuisse
3567 2065 3780 2122 genere

2127 2137 2427 2210 Cyprium,
2450 2139 2711 2210 itemque
2740 2140 3005 2196 Graecum
3038 2140 3358 2208 hominem,
3385 2143 3442 2194 et
3471 2155 3538 2194 ex
3569 2155 3777 2210 paren-

2125 2227 2289 2282 tibus
2320 2227 2533 2284 Graecis
2565 2233 2792 2284 natum.
2825 2229 2937 2285 Leo
2968 2229 3240 2296 Allatius,
3271 2230 3347 2285 De
3389 2229 3645 2286 Ecclesiae
3675 2230 3779 2285 0c-

2124 2316 2419 2371 cidentalis
2485 2319 2648 2388 atque
2716 2317 3012 2374 Orientalis
3072 2327 3342 2390 perpetua
3403 2319 3775 2386 consensione,

2126 2404 2229 2460 lib.
2263 2423 2327 2471 II,
2359 2421 2487 2478 cap.
2523 2407 2610 2474 15,
2645 2425 2807 2463 num.
2841 2409 2929 2480 12,
2963 2408 3274 2478 Georgium
3306 2407 3581 2479 Cyprium
3612 2409 3779 2461 vocat

2130 2495 2388 2550 Latinum
2418 2495 2767 2552 scribentem
2797 2506 2988 2553 contra
3021 2499 3261 2554 Latinos.
3289 2497 3352 2552 Id
3382 2512 3568 2551 unum
3599 2496 3778 2551 refert

2126 2584 2186 2639 in
2220 2583 2481 2639 Diatriba
2521 2585 2592 2640 de
2622 2586 2904 2658 Georgiis,
2936 2587 3184 2643 eumdem
3210 2586 3358 2657 apud
3386 2585 3556 2641 Italos
3583 2593 3781 2640 natum

2125 2680 2176 2728 'et
2205 2673 2476 2744 adultum,
2511 2689 2626 2730 sese
2651 2675 2998 2747 postmodum
3039 2677 3185 2731 inter
3217 2678 3441 2732 Graecos
3467 2674 3776 2746 conjecisse.

2127 2755 2238 2818 Sed
2285 2761 2499 2818 iterum
2558 2763 2618 2818 in
2669 2764 3028 2837 Hottingero,
3082 2763 3273 2836 capite
3329 2763 3415 2830 19,
3467 2779 3600 2834 pag.
3652 2761 3778 2827 478,

2126 2852 2324 2924 ipsum
2349 2852 2581 2919 asserit,
2603 2853 2818 2908 Latinis
2841 2851 3166 2926 parentibus
3196 2860 3396 2910 ortum.
3421 2839 3578 2909 Nihil
3607 2849 3779 2906 haesi-

2127 2944 2321 2996 tantes
2361 2942 2575 2998 Latinis
2621 2941 2818 3013 ipsum
2861 2942 3185 3014 parentibus
3230 2943 3293 2996 in
3341 2940 3516 3012 Cypro
3564 2940 3780 3010 natum,

2130 3034 2407 3086 enarrant
2437 3029 2786 3086 Guillelmus
2816 3031 2964 3086 Cave
3012 3031 3070 3086 in
3111 3031 3358 3086 Historia
3383 3030 3681 3087 Litteraria
3710 3028 3783 3083 ad

2133 3131 2354 3174 annum
2387 3120 2525 3174 1284
2559 3137 2571 3174 :
2613 3119 2936 3176 Casimirus
2965 3121 3235 3176 Uudinus
3261 3119 3322 3174 in
3354 3115 3783 3174 Commentario

2130 3208 2201 3263 de
2231 3208 2619 3280 scriptoribus
2651 3208 3063 3265 ecclesiasticis
3101 3213 3263 3264 tomo
3306 3207 3406 3274 III,
3438 3207 3512 3263 ad
3561 3222 3784 3262 annum

2131 3297 2292 3362 1280,
2315 3300 2372 3351 et
2393 3295 2644 3352 Michael
2670 3295 2998 3368 Lequienus‘
3019 3293 3080 3351 in
3105 3295 3328 3352 Oriente
3349 3310 3522 3366 sacro,
3545 3299 3706 3350 temo
3738 3294 3782 3365 Ι,

2127 3385 2189 3441 in
2219 3385 2567 3457 patriarchis
2593 3385 3276 3458 Constantinopolitanis.
3309 3385 3458 3442 Nota
3488 3384 3635 3440 mihi
3665 3400 3784 3440 non

2129 3479 2272 3530 sunt
2325 3474 2575 3545 hujusce
2631 3475 2714 3531 rei
2773 3475 3018 3547 probata
3073 3477 3477 3530 monumenta.
3526 3473 3782 3530 Joannes

2128 3565 2368 3633 Beccus,
2401 3577 2469 3619 ex
2513 3565 2910 3636 patriarchatu
2943 3563 3112 3634 regiae
3144 3563 3308 3620 urbis
3338 3558 3502 3620 exsul
3531 3563 3781 3618 Prusam

2129 3652 2369 3719 missus,
2402 3657 2606 3708 contra
2636 3653 2948 3725 Georgium
2981 3651 3070 3708 vel
3100 3651 3443 3725 Gregorium
3475 3651 3559 3707 sic
3590 3651 3784 3707 aiebat

2129 3742 2285 3813 apud
2310 3741 2726 3814 Pachymerem
2759 3742 2820 3796 in
2841 3742 3192 3812 Andronico,
3217 3742 3364 3797 libro
3398 3758 3437 3811 ι,
3461 3741 3650 3812 capite
3673 3741 3778 3797 34:

2128 3831 2208 3886 Me
2238 3831 2544 3886 Romanum
2589 3831 2715 3903 (seu
2747 3830 3036 3902 Graecum)
3067 3831 3365 3898 hominem,
3397 3847 3429 3885 e
3475 3841 3635 3885 nova?
3678 3834 3781 3884 Ro-

2130 3933 2242 3976 mae
2267 3915 2894 3991 (Constantinopoleos)
2925 3920 3135 3975 civibus
3162 3927 3382 3986 natum,
3407 3919 3748 3974 aversamini
3763 3936 3783 3972 :

2130 4010 2357 4064 interim
2409 4008 2541 4063 dum
2593 4024 2692 4080 pro
2744 4011 3066 4080 patriarcha
3115 4010 3466 4064 veneramini
3510 4004 3678 4079 ἄνδρα
3724 4001 3784 4059 δὲ

375 4091 419 4149 δ’
489 4093 656 4148 εἰπεῖν
727 4092 962 4166 ἐμαυτῷ,
1033 4093 1344 4168 χαρίζεσθαι
1413 4071 1589 4164 δόξῴ-
1633 4071 1863 4166 ἐμαυτέὸῆ
1917 4093 2018 4170 γὰρ
2051 4071 2094 4139 C
2131 4097 2256 4170 παρ’
2317 4071 2926 4171 Ἰταλοῖςίγεννὴθὲντα
2980 4113 3040 4151 τε
3104 4095 3194 4150 καὶ
3256 4096 3544 4174 τραφέντα,
3599 4071 3785 4151 uirum

375 4183 576 4239 ἐκεῖνον
608 4180 718 4259 ἤγη
731 4203 847 4256 μαι,
878 4184 967 4237 καὶ
1009 4180 1164 4237 καλῶ
1202 4190 1300 4251 τῆς
1350 4181 1512 4256 ἄκρας
1543 4185 1705 4255 ἡμῶν
1737 4183 1976 4244 ἑνώσεως
2003 4202 2016 4251 ;

370 4291 440 4330 ne
462 4275 656 4331 videar
690 4275 808 4330 viro
853 4289 1005 4346 aeque
1049 4290 1113 4329 ac
1157 4275 1296 4328 mihi
1341 4275 1450 4344 ipsi
1494 4274 1820 4343 gratiﬁcari.
1853 4274 2020 4328 Illum

366 4367 515 4419 enim
539 4367 731 4435 reputo
757 4365 1047 4434 meipsum,
1073 4365 1124 4418 et
1152 4378 1277 4418 voco
1303 4367 1527 4434 propter
1545 4379 1820 4417 summam
1838 4363 2020 4418 nostri

367 4455 646 4509 unionem.
665 4454 794 4524 Ipse
818 4467 1048 4523 mempe
1069 4451 1401 4523 Gregorius,
1418 4451 1518 4522 qui
1539 4452 1713 4506 vitam
1734 4453 1826 4506 sui
1847 4451 2019 4521 ipsius

369 4542 679 4611 scribebat,
705 4556 883 4612 seque
913 4545 1210 4595 auctorem
1244 4541 1675 4610 quodammodo
1707 4539 1892 4595 celare
1924 4556 2019 4595 vo-

369 4630 506 4698 luit,
538 4630 848 4685 manifeste
886 4631 1118 4684 tandem
1155 4628 1413 4700 seipsum
1447 4629 1658 4701 prodit.

443 4720 520 4792 (3)
541 4721 608 4776 Ei
623 4721 720 4790 qui
734 4719 940 4774 librum
957 4719 1100 4774 hunc
1112 4720 1482 4784 concinnavit,
1493 4719 1678 4789 patria
1692 4719 1799 4790 fuit
1812 4719 2021 4791 Cyprus

374 4811 582 4866 insula.
617 4807 762 4864 Hinc
790 4825 924 4864 vero
956 4807 1148 4864 dictus
1186 4807 1284 4862 ille
1308 4809 1574 4881 Cyprius.
1606 4808 1757 4863 Urbs
1785 4807 2018 4874 insulae,

375 4905 475 4955 aut
504 4899 668 4955 locus
698 4898 949 4953 occurrit
979 4897 1210 4962 nullibi,
1245 4897 1342 4952 ubi
1376 4895 1601 4952 natales
1632 4897 1922 4952 habuerit.
1957 4899 2018 4952 In

375 4993 535 5045 textu
568 4989 763 5044 Graeco
795 4986 1048 5058 legimus
1082 5005 1094 5042 :
1149 4984 1347 5059 Πατρὶς
1384 4984 1477 5057 μὲν
1521 4989 1599 5055 τῷ
1637 4987 1736 5041 13
1771 5004 2018 5039 συντετα-

371 5078 497 5153 χότι
529 5078 628 5146 τὴν
667 5070 857 5151 βίϐλον
890 5073 1104 5151 Κύπρος
1135 5077 1170 5144 ἠ
1214 5082 1379 5144 νῆσος
1402 5093 1414 5106 ’
1447 5078 1660 5148 Cyprus
1690 5075 1881 5130 insula
1908 5077 2022 5147 fuit

369 5171 500 5224 huic
526 5170 734 5240 patria,
771 5168 869 5238 qui
899 5166 1104 5220 librum
1129 5154 1499 5232 concinnavit,
1531 5165 1890 5220 coordinavit.
1925 5164 2020 5219 Li-

371 5258 545 5312 brum
577 5256 836 5328 intellige
862 5254 1155 5320 volumen,
1184 5254 1242 5308 in
1275 5271 1388 5324 quo
1421 5253 1706 5326 Georgius
1737 5254 2022 5326 opuscula

374 5365 483 5404 sua
513 5346 704 5418 plura,
739 5361 996 5415 suasque
1027 5343 1313 5415 plurimas
1343 5341 1631 5413 epistolas
1674 5360 1793 5397 una
1843 5342 2021 5398 simul

2125 4185 2279 4259 apud
2325 4187 2492 4242 Italos
2545 4188 2672 4253 (seu
2728 4186 3007 4258 Latinos),
3059 4195 3256 4242 natum
3304 4177 3354 4242 et
3399 4184 3651 4241 adultum
3698 4184 3780 4256 (in

2128 4275 2327 4353 insula
2357 4275 2578 4331 scilicet
2609 4275 2815 4347 Cypro,
2849 4276 2943 4330 cui
2984 4291 3149 4348 reges
3177 4275 3478 4331 Lusinian‘i
3509 4274 3780 4330 domina-

2127 4366 2386 4431 bantur).
2445 4365 2653 4419 Petrus
2709 4365 2994 4420 Possinus
3051 4381 3121 4420 ea
3175 4365 3352 4420 verba
3405 4365 3488 4420 sic
3537 4363 3776 4419 reddit:

2129 4454 2394 4526 Cyprium
2439 4452 2725 4519 advenam,
2757 4454 2816 4507 in
2865 4469 2926 4508 ea
2976 4450 3192 4509 Latinae
3239 4453 3469 4508 ditionis
3515 4452 3703 4507 insula
3749 4467 3780 4508 θ

2128 4541 2338 4598 Latinis
2366 4544 2635 4612 genitum.
2669 4542 2800 4609 Sed,
2833 4541 2980 4612 apud
3027 4544 3274 4608 Latinos,
3306 4541 3494 4596 verior
3541 4545 3630 4596 est
3681 4540 3778 4595 in-

2125 4630 2479 4703 terpretatio.
2505 4630 2680 4685 Ortus
2702 4630 2852 4700 ejus,
2880 4635 2937 4686 et
2961 4627 3226 4686 educatio
3245 4628 3306 4685 in
3327 4634 3532 4703 Cypro,
3558 4630 3775 4686 Latinae

2128 4720 2368 4778 ditionis
2398 4719 2615 4790 insula,
2649 4735 2853 4775 ansam
2885 4719 3113 4776 dederit
3141 4719 3387 4785 rumori,
3420 4720 3520 4791 qui
3565 4736 3634 4775 ex
3663 4721 3776 4776 La-

2127 4809 2272 4866 tinis
2331 4809 2674 4881 parentibus
2730 4812 2936 4864 natum
2996 4806 3236 4864 ferebat.
3289 4808 3372 4864 Ex
3429 4822 3498 4864 ea
3551 4809 3778 4882 origine

2129 4898 2399 4970 vulgares
2431 4897 2574 4954 alias
2606 4897 2969 4970 suspiciones
2999 4897 3309 4968 prodiisse,
3341 4891 3581 4953 adnotat
3610 4896 3777 4953 Nice-

2129 4989 2349 5060 phorus
2381 4987 2667 5059 Gregoras
2715 4987 2865 5042 libro
2911 5003 3014 5054 vn,
3059 4986 3248 5058 capite
3296 4989 3349 5056 1,
3393 5004 3559 5044 num.
3604 4989 3660 5054 7,
3703 4992 3779 5044 Eo

2125 5081 2425 5150 prwtextu,
2483 5077 2779 5148 inquiens,
2835 5076 2977 5148 quod
3031 5077 3238 5145 viginti
3288 5085 3460 5133 natus
3507 5091 3699 5144 annos,
3751 5091 3781 5132 e

2132 5166 2306 5238 Cypro
2364 5163 2433 5219 ad
2490 5165 2754 5220 Romanos
2808 5180 2986 5220 mores
3048 5180 3106 5220 se
3169 5165 3502 5234 contulisset,
3559 5169 3613 5220 et
3643 5207 3656 5221 .
3707 5208 3717 5218 .
3764 5208 3778 5222 .

2131 5255 2307 5310 locum
2339 5253 2569 5310 dedisset
2596 5254 2760 5324 vulgo
2797 5253 3136 5325 suspicandi,
3172 5253 3393 5310 lectoris
3437 5253 3685 5310 ordinem
3729 5257 3785 5311 ei

2130 5344 2392 5400 collatum
2421 5345 2595 5414 fuisse
2615 5345 2717 5398 14
2737 5361 2772 5398 a
2801 5344 3038 5399 Latinis.
3063 5345 3279 5399 Textus
3311 5343 3565 5410 Graecus,
3597 5361 3782 5418 χειρο-

376 5434 692 5508 collegerit.
726 5435 809 5489 Ad
844 5432 1232 5504 Epistolarum
1265 5429 1665 5486 collectionem
1703 5432 1856 5502 quod
1890 5433 2017 5487 atti-

2131 5431 2307 5496 esclav
2360 5431 2505 5502 παρὰ
2551 5428 2793 5485 Λατίνων
2851 5427 3084 5505 ἐδέξατο,
3129 5433 3414 5500 redditur,
3461 5450 3498 5488 a
3545 5435 3775 5503 Latinis,

375 5529 493 5590 net,
528 5524 648 5578 haec
679 5523 832 5577 idem
868 5521 1147 5593 Georgius
1179 5519 1354 5575 habet
1383 5519 1442 5573 in
1481 5519 1726 5591 epistola
1770 5520 1841 5574 ad
1895 5533 2017 5575 ma-

372 5629 557 5685 gnum
588 5611 962 5683 logothetam,
995 5627 1122 5681 quae
1154 5609 1211 5663 in
1255 5609 1453 5663 codice
1482 5614 1827 5664 numeratur
1867 5610 1970 5664 155
2001 5626 2014 5665 :

371 5697 696 5770 Ἐπιστολάς
727 5700 822 5760 τὰς
868 5699 1124 5772 ἐμαυτοῦ,
1155 5693 1386 5760 ἄλλοθεν
1432 5692 1633 5767 ἄλλην,
1669 5696 1742 5758 ὡς
1794 5695 1852 5751 ἂν
1901 5696 2014 5760 οἷός

2131 5530 2197 5578 ut
2245 5521 2473 5576 diversa
2519 5521 2735 5576 evincit
2775 5522 3131 5578 constructio
3171 5538 3303 5576 cum
3335 5521 3587 5591 genitivo
3617 5524 3773 5596 apud

2128 5611 2483 5682 Graegoram,
2515 5628 2650 5667 cum
2681 5612 2873 5668 dativo
2917 5613 3072 5685 apud
3120 5609 3554 5683 Pachymerem.

2197 5699 2274 5772 (5)
2302 5701 2521 5758 Servire
2560 5702 2826 5759 Barbam
2870 5703 3104 5759 Latinis.
3135 5699 3351 5758 Notum
3394 5701 3628 5776 cuique,
3659 5721 3772 5762 cae-
