4090 6434
369 395 444 466 33

1781 387 1989 448 Vl'l‘A.
2023 420 2062 430 -

2177 387 2389 448 OT/E.
3718 395 3798 455 34

372 529 520 579 teres
548 519 806 594 populos
836 519 1034 576 vocari
1067 536 1101 576 a
1137 517 1350 575 Graecis
1407 519 1782 574 consuevisse
1824 518 2030 574 Barba-
2061 521 2116 588 Α
2145 535 2298 573 anno
2330 519 2558 575 circiter
2589 521 2721 574 1241
2758 521 2980 578 natales
3027 522 3306 578 habuisse
3356 523 3655 596 Cyprium,
3704 527 3794 581 in-

377 630 475 668 ros.
507 611 884 683 Ducangium
916 610 1156 664 consule
1188 608 1246 662 in
1278 623 1346 662 ea
1375 623 1511 661 voce
1571 607 1797 662 Latina.
1851 606 2027 663 Italos

375 698 626 771 intellige
657 698 924 762 Latinos,
954 697 1056 768 qui
1085 702 1335 768 Cyprum
1365 694 1624 752 insulam
1655 697 1768 751 sub
1792 695 2030 767 regibus

377 787 714 846 Lusinianis
737 786 1096 842 incolebant.
1123 783 1594 840 Montfauconius
1617 784 1675 838 in
1696 785 1885 839 Diario
1919 786 2032 838 Ita-

2143 789 2304 840 textu
2355 785 2606 857 legitur:
2667 785 2744 846 εἷς
2799 787 2898 854 τήν
2958 784 3402 846 Καλλινικισὲων.
3490 795 3612 846 Vox

2139 607 2319 662 ferius
2350 607 2634 664 dicemus.
2670 609 2880 664 Insulze
2912 610 3328 666 dominabatur
3359 612 3646 670 Henricus
3679 615 3720 668 Ι.

2214 697 2291 767 (7)
2317 698 2381 751 In
2441 699 2892 753 Callinicensium
2938 699 3130 754 urbem
3176 702 3437 755 mittitur.
3491 701 3553 756 In
3603 703 3796 758 Graeco

3688 792 3799 848 ista

375 881 496 946 lico,
523 896 581 950 p.
609 878 698 946 14,
722 876 988 931 codicem
1020 874 1227 930 Leonis
1243 873 1532 945 Sapientis
1563 889 1870 928 recensens
1900 871 2036 926 κατὰ
2146 874 2343 930 Graeca
2373 892 2486 930 non
2520 876 2852 930 occurritin
2883 876 3085 932 lexicis
3107 878 3459 950 geograpbis
3482 896 3609 950 quae
3634 880 3802 936 licuit

370 965 618 1036 Ἰτιλῶν,
649 965 826 1020 vertit
865 973 1059 1019 contra
1091 963 1274 1032 Italos,
1325 961 1383 1016 id
1433 968 1521 1016 est
1568 970 1758 1017 contra
1787 963 2034 1031 Latinos,

377 1061 443 1112 ut
497 1054 794 1111 Antonius
853 1053 1038 1108 Maria
1091 1051 1359 1107 Salvinus
1403 1051 1704 1106 adnotavit
1756 1051 1830 1105 ad
1875 1066 2039 1106 oram

377 1145 653 1217 ejusdem
685 1142 890 1211 Diarii,
923 1158 1040 1214 quo
1074 1141 1364 1196 utebatur.
1397 1139 1542 1194 Vide
1592 1137 1901 1211 Symbolas
1948 1138 2041 1192 lil-

375 1234 632 1290 terarias
663 1231 971 1288 Florentiae
998 1229 1184 1285 editas
1211 1228 1325 1285 vol.
1371 1229 1466 1296 VI,
1516 1244 1715 1300 opusc.
1741 1245 1816 1296 vx,
1850 1245 1906 1300 p.
1953 1228 2041 1282 44.

379 1322 582 1395 Cyprii
614 1321 855 1376 initium
883 1318 1049 1390 regni
1079 1324 1311 1374 enarrat
1343 1316 1692 1373 Guillelmus
1722 1317 1794 1372 de
1826 1317 2046 1388 Nangis

379 1413 440 1467 in
458 1411 753 1468 Chronico
777 1408 934 1482 apud
957 1406 1304 1462 Dacberium
1325 1405 1386 1460 in
1407 1405 1740 1479 Spicilegio,
1764 1411 1922 1462 torno
1947 1406 2045 1478 III,

380 1503 442 1556 in
478 1500 579 1556 fol.
615 1499 689 1554 ad
721 1513 950 1554 annum
985 1497 1146 1566 1191,
1177 1494 1270 1550 his
1299 1495 1528 1550 verbis:
1589 1495 1892 1551 Richardus
1921 1511 2049 1562 vero

383 1607 491 1646 rex
520 1587 745 1660 Anglis
774 1603 902 1643 cum
931 1585 1148 1641 ratibus
1177 1588 1229 1640 et
1256 1583 1428 1656 galeis
1453 1592 1574 1655 post
1601 1600 1784 1653 regem
1802 1585 2050 1641 Francia:

387 1681 455 1736 de
483 1679 685 1736 Sicilia
714 1692 952 1747 movens,
985 1675 1140 1730 venit
1167 1674 1228 1728 in
1259 1674 1540 1745 Cyprum:
1564 1674 1747 1746 ibique
1767 1675 2052 1730 inveniens

389 1766 688 1840 quemdam
741 1763 1361 1837 pseudo-imperatorem
1419 1762 1623 1818 insulae
1656 1761 2048 1830 dominantem,

392 1859 580 1930 ipsum
608 1856 796 1927 cepit:
833 1855 1117 1926 Cyproque
1142 1853 1222 1906 sic
1250 1850 1558 1922 subjugata,
1591 1859 1750 1920 gente
1787 1867 1890 1906 sua
1932 1867 2056 1906 eam

394 1946 660 2002 munivit.
693 1943 761 1998 Et
790 1943 863 1999 ad
895 1956 1121 1996 annum
1154 1939 1292 1994 1192
1319 1955 1332 1994 :
1367 1937 1676 1994 Richardus
1707 1955 1806 1994 rex
1843 1938 2060 2009 Anglia?

395 2033 648 2090 vendidit
680 2032 925 2087 insulam
955 2029 1132 2102 Cypri
1174 2027 1415 2084 Guidoni
1462 2027 1852 2098 (Lusiniano),
1894 2044 2061 2099 quon-

399 2125 531 2180 dam
557 2122 869 2178 Jerusalem
897 2122 1056 2190 regi:
1088 2119 1186 2190 qui
1213 2133 1313 2173 rex
1337 2115 1452 2190 fuit
1480 2116 1686 2172 ibidem
1713 2118 2058 2172 constitutus.

402 2213 634 2269 Pseudo
665 2209 835 2266 illum
866 2209 1303 2282 imperatorem,
1335 2206 1437 2278 qui
1467 2205 1653 2278 Cypro
1711 2206 2061 2261 dominaba-

399 2307 520 2373 tur,
560 2300 842 2356 Isaacium
898 2297 1234 2353 Cemnenum
1289 2300 1453 2351 vocat
1498 2295 1734 2350 Nicetas
1778 2295 2063 2352 Choniata

401 2390 555 2446 libro
578 2406 613 2445 ιι
637 2388 962 2459 Annalium,
994 2385 1056 2441 in
1080 2385 1213 2440 line.
1237 2383 1378 2449 Quis
1398 2383 1496 2439 ille
1517 2383 1715 2454 fuerit,
1747 2389 1805 2440 et
1827 2386 2061 2455 quando

403 2478 664 2534 insulam
696 2475 935 2550 ceperit,
968 2478 1170 2530 narrat
1224 2473 1382 2529 idem
1433 2472 1762 2541 Annalists,
1809 2474 1958 2530 libro
1992 2492 2010 2528 ι
2041 2491 2060 2526 :

406 2569 538 2622 Erat
595 2568 684 2622 vir
729 2566 962 2639 quidam
1008 2563 1403 2628 nobilissimus,
1472 2563 1766 2634 inquiens,
1844 2566 2066 2622 nomine

408 2656 902 2724 lsaacius,1saacii
925 2654 1395 2719 sebastocratoris,
1428 2668 1590 2724 quem
1632 2654 1865 2723 fratrem
1892 2655 2067 2723 fuisse

407 2747 687 2804 Manuelis
711 2745 981 2811 diximus,
1011 2759 1082 2799 ex
1112 2742 1233 2812 ﬁlia
1261 2757 1444 2814 nepos.
1498 2744 1548 2798 Is
1595 2742 1874 2799 Armenia
1930 2746 2064 2799 vici-

412 2840 609 2908 nisque
656 2835 790 2890 locis
843 2835 1098 2888 Romana
1154 2831 1403 2902 ditionis,
1453 2837 1507 2886 et
1554 2831 1720 2886 Tarso
1779 2849 1814 2886 a
1859 2835 2068 2904 majore

407 2934 607 2998 patruo
640 2923 898 2980 Manuele
923 2921 1276 2994 praepositus,
1336 2919 1625 2974 commisso
1672 2937 1797 2976 cum
1825 2919 2068 2976 hostibus

409 3015 699 3069 Armeniis
722 3011 927 3084 praelia
952 3015 1166 3081 raptus,
1197 3009 1444 3064 Manuele
1491 3007 1906 3080 (imperatore),
1945 3009 2069 3082 jam

407 3103 671 3177 defuncto
701 3103 879 3174 (anno
915 3099 1098 3170 1180),
1138 3099 1196 3153 in
1248 3097 1550 3153 custodiam
1606 3097 1790 3152 datur.
1843 3104 1913 3155 In
1959 3117 2068 3171 qua

405 3209 527 3248 cum
589 3194 751 3262 longo
803 3199 1046 3260 tempore
1103 3188 1369 3258 fuisset...
1455 3187 1673 3242 tandem
1746 3188 2068 3261 redemptus

2147 963 2424 1019 evolvere.
2458 965 2711 1036 lntelligi
2743 964 3034 1020 Nicosiam
3068 972 3230 1038 puto,
3263 984 3390 1038 quae
3441 974 3498 1024 et
3543 971 3802 1026 Leucosia

2152 1058 2528 1124 nuncupata:
2556 1053 2786 1109 civilem
2809 1053 3014 1109 insulas
3039 1056 3408 1128 metropolim
3433 1058 3544 1112 sub
3567 1059 3806 1131 regibus

2153 1141 2516 1197 Lusinianis:
2544 1142 3806 1219 itemqueecclesiasticam,archiepiscopatu

2154 1247 2224 1285 ex
2251 1229 2552 1285 Salamina
2576 1229 3015 1302 Famagustam,
3047 1237 3105 1286 et
3137 1249 3204 1288 ex
3234 1232 3386 1288 hanc
3412 1235 3694 1292 translato
3716 1237 3811 1292 Ni-

2156 1318 2396 1374 cosiam.
2457 1319 2819 1390 Lequienum
2878 1320 3120 1376 consule
3205 1323 3264 1376 in
3342 1321 3562 1379 Oriente
3633 1342 3807 1394 sacro,

2155 1411 2314 1463 tomo
2339 1408 2436 1478 ΙΙΙ,
2461 1424 2596 1479 pag.
2631 1409 2787 1462 1202.
2813 1408 2972 1463 Hanc
2994 1409 3222 1480 primus
3255 1411 3812 1485 archiepiscopalem

2157 1496 2351 1552 tenuit
2383 1497 2582 1552 sedem
2617 1497 2968 1552 Durandus:
3001 1503 3125 1553 tum
3160 1516 3314 1555 anno
3350 1502 3508 1569 1211,
3540 1502 3628 1558 vel
3686 1503 3814 1576 ipse

2161 1585 2476 1641 Durandus
2507 1585 2720 1640 iterum
2753 1583 3012 1658 legitime
3041 1585 3285 1655 electus,
3334 1589 3424 1644 vel
3470 1592 3814 1664 Anonymus

2163 1673 2402 1746 quidam
2430 1690 2442 1727 :
2477 1689 2630 1728 anno
2663 1673 2820 1742 1213,
2856 1674 3202 1748 Eustorgius
3227 1701 3241 1744 ;
3262 1694 3415 1732 anno
3435 1679 3590 1748 1240,
3612 1680 3767 1737 Elias
3796 1701 3809 1750 ;

2164 1768 2223 1818 et
2251 1779 2403 1818 anno
2435 1764 2573 1818 1250
2615 1761 2702 1818 vel
2762 1763 3116 1834 insequenti,
3161 1765 3348 1838 Hugo.
3402 1767 3650 1824 Sedente
3701 1770 3816 1826 Hu-

2165 1869 2331 1925 gone,
2364 1855 2652 1907 statutum
2685 1853 2756 1907 ab
2787 1851 3114 1908 Alexandro
3138 1853 3231 1925 IV,
3258 1872 3493 1912 summo
3516 1861 3814 1930 pontiﬁce,

2168 1958 2320 1997 anno
2355 1941 2511 2008 1260,
2544 1939 2730 1995 latum
2762 1944 2872 2006 est,
2898 1958 3012 2011 quo
3044 1941 3448 2000 indicebatur:
3501 1954 3636 2018 post
3683 1949 3817 2004 Ger-

2169 2029 2328 2084 mani
2357 2029 2536 2084 Graeci
2567 2028 2990 2101 archiepiscopi
3022 2030 3272 2097 obitum,
3304 2033 3424 2088 sive
3471 2036 3817 2111 cessionem,

2170 2117 2401 2174 nullum
2431 2118 2705 2188 deinceps
2740 2118 3175 2190 metropolitam
3207 2120 3473 2178 Graecum
3504 2125 3561 2179 in
3593 2126 3817 2198 ejuslo-

2171 2225 2305 2263 cum
2347 2207 2739 2262 ordinandum
2799 2223 2972 2262 esse:
3036 2213 3090 2263 et
3147 2213 3399 2280 quatuor
3446 2212 3817 2273 solummodo

2171 2299 2578 2370 episcoporum
2610 2295 2788 2350 Graeci
2817 2294 2966 2350 ritus
2999 2297 3118 2352 fore
3166 2299 3356 2366 sedes,
3397 2301 3722 2360 Soliensem
3753 2305 3814 2361 in

2172 2386 2405 2443 dioecesi
2436 2383 2779 2451 Nicosiensi,
2806 2385 3221 2442 Arsinoensem
3251 2387 3309 2442 in
3342 2391 3652 2462 Paphensi.
3686 2396 3818 2451 Car-

2173 2475 2502 2548 pasiensem
2552 2473 2611 2527 in
2669 2478 3121 2544 Famagustana,
3179 2480 3236 2531 et
3284 2477 3709 2538 Leucarensem
3755 2485 3816 2541 in

2172 2563 2558 2621 Nemosiensi.
2592 2562 2713 2625 Quo
2737 2562 3030 2618 Nicosiam
3062 2565 3289 2636 appulit
3335 2571 3617 2641 Georgius
3667 2578 3818 2632 tem-

2175 2671 2333 2727 pore,
2367 2650 2732 2722 metropolim
2768 2649 3225 2708 ecclesiasticam
3249 2656 3483 2712 tenebat
3511 2658 3684 2728 Elias,
3718 2669 3822 2720 aut

2176 2744 2360 2814 Hugo.
2395 2741 2678 2796 Henricus
2711 2741 2986 2811 Hilarius,
3020 2741 3080 2796 in
3113 2741 3268 2798 notis
3315 2748 3371 2798 et
3417 2746 3820 2808 additionibus

2177 2833 2246 2887 ad
2281 2829 2532 2900 Philippi
2563 2828 2754 2900 Cyprii
2787 2829 3113 2885 Chronicon
3144 2831 3410 2886 Ecclesiae
3443 2836 3668 2906 Graecis,
3717 2843 3818 2897 ad-

2177 2927 2357 2978 notat.
2392 2918 2706 2989 Georgium
2738 2933 2766 2973 e
2797 2917 2971 2989 Cypro
3016 2919 3317 2976 studiorum
3367 2927 3561 2992 gratia
3607 2929 3670 2982 in
3714 2931 3820 2986 Ita-

2178 3013 2313 3068 liam
2342 3011 2648 3078 navigasse,
2669 3010 2804 3062 etin
2835 3008 3104 3065 Graeciam
3120 3018 3303 3080 postea
3331 3012 3580 3070 rediisse.
3611 3017 3820 3076 Errore

2177 3101 2304 3158 sine
2324 3097 2501 3154 dubio
2524 3101 2732 3167 captus
2755 3101 2862 3164 est,
2878 3098 3053 3153 verba
3070 3097 3295 3154 illanon
3319 3100 3672 3176 intelligens,
3694 3124 3820 3178 quae

2179 3208 2212 3246 a
2229 3190 2455 3246 Joanne
2476 3187 2651 3241 Becce
2673 3185 2831 3240 dicta
2858 3185 3104 3258 legebat,
3129 3188 3404 3260 Cyprium
3443 3192 3666 3250 scilicet
3694 3197 3824 3271 mp’

407 3256 754 3337 commodum
804 3279 866 3333 in
903 3256 1150 3349 patriam
1203 3275 1442 3331 reditum
1492 3276 1686 3331 habuit
1757 3256 2066 3336 Andro-nico
2098 3256 2140 3322 C
2180 3276 2430 3342 Ἰταλοῖς,
2464 3276 2610 3347 apud
2633 3275 2820 3343 Italos,
2855 3256 3036 3332 inest
3084 3256 3323 3347 Latinos,
3353 3281 3628 3340 adultum.
3678 3256 3823 3344 Vide

405 3369 805 3438 redemptionis
829 3366 1079 3437 adjutore
1126 3363 1249 3436 (qui
1309 3369 1660 3436 usurpatum
1706 3366 1906 3422 Alexio
1954 3367 2068 3423 im-

409 3459 642 3531 perium
688 3456 854 3513 solus
903 3471 1056 3511 anno
1116 3453 1255 3508 1183
1303 3453 1714 3510 abministrare
1769 3456 1962 3528 ccepit,
2014 3464 2072 3513 et

410 3565 564 3603 anno
596 3547 742 3602 1185
773 3544 1004 3600 occisus
1034 3543 1221 3614 obiit).
1271 3543 1533 3610 Isaacius,
1589 3560 1713 3599 cum
1762 3545 2069 3602 Andronico

407 3637 623 3703 cedere,
675 3651 741 3690 ac
796 3636 856 3689 in
899 3633 1145 3705 patriam
1201 3631 1383 3687 redire
1435 3633 1673 3688 nollet...
1733 3635 1824 3690 sed
1895 3638 2067 3707 impe-

410 3743 562 3796 rare,
622 3741 794 3797 quam
849 3723 1082 3793 imperio
1139 3737 1324 3776 carere
1378 3721 1632 3777 mallet...
1704 3722 1878 3794 Cypro
1945 3742 2072 3781 cum

411 3832 622 3884 magna
681 3830 854 3868 manu
908 3813 1192 3882 occupata,
1250 3811 1525 3881 principio
1572 3827 1628 3866 se
1669 3828 1773 3882 pro
1823 3813 2070 3882 legitimo

408 3915 650 3977 prxtero
675 3905 778 3975 qui
805 3902 872 3956 ab
905 3903 1238 3966 imperatore
1265 3900 1464 3954 missus
1494 3903 1650 3967 esset,
1681 3903 1826 3969 gerit
1868 3903 2072 3959 litteris

413 3995 650 4051 ostensis
735 3990 1137 4062 imperatoriis,
1220 4005 1354 4060 quas
1432 3989 1546 4060 ipse
1627 4003 2068 4062 composuerat...

414 4099 613 4139 verum
631 4073 754 4136 non'
798 4079 971 4134 multo
1020 4085 1144 4147 post
1187 4093 1242 4132 se
1290 4081 1593 4149 tyrannum
1642 4081 1921 4150 professus
1970 4087 2069 4138 est.

414 4172 577 4228 Hanc
609 4170 812 4241 itaque
835 4165 1114 4232 insulam,
1139 4182 1313 4236 quam
1334 4165 1708 4224 Andronicus
1735 4167 2070 4242 imperator,

414 4277 478 4316 ac
508 4274 828 4317 successor
855 4258 986 4329 ejus
1005 4253 1264 4312 Isaacius
1279 4254 1560 4328 Angelus,
1586 4256 1810 4329 eripere
1824 4262 2072 4331 tyranno

413 4367 528 4405 non
588 4353 858 4420 potuere,
910 4343 1247 4417 subjugavit
1301 4343 1630 4400 Richardus
1703 4362 1803 4401 rex
1849 4348 2073 4420 Anglia;

415 4455 568 4493 anno
604 4435 768 4504 1191,
803 4434 1036 4505 sibique
1065 4433 1361 4488 venditam
1404 4436 1643 4489 tenuere
1693 4451 1858 4508 reges
1908 4437 2074 4494 Lusi-

414 4526 601 4582 niani.
635 4523 870 4592 Varias,
901 4539 1029 4595 quas
1061 4520 1418 4588 acciderunt,
1452 4521 1656 4577 insulis
1705 4523 1889 4596 Cypro
1922 4526 2074 4582 cala-

2177 3368 2353 3424 etiam
2385 3365 2538 3420 infra
2568 3369 2765 3418 notam
2798 3364 2886 3419 l6.

2248 3456 2325 3528 (8)
2352 3454 2764 3524 Sexagesimum
2790 3453 2861 3507 ad
2888 3469 2974 3508 eos
3003 3470 3171 3525 usque
3202 3458 3428 3526 ﬂuxisse
3469 3477 3703 3532 annum,
3754 3481 3825 3521 ex

2177 3561 2280 3618 quo
2331 3544 2390 3598 in
2417 3543 2647 3596 alterius
2698 3541 2912 3611 linguae
2965 3542 3212 3600 homines
3267 3549 3467 3605 insulae
3515 3551 3825 3610 dominatio

2179 3635 2495 3690 transierat.
2529 3631 2670 3684 Eam
2702 3629 2924 3686 scilicet
2953 3649 3105 3687 anno
3139 3635 3270 3690 1191
3305 3638 3644 3711 subjugavit
3690 3642 3821 3698 Ric-

2180 3723 2392 3778 cardus
2424 3737 2523 3775 rex
2552 3718 2805 3791 Anglia):
2841 3721 3039 3792 ibique
3064 3740 3308 3795 regnum
3340 3726 3599 3784 instituit
3629 3730 3818 3788 Guido

2183 3811 2538 3868 Lusimanus
2560 3825 2713 3864 anno
2737 3809 3088 3880 insequenti.
3114 3813 3258 3870 Hinc
3278 3818 3699 3890 sexagesimus,
3723 3820 3828 3892 qui

2181 3901 2290 3956 hoc
2320 3899 2444 3954 loco
2474 3899 2546 3952 ab
2570 3896 2764 3953 insula
2795 3898 3109 3971 subjugata
3136 3919 3171 3957 a
3201 3903 3424 3960 Latinis
3485 3917 3831 3966 numeratur

2183 4005 2375 4045 annus
2431 4004 2565 4043 cum
2617 4003 2768 4042 anno
2825 3989 3084 4060 vulgaris
3139 4009 3263 4048 ειη-ω
3321 3996 3460 4050 1250
3513 4000 3829 4054 concurrit.

2182 4077 2427 4151 Cyprius
2458 4093 2664 4131 novem
2696 4080 2835 4131 tunc
2864 4079 3054 4134 aetatis
3079 4096 3265 4137 annos
3287 4088 3465 4140 natus
3487 4091 3648 4142 erat:
3679 4088 3834 4144 unde

2183 4183 2322 4224 suos
2354 4183 2508 4221 anno
2539 4165 2772 4220 circiter
2805 4167 2935 4221 1241
2974 4169 3197 4225 natales
3229 4171 3453 4228 habuit.

2256 4257 2358 4311 16
2389 4256 2466 4327 (9)
2498 4253 2765 4324 Secunda,
2799 4259 2857 4310 ut
2877 4257 3058 4324 aiunt,
3078 4261 3438 4329 navigatione
3459 4264 3833 4322 Romanorum

2181 4343 2400 4402 scholas
2451 4343 2586 4411 adit,
2645 4343 2744 4398 ubi
2798 4349 3176 4417 grammatica
3226 4351 3568 4421 tradebatur,
3641 4357 3834 4426 patria

2185 4435 2511 4490 Latinorum
2569 4431 2784 4504 lingua.
2843 4430 3210 4511 Παιδευτήρια
3261 4438 3568 4514 Ῥωμαίων,
3636 4445 3834 4502 scholae

2186 4525 2553 4588 Romaeorum,
2591 4538 2691 4577 seu
2729 4524 3119 4580 Romanorum.
3155 4527 3384 4584 Graecos
3416 4531 3598 4603 ipsos,
3633 4535 3834 4605 praeci-

416 4618 656 4672 mitates
689 4617 894 4668 narrat
921 4609 1262 4683 Neophytus
1292 4610 1598 4683 presbyter
1647 4614 1974 4671 monachus
2022 4621 2079 4672 et
2108 4629 2154 4693 D
2187 4628 2300 4684 pue
2329 4609 3035 4682 Constantinopolitanos,
3069 4631 3103 4668 a
3134 4631 3280 4672 nova
3307 4617 3492 4674 Roma
3512 4620 3842 4678 Constanti-

415 4705 690 4761 inclusus
721 4701 880 4774 apud
909 4698 1259 4756 Cotelerium
1305 4699 1366 4754 in
1422 4700 1782 4757 Monumentis
1829 4703 2078 4760 Ecclesia:

421 4796 648 4858 Graece,
685 4796 849 4847 tomo
882 4789 952 4859 II,
985 4788 1082 4846 15
1118 4805 1252 4862 pag.
1287 4788 1409 4843 457.
1463 4787 1716 4846 Guidoni
1765 4791 2078 4849 Lusiniano

418 4884 612 4956 primo
643 4880 817 4954 Cypri
849 4876 971 4952 regi
1003 4893 1156 4933 anno
1207 4876 1346 4931 1194
1394 4879 1680 4934 successit
1723 4877 2073 4938 Almericus.

418 4971 586 5028 Hunc
617 4983 897 5041 excepere
939 4983 1093 5022 anno
1155 4965 1314 5033 1205,
1369 4965 1532 5039 Hugo
1590 4969 1652 5036 I;
1702 4984 1856 5024 anno
1917 4970 2075 5042 1218,

415 5062 712 5118 Henricus
770 5058 836 5126 I;
884 5072 1038 5113 anno
1098 5055 1258 5123 1253,
1309 5054 1476 5127 Hugo
1535 5055 1630 5124 II;
1685 5073 1838 5113 anno
1916 5059 2074 5115 1267.

418 5152 584 5224 Hngo
618 5149 698 5205 ΙΙΙ
725 5173 742 5216 ς
773 5163 923 5219 quos
954 5145 1065 5201 hoc
1094 5144 1220 5200 loco
1250 5143 1397 5200 satis
1427 5148 1518 5199 est
1545 5161 1944 5203 enumerasse.

486 5240 564 5312 (6)
594 5239 804 5295 Novem
829 5236 1051 5292 omnino
1080 5240 1390 5290 excesserat
1408 5249 1606 5289 annos.
1634 5234 1751 5290 Sua
1775 5235 1836 5290 in
1887 5237 2079 5308 patria

413 5326 818 5403 grammaticis
848 5322 1206 5380 rudimentis
1235 5323 1297 5376 in
1327 5321 1693 5392 Latinorum,
1716 5327 1783 5378 ut
1820 5324 2072 5397 videtur,

413 5417 637 5475 scholis
667 5429 910 5489 operam
935 5412 1100 5480 dedit
1127 5411 1431 5483 Georgius,
1465 5413 1530 5465 ut
1558 5409 1712 5466 infra
1737 5411 2071 5472 dicendum.

409 5506 632 5564 Novem
664 5502 854 5562 etatis
883 5517 1076 5558 annos
1103 5492 1236 5555 eum
1261 5498 1564 5572 explesset,
1587 5499 1700 5556 alio
1721 5501 1940 5559 missus
1963 5509 2071 5573 est,

413 5595 608 5653 nobile
641 5599 698 5651 et
729 5610 862 5652 acre
893 5589 1231 5664 ingenium,
1262 5588 1433 5659 cujus
1465 5588 1789 5660 specimina
1809 5591 2070 5664 dederat,

413 5684 781 5762 exculturus.
803 5682 869 5739 Id
891 5677 1184 5738 accidisse
1204 5693 1357 5735 anno
1386 5677 1789 5748 circiter1250,
1813 5681 2075 5756 adeoque

2187 4699 2384 4772 nopoli
2417 4698 2785 4770 frequentius
2820 4700 3008 4758 dictos
3053 4703 3297 4761 Romam:
3326 4711 3384 4762 et
3413 4709 3700 4776 Romanos,
3735 4727 3838 4766 no-

2188 4795 2317 4845 tum
2339 4792 2446 4845 est.
2471 4789 2557 4843 An
2579 4804 2715 4859 ergo
2733 4787 2981 4860 Cyprius
3003 4789 3060 4846 in
3085 4792 3422 4851 Graecorum
3461 4798 3836 4871 disciplinam

2188 4895 2251 4936 se
2280 4876 2525 4934 Nicosiaa
2556 4877 2911 4933 tradiderit?
2943 4879 3293 4953 Repugnant
3323 4892 3541 4957 aperte,
3576 4904 3702 4960 quas
3743 4905 3837 4945 se-

2187 4984 2263 5039 qu
2274 4971 2471 5022 untur.
2486 4965 2708 5022 SChOllB
2721 4966 3082 5034 dicuntur,in
3102 4971 3318 5042 quibus
3327 4979 3688 5046 grammatica
3699 4976 3836 5032 κατὰ

2185 5055 2282 5124 τὴν
2314 5055 2539 5129 πάτριον
2573 5053 2814 5107 Λατίνων
2845 5057 3052 5131 φωνὴν,
3085 5063 3384 5120 secundum
3437 5067 3680 5137 patriam
3727 5072 3837 5124 La-

2184 5148 2429 5202 tinorum
2457 5146 2730 5215 linguam,
2781 5146 3116 5205 docebatur.
3159 5152 3489 5222 Mediocris,
3521 5162 3625 5214 aut
3654 5158 3838 5216 ferme

2186 5233 2408 5290 nullius
2432 5233 2492 5288 in
2519 5233 2612 5289 his
2634 5236 2957 5306 gymnasiis
2976 5239 3272 5308 profectus
3300 5259 3466 5299 causa
3483 5245 3714 5302 additur
3730 5250 3838 5302 τῶν

2186 5318 2524 5377 διδασκάλων
2585 5323 2738 5396 φωνή
2787 5321 3118 5400 ἀλλόθρους,
3171 5329 3263 5383 καὶ
3309 5330 3490 5402 νόθος,
3539 5337 3838 5406 magistro-

2182 5430 2310 5469 rum
2347 5427 2451 5468 vox
2507 5413 2740 5482 insueta,
2798 5421 2852 5469 et
2903 5419 3213 5489 peregrina,
3267 5437 3366 5476 seu
3421 5426 3634 5496 spuria.
3687 5425 3833 5483 Hinc

2184 5501 2523 5558 addiscendi
2547 5502 2805 5558 maxima
2828 5507 3137 5576 exponitur
3157 5509 3496 5583 difﬁcultas,
3519 5530 3652 5568 cum
3684 5533 3833 5587 opus

2183 5598 2357 5661 esset,
2391 5590 2650 5646 vocabula
2681 5592 2937 5662 primum
2972 5597 3299 5666 intelligere.
3331 5606 3460 5658 tum
3513 5620 3641 5675 qua:
3690 5606 3831 5660 sub-

2175 5683 2342 5756 jectae
2371 5679 2671 5738 vocabulis
2702 5696 2795 5738 res
2823 5691 3041 5743 essent.
3072 5686 3284 5748 Nullus
3311 5689 3540 5762 dubito,
3601 5693 3834 5753 Latino-
