4090 6440
385 396 462 456 35
1415 383 1732 444 GEORGII
1776 383 2037 445 evpau
2081 386 2199 447 cp.
2242 387 2771 454 PATRIARCILE
3711 383 3792 469 3'6
3856 455 3862 463 .

385 542 518 582 rum
578 523 809 580 scholas
857 521 1248 592 frequentare,
1293 533 1429 573 cum
1475 520 1805 571 Grtecorum
1855 515 2030 571 nullae
2059 519 2115 586 Α
2147 520 2261 576 mis
2293 520 2433 578 viris
2465 538 2532 578 ao
2563 525 2861 598 magistris
2891 529 3193 588 abundare
3216 534 3421 591 urbem
3453 537 3640 596 illam.
3671 543 3789 597 An-

384 617 594 680 forent,
645 617 910 669 coactum
969 608 1152 664 fuisse
1200 605 1513 678 Georgium
1561 606 1855 677 Cyprium.
1908 607 2030 669 Quo

384 705 588 775 utique
629 719 807 758 sensu
839 700 1096 755 Joannes
1128 698 1345 752 Beccus
1375 694 1501 749 loco
1551 695 1827 764 superius
1857 695 2032 750 citato

384 793 578 850 notalt
611 791 836 847 aiebat:
894 789 1090 860 ipsum
1139 784 1264 856 παρ’
1313 780 1566 852 Ἰταλοῖς,
1617 784 1764 854 apud
1803 786 2031 839 Latinos

381 890 578 939 natum
605 897 740 950 esse,
788 888 840 936 et
860 878 1126 934 adultum.
1160 873 1397 930 Carolus
1427 873 1514 928 Du
1545 874 1737 943 Gange
1769 873 1828 928 in
1860 872 2030 929 Glos-

384 972 540 1028 sario
571 971 642 1026 ad
675 967 978 1040 scriptoris
1011 964 1212 1021 mediae
1245 968 1302 1019 et
1330 962 1545 1017 infimae
1575 962 1917 1061 Graecitatis,
1969 962 2028 1062 in

380 1077 517 1117 voce
541 1059 811 1131 Ῥωμαῖος
843 1058 1121 1112 adnotat:
1182 1054 1441 1108 Latinum
1487 1068 1555 1108 ea
1601 1051 1920 1122 signiﬁcari
1967 1051 2028 1106 in

383 1152 581 1210 Glossis
611 1146 1073 1206 Graeco-Latinis:
1108 1148 1164 1200 et
1199 1144 1457 1197 Latinam
1486 1141 1737 1211 linguam
1779 1139 1892 1194 dici
1925 1141 2027 1195 Ro-

381 1256 606 1296 manam
636 1239 696 1293 in
726 1235 962 1292 Novella
992 1233 1114 1288 XXI
1144 1230 1486 1297 Justiniani,
1520 1229 1710 1300 capite
1732 1231 1785 1297 1,
1817 1231 1844 1296 §
1871 1230 1927 1296 2,
1962 1245 2028 1284 ac

380 1329 571 1402 ipsius
601 1327 841 1382 demum
869 1323 1172 1380 Justiniani
1213 1324 1379 1377 aetate
1425 1319 1669 1374 nondum
1705 1318 2024 1385 invaluisse,

2144 613 2315 680 gusta
2346 627 2406 666 re
2437 612 2734 681 familiari,
2758 615 3057 690 nimioque
3088 628 3397 692 parentum
3431 643 3648 698 amore,
3677 629 3792 687 iter

2142 699 2380 769 aggredi
2412 701 2752 772 prohibitus
2784 711 2892 761 est.

2212 788 2324 860 (15)
2374 789 2621 846 Duorum
2675 811 2956 851 annorum
3002 806 3281 871 tempus...
3327 804 3541 861 Natum
3589 809 3792 878 viginti

2137 893 2312 932 annos
2355 877 2695 937 discessisse
2727 883 3038 957 Georgium
3060 905 3088 944 e
3120 889 3320 962 Cypro,
3354 900 3553 950 narrat
3572 877 3787 971 Grego-

2138 981 2253 1036 ras,
2289 965 2389 1022 lib.
2415 985 2490 1036 v1,
2521 969 2707 1041 capite
2737 973 2788 1040 1,
2840 991 3003 1030 num.
3051 978 3106 1032 7.
3165 978 3333 1036 Hunc
3379 982 3508 1053 ejus
3539 1001 3568 1040 e
3600 965 3789 1058 patria

2138 1054 2464 1112 discessum
2497 1059 2607 1113 sub
2626 1060 2825 1116 oculos
2841 1061 3096 1121 habebat
3114 1067 3481 1140 Ephremius
3501 1054 3786 1132 Constan-

2135 1142 2576 1214 tinopolitanus,
2611 1147 2710 1218 qui
2743 1151 2896 1220 apud
2929 1151 3228 1224 Allatium,
3289 1157 3348 1213 in
3402 1159 3663 1218 Diatriba
3714 1165 3785 1222 de

2135 1230 2418 1303 Georgiis,
2453 1238 2508 1290 et
2529 1237 2683 1307 apud
2714 1238 3102 1314 Bandurium,
3132 1243 3234 1302 lib.
3269 1263 3370 1302 vni
3419 1249 3480 1306 in
3528 1253 3783 1326 Antiqui-

2135 1323 2272 1376 tates
2305 1321 2958 1399 Constantinopolitanas,
2991 1335 3152 1389 tomo
3182 1337 3257 1404 Il,
3289 1336 3374 1393 sic
3404 1339 3486 1394 ait
3519 1357 3532 1396 :
3589 1321 3785 1401 Patria

380 1421 444 1473 ut
470 1417 666 1486 Graeci,
719 1413 974 1469 maxime
1018 1411 1341 1482 Byzantini,
1392 1412 1607 1478 recepta
1655 1407 2030 1478 appellatione
2130 1412 2473 1482 palmaque
2527 1414 2682 1469 domo
2712 1432 2750 1470 a
2775 1420 2963 1488 prima
3014 1426 3183 1478 aetate
3230 1431 3469 1484 extorri,
3517 1432 3782 1490 eruditio-

380 1507 612 1564 Romani
667 1503 1096 1576 appellarentur.
1131 1502 1193 1555 In
1235 1498 1490 1555 hominis
1539 1497 1732 1569 Cyprii
1761 1496 1883 1550 vita
1914 1496 2025 1551 Ro-

380 1597 540 1652 mani
572 1593 685 1650 dici
731 1592 937 1648 merito
995 1593 1305 1662 potuerant
1351 1586 1562 1652 Latini,
1616 1586 1716 1657 qui
1766 1585 2024 1640 insulam

380 1683 734 1741 incolebant.
772 1681 889 1736 Hoc
939 1679 1273 1751 significatu
1313 1691 1512 1731 vocem
1544 1673 1727 1740 illam,
1779 1674 1850 1730 de
1897 1673 2023 1744 ipso

375 1774 582 1847 Cyprio
609 1787 788 1844 agens
816 1771 1064 1840 usurpat
1093 1767 1400 1837 Gregoras,
1433 1763 1582 1818 libro
1625 1780 1697 1828 v1,
1749 1762 1936 1834 capite
1969 1764 2021 1830 1,

378 1881 543 1919 num.
573 1863 644 1916 7:
681 1857 1109 1924 Contendebant,
1143 1853 1438 1926 inquiens,
1460 1852 1599 1922 quod
1618 1853 1822 1920 viginti
1841 1868 2022 1908 annos

372 1963 556 2022 natus,
610 1949 880 2024 Κυπροθεν
937 1950 1056 2006 τοῖς
1103 1939 1388 2016 Ῥωμαίων
1440 1937 1785 2012 ἐπιδημήσας
1843 1936 2021 2010 ἤθεσι,

372 2042 463 2096 καὶ
519 2043 819 2096 Λατινικῶν
874 2037 1023 2106 ἠθῶν
1084 2031 1222 2087 ἔστιν
1279 2030 1312 2084 ἃ
1369 2029 1718 2105 ἐπαγόμενος,
1779 2029 2020 2102 ECypro

372 2132 738 2189 adRomanos
767 2143 942 2184 mores
970 2143 1027 2181 se
1085 2122 1424 2189 contulisset,
1482 2124 1533 2174 et
1579 2119 1645 2174 ad
1692 2122 2022 2177 Latinorum

372 2223 634 2277 instituta
663 2217 946 2274 adductus.
1111 2303 1119 2308 -
1281 2299 1324 2308 Η
1365 2299 1376 2308 1
1435 2303 1445 2308 _
1751 2299 1761 2308 .

441 2309 555 2382 (10)
588 2307 795 2366 Umbra
821 2303 1196 2377 grammatica:
1234 2299 1537 2369 videbatur,
1583 2313 1694 2352 non
1739 2299 1858 2370 ipsa
1902 2306 2021 2353 arte

366 2401 564 2472 potiri.
620 2398 794 2452 Causa
849 2399 1038 2450 erat...
1098 2398 1150 2446 et
1203 2398 1392 2446 extera
1434 2389 1832 2486 magistrorum
1888 2404 2016 2452 vox,

362 2493 415 2546 et
443 2489 650 2560 spuria.
682 2486 946 2542 Graecum
979 2481 1275 2537 hominem
1305 2478 1429 2533 haec
1459 2478 1605 2533 satis
1636 2478 1916 2542 indicant,
1962 2481 2020 2531 et

365 2582 560 2634 Graece
589 2577 928 2648 loquentem
960 2588 972 2626 :
1044 2570 1146 2642 qui
1207 2568 1570 2664 Latinorum
1599 2568 2016 2664 magistro-rum

368 2668 619 2740 patriam
646 2664 909 2736 linguam
942 2676 1158 2732 magna
1187 2673 1327 2753 cum.
1353 2655 1697 2753 difﬁcultate
1728 2654 2015 2753 intellige:

367 2760 474 2824 ret,
497 2770 680 2826 eoque
700 2751 913 2824 linguae
934 2764 1144 2823 genere
1155 2746 1406 2802 traditas
1419 2744 1764 2816 disciplinas
1778 2744 2016 2815 assequi

365 2861 482 2900 non
513 2847 729 2916 posset.

438 2933 551 3004 (11)
579 2932 657 2987 Ad
686 2930 903 2985 Patrios
929 2928 1095 2994 laves,
1147 2923 1464 2997 quindecm
1491 2926 1656 2977 natus
1703 2940 1878 2979 annos
1926 2941 2014 2980 re-

363 3038 554 3078 versus
583 3029 680 3077 est.
721 3025 781 3073 ln
811 3016 1150 3073 Latinorum
1182 3012 1400 3068 scholis
1447 3012 1847 3068 Aristotelicum
1877 3015 2016 3087 logi-

362 3128 483 3167 cam
511 3108 672 3166 nullo
697 3109 814 3162 fere
844 3105 1104 3177 profectu
1147 3101 1489 3156 audiverat:
1540 3106 1741 3171 utpote
1793 3102 1894 3172 qui
1945 3119 2014 3157 ex

359 3199 480 3254 illis
513 3201 692 3264 esset,
715 3196 818 3267 qui
849 3193 1024 3248 verba
1056 3206 1171 3246 non
1203 3189 1557 3259 intelligunt,
1619 3188 1834 3259 quibus
1884 3207 2006 3244 ma-

2134 1515 2272 1554 num
2301 1517 2372 1556 ac
2399 1501 2800 1560 mathematum
2821 1524 3004 1565 amore
3017 1511 3284 1586 ﬂagrans,
3339 1517 3410 1572 ad
3438 1517 3787 1579 Constantini

2133 1589 2328 1644 urbem
2351 1607 2409 1644 se
2441 1591 2726 1662 (demum)
2756 1599 2976 1669 recepit.
3009 1598 3350 1659 Discessum
3380 1605 3538 1662 hunc
3585 1615 3643 1666 et
3690 1611 3782 1667 in-

2134 1684 2445 1750 sequentes
2504 1683 2990 1755 perigrinationes
3067 1688 3160 1746 his
3236 1692 3516 1751 describit
3585 1700 3781 1758 verbis

2127 1768 2386 1823 Joannes
2408 1769 2625 1826 Beccus
2648 1773 2802 1844 apud
2826 1773 3103 1832 Allatium
3126 1778 3186 1834 in
3210 1782 3423 1839 Graecia
3449 1785 3782 1860 Orthodoxa,

2131 1861 2289 1913 tomo
2315 1858 2384 1924 II,
2419 1860 2679 1916 oratione
2710 1863 2736 1916 1
2774 1880 2937 1920 num.
2973 1867 2998 1920 1
3035 1884 3049 1922 :
3081 1871 3264 1926 Pestis
3309 1873 3430 1930 haec
3471 1891 3580 1946 per,
3620 1858 3784 1936 mare

2127 1949 2296 2001 antea
2329 1961 2562 2016 vagans,
2618 1955 2671 2004 et
2722 1955 2937 2022 potans,
2991 1956 3061 2011 ad
3108 1974 3204 2013 nos
3259 1961 3481 2019 tandem
3536 1965 3784 2038 deﬂexit.

2129 2035 2266 2091 Post
2294 2037 2576 2094 amissam
2607 2056 2760 2096 anno
2795 2042 2933 2097 1187
2963 2061 2997 2099 a
3026 2045 3247 2104 Latinis
3285 2035 3780 2127 Hierosolymam,

2131 2140 2331 2196 regum
2361 2126 2688 2183 Jerusalem
2722 2131 2889 2186 sedes
2923 2132 3032 2189 fuit
3054 2135 3388 2209 Ptolemais,
3422 2142 3582 2200 dicta
3601 2126 3780 2204 etiam

2128 2216 2296 2283 Acan,
2347 2215 2508 2270 Italis
2563 2217 2714 2287 Acri,
2773 2218 2955 2278 Gallis
3011 2222 3554 2288 Saint-Jean-d’Acre.
3615 2238 3778 2292 Hanc

2125 2305 2394 2359 Saraceni
2431 2322 2582 2360 anno
2615 2306 2746 2362 1291
2783 2309 3125 2382 eripuerunt
3152 2316 3520 2377 Christianis.
3549 2322 3613 2378 In
3645 2340 3777 2382 eam

2129 2392 2320 2463 prima
2350 2394 2689 2464 provehitur
2718 2398 3086 2472 navigatione
3115 2404 3380 2477 Cyprius.
3405 2408 3550 2465 Cum
3570 2414 3780 2482 viginti

2127 2497 2317 2546 annos,
2351 2486 2498 2538 teste
2529 2483 2803 2557 Gregora,
2837 2493 3010 2546 natus
3041 2498 3231 2563 esset;
3283 2496 3340 2550 id
3371 2498 3656 2558 accidisse
3684 2503 3779 2559 di-

2126 2571 2377 2625 cendum
2409 2575 2498 2626 est
2528 2589 2680 2628 anno
2711 2592 2836 2630 azrzn
2867 2577 3122 2650 vulgaris
3159 2583 3315 2640 1560.
3369 2585 3510 2642 Rem
3543 2605 3776 2649 sacram

2124 2657 2343 2714 ibidem
2375 2660 2828 2719 administrabat
2857 2665 2966 2721 hoc
2997 2673 3258 2742 tempore
3286 2673 3618 2735 Florentius
3646 2682 3776 2752 epi-

2125 2765 2358 2819 scopus.
2386 2749 2746 2820 Lequienum
2792 2756 3032 2813 consule
3068 2759 3126 2814 in
3152 2759 3373 2820 Oriente
3400 2781 3574 2838 sacro,
3599 2772 3641 2823 t.
3674 2749 3778 2842 llI,

2123 2835 2234 2900 col,
2270 2837 2426 2891 1335.

2195 2925 2310 2996 (16)
2352 2927 2488 2982 Inde
2535 2928 2741 2984 Aneam
2790 2931 3002 2989 Asiae...
3053 2940 3104 2990 et
3133 2938 3260 2994 inde
3315 2942 3589 3014 Ephesum
3641 2963 3774 3018 per-

2123 3016 2290 3070 venit.
2324 3015 2658 3109 Stephanus
2691 3019 2791 3074 18
2825 3020 3136 3093 Byzantius
3166 3028 3243 3083 De
3292 3031 3520 3088 urbibus
3575 3015 3771 3109 etpo-

2115 3107 2308 3174 pulzs:
2393 3103 2596 3175 Ἀναία,
2683 3110 2920 3167 Aneea...
3009 3115 3138 3170 urbs
3216 3119 3398 3177 Cariae
3463 3139 3493 3178 e
3546 3103 3774 3196 regione

2121 3195 2294 3248 Sami.
2329 3198 2489 3249 Hanc
2518 3194 2656 3250 olim
2686 3200 2860 3267 fuisse
2893 3202 3118 3272 urbem,
3154 3206 3451 3280 Thucydidi
3501 3194 3772 3272 meruera-

355 3288 619 3343 themata
643 3254 979 3352 traduntur,
1008 3282 1115 3332 τῶν
1149 3280 1339 3354 φωνῶν
1372 3275 1546 3329 αὐτῶν
1607 3275 1682 3336 ὡς
1742 3275 2007 3351 ἐλάχιστα

2686 3254 2697 3267 ,
3156 3254 3449 3280 “mea”...
3504 3254 3766 3272 ..............—

2127 3291 2253 3349 tam,
2309 3281 2369 3336 in
2412 3282 2565 3337 notis
2624 3286 3129 3348 animadvertitur.
3191 3301 3282 3350 An
3332 3314 3468 3371 ergo
3517 3301 3766 3374 Cyprius

359 3373 666 3434 ἐπαΐοντας.
703 3373 864 3438 Quod
907 3372 1032 3442 ipse
1061 3373 1368 3440 propterea
1393 3366 1655 3421 studium
1677 3367 2004 3438 fastidiens,

355 3482 546 3538 neque
576 3464 816 3520 meliora
838 3461 1168 3515 litterarum
1196 3458 1547 3512 documenta
1571 3472 1835 3526 sperans,
1856 3458 2005 3512 redit

353 3556 415 3610 in
447 3553 694 3628 patriam
726 3567 878 3608 anno
907 3551 1091 3607 aetatis
1121 3547 1331 3602 decimo
1359 3547 1570 3616 quinto,
1604 3550 1661 3599 et
1709 3563 1832 3600 serae
1883 3547 2004 3601 vul-

353 3645 512 3718 garis
542 3643 772 3699 circiter
803 3641 968 3734 1255.-
1406 3724 1416 3734 Ι
1486 3723 1529 3734 Η
1607 3725 1615 3734 _

426 3733 536 3805 (12)
566 3731 905 3787 Liberalium
935 3726 1360 3826 disciplinarum
1378 3723 1971 3826 desiderio‘tenebatur

354 3821 547 3896 Λόγων
579 3816 637 3873 δὲ
666 3822 760 3875 17
799 3816 1054 3888 ἐπεθύμει
1113 3813 1226 3886 μὶν.
1275 3813 1353 3870 Ab
1405 3813 1498 3868 his
1555 3813 1748 3868 verbis
1798 3815 2003 3886 incipit

350 3910 801 3967 Vindobonense
823 3906 1100 3962 mutilum
1122 3901 1473 3976 opusculum
1497 3903 1650 3974 apud
1674 3903 2000 3958 Nesselium

351 4005 516 4072 parte
541 4001 597 4066 5,
629 3997 826 4054 codice
861 3997 979 4051 101.
1012 3993 1387 4091 Videnot-am
1408 3992 1462 4045 2.
1659 4081 1669 4091 .

425 4090 538 4161 (13)
568 4085 891 4160 Hujusmodi
927 4102 1004 4140 ea:
1057 4081 1345 4146 desiderio,
1394 4097 1520 4181 cum
1555 4081 1863 4181 .quiescc‘re.
1891 4098 1999 4181 non

346 4180 777 4252 permitteretur.
814 4175 1108 4229 Hactenus
1131 4171 1340 4242 prima,
1367 4185 1434 4224 ac
1459 4167 1627 4239 levia,
1654 4170 2001 4226 eruditionis

354 4273 411 4323 et
439 4266 739 4338 elegantia:
771 4265 830 4319 in
863 4261 1195 4325 scribendo,
1220 4275 1398 4330 quam
1421 4263 1625 4329 postea
1671 4259 1998 4330 acquisivit,

353 4357 696 4429 specimina.
730 4352 1085 4425 Ampliorem
1118 4349 1444 4421 profectum
1476 4347 1631 4418 cepit
1659 4363 1728 4402 ex
1755 4347 2002 4403 lectione

351 4449 713 4516 antiquarum
742 4443 1026 4498 rhetorum
1053 4441 1141 4511 (ut
1161 4437 1406 4492 inferius
1430 4437 1746 4507 narratur),
1779 4445 1829 4491 et
1858 4438 2002 4492 artis

351 4537 469 4607 ejus
497 4537 846 4591 inventorum
876 4547 940 4586 ac
990 4539 1258 4601 patrum;
1315 4527 1711 4596 dictionemque
1756 4527 2001 4596 gratiam

2116 3371 2306 3426 locum
2341 3370 2578 3441 indicet,
2606 3374 2703 3426 ubi
2737 3373 2874 3430 olim
2906 3378 3121 3435 Antea?

2185 3461 2298 3531 (17)
2332 3461 2392 3512 In
2421 3462 2629 3516 vicinia
2685 3463 2932 3520 habitare
2979 3469 3420 3542 Blemmydam...
3473 3477 3762 3552 Nicepho-

2113 3565 2243 3603 rum
2266 3548 2666 3620 Blemmydam
2691 3559 2907 3609 norunt
2927 3573 3130 3614 omnes
3151 3562 3342 3617 virum
3367 3565 3517 3621 inter
3529 3548 3760 3628 Graecos

2112 3637 2579 3710 celeberrimum,
2606 3642 2871 3712 apprime
2893 3645 3224 3718 disciplinis
3245 3653 3543 3710 excultum
3567 3661 3760 3714 omni-

2112 3728 2242 3796 bus,
2275 3731 2332 3782 et
2373 3728 2659 3783 catholico
2690 3730 2761 3786 de
2792 3735 3162 3804 processione
3201 3741 3452 3812 Spiritus
3504 3749 3691 3802 sancti
3724 3766 3759 3806 a

2109 3815 2278 3870 Patre
2307 3820 2365 3870 et
2395 3815 2556 3883 Filio,
2593 3834 2694 3873 seu
2725 3835 2826 3890 per
2844 3820 3077 3890 Filium,
3116 3827 3588 3889 addictissimum
3615 3836 3760 3910 dog-

2112 3904 2274 3959 mati.
2309 3906 2371 3959 In
2398 3907 2596 3976 Ephesi
2621 3909 2853 3979 vicinia,
2880 3908 2932 3963 ἐν
2986 3912 3244 3985 γειτόνων
3296 3917 3484 3990 οἰκῶν,
3529 3904 3764 3996 degisse

2109 3992 2307 4064 ipsum
2339 3994 2397 4047 in
2429 3999 2778 4062 monasterio,
2827 4003 3080 4057 testatur
3127 4011 3347 4062 auctor.
3406 4010 3536 4066 Vita
3582 3992 3765 4085 q'uam

2112 4080 2504 4138 illustramus.
2540 4083 2891 4156 Diligentius
2942 4087 3040 4144 alii
3092 4092 3432 4166 discutiant,
3484 4117 3557 4156 an
3599 4080 3763 4160 idem

2111 4172 2536 4226 monasterium
2570 4173 2684 4228 dici
2714 4175 2941 4247 debeat,
2976 4182 3132 4250 qnod
3195 4184 3267 4239 ab
3320 4185 3448 4258 ipso
3499 4196 3763 4250 erectum

2113 4264 2527 4330 sacratumque
2554 4262 2665 4315 fuit
2695 4265 2810 4333 Θεῷ
2836 4267 2916 4335 τῷ
2947 4259 3084 4338 ὄντι,
3138 4271 3243 4327 Deo
3291 4277 3389 4344 qui
3442 4281 3543 4345 est,
3583 4297 3618 4336 α
3645 4284 3762 4336 pa-

2111 4349 2384 4420 chymere
2411 4355 2803 4407 memoratum
2832 4352 2892 4408 in
2923 4357 3202 4415 Michaele
3222 4362 3546 4439 Palaeologo
3568 4367 3671 4426 lib.
3704 4387 3765 4430 v.

2110 4438 2299 4509 capite
2321 4437 2395 4491 2?

2183 4527 2295 4598 (18)
2326 4527 2524 4582 Abiens
2552 4532 2777 4600 Epheso.
2811 4531 2977 4588 Paria
3007 4541 3149 4592 sunt
3206 4555 3332 4610 qua:
3376 4540 3761 4617 Pachymeres

353 4629 658 4679 assecutus
689 4627 797 4691 est,
830 4629 880 4676 et
908 4620 1261 4684 atticismum,
1293 4631 1358 4670 ac
1383 4622 1732 4682 venustatem,
1762 4618 1813 4670 et
1862 4617 2003 4686 quod
2033 4629 2078 4692 D
2111 4621 2308 4706 narrat
2337 4614 2599 4706 libi‘CﬂIl,
2635 4633 2761 4706 cap.
2788 4619 2858 4672 24
2891 4637 2903 4675 :
2936 4623 3135 4678 Nisum
3182 4614 3550 4696 opportunum
3592 4634 3765 4706 impe.

352 4727 545 4768 revera
565 4712 946 4768 Graecanicam
989 4717 1086 4764 est.
1119 4707 1202 4762 0b
1244 4705 1364 4759 haec
1413 4708 1757 4758 ornamenta
1805 4704 2001 4775 ipsum

352 4799 628 4857 laudibus
658 4799 912 4857 celebrat
942 4795 1299 4867 Nicephorus
1329 4793 1636 4865 Gregoras,
1669 4792 1770 4848 lib.
1797 4811 1873 4860 v1,
1906 4811 2002 4850 ca-

355 4891 472 4962 pite
504 4892 554 4960 1,
588 4905 753 4945 num.
785 4889 841 4954 5,
875 4891 1072 4958 utpote
1103 4888 1202 4956 qui
1232 4885 1508 4952 elegantes
1540 4881 1739 4938 Graecae
1797 4883 2004 4938 littera-

353 4985 498 5037 turae
526 4994 810 5044 numeros,
839 4990 887 5032 et
906 4977 1141 5030 Atticam
1170 4975 1333 5029 illam
1370 4973 1640 5042 linguam,
1675 4971 1834 5040 longo
1879 4974 2005 5043 jam

354 5076 593 5140 tempore
619 5068 909 5124 oblivionis
939 5066 1154 5136 gurgite
1205 5064 1535 5125 demersam,
1570 5063 1785 5128 ingenii
1813 5060 2001 5117 dexte-

353 5160 534 5224 ritate,
557 5173 621 5212 ac
649 5155 926 5227 singulari
955 5153 1137 5209 studio
1162 5153 1223 5206 in
1254 5151 1430 5205 lucem
1443 5151 1734 5220 produxit,
1766 5167 1830 5205 ac
1861 5152 2004 5206 velut

352 5247 420 5300 ab
443 5247 646 5319 inferis
675 5244 964 5300 revocavit.

424 5335 537 5406 (14)
571 5336 818 5390 Nicaeam
846 5332 995 5387 mitti
1024 5330 1094 5385 ad
1121 5329 1352 5384 scholas.
1406 5327 1749 5383 Proﬁciendi
1799 5346 1998 5398 causa,

353 5422 462 5477 iter
490 5423 783 5494 cogitabat
812 5422 1060 5476 Nicaeam
1087 5419 1145 5472 in
1179 5415 1469 5487 Bithynia.
1520 5423 1596 5470 Ex
1632 5419 1787 5484 sede,
1822 5435 1998 5488 quam

353 5516 486 5582 post
506 5516 737 5583 captam
763 5527 913 5566 anno
938 5511 1077 5563 1204
1109 5525 1143 5562 a
1168 5505 1390 5561 Latinis
1411 5507 1998 5579 Constantinopolim,

351 5599 433 5653 ibi
478 5599 811 5654 locaverant
867 5600 1252 5670 imperatores
1304 5594 1483 5648 Graeci
1544 5600 1600 5649 et
1656 5597 1999 5666 patriarchae

351 5687 1008 5762 Constantinopolitani,
1037 5685 1206 5743 facile
1237 5683 1352 5741 sibi
1409 5683 1695 5740 suadebat
1739 5685 2003 5743 doctissi-

2112 4705 2287 4758 ratori
2314 4707 2392 4757 est
2423 4704 2716 4776 (Michaeli
2747 4706 3110 4783 Palaeologo),
3169 4716 3498 4774 transmisso
3555 4704 3762 4778 Helles-

2107 4802 2302 4864 ponto,
2336 4794 2395 4847 in
2423 4810 2602 4866 nuper
2630 4799 2849 4866 captam
2878 4799 3189 4870 Selybriam
3218 4803 3446 4870 (urbem
3475 4808 3759 4882 Thracias,

2117 4883 2382 4953 Byzantio
2438 4900 2587 4938 xxxv
2643 4884 2718 4939 M.
2778 4889 2846 4942 P.
2913 4887 3230 4946 distantem
3278 4893 3337 4948 in
3370 4899 3665 4972 accasum)
3704 4916 3765 4957 se

2112 4974 2396 5041 conferre;
2455 4971 2637 5043 ibique
2685 4990 2755 5028 ea
2782 4978 3091 5048 propinquo
3121 4983 3362 5038 consilia
3410 4971 3761 5058 capere,rra-

2115 5062 2393 5130 tionesque
2419 5061 2563 5116 inire
2591 5062 2746 5117 urbis
2770 5065 3057 5133 potiundae
3105 5070 3758 5150 (Constantinopoleos).

2112 5150 2182 5204 Et
2210 5151 2398 5221 capite
2442 5152 2553 5205 20:
2616 5151 2797 5222 Copiis
2854 5153 3051 5210 multis
3096 5161 3376 5233 variisque
3419 5164 3656 5220 collectis
3697 5168 3762 5223 in

2109 5255 2310 5310 unum,
2345 5237 2595 5295 Galatam
2623 5241 2994 5312 (suburbium
3036 5247 3598 5324 Constantinopolis)
3653 5271 3762 5325 ag-

2110 5345 2322 5400 gressus
2356 5337 2452 5383 est.
2486 5331 2651 5384 Haud
2685 5348 2871 5403 operae
2903 5333 3278 5408 dispendium
3305 5339 3479 5394 fuerit
3527 5344 3757 5418 Georgii

2113 5417 2455 5489 Acropolitm
2513 5419 2689 5474 verba
2739 5422 2950 5479 referre
3025 5443 3190 5482 num.
3269 5428 3377 5483 83:
3459 5417 3761 5503 Imperator

2113 5506 2355 5561 Michael
2389 5505 2788 5580 Palaeologus),
2839 5520 3122 5584 appetente
3169 5532 3315 5586 vere,
3369 5516 3761 5578 Constantino-

2107 5596 2284 5668 polim
2327 5604 2660 5653 commeat...
2744 5601 2963 5659 Galatae
3038 5603 3301 5675 oppidum
3386 5611 3757 5679 oppugnabat.

2110 5690 2179 5742 Et
2234 5699 2401 5742 num.
2446 5685 2568 5743 84:
2641 5686 3053 5762 Hellespontum
3127 5696 3280 5750 trans
3352 5695 3565 5758 abiit...
3624 5699 3763 5762 Cum
