4090 6468
281 418 345 476 3'1
1667 415 1880 478 VITA.
1909 448 1990 464 —
2024 414 2280 477 NOTAE.

3604 417 3684 480 38

286 562 394 603 vero
417 552 575 603 aestas
597 544 981 617 praterlapsa
1006 546 1216 616 fuisset,
1247 562 1459 603 necnon
1486 549 1745 603 autumni
1789 551 1924 602 tem-
1952 550 2008 616 Α
2037 547 2092 619 (a
2121 546 2395 604 Kalendis
2437 546 2796 618 Septembris
2845 545 3180 618 propositus
3238 547 3501 616 ejusdem
3558 565 3685 604 sar-s3

281 653 372 710 pus
393 637 730 692 accurrisset
767 676 780 690 .
819 676 832 690 .
871 675 885 689 .
920 634 1050 690 inde
1071 635 1345 691 discessit.
1393 637 1523 691 Haec
1579 653 1733 692 anno
1788 637 1927 692 1260

284 725 624 792 acciderunt,
657 740 727 779 ac
757 724 938 780 etiam
970 724 1207 780 ineunte
1241 742 1394 781 anno
1428 726 1586 781 1261.
1619 725 1790 782 Hisce
1809 725 1927 782 bel-

282 813 395 870 licis
416 812 680 869 motibus
708 829 772 869 se
802 812 1088 884 Georgius
1116 812 1362 886 Cyprius
1392 813 1733 871 interfuisse
1755 819 1930 870 testa-

283 908 366 958 tur
395 918 410 958 :
443 905 504 958 at
533 901 714 972 regiis
757 901 971 957 castris
1029 901 1271 970 relictis,
1327 904 1570 959 Nicwum
1615 905 1926 971 revertitur,

281 991 344 1048 ad
369 1008 538 1064 quam
565 1007 598 1047 e
625 990 804 1063 Cypro
829 991 1107 1062 impulsus
1157 999 1360 1062 fuerat
1390 998 1457 1048 ut
1502 993 1797 1066 egregiam
1826 992 1928 1048 lit-

283 1080 414 1138 teris
445 1079 829 1136 addiscendis
862 1095 1102 1151 operam
1129 1079 1211 1134 ibi
1244 1085 1500 1153 poneret.

345 1171 460 1242 (19)
493 1171 605 1226 Hoc
632 1187 800 1244 quam
834 1171 1004 1225 aliter
1031 1169 1228 1225 accidit
1260 1175 1279 1224 !
1310 1169 1616 1243 Sapientes
1644 1172 1821 1241 viros,
1865 1188 1931 1227 ac

285 1260 621 1333 magistros,
653 1274 804 1330 quos
835 1258 1233 1330 perquirebat,
1266 1274 1380 1314 non
1414 1259 1636 1315 invenit
1680 1261 1880 1315 Nicaeae
1914 1275 1958 1332 :_

283 1350 358 1405 ita
376 1353 444 1404 ut
462 1347 708 1404 reditum
737 1348 797 1403 in
814 1348 1068 1419 patriam
1097 1347 1469 1420 cogitaret,ut
1485 1348 1640 1405 infra
1659 1353 1934 1405 narratur

347 1437 462 1509 (20)
491 1436 697 1493 Deinde
723 1452 836 1492 non
854 1437 1028 1493 multo
1056 1441 1174 1508 post
1222 1437 1336 1493 hac
1384 1441 1643 1508 tempore,
1673 1454 1935 1510 magnam

285 1527 546 1598 Byzantii
567 1525 763 1581 urbem
790 1527 893 1581 I9
943 1527 1082 1580 Deus
1127 1526 1349 1581 Latinis
1393 1527 1672 1596 auferens,
1733 1527 1934 1584 Graecis

281 1616 478 1671 reddit.
513 1615 779 1687 Recepta;
811 1614 977 1670 urbis
1007 1615 1291 1687 epocham
1322 1615 1763 1672 accuratissime
1792 1616 1934 1672 assi-

281 1709 422 1776 gnat
449 1702 739 1774 Georgius
769 1702 1474 1774 Acropolita,vicessimam
1498 1705 1752 1776 quintam
1779 1705 1933 1760 diem

281 1795 484 1849 mensis
512 1793 654 1849 Julii
681 1792 1040 1848 indictionem
1062 1802 1340 1863 quartam,
1371 1793 1422 1848 el
1447 1809 1661 1848 annum
1705 1793 1773 1850 ab
1811 1793 1937 1849 orbe

283 1883 500 1940 condito
529 1880 678 1954 ςψξεγ
705 1881 1169 1937 sexmillesimum
1194 1882 1745 1952 septingentesimum
1772 1898 1934 1937 κωπα-
1963 1921 2012 1986 Β

284 1973 553 2042 gesimum
575 1986 809 2026 nonum.
864 1972 1073 2026 Annus
1125 1974 1216 2025 est
1270 1987 1396 2025 aere
1453 1971 1712 2043 vulgaris
1771 1971 1930 2040 1261,

286 2064 494 2133 quarta
523 2058 803 2132 praedicta
828 2057 1150 2131 insignitus
1164 2057 1503 2115 indictione.
1524 2062 1762 2116 Annum
1793 2076 1935 2132 prse-

293 2151 598 2206 cedentem
629 2148 769 2202 1260
798 2146 1076 2203 exhibent
1105 2146 1286 2204 Graeci
1329 2147 1560 2204 codices
1590 2165 1704 2204 non
1761 2149 1934 2220 pauci

288 2237 441 2310 apud
469 2235 758 2292 Joannem
789 2235 1101 2291 Boivinum
1141 2235 1201 2290 in
1260 2237 1417 2293 notis
1473 2238 1546 2293 ad
1603 2237 1821 2293 librum
1879 2255 1936 2293 ιν

287 2324 598 2397 Nicephori
636 2324 904 2397 Gregorse
937 2341 950 2379 :
983 2325 1086 2380 sed
1145 2323 1243 2379 alii
1304 2324 1378 2380 ab
1436 2326 1639 2382 eodem
1695 2325 1936 2382 Boivino

288 2413 508 2469 ibidem
586 2417 989 2481 recensentur,
1066 2412 1410 2485 Acropolitze
1481 2415 1934 2472 consentientes.

287 2503 585 2575 Epocham
614 2501 925 2558 confirmat
954 2503 1136 2557 codex
1164 2501 1335 2569 alius,
1357 2519 1531 2575 quem
1561 2503 1689 2576 ipse
1717 2520 1939 2560 momo-

288 2597 375 2648 rat
403 2591 493 2647 vir
518 2589 1040 2662 doetissimus,ubi
1070 2589 1354 2647 solemnis
1386 2591 1690 2649 Michaelis
1713 2593 1936 2650 Palaeo-

287 2681 403 2752 logi
435 2681 496 2735 in
545 2679 756 2735 urbem
809 2683 1106 2751 receptam
1161 2679 1467 2752 ingressus
1524 2681 1788 2756 iiligatur
1814 2700 1940 2738 cum

287 2770 375 2826 die
403 2771 473 2824 15
501 2769 703 2824 mensis
723 2769 1173 2840 Augustinianni
1197 2785 1296 2825 sea:
1313 2771 1604 2826 millesimi
1628 2773 1940 2842 septingen-

287 2859 471 2914 tesimi
496 2858 836 2929 sexagesimi
861 2858 1020 2928 noni,
1054 2857 1312 2930 vulgaris
1360 2875 1469 2914 aere
1521 2859 1742 2916 scilicet
1781 2861 1938 2917 1261.

289 2948 391 3004 His
419 2947 787 3004 adhaerentes
799 2946 1337 3019 refertSpondanus
1369 2948 1602 3005 Latinos
1628 2949 1942 3022 scriptores

291 3035 672 3092 Guillelmum
701 3035 1018 3108 Nangium,
1052 3037 1407 3092 monachum
1438 3039 1942 3108 Patavinum,con-

292 3127 651 3181 tinuatorem
681 3123 1216 3192 Parisii,Marinum
1243 3129 1944 3201 Sanutum,cognomento

294 3213 650 3270 Torsellum.
685 3211 1079 3269 Celeberrima
1105 3216 1299 3270 tamen
1329 3214 1390 3270 in
1421 3215 1530 3272 hac
1559 3218 1779 3289 epocha
1807 3235 1942 3274 con-

2037 639 2250 707 annus)
2283 635 2556 707 Exemplo
2604 652 2727 690 rem
2785 635 3043 691 declarat
3074 651 3086 688 :
3119 637 3184 691 Si
3237 637 3378 691 scire
3408 638 3590 706 velim,
3625 654 3688 693 in

2036 734 2256 796 quotum
2285 742 2456 780 anum
2489 725 2692 780 Ch.isti
2724 726 3016 780 conveniat
3068 741 3118 779 υ.
3151 743 3211 796 g.
3261 742 3442 780 annus
3490 727 3690 782 mundi

2034 815 2200 881 6428,
2228 830 2298 869 ea:
2323 814 2466 868 6428
2493 813 2727 868 subduco
2755 814 2917 879 5508,
2949 813 3231 869 residuum
3288 823 3370 870 est
3395 815 3521 868 920.
3544 816 3688 886 Ergo

2037 919 2182 959 anno
2216 903 2420 958 Christi
2447 903 2554 956 920
2602 919 2782 957 annus
2840 901 2929 956 hic
2974 903 3175 958 mundi
3228 904 3370 957 6428
3426 904 3627 975 incipit
3655 921 3690 960 a

2036 991 2293 1047 Kalendis
2339 989 2688 1061 Septembris,
2740 991 2914 1045 Porro
2959 991 3011 1045 si
3063 990 3207 1046 6428
3272 992 3372 1046 29
3400 993 3686 1062 partiaris

2033 1097 2137 1151 per
2167 1081 2254 1148 15,
2287 1079 2568 1134 residuum
2595 1087 2676 1134 est
2706 1082 2819 1134 octo
2848 1096 2866 1133 :
2899 1095 3029 1148 ergo
3088 1079 3320 1135 indictio
3347 1082 3458 1135 erit
3479 1088 3687 1136 octava.

2039 1169 2200 1224 Hanc
2231 1167 2414 1240 igitur
2440 1171 2605 1239 juxta
2633 1166 2898 1238 regulam
2929 1167 2980 1222 si
3011 1184 3163 1223 anno
3195 1168 3491 1239 proposito
3521 1169 3685 1238 6769,

2040 1273 2154 1328 quo
2186 1260 2416 1328 recepta
2433 1255 2545 1311 fuit
2577 1255 3136 1327 Constantinopolis,
3173 1255 3446 1312 detrahas
3499 1275 3685 1314 annos

2038 1346 2200 1414 5508,
2233 1345 2506 1400 residuus
2535 1345 2668 1399 1261
2698 1349 2786 1400 est
2824 1362 3017 1400 annus
3075 1362 3199 1401 terte
3252 1345 3531 1419 vulgaris,
3583 1363 3690 1420 quo

2039 1437 2292 1491 currente
2323 1433 2635 1489 dicendum
2667 1433 2834 1502 foret,
2863 1435 3087 1506 cupisse
3134 1452 3169 1490 a
3224 1434 3500 1492 Kalendis
3548 1437 3690 1510 Sep-

2041 1523 2290 1580 tembris
2320 1540 2544 1578 annum
2576 1522 2746 1578 illum
2774 1524 2938 1578 6769.
2994 1523 3280 1589 Quoniam
3335 1542 3471 1580 vero
3519 1532 3692 1598 capta

2040 1628 2231 1666 mense
2258 1612 2411 1667 Julia
2444 1611 2554 1666 fuit
2583 1612 2726 1666 urbs
2756 1611 2932 1684 regia,
2964 1611 3020 1666 id
3071 1613 3310 1668 omnino
3337 1615 3691 1670 transferen-

2045 1701 2185 1755 dum
2219 1704 2375 1756 esset
2403 1700 2476 1755 ad
2518 1717 2739 1755 annum
2788 1717 2912 1755 serae
2967 1699 3227 1773 vulgaris
3285 1705 3690 1773 insequentem

2046 1790 2206 1855 1262,
2239 1789 2310 1844 ad
2341 1805 2516 1860 quem
2547 1790 2801 1860 pertinet
2827 1789 3023 1845 Julius
3053 1791 3276 1846 mensis
3325 1791 3463 1846 anni
3511 1792 3692 1848 Graeci

2044 1877 2144 1950 qui
2177 1895 2210 1932 a
2237 1877 2515 1933 Kalendis
2546 1877 2908 1948 Septembris
2938 1878 2997 1933 in
3029 1896 3182 1934 anno
3218 1881 3349 1934 1261
3386 1881 3621 1952 incepit.

2113 1970 2241 2021 Non
2269 1965 2349 2022 ita
2381 1982 2444 2021 se
2473 1982 2567 2021 res
2591 1966 3152 2023 habet.Exaetiorem
3183 1984 3498 2040 veramque
3516 1969 3696 2025 tradit

2044 2054 2309 2127 regulam
2340 2054 2673 2123 Ricciolius,
2706 2053 2856 2110 libro
2888 2073 2928 2110 II
2963 2055 3383 2129 Chronologiaa,
3417 2059 3608 2130 capite
3635 2061 3691 2127 2,

2043 2143 2197 2200 inter
2220 2160 2472 2199 canones
2503 2160 2607 2215 pro
2640 2160 2749 2198 usu
2802 2143 3162 2210 tabularum,
3219 2163 3440 2202 canone
3473 2148 3542 2202 ΙΙ.
3573 2167 3600 2198 »
3633 2147 3696 2202 Si

2046 2233 2185 2289 anni
2217 2238 2356 2288 sunt
2383 2233 2688 2304 pauciores
2718 2232 2890 2288 annis
2919 2234 3084 2305 5509,
3117 2233 3250 2290 illos
3267 2235 3361 2291 his
3392 2237 3693 2306 subtrahe,

2045 2326 2104 2378 et
2133 2321 2379 2378 habebis
2409 2338 2596 2377 annos
2623 2329 2752 2378 ante
2782 2321 3080 2390 Christum,
3108 2322 3413 2380 inchoatos
3443 2342 3476 2380 a
3497 2326 3696 2381 Kalen-

2045 2413 2133 2468 dis
2165 2410 2495 2483 Septembris
2515 2412 2656 2466 anni
2707 2412 3080 2482 praecedentis.
3139 2413 3403 2487 Exempli
3461 2415 3694 2487 gratia:

2047 2501 2262 2557 dentur
2289 2500 2429 2556 anni
2461 2499 2668 2555 mundi
2699 2485 3337 2573 Constantinopolitani
3365 2485 3510 2557 5508
3543 2521 3556 2571 ;
3591 2504 3700 2561 hos

2049 2589 2328 2645 subtrahe
2361 2590 2531 2645 annis
2561 2588 2723 2660 5509,
2779 2589 3023 2645 restabit
3078 2607 3271 2646 annus
3320 2592 3344 2646 1
3381 2596 3515 2647 ante
3562 2609 3700 2665 epo-

2051 2679 2220 2734 cham
2253 2677 2812 2742 Christi,inchoatus
2841 2683 3036 2734 tamen
3069 2697 3103 2733 a
3131 2679 3410 2736 Kalendis
3442 2681 3702 2753 Septem-

2052 2767 2172 2822 bris
2195 2767 2332 2822 anni
2350 2770 2477 2822 ante
2502 2766 2761 2838 epocham
2777 2767 3004 2834 Christi,
3022 2784 3054 2822 a
3077 2769 3272 2838 quibus
3295 2771 3494 2841 incipit
3524 2786 3702 2825 annus

2049 2856 2212 2924 5509,
2247 2871 2644 2911 concursurus
2669 2871 2771 2927 per
2800 2862 2929 2912 octo
2952 2872 3186 2912 menses
3206 2857 3418 2913 ultimo
3449 2859 3541 2914 sui
3562 2876 3698 2914 cum

2051 2944 2345 3017 prioribus
2375 2948 2501 3000 octo
2533 2945 2839 3000 mensibus
2862 2947 3000 3000 anni
3018 2947 3193 3016 primi
3220 2946 3436 3019 epocha:
3476 2947 3699 3004 Christi.

2052 3037 2125 3089 At
2156 3033 2206 3088 si
2236 3033 2372 3088 anni
2403 3032 2524 3089 dati
2554 3038 2694 3089 sunt
2718 3035 2860 3088 5509
2889 3032 2976 3089 vel
3009 3035 3226 3107 plures,
3258 3037 3541 3091 subtrahe
3582 3035 3702 3092 illis

2055 3139 2241 3178 annos
2264 3123 2424 3190 5508,
2461 3127 2518 3178 et
2540 3122 2771 3178 habetis
2802 3139 2990 3177 annos
3024 3123 3242 3179 Christi
3289 3129 3702 3180 concurrentes

2055 3229 2089 3266 a
2114 3210 2391 3266 Kalendis
2419 3210 2714 3266 Januariis
2742 3227 2909 3283 usque
2937 3211 3008 3266 ad
3046 3214 3320 3283 sequentis
3370 3212 3704 3284 Septembris

296 3303 597 3360 stituenda
626 3301 841 3357 mirum
873 3307 982 3371 est,
1014 3305 1136 3358 tam
1165 3303 1354 3360 varias
1383 3305 1732 3377 scriptarum
1766 3306 1948 3362 fuisse
1979 3289 2022 3357 C
2058 3299 2622 3371 Kalendas.Exempli
2643 3301 2831 3372 gratia
2857 3317 2870 3355 :
2906 3301 3078 3356 detur
3097 3318 3289 3357 annus
3311 3301 3517 3356 mundi
3538 3303 3702 3368 5509,

295 3391 644 3457 sententias,
668 3390 772 3463 qui
805 3407 1027 3446 annum
1054 3391 1345 3448 deﬁniunt
1375 3392 1464 3449 vel
1496 3394 1757 3461 1259,ve1
1790 3395 1951 3464 1260,

294 3498 363 3538 ac
391 3481 573 3537 etiam
607 3480 771 3534 1262.
798 3477 967 3534 Hunc
999 3495 1219 3536 annum
1250 3481 1556 3537 constituit
1583 3482 1798 3539 Sethus
1828 3482 1955 3539 Cal-

290 3570 476 3626 visius
506 3569 568 3623 in
601 3584 777 3640 opere
808 3584 916 3623 suo
947 3567 1383 3642 chronologico.
1427 3570 1672 3627 Michael
1705 3571 1952 3645 Lequie-

293 3675 405 3714 nus
434 3659 496 3713 in
529 3658 762 3712 Arsenio
792 3658 991 3712 iterum
1031 3658 1367 3730 patriarcha
1416 3659 1951 3733 Constantinopoli-

290 3753 429 3803 tano
459 3747 642 3803 refert
690 3745 1000 3802 ehronicas
1055 3751 1226 3803 notas
1285 3746 1569 3804 solemnis
1625 3749 1686 3802 in
1743 3749 1952 3805 urbem

289 3836 516 3908 regiam
569 3834 876 3906 ingressus
935 3850 1232 3900 ;mensem
1286 3835 1614 3907 Augustum,
1662 3837 1812 3892 diem
1864 3838 1950 3906 15,

293 3924 601 3979 indictione
646 3923 700 3994 4,
753 3926 1062 3977 etannum
1103 3922 1209 3976 669
1279 3923 1432 3994 (676)
1509 3923 1788 3995 additque
1835 3925 1952 3980 haec

291 4015 492 4084 verba,
523 4028 741 4067 annum
787 4011 996 4066 scilicet
1038 4010 1242 4067 Christi
1299 4012 1458 4067 1262.
1501 4012 1612 4068 Sed
1663 4029 1826 4068 error
1865 4018 1955 4086 ty-

298 4119 509 4174 porum
545 4101 747 4168 fuerit,
796 4117 1048 4172 quorum
1109 4102 1391 4156 mendum
1449 4101 1610 4156 aliud
1664 4103 1840 4158 cubat
1895 4103 1956 4157 in

299 4191 470 4247 annis
500 4190 714 4246 mundi
745 4189 907 4244 6669.
941 4191 1092 4255 Quin
1122 4189 1240 4246 imo
1297 4191 1358 4246 in
1404 4191 1740 4247 Pantaleone
1782 4193 1956 4248 Justi-

299 4284 487 4346 niano,
524 4280 734 4335 Latino
765 4278 1116 4351 patriarcha,
1150 4295 1372 4334 annum
1423 4280 1588 4335 effert
1642 4279 1741 4336 ille
1796 4282 1956 4349 1261,

300 4386 404 4440 quo
432 4367 789 4441 (inquiens,)
805 4369 974 4439 juxta
992 4368 1298 4424 exactiores
1315 4367 1672 4440 chronologos
1700 4387 1735 4424 a
1756 4368 1960 4426 Graecis

300 4465 626 4531 recuperata
657 4464 736 4512 est
764 4456 907 4512 urbs
934 4455 1114 4526 regia.

366 4547 592 4603 Verum
623 4545 923 4600 enimvero
953 4544 1074 4600 haec
1120 4544 1261 4600 anni
1302 4545 1442 4599 1262
1487 4545 1730 4618 epocha,
1781 4563 1960 4618 quam

2061 3389 2178 3444 illis
2209 3388 2489 3444 subtrahe
2515 3389 2680 3455 5508,
2712 3393 2894 3445 restat
2939 3407 3132 3446 annus
3178 3391 3407 3463 primus
3463 3391 3702 3460 Christi,

2059 3494 2385 3535 concurrens
2408 3494 2543 3533 cum
2576 3478 2782 3533 mundi
2810 3495 2962 3534 anno
3001 3479 3166 3546 5509,
3224 3496 3411 3552 usque
3444 3482 3516 3536 ad
3547 3480 3702 3535 diem

2062 3567 2314 3640 primam
2343 3565 2866 3638 Septembriszinde
2896 3569 3054 3623 enim
3085 3568 3380 3624 concurrit
3407 3585 3532 3624 cum
3559 3584 3706 3624 anno

2059 3657 2276 3711 5510.»
2312 3656 2515 3725 Itaque
2546 3656 2620 3711 ab
2645 3673 2798 3712 anno
2826 3657 2988 3722 6769,
3023 3673 3138 3729 quo
3161 3663 3391 3730 captam
3423 3658 3707 3714 Constan-

2059 3743 2370 3817 tinopolim
2397 3745 2659 3800 referunt
2685 3745 3001 3817 scriptores
3033 3746 3235 3814 Graeci,
3284 3747 3563 3804 subtrahe
3605 3764 3707 3803 an-

2063 3851 2170 3891 nos
2220 3834 2384 3889 5508.
2433 3833 2624 3890 Habes
2671 3851 2806 3890 vero
2855 3851 3076 3891 annum
3133 3836 3366 3904 Christi,
3423 3854 3525 3892 seu
3581 3854 3708 3893 aeris

2060 3923 2321 3994 vulgaris
2369 3922 2529 3993 1251,
2585 3933 2999 3979 coucurrentem
3051 3923 3322 3980 videlicet
3376 3942 3511 3981 cum
3556 3941 3709 3981 anno

2063 4011 2710 4084 Constantinopolitano
2743 4013 2904 4079 6769,
2936 4029 3108 4084 usque
3156 4014 3234 4070 ad
3279 4014 3424 4070 diem
3470 4016 3712 4086 primam

2065 4101 2413 4172 Septembris,
2443 4101 2717 4172 deinceps
2747 4118 3174 4158 concursurum
3205 4121 3338 4158 cum
3370 4121 3522 4159 anno
3545 4104 3707 4174 6770,

2067 4191 2269 4262 Itaque
2299 4206 2490 4245 annus
2517 4190 2660 4244 6769
2689 4189 2905 4261 incepit
2947 4207 2982 4246 a
3023 4192 3302 4247 Kalendis
3349 4192 3713 4264 Septembris

2068 4281 2128 4334 in
2161 4279 2507 4357 praecedenti
2538 4295 2692 4358 anno
2722 4279 2955 4334 Juliano
2989 4281 3146 4349 1%0,
3178 4286 3236 4336 et
3274 4283 3478 4337 mensis
3533 4282 3714 4338 Julius

2068 4355 2210 4424 anni
2237 4355 2833 4439 Constantinopolitani
2876 4370 3040 4440 6769,
3077 4387 3192 4441 quo
3238 4372 3378 4426 urbs
3421 4371 3583 4442 regia
3629 4387 3716 4426 re-

2069 4462 2238 4529 cepta
2266 4461 2373 4524 est,
2407 4457 2479 4512 ad
2511 4474 2733 4512 annum
2765 4458 3018 4530 pertinet
3038 4458 3344 4515 Julianum
3378 4461 3536 4515 1261.

2140 4545 2574 4602 Dubitationem
2621 4552 2880 4603 removet
2929 4565 3162 4603 omnem
3217 4549 3444 4605 indictio
3492 4553 3715 4621 quarta,

301 4637 370 4692 ab
403 4634 712 4708 aliquibus
744 4633 975 4689 deﬁniri
1007 4651 1140 4690 cum
1171 4635 1487 4706 Spondano
1526 4635 1959 4706 adnotavimus,
1991 4657 2037 4720 D
2070 4652 2187 4708 qua
2215 4635 2534 4707 insignitus
2566 4636 2914 4707 procedebat
2938 4655 3130 4694 annus
3183 4639 3718 4711 Constantinopoli-

302 4725 441 4780 oriri
472 4725 730 4780 fortasse
750 4722 940 4794 potuit
968 4739 1036 4778 ex
1055 4739 1123 4778 ea
1143 4721 1440 4794 methodo,
1473 4739 1651 4795 quam
1683 4724 1756 4779 ad
1779 4740 1964 4780 annos

301 4828 428 4870 {sese
458 4813 1092 4884 Constantinopolitanae
1129 4813 1561 4868 connectendos
1609 4829 1744 4867 cum
1792 4815 1963 4869 annis

307 4920 427 4958 aera:
457 4900 730 4975 vulgaris
760 4899 1030 4956 nonnulli
1062 4900 1306 4955 tradunt
1352 4900 1712 4973 chronologi.
1744 4900 1863 4956 Hac
1893 4902 1963 4956 de

309 5008 364 5046 re
396 4991 544 5046 mihi
582 4989 759 5045 liceat
788 4987 964 5061 paulo
994 4988 1186 5044 fusius
1210 4993 1584 5060 pertractare.
1636 4987 1964 5045 Gulielmus

307 5079 658 5152 Beveregius
690 5078 750 5133 in
781 5077 1263 5134 Institutionibus
1303 5077 1731 5150 chronologicis
1762 5077 1864 5133 lib.
1901 5095 1962 5148 II,

305 5171 490 5242 capite
546 5170 638 5240 11,
694 5167 778 5223 sic
833 5167 1043 5236 docet;
1082 5166 1256 5221 Num.
1307 5167 1342 5220 9
1374 5185 1388 5223 :
1420 5167 1612 5222 Civilis
1658 5165 1967 5223 Graecorum

305 5273 420 5316 ara
448 5263 550 5329 est,
581 5272 713 5330 qua?
741 5275 776 5312 a
804 5257 1006 5312 mundi
1025 5255 1350 5329 primordiis
1378 5256 1450 5312 ad
1496 5255 1702 5311 Christi
1750 5255 1965 5311 Nativi-

305 5352 474 5406 tatem
525 5363 708 5404 annos
752 5347 896 5402 5508
945 5346 1234 5417 completos
1295 5348 1580 5401 numerat.
1633 5345 1785 5400 Num
1840 5345 1908 5399 10
1948 5362 1962 5401 :

305 5439 490 5494 Annus
533 5437 704 5508 hujus
746 5450 887 5494 serae
934 5435 1078 5490 5509
1143 5434 1346 5506 incepit
1394 5451 1540 5491 anno
1610 5435 1790 5506 primo
1835 5448 1967 5491 arae

311 5527 634 5583 Christiane
676 5569 691 5581 .
736 5567 750 5579 .
795 5565 808 5578 .
845 5541 880 5580 a
909 5521 1171 5578 Kalendis
1202 5521 1631 5594 Septembribus.
1676 5522 1828 5577 Num
1865 5523 1962 5578 11:

305 5622 458 5673 Anno
486 5618 655 5688 hujus
680 5631 818 5673 ere
857 5613 1166 5687 proposito,
1210 5611 1466 5668 subtrahe
1505 5613 1669 5678 5508,
1716 5611 1968 5668 residuus

304 5710 378 5763 est
440 5721 628 5763 annus
689 5719 822 5764 me:
885 5701 1250 5771 Christianas,
1315 5717 1422 5777 quo
1485 5705 1742 5760 currente
1803 5703 1969 5777 ctepit

2042 4766 2045 4768 -
2074 4730 2248 4780 tanus
2275 4724 2438 4792 6769,
2472 4740 2655 4796 quave
2686 4730 2925 4781 notatur
2951 4725 3126 4782 etiam
3175 4745 3364 4783 annus
3417 4745 3543 4783 serae
3591 4727 3717 4783 vul-

2073 4813 2230 4886 garis
2284 4814 2444 4868 1261.
2511 4813 2687 4886 Atqui
2747 4816 2950 4870 eadem
3019 4822 3232 4888 quarta
3296 4816 3539 4873 indictio
3607 4818 3719 4873 Ριο-

2073 4919 2286 4969 mano,
2346 4909 2445 4957 aut
2503 4903 2802 4974 pontificio
2861 4921 3022 4960 more
3079 4906 3285 4978 incipit
3358 4924 3392 4961 a
3447 4907 3720 4962 Kalendis

2071 4989 2372 5046 Januariis
2402 4992 2668 5061 ejusdem
2700 4992 2840 5048 anni
2860 4994 2991 5048 1261
3032 5012 3046 5062 ;
3079 4994 3375 5067 inceperat
3393 5013 3527 5059 vero
3549 4997 3721 5067 juxta

2073 5079 2403 5136 Graecorum
2441 5097 2664 5136 morem
2696 5099 2730 5136 a
2759 5082 3035 5138 Kalendis
3087 5084 3529 5156 Septembribus
3580 5085 3721 5141 anni

2074 5169 2453 5241 praecedentis
2487 5169 2734 5225 1260.Ab
2767 5170 2860 5226 his
2891 5189 3028 5244 ergo
3051 5173 3286 5228 initium
3315 5174 3498 5229 sumit
3527 5191 3719 5230 annus

2074 5259 2250 5314 etiam
2299 5259 2983 5331 Constantinopolitanus
3025 5263 3166 5317 6769
3212 5279 3346 5318 cum
3396 5281 3504 5319 sua
3560 5264 3714 5320 indi-

2075 5346 2264 5403 ctione
2294 5352 2526 5419 quarta,
2561 5364 2738 5420 quam
2769 5348 2896 5422 ipse
2922 5351 3188 5407 videlicet
3231 5369 3424 5408 annus
3443 5354 3586 5408 6769
3615 5371 3721 5426 per

2076 5436 2144 5490 15
2174 5436 2396 5492 divisus
2425 5437 2636 5507 reddit,
2673 5437 2837 5495 nulla
2883 5441 3038 5496 facta
3083 5442 3382 5497 additione
3428 5447 3531 5498 aut
3577 5445 3718 5500 sub-

2076 5526 2361 5582 tractione
2395 5543 2406 5580 :
2440 5530 2498 5582 et
2528 5528 2599 5583 ab
2632 5527 2853 5584 eisdem
2880 5531 3121 5586 demum
3156 5530 3432 5587 Kalendis
3455 5533 3719 5602 Septem-

2074 5615 2281 5671 bribus
2329 5615 2469 5670 anni
2523 5616 2764 5672 Juliani‘
2803 5619 2941 5674 1260
3006 5619 3213 5692 incipit
3283 5622 3437 5692 apud
3488 5622 3719 5680 Grzscos

2073 5721 2259 5763 novus
2287 5721 2482 5763 annus
2511 5705 2936 5766 Inoarnationis
2956 5709 3218 5768 1261.21
3243 5709 3403 5770 Hanc
3426 5710 3716 5788 hodieque
