4090 6476
400 369 479 426 39
1434 365 1749 426 GEORGII
1794 365 2056 427 CYPRlI
2101 366 2220 426 CP.
2265 367 2794 432 PATRIARGH/E
3731 382 3813 442 40

399 504 634 558 servant
673 500 782 571 ipsi
831 497 1339 568 consuetudlnem,
1383 502 1448 552 ut
1495 497 1766 569 colligere
1813 497 1949 552 licet
1976 515 2045 553 ex
2073 503 2130 570 Α
2160 499 2785 572 Constantinopolitano,
2818 505 2979 574 6651,
3011 509 3106 578 qui
3163 507 3428 565 Kaiendss
3478 511 3813 583 Septembris

395 607 598 647 eorum
632 586 1071 663 ὐμερολογὶοις,
1105 605 1231 659 quae
1261 586 1512 659 singulis
1557 586 1728 642 annis
1774 588 2049 642 eduntur.

402 682 559 736 Hanc
590 679 858 735 eamdem
889 678 1200 733 servabant
1245 676 1584 731 methodum
1648 675 1821 731 Russi
1859 701 1872 743 ;
1906 692 2054 747 quos

406 775 666 828 attamen
693 767 1106 824 animadvertit
1134 765 1502 821 Christianus
1538 764 1790 820 Wolﬁus
1840 764 1898 818 in
1928 767 2049 820 Ete-

401 862 602 915 mentis
631 858 932 913 matheseos
958 856 1254 923 universae,
1305 858 1464 908 tomo
1496 852 1591 922 ιν,
1625 852 1684 907 in
1733 853 2054 909 Elementis

405 945 813 1016 cbronologiae,
847 943 1036 1015 capite
1064 943 1119 1013 5,
1151 958 1316 997 num.
1353 941 1475 1009 193,
1507 940 1577 994 ab
1595 941 1786 1012 aliquo
1817 949 2054 1012 tempore

411 1036 810 1093 Kalcndarzum
853 1033 1146 1089 Iulianum
1191 1031 1480 1100 recepisse,
1530 1029 1794 1101 hodieque
1844 1047 2054 1085 annum

413 1125 695 1198 auspicari
717 1141 751 1178 a
777 1122 1034 1179 Kalendis
1060 1121 1338 1177 Januarii.

483 1215 646 1282 Quod
677 1213 790 1281 aio,
822 1210 964 1266 illud
1000 1211 1197 1282 ipsum
1246 1207 1658 1264 disertissimis
1713 1208 1906 1264 verbis
1954 1223 2050 1263 ex-

404 1320 674 1379 pressum
700 1302 828 1374 lego
864 1300 1019 1372 apud
1050 1298 1294 1371 Pagium
1327 1297 1399 1352 ad
1432 1313 1653 1352 annum
1684 1296 1959 1365 1143,ubi
1980 1298 2051 1353 de

401 1392 710 1453 emortuali
739 1391 976 1448 Joannis
995 1388 1263 1446 Comneni
1291 1403 1442 1442 anno
1466 1402 1645 1458 agens
1675 1386 1854 1441 sicait
1882 1404 2047 1442 num.

401 1487 436 1540 9
467 1501 482 1539 :
517 1483 754 1539 Codinus
782 1482 894 1536 sive
924 1479 1174 1551 quisquis
1211 1478 1400 1531 auctor
1427 1483 1505 1532 est
1565 1475 1821 1534 Chrom'ci
1861 1476 2050 1532 eidem

395 1573 695 1645 subjuncti,
723 1569 915 1642 prodit
939 1584 1067 1624 eum
1105 1566 1363 1623 deuotum
1407 1581 1552 1621 anno
1597 1565 1810 1632 mundi,
1840 1565 2054 1622 scilicet

1340 1717 1480 1767 Anni
1512 1718 1700 1766 mundi
1731 1718 2029 1767 secundum

573 1725 715 1774 Anni
746 1720 1058 1785 Dionysiani

1441 1780 1535 1842 Cp.
1567 1795 1598 1828 a
1627 1780 1742 1828 Kal.
1771 1780 1918 1844 Sept.

516 1802 548 1837 a
566 1785 820 1836 Kalendis
842 1783 1108 1833 Januarii.

598 1881 733 1927 Ante
761 1875 1029 1924 Christum

789 1907 1029 1987 3‘.“°"““
1242 1907 1252 1987 Ι
1615 1907 1757 1956 5507.

1605 2025 1746 2072 5507.

787 2069 835 2117 2-
1241 2069 1253 2135 Ι
1603 2069 1744 2135 ἐέὁὲζ

1614 2213 1750 2261 5508.

785 2255 832 2304 ί·
1241 2255 1251 2324 Ι
1609 2255 1752 2324 ἐέὁὸζ

716 2397 909 2449 Christi
1239 2393 1249 2449 I
1611 2393 1750 2439 5509.

792 2463 837 2510 1.
1238 2456 1249 2510 Ι
1609 2456 1749 2503 5510.

785 2593 814 2640 2
1233 2547 1246 2655 Ι
1597 2547 1738 2592 5510.

819 2621 832 2635 ⁰
1597 2608 1741 2655 5511.

1588 2853 1726 2899 6768.

737 2898 856 2945 1260
1224 2898 1235 2961 Ι
1587 2898 1726 2961 6769.

723 3039 864 3089 1261-
1223 3005 1234 3113 Ι
1585 3005 1727 3113 ἓξξῗὲ

2163 591 2463 659 superioris
2493 593 2702 649 Christi
2727 611 2868 650 anni
2914 597 3098 667 (1142)
3149 597 3441 654 inchoatur
3491 601 3576 656 Ab
3603 602 3808 658 eodem

2163 693 2316 733 anno
2345 679 2480 733 6651
2534 681 2810 738 detractis
2867 684 3040 740 annis
3080 686 3244 755 5508,
3312 686 3566 744 habetur
3621 707 3812 749 annus

2163 784 2285 821 831‘33
2313 767 2573 840 vulgaris
2599 770 2873 827 Julianus
2901 774 3046 828 1143
3080 792 3093 829 :
3123 775 3280 831 unde
3311 793 3502 834 annus
3534 778 3814 836 Constan-

2161 855 2585 928 tinopolitanus
2614 860 2750 915 6651
2786 878 2898 916 non
2932 862 3141 934 incipit
3169 881 3203 919 a
3234 863 3507 922 Kalendis
3549 868 3810 942 Septem-

2162 943 2284 999 bris
2314 946 2578 1016 ejusdem
2613 948 2754 1003 anni
2783 951 2943 1021 1143,
2977 953 3078 1007 sed
3102 952 3810 1025 inceperatabsKalendis

2163 1033 2522 1105 Septembris
2561 1037 2698 1091 anni
2750 1039 3074 1111 superioris
3122 1041 3281 1110 4142,
3333 1044 3406 1098 ab
3463 1045 3810 1119 eisdemque

2159 1121 2396 1178 initium
2428 1123 2606 1180 etiam
2637 1132 2970 1198 sumpserat
3017 1129 3256 1186 indictio
3316 1137 3501 1199 sexta,
3560 1140 3618 1191 et
3678 1137 3804 1209 ipse

2161 1228 2352 1267 annus
2381 1214 2810 1270 Incarnationis
2832 1217 2991 1284 1143,
3016 1218 3181 1288 juxta
3232 1237 3453 1277 morem
3474 1222 3807 1282 Graecorum

2158 1299 2320 1356 Hanc
2348 1300 2588 1356 demum
2621 1320 2909 1359 annorum
2927 1307 3345 1364 connexionem
3371 1311 3806 1370 evidentissima

2159 1389 2268 1444 sub
2300 1388 2501 1446 oculos
2532 1390 2698 1446 offert
2753 1391 2987 1450 initium
3038 1395 3254 1454 tabulae
3310 1401 3630 1470 sequentis,
3680 1418 3806 1472 quae

2158 1482 2385 1550 prostat
2415 1479 2476 1533 in
2506 1479 2772 1550 ejusdem
2802 1483 2967 1556 Pagii
2997 1483 3417 1544 Dissertations
3446 1489 3519 1546 de
3567 1491 3807 1562 periodo

2155 1568 2670 1624 Graeco-Romana.

2201 1719 2315 1759 Anni
2344 1720 2641 1761 incarnationis
2672 1721 2898 1763 secundum

2309 1735 2315 1758 ι
2344 1735 2641 1761 ιηοαι-ηειιοηιε
2672 1735 2784 1761 secul

2309 1779 2398 1842 Cp.
2432 1795 2463 1830 a
2493 1781 2606 1830 Kal.
2639 1782 2784 1846 Sept.

2318 1871 2456 1920 Ante
2483 1871 2770 1922 Christum.

3246 1729 3574 1780 Indictiones

3229 1803 3260 1839 a
3295 1791 3408 1841 Kal.
3441 1791 3585 1856 Sept.

2453 3008 2588 3054 1261.
2946 3008 2958 3056 Ι
3355 3011 3402 3056 4.

2451 3070 2588 3117 1262.
2944 3070 2955 3121 Ι
3351 3074 3396 3121 5.

449 3224 548 3280 22
583 3219 774 3277 Licuit
821 3219 880 3271 in
931 3213 1148 3271 tabella
1197 3211 1282 3268 sic
1341 3226 1528 3264 annos
1576 3207 1906 3278 disponere,
1959 3213 2024 3263 ut
2053 3214 2100 3278 B
2130 3212 2271 3265 anni
2298 3212 2434 3264 6571
2470 3210 2668 3281 (Cristi
2698 3212 2878 3280 1063),
2919 3212 3216 3268 indictione
3261 3229 3468 3284 prima.
3519 3213 3628 3268 Sed
3677 3229 3780 3267 an-

373 3313 572 3368 statim
620 3309 708 3365 vel
756 3305 908 3362 oculi
971 3301 1326 3358 intuentium
1395 3296 1856 3368 deprehendant,
1905 3297 2023 3352 dati

370 3402 510 3458 anni
539 3394 1155 3466 Constantinopolitani,
1184 3390 1303 3445 sive
1351 3388 1567 3450 mundi,
1595 3387 1715 3441 sive
1760 3388 2022 3442 Incarna-

373 3491 566 3555 tionis,
637 3501 870 3542 menses
930 3486 1183 3553 quatuor
1214 3479 1458 3550 priores,
1491 3493 1742 3546 quorum
1799 3477 2024 3545 primus

376 3578 692 3647 September
721 3577 828 3644 est,
863 3570 1024 3627 alteri
1059 3566 1354 3624 conveniri
1377 3582 1532 3620 anno
1565 3564 1938 3636 Dionysiano,
1971 3571 2026 3619 et

377 3667 546 3724 alteri
580 3679 811 3720 menses
851 3665 978 3716 octo
1039 3657 1388 3731 posteriores
1443 3671 1556 3725 quo
1613 3657 1789 3708 etiam
1853 3654 2024 3709 modo

373 3755 691 3828 dispositas
718 3752 881 3807 vides
913 3747 1280 3803 indictiones.
1313 3746 1643 3800 Graecorum
1676 3759 1835 3797 more
1865 3759 2021 3797 com-

373 3849 628 3918 putatas.
663 3842 954 3906 Quorsum
984 3852 1118 3892 vero
1149 3835 1270 3889 haec
1299 3833 1496 3889 omnia
1527 3832 1837 3902 caeteroqui
1887 3831 2024 3885 trita

369 3951 437 3990 ac
467 3932 750 4004 vulgaria,
804 3929 1018 3983 iterum
1074 3923 1254 3979 veluti
1314 3919 1908 3977 recocta?Nimirum
1959 3925 2024 3974 ut

367 4020 645 4078 ﬁdentius
676 4013 1200 4086 asseram,regulas
1231 4029 1264 4066 a
1293 4010 1601 4082 Beveregio
1639 4013 1888 4064 statutas
1919 4014 2021 4063 aut

367 4111 860 4182 abjiciendas,aut
885 4104 1082 4176 aliquo
1112 4101 1488 4172 corrigendae
1519 4100 1725 4154 modo:
1754 4098 2020 4169 Itemque

366 4207 434 4256 ut
463 4200 624 4255 omni
658 4197 820 4253 salva
843 4210 980 4266 erga
1010 4191 1164 4246 viros
1197 4188 1575 4245 doctissimos
1598 4187 2019 4255 reverentia,de

365 4288 610 4346 calculis
641 4301 842 4343 eorum
875 4281 977 4355 qui
1005 4298 1039 4336 a
1069 4279 1285 4336 nostris
1317 4275 1542 4333 dissoni
1593 4279 1749 4342 sunt,
1783 4279 2015 4330 senten-

363 4380 514 4435 tiam
543 4377 757 4433 dicam.

437 4461 953 4523 Montt'auconnius
999 4455 1442 4528 Palaographize
1499 4455 1704 4508 Graecae
1778 4452 1926 4507 libro
1972 4469 2012 4521 1,

362 4557 554 4628 capite
582 4557 635 4622 6,
670 4558 894 4610 veteres
926 4546 1305 4620 quamplures
1336 4561 1477 4599 mss.
1512 4542 1739 4597 codices
1784 4543 2011 4596 Graecos

362 4649 629 4700 recenset
661 4659 674 4696 :
709 4646 997 4710 notasque
1029 4634 1334 4692 chronicas
1367 4633 1532 4688 aii‘ert
1565 4647 1690 4702 quae
1723 4629 1783 4684 in
1814 4630 1886 4685 iis
1917 4645 2009 4684 oc-

360 4737 624 4791 currunt.
659 4736 797 4802 Pag.
831 4730 900 4782 45
932 4747 944 4784 :
977 4727 1031 4781 Is
1059 4725 1335 4781 absolutus
1363 4724 1470 4793 fuit
1519 4737 1663 4775 anno
1721 4719 1862 4773 6594
1893 4718 2014 4786 (hoc

363 4833 446 4878 est
478 4822 684 4877 Christi
711 4820 858 4890 986).
891 4818 1084 4872 Mensis
1113 4813 1429 4870 Novembris
1459 4812 1548 4865 27.
1608 4811 1772 4864 Feria
1808 4808 2010 4863 hebdo-

363 4912 542 4967 madis
571 4913 750 4966 sexta.
792 4907 985 4962 Verba
1026 4902 1258 4958 lineolis
1316 4899 1545 4955 inclusa
1603 4898 1876 4969 apposuit
1922 4897 2010 4951 vir

365 5000 766 5057 doctissimus.
805 4999 1040 5052 Annum
1088 5010 1192 5066 ego
1241 4992 1346 5045 985
1403 4987 1832 5044 enuntiandum
1881 5001 2009 5041 esse

362 5089 500 5146 aio:
544 5088 720 5160 idque
771 5083 1066 5156 colligitur
1123 5099 1191 5137 ex
1247 5079 1341 5135 die
1387 5080 1456 5132 27
1501 5077 1820 5132 Novembris
1865 5077 2009 5147 feria

356 5182 536 5245 sexta,
568 5182 773 5230 Annus
803 5174 910 5228 986
941 5171 1168 5243 cyclum
1220 5168 1361 5225 solis
1412 5167 1590 5222 habet
1634 5183 1706 5220 xv
1749 5170 1805 5220 et
1856 5164 2009 5219 litte-

359 5285 481 5322 ram
515 5265 934 5322 Dominicalem
967 5262 1028 5328 C,
1073 5276 1197 5330 qua:
1238 5258 1296 5311 in
1353 5255 1700 5311 Kalendarin
1752 5254 1907 5308 diem
1938 5254 2007 5305 27

354 5356 700 5412 Novembris
731 5352 985 5408 ostendit
1015 5366 1144 5403 esse
1196 5348 1518 5402 Sabbatum
1553 5363 1564 5399 :
1599 5352 1657 5399 at
1687 5343 1882 5414 cyclus
1914 5359 2006 5396 so-

355 5444 429 5500 lis
460 5462 552 5500 x1v
590 5450 647 5499 et
693 5443 888 5496 littera
934 5435 1317 5495 Dominicalis
1368 5435 1411 5488 D
1468 5435 1525 5488 in
1577 5450 1730 5488 anno
1776 5433 1901 5495 985,
1933 5429 2004 5484 ad

355 5534 560 5592 eadem
612 5531 956 5590 Novembris
1004 5528 1151 5582 diem
1195 5527 1264 5578 27
1335 5523 1593 5578 referunt
1637 5525 1834 5593 feriam
1882 5543 2006 5582 sex—

358 5631 568 5783 tagag.
599 5710 672 5766 52
695 5727 708 5771 :
731 5710 925 5768 Mensis
953 5705 1267 5765 Novembris
1295 5703 1545 5776 septima,
1567 5704 1714 5776 feria
1737 5705 2000 5778 quinta...

2135 3317 2276 3354 num
2311 3301 2449 3353 1062
2479 3299 2692 3354 evincit
2733 3301 2962 3354 indictio
3007 3303 3213 3371 prima,
3249 3319 3376 3372 quas
3428 3318 3461 3356 a
3508 3301 3784 3356 Kalendis

2133 3387 2493 3460 Septembris
2519 3390 2782 3457 ejusdem
2815 3389 2954 3442 anni
2984 3389 3120 3444 1062
3150 3390 3386 3462 incepit.
3413 3392 3616 3445 Annus
3641 3391 3781 3445 1062

2136 3482 2370 3532 notatur
2401 3477 2591 3532 littera
2630 3477 2975 3532 Dominicali
3026 3479 3067 3532 F
3115 3484 3171 3534 et
3220 3496 3412 3535 annus
3462 3479 3781 3550 insequens

2137 3567 2276 3619 1063
2305 3565 2497 3620 littera
2526 3566 2874 3620 Dominicali
2906 3567 2967 3621 E.
3002 3567 3103 3622 Illo
3134 3585 3288 3634 vero,
3353 3585 3467 3622 non
3531 3567 3644 3623 ista
3699 3570 3782 3639 [e-

2133 3657 2279 3709 riam
2308 3656 2562 3725 quintam
2591 3654 2777 3726 illigat
2806 3671 2939 3709 cum
2972 3656 3065 3710 die
3094 3657 3327 3727 septima
3355 3657 3691 3711 Novembris.

2204 3745 2342 3816 Pag.
2372 3744 2442 3797 58
2474 3763 2489 3796 :
2521 3745 2619 3799 Die
2646 3746 2718 3798 20
2746 3745 3230 3816 Novembris,/eria
3258 3753 3596 3812 sexta,anno
3617 3747 3782 3813 6634,

2133 3832 2211 3905 (id
2240 3842 2316 3888 est
2346 3833 2560 3888 Christi
2617 3834 2774 3905 1126)
2825 3834 3124 3889 indictione
3170 3837 3390 3906 quarta.
3449 3835 3665 3890 Iterum
3698 3837 3784 3890 in-

2130 3922 2294 3977 dictio
2312 3925 2510 3992 quarta
2541 3939 2759 3976 annum
2793 3923 3026 3978 exhibet
3057 3924 3216 3990 1126,
3266 3923 3563 3996 inceptum
3619 3941 3782 3980 more

2131 4011 2462 4066 Gracorum
2495 4027 2528 4064 a
2558 4009 2832 4066 Kalendis
2854 4010 3216 4082 Septembris
3237 4013 3374 4066 anni
3397 4013 3780 4084 praecedentis

2132 4101 2287 4154 1125.
2321 4099 2546 4154 Feriam
2577 4117 2708 4154 vero
2765 4104 2979 4154 sextam
3035 4116 3168 4155 cum
3227 4100 3317 4155 die
3343 4101 3415 4154 20
3463 4102 3779 4157 Novembris

2127 4188 2348 4244 indicat
2395 4188 2590 4244 littera
2643 4189 3018 4245 Dominicalis
3076 4194 3119 4243 D
3177 4189 3317 4244 anni
3368 4190 3526 4259 1124,
3585 4207 3701 4246 non
3734 4192 3776 4247 C

2127 4277 2264 4332 anni
2303 4278 2456 4334 1126.

2195 4370 2334 4438 Pag.
2367 4367 2430 4420 61
2470 4383 2482 4420 :
2517 4363 2840 4434 Ἐτελειώθη
2885 4362 2942 4418 δὲ
2981 4363 3033 4420 ἐν
3097 4359 3199 4419 ἔτει
3256 4369 3334 4437 τῷ
3395 4365 3498 4418 ἀπὸ
3550 4363 3774 4426 κτίσεως

2122 4453 2330 4526 κόσμου
2361 4454 2550 4527 ,ςχοςᾏ
2571 4450 2674 4508 ἷνδ.
2710 4454 2774 4510 α’.
2796 4451 2961 4522 ἡλίου
2993 4452 3183 4527 κύκλῳ
3218 4455 3307 4530 ιβ’,
3341 4451 3579 4524 σελήνης
3615 4455 3672 4526 ζ,
3699 4454 3774 4516 εἷς

2120 4542 2214 4603 τὰς
2248 4538 2427 4594 ιδ’τοῦ
2478 4535 2840 4614 Δεκεμϐμίου,
2890 4542 3072 4618 ἡμέρᾳ
3115 4545 3171 4600 ε’.
3225 4545 3533 4615 Completus
3593 4553 3776 4600 autem

2123 4637 2201 4687 est
2229 4647 2374 4687 anno
2422 4650 2456 4686 a
2512 4633 2789 4686 creatione
2843 4634 3040 4688 mundi
3091 4635 3237 4688 6676
3302 4633 3529 4704 (Christi
3588 4634 3770 4705 1168),

2121 4721 2314 4777 indici.
2353 4722 2402 4785 1,
2435 4721 2577 4793 cycli
2628 4722 2762 4775 satis
2810 4722 2869 4786 X,
2920 4723 3074 4778 tunae
3125 4721 3232 4788 VII,
3281 4721 3586 4777 Decembris
3627 4723 3775 4793 feria

2120 4812 2171 4865 4.
2207 4810 2313 4865 Ubi
2343 4811 2529 4880 cyclus
2558 4811 2687 4865 solis
2709 4827 2776 4865 ex
2801 4814 2995 4866 Graeco
3015 4816 3173 4866 textu
3198 4811 3531 4866 reddendus
3565 4816 3767 4881 estxu,

2119 4901 2378 4971 itemque
2407 4899 2561 4970 feria
2597 4900 2635 4954 V
2663 4900 3083 4967 enumeranda,
3120 4916 3185 4955 ac
3225 4901 3462 4955 demum
3501 4900 3771 4956 addenda

2118 4989 2235 5044 dies
2269 4989 2335 5041 14
2369 4987 2700 5043 Decembris.
2737 4988 3034 5059 Imprimis
3067 5005 3266 5044 mense
3313 4990 3597 5044 Decembri
3627 4989 3770 5044 anni

2117 5077 2336 5134 Juliani
2371 5077 2506 5131 1168
2530 5078 2655 5147 jam
2689 5094 2722 5131 a
2753 5078 3074 5148 Septembri
3111 5079 3456 5150 praecedenti
3497 5078 3768 5134 currebat

2117 5165 2798 5237 Constantinopolitanus
2831 5184 3022 5222 annus
3047 5167 3208 5235 6677,
3260 5169 3414 5240 quod
3465 5167 3640 5222 etiam
3690 5169 3764 5223 ad

2117 5256 2391 5311 eumdem
2425 5271 2645 5309 annum
2676 5255 2892 5310 Sethus
2923 5255 3211 5312 Calvisius
3265 5257 3506 5311 adnotat
3539 5256 3768 5312 :Annus

2119 5346 2754 5414 Constantinopotitanus
2785 5347 2925 5399 6677
2977 5347 3173 5417 incipit
3213 5344 3470 5400 Kalendis
3519 5343 3764 5402 Octobris

2115 5436 2264 5504 (lege
2295 5438 2358 5486 tu
2395 5433 2764 5502 Septembris).
2799 5435 3050 5490 Consule
3084 5435 3324 5507 Pagium
3350 5435 3408 5488 in
3443 5435 3762 5492 Dissert.de

2115 5521 2357 5577 Periodo
2391 5521 2884 5580 Graeco-Romana
2915 5526 3012 5580 23
3045 5542 3079 5579 a
3108 5540 3272 5578 num.
3306 5525 3377 5577 70
3407 5528 3464 5579 et
3495 5525 3757 5580 num.95.

2115 5613 2315 5682 Itaque
2336 5627 2527 5666 annus
2549 5611 3234 5685 Constantinopolitanus
3251 5613 3392 5666 6676
3423 5629 3456 5667 a
3481 5611 3760 5671 Kalendis

2112 5699 2475 5774 Septembris
2505 5700 2883 5759 anniJuliani
2915 5704 3054 5759 1167
3083 5702 3398 5775 inceperat,
3449 5700 3754 5759 currebat-
