  <div class='ocr_page' id='page_1' title='image "/cluster/home/n/w/nwhite01/storage/ocr_20150623/142/coo.31924054870476/028.png"; bbox 0 0 4090 6436; ppageno 0'>
   <div class='ocr_carea' id='block_1_1' title="bbox 291 366 3702 432">
    <p class='ocr_par' dir='ltr' id='par_1_1' title="bbox 291 366 3702 432">
     <span class='ocr_line' id='line_1_1' title="bbox 291 366 3702 432; baseline 0.003 -9"><span class='ocrx_word' id='word_1_1' title='bbox 291 366 354 424; x_wconf 65' lang='grc'>41</span> <span class='ocrx_word' id='word_1_2' title='bbox 1690 368 1869 429; x_wconf 84' lang='lat' dir='ltr'><strong>VI&#39;I‘A</strong></span> <span class='ocrx_word' id='word_1_3' title='bbox 1885 413 1898 428; x_wconf 97' lang='lat'><strong>.</strong></span> <span class='ocrx_word' id='word_1_4' title='bbox 1932 404 2007 415; x_wconf 91' lang='lat'><strong><em>—</em></strong></span> <span class='ocrx_word' id='word_1_5' title='bbox 2046 373 2298 431; x_wconf 76' lang='lat' dir='ltr'><strong>NOT/E.</strong></span> <span class='ocrx_word' id='word_1_6' title='bbox 3621 377 3702 432; x_wconf 74' lang='lat'><strong>42</strong></span> 
     </span>
    </p>
   </div>
   <div class='ocr_carea' id='block_1_2' title="bbox 299 497 3706 575">
    <p class='ocr_par' dir='ltr' id='par_1_2' title="bbox 299 497 3706 575">
     <span class='ocr_line' id='line_1_2' title="bbox 299 497 3706 575; baseline 0.003 -24"><span class='ocrx_word' id='word_1_7' title='bbox 299 513 406 568; x_wconf 89' lang='lat' dir='ltr'><strong>que</strong></span> <span class='ocrx_word' id='word_1_8' title='bbox 431 512 628 552; x_wconf 89' lang='lat' dir='ltr'><strong>mense</strong></span> <span class='ocrx_word' id='word_1_9' title='bbox 663 497 963 552; x_wconf 82' lang='lat' dir='ltr'><strong>Decembri</strong></span> <span class='ocrx_word' id='word_1_10' title='bbox 980 497 1244 567; x_wconf 85' lang='lat' dir='ltr'><strong>ejusdem</strong></span> <span class='ocrx_word' id='word_1_11' title='bbox 1275 501 1433 553; x_wconf 84' lang='lat' dir='ltr'><strong>anni.</strong></span> <span class='ocrx_word' id='word_1_12' title='bbox 1470 499 1610 553; x_wconf 83' lang='lat' dir='ltr'><strong>Rem</strong></span> <span class='ocrx_word' id='word_1_13' title='bbox 1634 500 1942 554; x_wconf 78' lang='lat' dir='ltr'><strong>conﬁrmat</strong></span> <span class='ocrx_word' id='word_1_14' title='bbox 1970 505 2024 568; x_wconf 81' lang='grc' dir='ltr'><strong>Α</strong></span> <span class='ocrx_word' id='word_1_15' title='bbox 2055 503 2274 556; x_wconf 74' lang='lat' dir='ltr'><strong>neniam</strong></span> <span class='ocrx_word' id='word_1_16' title='bbox 2302 504 2648 574; x_wconf 75' lang='lat' dir='ltr'><strong>gratiamque</strong></span> <span class='ocrx_word' id='word_1_17' title='bbox 2674 519 2805 572; x_wconf 86' lang='lat' dir='ltr'><strong>erga</strong></span> <span class='ocrx_word' id='word_1_18' title='bbox 2836 504 3164 560; x_wconf 86' lang='lat' dir='ltr'><strong>Holobolum</strong></span> <span class='ocrx_word' id='word_1_19' title='bbox 3179 514 3334 559; x_wconf 82' lang='lat' dir='ltr'><strong>tuam</strong></span> <span class='ocrx_word' id='word_1_20' title='bbox 3360 508 3706 575; x_wconf 75' lang='lat' dir='ltr'><strong>permittens.</strong></span> 
     </span>
    </p>
   </div>
   <div class='ocr_carea' id='block_1_3' title="bbox 299 585 1943 657">
    <p class='ocr_par' dir='ltr' id='par_1_3' title="bbox 299 585 1943 657">
     <span class='ocr_line' id='line_1_3' title="bbox 299 585 1943 657; baseline 0.001 -17"><span class='ocrx_word' id='word_1_21' title='bbox 299 585 512 640; x_wconf 80' lang='lat' dir='ltr'><strong>indictio</strong></span> <span class='ocrx_word' id='word_1_22' title='bbox 539 586 755 656; x_wconf 81' lang='lat' dir='ltr'><strong>prima,</strong></span> <span class='ocrx_word' id='word_1_23' title='bbox 789 602 920 657; x_wconf 64' lang='lat' dir='ltr'><strong>quae</strong></span> <span class='ocrx_word' id='word_1_24' title='bbox 957 586 1130 656; x_wconf 81' lang='lat' dir='ltr'><strong>juxta</strong></span> <span class='ocrx_word' id='word_1_25' title='bbox 1171 586 1501 642; x_wconf 69' lang='lat' dir='ltr'><strong>Graecorum</strong></span> <span class='ocrx_word' id='word_1_26' title='bbox 1555 604 1776 644; x_wconf 90' lang='lat' dir='ltr'><strong>morem</strong></span> <span class='ocrx_word' id='word_1_27' title='bbox 1811 605 1943 643; x_wconf 89' lang='lat' dir='ltr'><strong>cum</strong></span> 
     </span>
    </p>
   </div>
   <div class='ocr_carea' id='block_1_4' title="bbox 298 674 1945 747">
    <p class='ocr_par' dir='ltr' id='par_1_4' title="bbox 298 674 1945 747">
     <span class='ocr_line' id='line_1_4' title="bbox 298 674 1945 747; baseline 0.001 -19"><span class='ocrx_word' id='word_1_28' title='bbox 298 691 432 730; x_wconf 86' lang='lat' dir='ltr'><strong>novo</strong></span> <span class='ocrx_word' id='word_1_29' title='bbox 462 691 618 730; x_wconf 86' lang='lat' dir='ltr'><strong>anno</strong></span> <span class='ocrx_word' id='word_1_30' title='bbox 649 674 727 729; x_wconf 87' lang='lat' dir='ltr'><strong>ab</strong></span> <span class='ocrx_word' id='word_1_31' title='bbox 755 674 982 730; x_wconf 86' lang='lat' dir='ltr'><strong>eisdem</strong></span> <span class='ocrx_word' id='word_1_32' title='bbox 1031 675 1301 731; x_wconf 79' lang='lat' dir='ltr'><strong>Kalendis</strong></span> <span class='ocrx_word' id='word_1_33' title='bbox 1333 677 1775 747; x_wconf 87' lang='lat' dir='ltr'><strong>Septembribus</strong></span> <span class='ocrx_word' id='word_1_34' title='bbox 1807 677 1945 731; x_wconf 91' lang='lat' dir='ltr'><strong>anni</strong></span> 
     </span>
    </p>
   </div>
   <div class='ocr_carea' id='block_1_5' title="bbox 299 763 1947 835">
    <p class='ocr_par' dir='ltr' id='par_1_5' title="bbox 299 763 1947 835">
     <span class='ocr_line' id='line_1_5' title="bbox 299 763 1947 835; baseline 0.001 -17"><span class='ocrx_word' id='word_1_35' title='bbox 299 765 424 818; x_wconf 89' lang='lat'><strong>1167</strong></span> <span class='ocrx_word' id='word_1_36' title='bbox 453 763 694 819; x_wconf 86' lang='lat' dir='ltr'><strong>initium</strong></span> <span class='ocrx_word' id='word_1_37' title='bbox 750 768 1110 835; x_wconf 80' lang='lat' dir='ltr'><strong>sumpserat.</strong></span> <span class='ocrx_word' id='word_1_38' title='bbox 1141 765 1378 822; x_wconf 84' lang='lat' dir='ltr'><strong>Accedit</strong></span> <span class='ocrx_word' id='word_1_39' title='bbox 1425 766 1848 822; x_wconf 84' lang='lat' dir='ltr'><strong>demonstratio</strong></span> <span class='ocrx_word' id='word_1_40' title='bbox 1880 782 1947 821; x_wconf 84' lang='lat' dir='ltr'><strong>ex</strong></span> 
     </span>
    </p>
   </div>
   <div class='ocr_carea' id='block_1_6' title="bbox 291 853 1945 925">
    <p class='ocr_par' dir='ltr' id='par_1_6' title="bbox 291 853 1945 925">
     <span class='ocr_line' id='line_1_6' title="bbox 291 853 1945 925; baseline 0 -17"><span class='ocrx_word' id='word_1_41' title='bbox 291 855 425 924; x_wconf 85' lang='lat' dir='ltr'><strong>feria</strong></span> <span class='ocrx_word' id='word_1_42' title='bbox 460 854 518 919; x_wconf 77' lang='grc' dir='ltr'><strong>γ,</strong></span> <span class='ocrx_word' id='word_1_43' title='bbox 566 870 698 925; x_wconf 72' lang='grc' dir='ltr'><strong>ῳ]εο</strong></span> <span class='ocrx_word' id='word_1_44' title='bbox 752 869 928 921; x_wconf 90' lang='lat' dir='ltr'><strong>anno,</strong></span> <span class='ocrx_word' id='word_1_45' title='bbox 962 868 1080 908; x_wconf 92' lang='lat' dir='ltr'><strong>non</strong></span> <span class='ocrx_word' id='word_1_46' title='bbox 1138 854 1291 919; x_wconf 84' lang='grc'>1168,</span> <span class='ocrx_word' id='word_1_47' title='bbox 1325 854 1427 908; x_wconf 91' lang='lat' dir='ltr'><strong>sed</strong></span> <span class='ocrx_word' id='word_1_48' title='bbox 1464 855 1601 908; x_wconf 86' lang='lat'><strong>1167</strong></span> <span class='ocrx_word' id='word_1_49' title='bbox 1651 854 1857 908; x_wconf 87' lang='lat' dir='ltr'><strong>incidit</strong></span> <span class='ocrx_word' id='word_1_50' title='bbox 1885 853 1945 908; x_wconf 92' lang='lat' dir='ltr'><strong>in</strong></span> 
     </span>
    </p>
   </div>
   <div class='ocr_carea' id='block_1_7' title="bbox 293 941 1944 1014">
    <p class='ocr_par' dir='ltr' id='par_1_7' title="bbox 293 941 1944 1014">
     <span class='ocr_line' id='line_1_7' title="bbox 293 941 1944 1014; baseline 0 -18"><span class='ocrx_word' id='word_1_51' title='bbox 293 941 426 997; x_wconf 84' lang='lat' dir='ltr'><strong>diem</strong></span> <span class='ocrx_word' id='word_1_52' title='bbox 454 942 525 996; x_wconf 84' lang='grc'>14</span> <span class='ocrx_word' id='word_1_53' title='bbox 571 942 904 998; x_wconf 85' lang='lat' dir='ltr'><strong>Decembris.</strong></span> <span class='ocrx_word' id='word_1_54' title='bbox 938 945 1148 997; x_wconf 86' lang='lat' dir='ltr'><strong>Annus</strong></span> <span class='ocrx_word' id='word_1_55' title='bbox 1191 943 1329 996; x_wconf 91' lang='lat'><strong>1168</strong></span> <span class='ocrx_word' id='word_1_56' title='bbox 1378 942 1698 1014; x_wconf 87' lang='lat' dir='ltr'><strong>insignitus</strong></span> <span class='ocrx_word' id='word_1_57' title='bbox 1745 957 1944 1014; x_wconf 92' lang='lat' dir='ltr'><strong>proce-</strong></span> 
     </span>
    </p>
   </div>
   <div class='ocr_carea' id='block_1_8' title="bbox 291 1029 1946 1101">
    <p class='ocr_par' dir='ltr' id='par_1_8' title="bbox 291 1029 1946 1101">
     <span class='ocr_line' id='line_1_8' title="bbox 291 1029 1946 1101; baseline -0.001 -15"><span class='ocrx_word' id='word_1_58' title='bbox 291 1031 454 1086; x_wconf 86' lang='lat' dir='ltr'><strong>debat</strong></span> <span class='ocrx_word' id='word_1_59' title='bbox 484 1029 686 1086; x_wconf 87' lang='lat' dir='ltr'><strong>littera</strong></span> <span class='ocrx_word' id='word_1_60' title='bbox 739 1029 1079 1086; x_wconf 89' lang='lat' dir='ltr'><strong>Dominicali</strong></span> <span class='ocrx_word' id='word_1_61' title='bbox 1113 1031 1223 1101; x_wconf 88' lang='lat' dir='ltr'><strong>GF,</strong></span> <span class='ocrx_word' id='word_1_62' title='bbox 1257 1031 1414 1086; x_wconf 84' lang='lat' dir='ltr'><strong>unde</strong></span> <span class='ocrx_word' id='word_1_63' title='bbox 1457 1031 1582 1086; x_wconf 90' lang='lat' dir='ltr'><strong>dies</strong></span> <span class='ocrx_word' id='word_1_64' title='bbox 1612 1031 1946 1087; x_wconf 84' lang='lat' dir='ltr'><strong>Decembris</strong></span> 
     </span>
    </p>
   </div>
   <div class='ocr_carea' id='block_1_9' title="bbox 286 1119 1946 1190">
    <p class='ocr_par' dir='ltr' id='par_1_9' title="bbox 286 1119 1946 1190">
     <span class='ocr_line' id='line_1_9' title="bbox 286 1119 1946 1190; baseline -0.003 -15"><span class='ocrx_word' id='word_1_65' title='bbox 286 1119 602 1175; x_wconf 82' lang='lat' dir='ltr'><strong>duodecima</strong></span> <span class='ocrx_word' id='word_1_66' title='bbox 633 1119 746 1174; x_wconf 84' lang='lat' dir='ltr'><strong>fuit</strong></span> <span class='ocrx_word' id='word_1_67' title='bbox 772 1121 920 1189; x_wconf 85' lang='lat' dir='ltr'><strong>feria</strong></span> <span class='ocrx_word' id='word_1_68' title='bbox 947 1121 1165 1190; x_wconf 88' lang='lat' dir='ltr'><strong>quinta.</strong></span> <span class='ocrx_word' id='word_1_69' title='bbox 1212 1121 1382 1174; x_wconf 88' lang='lat' dir='ltr'><strong>Anno</strong></span> <span class='ocrx_word' id='word_1_70' title='bbox 1414 1119 1776 1190; x_wconf 67' lang='lat' dir='ltr'><strong>pracedente</strong></span> <span class='ocrx_word' id='word_1_71' title='bbox 1809 1119 1946 1174; x_wconf 87' lang='lat'><strong>1167</strong></span> 
     </span>
    </p>
   </div>
   <div class='ocr_carea' id='block_1_10' title="bbox 290 1206 1950 1278">
    <p class='ocr_par' dir='ltr' id='par_1_10' title="bbox 290 1206 1950 1278">
     <span class='ocr_line' id='line_1_10' title="bbox 290 1206 1950 1278; baseline -0.001 -15"><span class='ocrx_word' id='word_1_72' title='bbox 290 1209 559 1263; x_wconf 87' lang='lat' dir='ltr'><strong>currebat</strong></span> <span class='ocrx_word' id='word_1_73' title='bbox 587 1208 784 1263; x_wconf 86' lang='lat' dir='ltr'><strong>littera</strong></span> <span class='ocrx_word' id='word_1_74' title='bbox 809 1206 1186 1263; x_wconf 90' lang='lat' dir='ltr'><strong>Dominicalis</strong></span> <span class='ocrx_word' id='word_1_75' title='bbox 1206 1210 1273 1278; x_wconf 82' lang='lat' dir='ltr'><strong>A,</strong></span> <span class='ocrx_word' id='word_1_76' title='bbox 1300 1224 1428 1278; x_wconf 81' lang='lat' dir='ltr'><strong>quae</strong></span> <span class='ocrx_word' id='word_1_77' title='bbox 1455 1210 1666 1278; x_wconf 82' lang='lat' dir='ltr'><strong>feriam</strong></span> <span class='ocrx_word' id='word_1_78' title='bbox 1695 1209 1950 1278; x_wconf 75' lang='lat' dir='ltr'><strong>quintam</strong></span> 
     </span>
    </p>
   </div>
   <div class='ocr_carea' id='block_1_11' title="bbox 290 1296 1947 1365">
    <p class='ocr_par' dir='ltr' id='par_1_11' title="bbox 290 1296 1947 1365">
     <span class='ocr_line' id='line_1_11' title="bbox 290 1296 1947 1365; baseline -0.002 -13"><span class='ocrx_word' id='word_1_79' title='bbox 290 1298 582 1353; x_wconf 87' lang='lat' dir='ltr'><strong>connectit</strong></span> <span class='ocrx_word' id='word_1_80' title='bbox 625 1313 754 1352; x_wconf 89' lang='lat' dir='ltr'><strong>cum</strong></span> <span class='ocrx_word' id='word_1_81' title='bbox 801 1297 891 1352; x_wconf 85' lang='lat' dir='ltr'><strong>die</strong></span> <span class='ocrx_word' id='word_1_82' title='bbox 940 1297 1007 1352; x_wconf 88' lang='grc'><strong>14</strong></span> <span class='ocrx_word' id='word_1_83' title='bbox 1054 1296 1387 1351; x_wconf 77' lang='lat' dir='ltr'><strong>Decembris.</strong></span> <span class='ocrx_word' id='word_1_84' title='bbox 1449 1296 1709 1365; x_wconf 85' lang='lat' dir='ltr'><strong>Denique</strong></span> <span class='ocrx_word' id='word_1_85' title='bbox 1756 1312 1947 1351; x_wconf 87' lang='lat' dir='ltr'><strong>annus</strong></span> 
     </span>
    </p>
   </div>
   <div class='ocr_carea' id='block_1_12' title="bbox 290 1384 1948 1458">
    <p class='ocr_par' dir='ltr' id='par_1_12' title="bbox 290 1384 1948 1458">
     <span class='ocr_line' id='line_1_12' title="bbox 290 1384 1948 1458; baseline -0.001 -17"><span class='ocrx_word' id='word_1_86' title='bbox 290 1386 686 1458; x_wconf 81' lang='lat' dir='ltr'><strong>Dionysianus</strong></span> <span class='ocrx_word' id='word_1_87' title='bbox 731 1387 871 1440; x_wconf 89' lang='lat'><strong>1168</strong></span> <span class='ocrx_word' id='word_1_88' title='bbox 919 1389 979 1441; x_wconf 91' lang='lat' dir='ltr'><strong>et</strong></span> <span class='ocrx_word' id='word_1_89' title='bbox 1027 1401 1218 1441; x_wconf 91' lang='lat' dir='ltr'><strong>annus</strong></span> <span class='ocrx_word' id='word_1_90' title='bbox 1265 1384 1948 1457; x_wconf 85' lang='lat' dir='ltr'><strong>Constantinopolitanus</strong></span> 
     </span>
    </p>
   </div>
   <div class='ocr_carea' id='block_1_13' title="bbox 287 1473 1948 1546">
    <p class='ocr_par' dir='ltr' id='par_1_13' title="bbox 287 1473 1948 1546">
     <span class='ocr_line' id='line_1_13' title="bbox 287 1473 1948 1546; baseline -0.001 -16"><span class='ocrx_word' id='word_1_91' title='bbox 287 1476 426 1530; x_wconf 82' lang='lat'><strong>6676</strong></span> <span class='ocrx_word' id='word_1_92' title='bbox 485 1475 713 1530; x_wconf 87' lang='lat' dir='ltr'><strong>habent</strong></span> <span class='ocrx_word' id='word_1_93' title='bbox 779 1475 998 1546; x_wconf 87' lang='lat' dir='ltr'><strong>cyclum</strong></span> <span class='ocrx_word' id='word_1_94' title='bbox 1045 1473 1192 1541; x_wconf 82' lang='lat' dir='ltr'><strong>solis,</strong></span> <span class='ocrx_word' id='word_1_95' title='bbox 1243 1473 1341 1528; x_wconf 92' lang='lat' dir='ltr'><strong>ille</strong></span> <span class='ocrx_word' id='word_1_96' title='bbox 1400 1477 1672 1545; x_wconf 87' lang='lat' dir='ltr'><strong>primum,</strong></span> <span class='ocrx_word' id='word_1_97' title='bbox 1733 1479 1790 1529; x_wconf 90' lang='lat' dir='ltr'><strong>et</strong></span> <span class='ocrx_word' id='word_1_98' title='bbox 1838 1474 1948 1529; x_wconf 90' lang='lat' dir='ltr'><strong>iste</strong></span> 
     </span>
    </p>
   </div>
   <div class='ocr_carea' id='block_1_14' title="bbox 287 1562 1948 1633">
    <p class='ocr_par' dir='ltr' id='par_1_14' title="bbox 287 1562 1948 1633">
     <span class='ocr_line' id='line_1_14' title="bbox 287 1562 1948 1633; baseline -0.003 -14"><span class='ocrx_word' id='word_1_99' title='bbox 287 1564 694 1630; x_wconf 81' lang='lat' dir='ltr'><strong>duodecimum,</strong></span> <span class='ocrx_word' id='word_1_100' title='bbox 726 1564 1116 1633; x_wconf 78' lang='lat' dir='ltr'><strong>eamdemque</strong></span> <span class='ocrx_word' id='word_1_101' title='bbox 1137 1563 1393 1619; x_wconf 78' lang='lat' dir='ltr'><strong>litteram</strong></span> <span class='ocrx_word' id='word_1_102' title='bbox 1418 1562 1840 1620; x_wconf 90' lang='lat' dir='ltr'><strong>Dominicalem</strong></span> <span class='ocrx_word' id='word_1_103' title='bbox 1860 1565 1948 1617; x_wconf 91' lang='lat' dir='ltr'><strong>GF</strong></span> 
     </span>
    </p>
   </div>
   <div class='ocr_carea' id='block_1_15' title="bbox 289 1651 1950 1723">
    <p class='ocr_par' dir='ltr' id='par_1_15' title="bbox 289 1651 1950 1723">
     <span class='ocr_line' id='line_1_15' title="bbox 289 1651 1950 1723; baseline -0.002 -15"><span class='ocrx_word' id='word_1_104' title='bbox 289 1671 322 1708; x_wconf 86' lang='lat' dir='ltr'><strong>a</strong></span> <span class='ocrx_word' id='word_1_105' title='bbox 347 1651 628 1708; x_wconf 78' lang='lat' dir='ltr'><strong>Kalendis</strong></span> <span class='ocrx_word' id='word_1_106' title='bbox 655 1651 955 1707; x_wconf 85' lang='lat' dir='ltr'><strong>Januariis</strong></span> <span class='ocrx_word' id='word_1_107' title='bbox 990 1667 1002 1705; x_wconf 94' lang='lat'>:</span> <span class='ocrx_word' id='word_1_108' title='bbox 1036 1655 1092 1706; x_wconf 88' lang='lat' dir='ltr'><strong>et</strong></span> <span class='ocrx_word' id='word_1_109' title='bbox 1121 1667 1272 1706; x_wconf 90' lang='lat' dir='ltr'><strong>anno</strong></span> <span class='ocrx_word' id='word_1_110' title='bbox 1304 1652 1647 1723; x_wconf 72' lang='lat' dir='ltr'><strong>praecedenti</strong></span> <span class='ocrx_word' id='word_1_111' title='bbox 1679 1651 1950 1707; x_wconf 89' lang='lat' dir='ltr'><strong>currebat</strong></span> 
     </span>
    </p>
   </div>
   <div class='ocr_carea' id='block_1_16' title="bbox 288 1738 1948 1814">
    <p class='ocr_par' dir='ltr' id='par_1_16' title="bbox 288 1738 1948 1814">
     <span class='ocr_line' id='line_1_16' title="bbox 288 1738 1948 1814; baseline -0.001 -17"><span class='ocrx_word' id='word_1_112' title='bbox 288 1741 487 1814; x_wconf 74' lang='lat' dir='ltr'><strong>cyclus</strong></span> <span class='ocrx_word' id='word_1_113' title='bbox 519 1739 665 1797; x_wconf 88' lang='lat' dir='ltr'><strong>solis</strong></span> <span class='ocrx_word' id='word_1_114' title='bbox 697 1739 1092 1811; x_wconf 87' lang='lat' dir='ltr'><strong>Dionysianus</strong></span> <span class='ocrx_word' id='word_1_115' title='bbox 1121 1738 1347 1794; x_wconf 87' lang='lat' dir='ltr'><strong>XXVIII</strong></span> <span class='ocrx_word' id='word_1_116' title='bbox 1379 1743 1434 1794; x_wconf 89' lang='lat' dir='ltr'><strong>et</strong></span> <span class='ocrx_word' id='word_1_117' title='bbox 1463 1741 1948 1811; x_wconf 90' lang='lat' dir='ltr'><strong>Constantinopo-</strong></span> 
     </span>
    </p>
   </div>
   <div class='ocr_carea' id='block_1_17' title="bbox 2056 591 3706 664">
    <p class='ocr_par' dir='ltr' id='par_1_17' title="bbox 2056 591 3706 664">
     <span class='ocr_line' id='line_1_17' title="bbox 2056 591 3706 664; baseline 0.003 -20"><span class='ocrx_word' id='word_1_118' title='bbox 2056 591 2256 645; x_wconf 87' lang='lat' dir='ltr'><strong>Plures</strong></span> <span class='ocrx_word' id='word_1_119' title='bbox 2289 592 2483 662; x_wconf 84' lang='lat' dir='ltr'><strong>itaque</strong></span> <span class='ocrx_word' id='word_1_120' title='bbox 2531 608 2716 647; x_wconf 88' lang='lat' dir='ltr'><strong>annos</strong></span> <span class='ocrx_word' id='word_1_121' title='bbox 2746 592 3253 664; x_wconf 85' lang='lat' dir='ltr'><strong>Constantinopoli</strong></span> <span class='ocrx_word' id='word_1_122' title='bbox 3287 593 3516 648; x_wconf 86' lang='lat' dir='ltr'><strong>scholas</strong></span> <span class='ocrx_word' id='word_1_123' title='bbox 3547 610 3706 649; x_wconf 83' lang='lat' dir='ltr'><strong>rexe-</strong></span> 
     </span>
    </p>
   </div>
   <div class='ocr_carea' id='block_1_18' title="bbox 2055 679 3708 752">
    <p class='ocr_par' dir='ltr' id='par_1_18' title="bbox 2055 679 3708 752">
     <span class='ocr_line' id='line_1_18' title="bbox 2055 679 3708 752; baseline 0.003 -20"><span class='ocrx_word' id='word_1_124' title='bbox 2055 684 2144 732; x_wconf 85' lang='lat' dir='ltr'><strong>rat</strong></span> <span class='ocrx_word' id='word_1_125' title='bbox 2172 679 2522 750; x_wconf 85' lang='lat' dir='ltr'><strong>Acropolita.</strong></span> <span class='ocrx_word' id='word_1_126' title='bbox 2556 679 2611 734; x_wconf 87' lang='lat' dir='ltr'>Is</span> <span class='ocrx_word' id='word_1_127' title='bbox 2642 680 2819 735; x_wconf 89' lang='lat' dir='ltr'><strong>etiam</strong></span> <span class='ocrx_word' id='word_1_128' title='bbox 2853 686 2960 745; x_wconf 93' lang='lat' dir='ltr'><strong>est,</strong></span> <span class='ocrx_word' id='word_1_129' title='bbox 2995 680 3095 751; x_wconf 90' lang='lat' dir='ltr'><strong>qui</strong></span> <span class='ocrx_word' id='word_1_130' title='bbox 3143 681 3235 736; x_wconf 89' lang='lat' dir='ltr'><strong>sui</strong></span> <span class='ocrx_word' id='word_1_131' title='bbox 3265 681 3545 752; x_wconf 89' lang='lat' dir='ltr'><strong>temporis</strong></span> <span class='ocrx_word' id='word_1_132' title='bbox 3577 682 3708 738; x_wconf 91' lang='lat' dir='ltr'><strong>His-</strong></span> 
     </span>
    </p>
   </div>
   <div class='ocr_carea' id='block_1_19' title="bbox 2054 767 3712 842">
    <p class='ocr_par' dir='ltr' id='par_1_19' title="bbox 2054 767 3712 842">
     <span class='ocr_line' id='line_1_19' title="bbox 2054 767 3712 842; baseline 0.003 -22"><span class='ocrx_word' id='word_1_133' title='bbox 2054 767 2268 821; x_wconf 88' lang='lat' dir='ltr'><strong>toriam</strong></span> <span class='ocrx_word' id='word_1_134' title='bbox 2318 767 2574 839; x_wconf 86' lang='lat' dir='ltr'><strong>scripsit,</strong></span> <span class='ocrx_word' id='word_1_135' title='bbox 2626 769 2794 839; x_wconf 85' lang='lat' dir='ltr'><strong>cujus</strong></span> <span class='ocrx_word' id='word_1_136' title='bbox 2827 786 2942 825; x_wconf 93' lang='lat' dir='ltr'><strong>non</strong></span> <span class='ocrx_word' id='word_1_137' title='bbox 2996 786 3182 842; x_wconf 87' lang='lat' dir='ltr'><strong>pauca</strong></span> <span class='ocrx_word' id='word_1_138' title='bbox 3211 769 3495 826; x_wconf 89' lang='lat' dir='ltr'><strong>hactenus</strong></span> <span class='ocrx_word' id='word_1_139' title='bbox 3543 770 3712 825; x_wconf 91' lang='lat' dir='ltr'><strong>dedi-</strong></span> 
     </span>
    </p>
   </div>
   <div class='ocr_carea' id='block_1_20' title="bbox 2058 857 3711 931">
    <p class='ocr_par' dir='ltr' id='par_1_20' title="bbox 2058 857 3711 931">
     <span class='ocr_line' id='line_1_20' title="bbox 2058 857 3711 931; baseline 0.003 -22"><span class='ocrx_word' id='word_1_140' title='bbox 2058 870 2189 910; x_wconf 88' lang='lat' dir='ltr'><strong>mus</strong></span> <span class='ocrx_word' id='word_1_141' title='bbox 2222 861 2510 928; x_wconf 86' lang='lat' dir='ltr'><strong>excerpta.</strong></span> <span class='ocrx_word' id='word_1_142' title='bbox 2547 860 2704 912; x_wconf 85' lang='lat' dir='ltr'><strong>Inter</strong></span> <span class='ocrx_word' id='word_1_143' title='bbox 2733 857 2928 930; x_wconf 86' lang='lat' dir='ltr'><strong>Cyprii</strong></span> <span class='ocrx_word' id='word_1_144' title='bbox 2974 857 3268 930; x_wconf 85' lang='lat' dir='ltr'><strong>Epistolas</strong></span> <span class='ocrx_word' id='word_1_145' title='bbox 3301 857 3552 931; x_wconf 85' lang='lat' dir='ltr'><strong>legimus</strong></span> <span class='ocrx_word' id='word_1_146' title='bbox 3584 859 3711 916; x_wconf 81' lang='lat' dir='ltr'><strong>ins-</strong></span> 
     </span>
    </p>
   </div>
   <div class='ocr_carea' id='block_1_21' title="bbox 2056 943 3127 1015">
    <p class='ocr_par' dir='ltr' id='par_1_21' title="bbox 2056 943 3127 1015">
     <span class='ocr_line' id='line_1_21' title="bbox 2056 943 3127 1015; baseline 0.002 -16"><span class='ocrx_word' id='word_1_147' title='bbox 2056 943 2323 1015; x_wconf 90' lang='lat' dir='ltr'><strong>criptam.</strong></span> <span class='ocrx_word' id='word_1_148' title='bbox 2356 945 2686 1015; x_wconf 69' lang='lat' dir='ltr'><strong>Acropotitae</strong></span> <span class='ocrx_word' id='word_1_149' title='bbox 2714 949 2982 1015; x_wconf 85' lang='lat' dir='ltr'><strong>magistro</strong></span> <span class='ocrx_word' id='word_1_150' title='bbox 3011 960 3127 1002; x_wconf 84' lang='lat' dir='ltr'><strong>suo.</strong></span> 
     </span>
    </p>
   </div>
   <div class='ocr_carea' id='block_1_22' title="bbox 2127 1033 3713 1106">
    <p class='ocr_par' dir='ltr' id='par_1_22' title="bbox 2127 1033 3713 1106">
     <span class='ocr_line' id='line_1_22' title="bbox 2127 1033 3713 1106; baseline 0.003 -20"><span class='ocrx_word' id='word_1_151' title='bbox 2127 1033 2238 1103; x_wconf 84' lang='lat'><strong>(22)</strong></span> <span class='ocrx_word' id='word_1_152' title='bbox 2269 1035 2602 1106; x_wconf 74' lang='lat' dir='ltr'><strong>Priusquam</strong></span> <span class='ocrx_word' id='word_1_153' title='bbox 2646 1034 2716 1090; x_wconf 88' lang='lat' dir='ltr'><strong>ad</strong></span> <span class='ocrx_word' id='word_1_154' title='bbox 2763 1035 2941 1090; x_wconf 88' lang='lat' dir='ltr'><strong>alium</strong></span> <span class='ocrx_word' id='word_1_155' title='bbox 2971 1035 3214 1106; x_wconf 78' lang='lat' dir='ltr'><strong>aliquem</strong></span> <span class='ocrx_word' id='word_1_156' title='bbox 3243 1051 3312 1091; x_wconf 76' lang='lat' dir='ltr'><strong>ea:</strong></span> <span class='ocrx_word' id='word_1_157' title='bbox 3343 1033 3713 1091; x_wconf 80' lang='lat' dir='ltr'><strong>Aristotelicis</strong></span> 
     </span>
    </p>
   </div>
   <div class='ocr_carea' id='block_1_23' title="bbox 2055 1122 3712 1197">
    <p class='ocr_par' dir='ltr' id='par_1_23' title="bbox 2055 1122 3712 1197">
     <span class='ocr_line' id='line_1_23' title="bbox 2055 1122 3712 1197; baseline 0.002 -22"><span class='ocrx_word' id='word_1_158' title='bbox 2055 1122 2340 1192; x_wconf 74' lang='lat' dir='ltr'><strong>gradibus,</strong></span> <span class='ocrx_word' id='word_1_159' title='bbox 2397 1129 2502 1178; x_wconf 88' lang='lat' dir='ltr'><strong>etc.</strong></span> <span class='ocrx_word' id='word_1_160' title='bbox 2558 1123 2898 1179; x_wconf 90' lang='lat' dir='ltr'><strong>Methodum</strong></span> <span class='ocrx_word' id='word_1_161' title='bbox 2949 1124 3368 1192; x_wconf 85' lang='lat' dir='ltr'><strong>animadverte,</strong></span> <span class='ocrx_word' id='word_1_162' title='bbox 3424 1141 3603 1197; x_wconf 88' lang='lat' dir='ltr'><strong>quam</strong></span> <span class='ocrx_word' id='word_1_163' title='bbox 3652 1124 3712 1178; x_wconf 89' lang='lat' dir='ltr'><strong>in</strong></span> 
     </span>
    </p>
   </div>
   <div class='ocr_carea' id='block_1_24' title="bbox 2056 1210 3713 1285">
    <p class='ocr_par' dir='ltr' id='par_1_24' title="bbox 2056 1210 3713 1285">
     <span class='ocr_line' id='line_1_24' title="bbox 2056 1210 3713 1285; baseline 0.002 -20"><span class='ocrx_word' id='word_1_164' title='bbox 2056 1210 2386 1283; x_wconf 87' lang='lat' dir='ltr'><strong>disciplinis</strong></span> <span class='ocrx_word' id='word_1_165' title='bbox 2435 1212 2735 1268; x_wconf 82' lang='lat' dir='ltr'><strong>tradendis</strong></span> <span class='ocrx_word' id='word_1_166' title='bbox 2781 1213 3113 1285; x_wconf 83' lang='lat' dir='ltr'><strong>AcrOpolita</strong></span> <span class='ocrx_word' id='word_1_167' title='bbox 3163 1214 3451 1269; x_wconf 88' lang='lat' dir='ltr'><strong>servabat.</strong></span> <span class='ocrx_word' id='word_1_168' title='bbox 3495 1213 3713 1269; x_wconf 90' lang='lat' dir='ltr'><strong>Trade-</strong></span> 
     </span>
    </p>
   </div>
   <div class='ocr_carea' id='block_1_25' title="bbox 2058 1299 3710 1374">
    <p class='ocr_par' dir='ltr' id='par_1_25' title="bbox 2058 1299 3710 1374">
     <span class='ocr_line' id='line_1_25' title="bbox 2058 1299 3710 1374; baseline 0.001 -20"><span class='ocrx_word' id='word_1_169' title='bbox 2058 1300 2157 1354; x_wconf 88' lang='lat' dir='ltr'><strong>bat</strong></span> <span class='ocrx_word' id='word_1_170' title='bbox 2186 1300 2442 1371; x_wconf 91' lang='lat' dir='ltr'><strong>primum</strong></span> <span class='ocrx_word' id='word_1_171' title='bbox 2486 1299 2916 1372; x_wconf 86' lang='lat' dir='ltr'><strong>Syllogisticam</strong></span> <span class='ocrx_word' id='word_1_172' title='bbox 2949 1305 3006 1356; x_wconf 90' lang='lat' dir='ltr'><strong>et</strong></span> <span class='ocrx_word' id='word_1_173' title='bbox 3032 1301 3395 1374; x_wconf 84' lang='lat' dir='ltr'><strong>Analyticam</strong></span> <span class='ocrx_word' id='word_1_174' title='bbox 3427 1302 3710 1357; x_wconf 88' lang='lat' dir='ltr'><strong>Aristote-</strong></span> 
     </span>
    </p>
   </div>
   <div class='ocr_carea' id='block_1_26' title="bbox 2056 1388 3707 1462">
    <p class='ocr_par' dir='ltr' id='par_1_26' title="bbox 2056 1388 3707 1462">
     <span class='ocr_line' id='line_1_26' title="bbox 2056 1388 3707 1462; baseline 0.001 -20"><span class='ocrx_word' id='word_1_175' title='bbox 2056 1388 2151 1456; x_wconf 87' lang='lat' dir='ltr'><strong>lis,</strong></span> <span class='ocrx_word' id='word_1_176' title='bbox 2182 1395 2309 1444; x_wconf 91' lang='lat' dir='ltr'><strong>tum</strong></span> <span class='ocrx_word' id='word_1_177' title='bbox 2337 1388 2727 1456; x_wconf 86' lang='lat' dir='ltr'><strong>Rhetoricam,</strong></span> <span class='ocrx_word' id='word_1_178' title='bbox 2760 1407 2826 1445; x_wconf 91' lang='lat' dir='ltr'><strong>ac</strong></span> <span class='ocrx_word' id='word_1_179' title='bbox 2858 1390 3132 1462; x_wconf 90' lang='lat' dir='ltr'><strong>deinceps</strong></span> <span class='ocrx_word' id='word_1_180' title='bbox 3163 1390 3543 1462; x_wconf 88' lang='lat' dir='ltr'><strong>profundiora</strong></span> <span class='ocrx_word' id='word_1_181' title='bbox 3573 1389 3707 1444; x_wconf 86' lang='lat' dir='ltr'><strong>Ari-</strong></span> 
     </span>
    </p>
   </div>
   <div class='ocr_carea' id='block_1_27' title="bbox 2057 1476 3709 1552">
    <p class='ocr_par' dir='ltr' id='par_1_27' title="bbox 2057 1476 3709 1552">
     <span class='ocr_line' id='line_1_27' title="bbox 2057 1476 3709 1552; baseline -0.001 -18"><span class='ocrx_word' id='word_1_182' title='bbox 2057 1476 2319 1534; x_wconf 90' lang='lat' dir='ltr'><strong>stotelica</strong></span> <span class='ocrx_word' id='word_1_183' title='bbox 2367 1478 2786 1550; x_wconf 75' lang='lat' dir='ltr'><strong>Metaphysica,</strong></span> <span class='ocrx_word' id='word_1_184' title='bbox 2818 1483 2876 1534; x_wconf 92' lang='lat' dir='ltr'><strong>et</strong></span> <span class='ocrx_word' id='word_1_185' title='bbox 2905 1481 2975 1534; x_wconf 89' lang='lat' dir='ltr'><strong>de</strong></span> <span class='ocrx_word' id='word_1_186' title='bbox 3003 1479 3249 1552; x_wconf 83' lang='lat' dir='ltr'><strong>Physico</strong></span> <span class='ocrx_word' id='word_1_187' title='bbox 3295 1479 3499 1535; x_wconf 85' lang='lat' dir='ltr'><strong>auditu</strong></span> <span class='ocrx_word' id='word_1_188' title='bbox 3531 1480 3709 1534; x_wconf 84' lang='lat' dir='ltr'><strong>docu-</strong></span> 
     </span>
    </p>
   </div>
   <div class='ocr_carea' id='block_1_28' title="bbox 2058 1571 2277 1622">
    <p class='ocr_par' dir='ltr' id='par_1_28' title="bbox 2058 1571 2277 1622">
     <span class='ocr_line' id='line_1_28' title="bbox 2058 1571 2277 1622; baseline 0 -2"><span class='ocrx_word' id='word_1_189' title='bbox 2058 1571 2277 1622; x_wconf 89' lang='lat' dir='ltr'><strong>menta.</strong></span> 
     </span>
    </p>
   </div>
   <div class='ocr_carea' id='block_1_29' title="bbox 2126 1655 3712 1727">
    <p class='ocr_par' dir='ltr' id='par_1_29' title="bbox 2126 1655 3712 1727">
     <span class='ocr_line' id='line_1_29' title="bbox 2126 1655 3712 1727; baseline 0.001 -18"><span class='ocrx_word' id='word_1_190' title='bbox 2126 1655 2238 1727; x_wconf 90' lang='lat'><strong>(23)</strong></span> <span class='ocrx_word' id='word_1_191' title='bbox 2269 1655 2561 1724; x_wconf 81' lang='lat' dir='ltr'><strong>Aggressus</strong></span> <span class='ocrx_word' id='word_1_192' title='bbox 2589 1664 2666 1710; x_wconf 86' lang='lat' dir='ltr'><strong>est</strong></span> <span class='ocrx_word' id='word_1_193' title='bbox 2694 1655 2895 1724; x_wconf 89' lang='lat' dir='ltr'><strong>studia,</strong></span> <span class='ocrx_word' id='word_1_194' title='bbox 2929 1673 3054 1712; x_wconf 87' lang='lat' dir='ltr'><strong>cum</strong></span> <span class='ocrx_word' id='word_1_195' title='bbox 3077 1673 3286 1712; x_wconf 86' lang='lat' dir='ltr'><strong>annum</strong></span> <span class='ocrx_word' id='word_1_196' title='bbox 3306 1659 3494 1725; x_wconf 81' lang='lat' dir='ltr'><strong>ageret</strong></span> <span class='ocrx_word' id='word_1_197' title='bbox 3523 1657 3712 1711; x_wconf 85' lang='lat' dir='ltr'><strong>vicesi-</strong></span> 
     </span>
    </p>
   </div>
   <div class='ocr_carea' id='block_1_30' title="bbox 2057 1745 3711 1817">
    <p class='ocr_par' dir='ltr' id='par_1_30' title="bbox 2057 1745 3711 1817">
     <span class='ocr_line' id='line_1_30' title="bbox 2057 1745 3711 1817; baseline 0.001 -18"><span class='ocrx_word' id='word_1_198' title='bbox 2057 1761 2210 1799; x_wconf 87' lang='lat' dir='ltr'><strong>mum</strong></span> <span class='ocrx_word' id='word_1_199' title='bbox 2237 1746 2469 1811; x_wconf 75' lang='lat' dir='ltr'><strong>sextum,</strong></span> <span class='ocrx_word' id='word_1_200' title='bbox 2503 1746 2679 1816; x_wconf 86' lang='lat' dir='ltr'><strong>iisque</strong></span> <span class='ocrx_word' id='word_1_201' title='bbox 2711 1745 2874 1800; x_wconf 80' lang='lat' dir='ltr'><strong>linem</strong></span> <span class='ocrx_word' id='word_1_202' title='bbox 2921 1747 3206 1817; x_wconf 79' lang='lat' dir='ltr'><strong>imposuit,</strong></span> <span class='ocrx_word' id='word_1_203' title='bbox 3236 1762 3361 1801; x_wconf 88' lang='lat' dir='ltr'><strong>cum</strong></span> <span class='ocrx_word' id='word_1_204' title='bbox 3389 1753 3578 1817; x_wconf 77' lang='lat' dir='ltr'><strong>ageret</strong></span> <span class='ocrx_word' id='word_1_205' title='bbox 3609 1745 3711 1800; x_wconf 88' lang='lat' dir='ltr'><strong>tri-</strong></span> 
     </span>
    </p>
   </div>
   <div class='ocr_carea' id='block_1_31' title="bbox 287 1827 3715 1937">
    <p class='ocr_par' dir='ltr' id='par_1_31' title="bbox 287 1827 3715 1937">
     <span class='ocr_line' id='line_1_31' title="bbox 287 1827 3715 1937; baseline 0.001 -53"><span class='ocrx_word' id='word_1_206' title='bbox 287 1829 509 1937; x_wconf 62' lang='lat' dir='ltr'><strong>Iitanus</strong></span> <span class='ocrx_word' id='word_1_207' title='bbox 665 1845 814 1937; x_wconf 50' lang='lat' dir='ltr'><strong>Lcu’m</strong></span> <span class='ocrx_word' id='word_1_208' title='bbox 863 1827 1058 1937; x_wconf 73' lang='lat' dir='ltr'><strong>littera</strong></span> <span class='ocrx_word' id='word_1_209' title='bbox 1107 1827 1453 1937; x_wconf 66' lang='lat' dir='ltr'><strong>Dominicali</strong></span> <span class='ocrx_word' id='word_1_210' title='bbox 1499 1829 1725 1937; x_wconf 52' lang='lat' dir='ltr'><strong>A.&#39;Qua</strong></span> <span class='ocrx_word' id='word_1_211' title='bbox 1758 1829 1840 1927; x_wconf 37' lang='lat' dir='ltr'><strong>.de</strong></span> <span class='ocrx_word' id='word_1_212' title='bbox 1886 1844 1948 1928; x_wconf 70' lang='lat' dir='ltr'><strong>re</strong></span> <span class='ocrx_word' id='word_1_213' title='bbox 1983 1872 2029 1937; x_wconf 84' lang='lat' dir='ltr'><strong>B</strong></span> <span class='ocrx_word' id='word_1_214' title='bbox 2057 1837 2317 1890; x_wconf 89' lang='lat' dir='ltr'><strong>cesimum</strong></span> <span class='ocrx_word' id='word_1_215' title='bbox 2347 1835 2589 1889; x_wconf 89' lang='lat' dir='ltr'><strong>tertium.</strong></span> <span class='ocrx_word' id='word_1_216' title='bbox 2623 1835 2788 1889; x_wconf 90' lang='lat' dir='ltr'><strong>Anno</strong></span> <span class='ocrx_word' id='word_1_217' title='bbox 2830 1833 3012 1905; x_wconf 83' lang='lat' dir='ltr'><strong>igitur</strong></span> <span class='ocrx_word' id='word_1_218' title='bbox 3041 1834 3261 1890; x_wconf 88' lang='lat' dir='ltr'><strong>Christi</strong></span> <span class='ocrx_word' id='word_1_219' title='bbox 3311 1833 3545 1890; x_wconf 88' lang='lat' dir='ltr'><strong>circiter</strong></span> <span class='ocrx_word' id='word_1_220' title='bbox 3577 1834 3715 1888; x_wconf 69' lang='lat'><strong>1264</strong></span> 
     </span>
    </p>
   </div>
   <div class='ocr_carea' id='block_1_32' title="bbox 291 1917 1952 1990">
    <p class='ocr_par' dir='ltr' id='par_1_32' title="bbox 291 1917 1952 1990">
     <span class='ocr_line' id='line_1_32' title="bbox 291 1917 1952 1990; baseline -0.001 -17"><span class='ocrx_word' id='word_1_221' title='bbox 291 1918 552 1990; x_wconf 83' lang='lat' dir='ltr'><strong>expende</strong></span> <span class='ocrx_word' id='word_1_222' title='bbox 585 1917 846 1972; x_wconf 88' lang='lat' dir='ltr'><strong>Tabulam</strong></span> <span class='ocrx_word' id='word_1_223' title='bbox 873 1917 1152 1988; x_wconf 86' lang='lat' dir='ltr'><strong>cyclorum</strong></span> <span class='ocrx_word' id='word_1_224' title='bbox 1182 1918 1454 1972; x_wconf 89' lang='lat' dir='ltr'><strong>solarium</strong></span> <span class='ocrx_word' id='word_1_225' title='bbox 1493 1921 1546 1972; x_wconf 88' lang='lat' dir='ltr'><strong>et</strong></span> <span class='ocrx_word' id='word_1_226' title='bbox 1577 1917 1864 1972; x_wconf 85' lang='lat' dir='ltr'><strong>lunarium</strong></span> <span class='ocrx_word' id='word_1_227' title='bbox 1892 1918 1952 1972; x_wconf 89' lang='lat' dir='ltr'><strong>in</strong></span> 
     </span>
    </p>
   </div>
   <div class='ocr_carea' id='block_1_33' title="bbox 291 2005 1950 2078">
    <p class='ocr_par' dir='ltr' id='par_1_33' title="bbox 291 2005 1950 2078">
     <span class='ocr_line' id='line_1_33' title="bbox 291 2005 1950 2078; baseline -0.002 -14"><span class='ocrx_word' id='word_1_228' title='bbox 291 2011 422 2065; x_wconf 65' lang='lat' dir='ltr'><strong>aeris</strong></span> <span class='ocrx_word' id='word_1_229' title='bbox 452 2007 759 2063; x_wconf 81' lang='lat' dir='ltr'><strong>mundanis</strong></span> <span class='ocrx_word' id='word_1_230' title='bbox 812 2005 1123 2062; x_wconf 77' lang='lat' dir='ltr'><strong>Graecorum</strong></span> <span class='ocrx_word' id='word_1_231' title='bbox 1153 2007 1308 2078; x_wconf 86' lang='lat' dir='ltr'><strong>apud</strong></span> <span class='ocrx_word' id='word_1_232' title='bbox 1342 2005 1585 2078; x_wconf 87' lang='lat' dir='ltr'><strong>Pagium</strong></span> <span class='ocrx_word' id='word_1_233' title='bbox 1633 2006 1693 2060; x_wconf 91' lang='lat' dir='ltr'><strong>in</strong></span> <span class='ocrx_word' id='word_1_234' title='bbox 1726 2005 1950 2062; x_wconf 92' lang='lat' dir='ltr'><strong>Disser-</strong></span> 
     </span>
    </p>
   </div>
   <div class='ocr_carea' id='block_1_34' title="bbox 294 2093 1950 2163">
    <p class='ocr_par' dir='ltr' id='par_1_34' title="bbox 294 2093 1950 2163">
     <span class='ocr_line' id='line_1_34' title="bbox 294 2093 1950 2163; baseline -0.001 -12"><span class='ocrx_word' id='word_1_235' title='bbox 294 2097 513 2152; x_wconf 84' lang='lat' dir='ltr'><strong>tatione</strong></span> <span class='ocrx_word' id='word_1_236' title='bbox 545 2097 617 2151; x_wconf 88' lang='lat' dir='ltr'><strong>de</strong></span> <span class='ocrx_word' id='word_1_237' title='bbox 674 2094 920 2150; x_wconf 91' lang='lat' dir='ltr'><strong>Periodo</strong></span> <span class='ocrx_word' id='word_1_238' title='bbox 970 2093 1490 2163; x_wconf 54' lang='lat' dir='ltr'><strong>Greco-Romana,</strong></span> <span class='ocrx_word' id='word_1_239' title='bbox 1523 2111 1589 2151; x_wconf 91' lang='lat' dir='ltr'><strong>ac</strong></span> <span class='ocrx_word' id='word_1_240' title='bbox 1638 2110 1950 2150; x_wconf 91' lang='lat' dir='ltr'><strong>numerum</strong></span> 
     </span>
    </p>
   </div>
   <div class='ocr_carea' id='block_1_35' title="bbox 294 2184 653 2241">
    <p class='ocr_par' dir='ltr' id='par_1_35' title="bbox 294 2184 653 2241">
     <span class='ocr_line' id='line_1_35' title="bbox 294 2184 653 2241; baseline -0.008 0"><span class='ocrx_word' id='word_1_241' title='bbox 294 2184 533 2241; x_wconf 87' lang='lat' dir='ltr'><strong>consule</strong></span> <span class='ocrx_word' id='word_1_242' title='bbox 561 2184 653 2239; x_wconf 90' lang='grc'><strong>70.</strong></span> 
     </span>
    </p>
   </div>
   <div class='ocr_carea' id='block_1_36' title="bbox 359 2272 1951 2346">
    <p class='ocr_par' dir='ltr' id='par_1_36' title="bbox 359 2272 1951 2346">
     <span class='ocr_line' id='line_1_36' title="bbox 359 2272 1951 2346; baseline -0.002 -16"><span class='ocrx_word' id='word_1_243' title='bbox 359 2274 490 2330; x_wconf 81' lang='lat' dir='ltr'><strong>Alia</strong></span> <span class='ocrx_word' id='word_1_244' title='bbox 522 2290 643 2330; x_wconf 89' lang='lat' dir='ltr'><strong>non</strong></span> <span class='ocrx_word' id='word_1_245' title='bbox 675 2289 862 2346; x_wconf 88' lang='lat' dir='ltr'><strong>pauca</strong></span> <span class='ocrx_word' id='word_1_246' title='bbox 891 2272 1110 2329; x_wconf 89' lang='lat' dir='ltr'><strong>ibidem</strong></span> <span class='ocrx_word' id='word_1_247' title='bbox 1155 2273 1310 2345; x_wconf 84' lang='lat' dir='ltr'><strong>apud</strong></span> <span class='ocrx_word' id='word_1_248' title='bbox 1341 2273 1838 2329; x_wconf 88' lang='lat' dir='ltr'><strong>Montfauconium</strong></span> <span class='ocrx_word' id='word_1_249' title='bbox 1871 2272 1951 2328; x_wconf 93' lang='lat' dir='ltr'><strong>si-</strong></span> 
     </span>
    </p>
   </div>
   <div class='ocr_carea' id='block_1_37' title="bbox 297 2361 1953 2434">
    <p class='ocr_par' dir='ltr' id='par_1_37' title="bbox 297 2361 1953 2434">
     <span class='ocr_line' id='line_1_37' title="bbox 297 2361 1953 2434; baseline -0.001 -15"><span class='ocrx_word' id='word_1_250' title='bbox 297 2363 458 2419; x_wconf 85' lang='lat' dir='ltr'><strong>milia</strong></span> <span class='ocrx_word' id='word_1_251' title='bbox 486 2367 808 2419; x_wconf 90' lang='lat' dir='ltr'><strong>occurrunt</strong></span> <span class='ocrx_word' id='word_1_252' title='bbox 835 2363 1122 2434; x_wconf 84' lang='lat' dir='ltr'><strong>exempla.</strong></span> <span class='ocrx_word' id='word_1_253' title='bbox 1158 2363 1360 2418; x_wconf 86' lang='lat' dir='ltr'><strong>Fateor</strong></span> <span class='ocrx_word' id='word_1_254' title='bbox 1381 2366 1636 2418; x_wconf 89' lang='lat' dir='ltr'><strong>attamen</strong></span> <span class='ocrx_word' id='word_1_255' title='bbox 1668 2361 1953 2417; x_wconf 89' lang='lat' dir='ltr'><strong>nonnulla</strong></span> 
     </span>
    </p>
   </div>
   <div class='ocr_carea' id='block_1_38' title="bbox 295 2450 1951 2525">
    <p class='ocr_par' dir='ltr' id='par_1_38' title="bbox 295 2450 1951 2525">
     <span class='ocr_line' id='line_1_38' title="bbox 295 2450 1951 2525; baseline -0.002 -17"><span class='ocrx_word' id='word_1_256' title='bbox 295 2457 581 2525; x_wconf 78' lang='lat' dir='ltr'><strong>prostare,</strong></span> <span class='ocrx_word' id='word_1_257' title='bbox 614 2468 744 2522; x_wconf 65' lang='lat' dir='ltr'><strong>qua</strong></span> <span class='ocrx_word' id='word_1_258' title='bbox 796 2450 1095 2506; x_wconf 86' lang='lat' dir='ltr'><strong>adversari</strong></span> <span class='ocrx_word' id='word_1_259' title='bbox 1136 2451 1424 2506; x_wconf 90' lang='lat' dir='ltr'><strong>videntur.</strong></span> <span class='ocrx_word' id='word_1_260' title='bbox 1475 2455 1614 2523; x_wconf 87' lang='lat' dir='ltr'><strong>Pag.</strong></span> <span class='ocrx_word' id='word_1_261' title='bbox 1647 2452 1718 2504; x_wconf 86' lang='lat'><strong>50</strong></span> <span class='ocrx_word' id='word_1_262' title='bbox 1750 2469 1763 2506; x_wconf 93' lang='lat'><strong>:</strong></span> <span class='ocrx_word' id='word_1_263' title='bbox 1796 2450 1951 2505; x_wconf 87' lang='lat' dir='ltr'><strong>Anno</strong></span> 
     </span>
    </p>
   </div>
   <div class='ocr_carea' id='block_1_39' title="bbox 293 2539 1948 2613">
    <p class='ocr_par' dir='ltr' id='par_1_39' title="bbox 293 2539 1948 2613">
     <span class='ocr_line' id='line_1_39' title="bbox 293 2539 1948 2613; baseline -0.001 -17"><span class='ocrx_word' id='word_1_264' title='bbox 293 2542 433 2596; x_wconf 87' lang='lat'>6558</span> <span class='ocrx_word' id='word_1_265' title='bbox 463 2541 698 2613; x_wconf 79' lang='lat' dir='ltr'><strong>(Christi</strong></span> <span class='ocrx_word' id='word_1_266' title='bbox 727 2541 912 2609; x_wconf 88' lang='lat'>1050,)</span> <span class='ocrx_word' id='word_1_267' title='bbox 935 2555 1120 2594; x_wconf 88' lang='lat' dir='ltr'><strong>mense</strong></span> <span class='ocrx_word' id='word_1_268' title='bbox 1149 2539 1402 2596; x_wconf 80' lang='lat' dir='ltr'><strong>Octobris</strong></span> <span class='ocrx_word' id='word_1_269' title='bbox 1430 2540 1520 2607; x_wconf 88' lang='lat'><strong>25,</strong></span> <span class='ocrx_word' id='word_1_270' title='bbox 1562 2541 1706 2610; x_wconf 84' lang='lat' dir='ltr'><strong>feria</strong></span> <span class='ocrx_word' id='word_1_271' title='bbox 1735 2541 1948 2612; x_wconf 87' lang='lat' dir='ltr'><strong>quinta.</strong></span> 
     </span>
    </p>
   </div>
   <div class='ocr_carea' id='block_1_40' title="bbox 293 2627 1954 2702">
    <p class='ocr_par' dir='ltr' id='par_1_40' title="bbox 293 2627 1954 2702">
     <span class='ocr_line' id='line_1_40' title="bbox 293 2627 1954 2702; baseline -0.002 -16"><span class='ocrx_word' id='word_1_272' title='bbox 293 2639 532 2688; x_wconf 80' lang='lat' dir='ltr'><strong>Annum</strong></span> <span class='ocrx_word' id='word_1_273' title='bbox 564 2630 914 2702; x_wconf 73' lang='lat' dir='ltr'><strong>praedictum</strong></span> <span class='ocrx_word' id='word_1_274' title='bbox 939 2628 1242 2684; x_wconf 85' lang='lat' dir='ltr'><strong>Julianum</strong></span> <span class='ocrx_word' id='word_1_275' title='bbox 1272 2629 1408 2684; x_wconf 88' lang='lat'>1050</span> <span class='ocrx_word' id='word_1_276' title='bbox 1440 2629 1732 2684; x_wconf 88' lang='lat' dir='ltr'><strong>afﬁciebat</strong></span> <span class='ocrx_word' id='word_1_277' title='bbox 1761 2627 1954 2683; x_wconf 86' lang='lat' dir='ltr'><strong>littera</strong></span> 
     </span>
    </p>
   </div>
   <div class='ocr_carea' id='block_1_41' title="bbox 294 2718 1954 2789">
    <p class='ocr_par' dir='ltr' id='par_1_41' title="bbox 294 2718 1954 2789">
     <span class='ocr_line' id='line_1_41' title="bbox 294 2718 1954 2789; baseline -0.003 -13"><span class='ocrx_word' id='word_1_278' title='bbox 294 2719 677 2776; x_wconf 87' lang='lat' dir='ltr'><strong>Dominicalis</strong></span> <span class='ocrx_word' id='word_1_279' title='bbox 707 2719 774 2786; x_wconf 86' lang='lat' dir='ltr'><strong>G,</strong></span> <span class='ocrx_word' id='word_1_280' title='bbox 809 2734 935 2789; x_wconf 68' lang='lat' dir='ltr'><strong>quae</strong></span> <span class='ocrx_word' id='word_1_281' title='bbox 975 2720 1182 2789; x_wconf 81' lang='lat' dir='ltr'><strong>feriam</strong></span> <span class='ocrx_word' id='word_1_282' title='bbox 1212 2718 1253 2778; x_wconf 86' lang='lat' dir='ltr'><strong>V</strong></span> <span class='ocrx_word' id='word_1_283' title='bbox 1283 2719 1561 2773; x_wconf 85' lang='lat' dir='ltr'><strong>transfert</strong></span> <span class='ocrx_word' id='word_1_284' title='bbox 1590 2718 1650 2771; x_wconf 90' lang='lat' dir='ltr'><strong>in</strong></span> <span class='ocrx_word' id='word_1_285' title='bbox 1700 2718 1855 2773; x_wconf 87' lang='lat' dir='ltr'><strong>diem</strong></span> <span class='ocrx_word' id='word_1_286' title='bbox 1882 2718 1954 2771; x_wconf 86' lang='lat'>25</span> 
     </span>
    </p>
   </div>
   <div class='ocr_carea' id='block_1_42' title="bbox 292 2806 1955 2879">
    <p class='ocr_par' dir='ltr' id='par_1_42' title="bbox 292 2806 1955 2879">
     <span class='ocr_line' id='line_1_42' title="bbox 292 2806 1955 2879; baseline -0.003 -13"><span class='ocrx_word' id='word_1_287' title='bbox 292 2810 541 2868; x_wconf 76' lang='lat' dir='ltr'><strong>Octobris</strong></span> <span class='ocrx_word' id='word_1_288' title='bbox 565 2808 836 2879; x_wconf 88' lang='lat' dir='ltr'><strong>ejusdem</strong></span> <span class='ocrx_word' id='word_1_289' title='bbox 869 2807 1007 2861; x_wconf 87' lang='lat' dir='ltr'><strong>anni</strong></span> <span class='ocrx_word' id='word_1_290' title='bbox 1039 2807 1196 2861; x_wconf 87' lang='lat'>1050.</span> <span class='ocrx_word' id='word_1_291' title='bbox 1225 2810 1298 2861; x_wconf 83' lang='lat' dir='ltr'><strong>At</strong></span> <span class='ocrx_word' id='word_1_292' title='bbox 1320 2823 1481 2862; x_wconf 92' lang='lat' dir='ltr'><strong>error</strong></span> <span class='ocrx_word' id='word_1_293' title='bbox 1512 2806 1760 2862; x_wconf 88' lang='lat' dir='ltr'><strong>fortasse</strong></span> <span class='ocrx_word' id='word_1_294' title='bbox 1781 2807 1955 2863; x_wconf 85' lang='lat' dir='ltr'><strong>cubat</strong></span> 
     </span>
    </p>
   </div>
   <div class='ocr_carea' id='block_1_43' title="bbox 292 2893 1956 2967">
    <p class='ocr_par' dir='ltr' id='par_1_43' title="bbox 292 2893 1956 2967">
     <span class='ocr_line' id='line_1_43' title="bbox 292 2893 1956 2967; baseline -0.002 -14"><span class='ocrx_word' id='word_1_295' title='bbox 292 2898 348 2953; x_wconf 91' lang='lat' dir='ltr'><strong>in</strong></span> <span class='ocrx_word' id='word_1_296' title='bbox 380 2899 545 2964; x_wconf 88' lang='lat' dir='ltr'><strong>feria,</strong></span> <span class='ocrx_word' id='word_1_297' title='bbox 576 2896 666 2952; x_wconf 86' lang='lat' dir='ltr'><strong>vel</strong></span> <span class='ocrx_word' id='word_1_298' title='bbox 707 2896 768 2950; x_wconf 89' lang='lat' dir='ltr'><strong>in</strong></span> <span class='ocrx_word' id='word_1_299' title='bbox 815 2896 909 2951; x_wconf 91' lang='lat' dir='ltr'><strong>die</strong></span> <span class='ocrx_word' id='word_1_300' title='bbox 943 2912 956 2949; x_wconf 91' lang='lat'><strong>:</strong></span> <span class='ocrx_word' id='word_1_301' title='bbox 993 2896 1492 2967; x_wconf 90' lang='lat' dir='ltr'><strong>quemadmodum</strong></span> <span class='ocrx_word' id='word_1_302' title='bbox 1540 2896 1679 2951; x_wconf 90' lang='lat' dir='ltr'><strong>vitio</strong></span> <span class='ocrx_word' id='word_1_303' title='bbox 1727 2893 1956 2950; x_wconf 85' lang='lat' dir='ltr'><strong>laborat</strong></span> 
     </span>
    </p>
   </div>
   <div class='ocr_carea' id='block_1_44' title="bbox 293 2980 1951 3057">
    <p class='ocr_par' dir='ltr' id='par_1_44' title="bbox 293 2980 1951 3057">
     <span class='ocr_line' id='line_1_44' title="bbox 293 2980 1951 3057; baseline -0.002 -14"><span class='ocrx_word' id='word_1_304' title='bbox 293 2989 531 3043; x_wconf 76' lang='lat' dir='ltr'><strong>indictio</strong></span> <span class='ocrx_word' id='word_1_305' title='bbox 590 2987 681 3052; x_wconf 88' lang='lat'><strong>12,</strong></span> <span class='ocrx_word' id='word_1_306' title='bbox 715 2980 816 3038; x_wconf 78' lang='grc' dir='ltr'>ἰνδ.</span> <span class='ocrx_word' id='word_1_307' title='bbox 859 2983 948 3056; x_wconf 87' lang='grc' dir='ltr'><strong>ιβ’,</strong></span> <span class='ocrx_word' id='word_1_308' title='bbox 985 3001 1112 3055; x_wconf 69' lang='lat' dir='ltr'><strong>quae</strong></span> <span class='ocrx_word' id='word_1_309' title='bbox 1143 2984 1359 3057; x_wconf 83' lang='lat' dir='ltr'><strong>legitur</strong></span> <span class='ocrx_word' id='word_1_310' title='bbox 1388 2983 1447 3039; x_wconf 91' lang='lat' dir='ltr'><strong>in</strong></span> <span class='ocrx_word' id='word_1_311' title='bbox 1497 2989 1659 3040; x_wconf 85' lang='lat' dir='ltr'><strong>textu</strong></span> <span class='ocrx_word' id='word_1_312' title='bbox 1708 2984 1904 3040; x_wconf 67' lang='lat' dir='ltr'><strong>Graeco</strong></span> <span class='ocrx_word' id='word_1_313' title='bbox 1937 2999 1951 3040; x_wconf 90' lang='lat'>:</span> 
     </span>
    </p>
   </div>
   <div class='ocr_carea' id='block_1_45' title="bbox 291 3072 1952 3141">
    <p class='ocr_par' dir='ltr' id='par_1_45' title="bbox 291 3072 1952 3141">
     <span class='ocr_line' id='line_1_45' title="bbox 291 3072 1952 3141; baseline -0.004 -8"><span class='ocrx_word' id='word_1_314' title='bbox 291 3077 569 3134; x_wconf 87' lang='lat' dir='ltr'><strong>currebat</strong></span> <span class='ocrx_word' id='word_1_315' title='bbox 617 3075 778 3131; x_wconf 89' lang='lat' dir='ltr'><strong>enim</strong></span> <span class='ocrx_word' id='word_1_316' title='bbox 830 3091 983 3129; x_wconf 89' lang='lat' dir='ltr'><strong>anno</strong></span> <span class='ocrx_word' id='word_1_317' title='bbox 1015 3075 1153 3129; x_wconf 89' lang='grc'>1050</span> <span class='ocrx_word' id='word_1_318' title='bbox 1201 3074 1442 3130; x_wconf 88' lang='lat' dir='ltr'><strong>indictio</strong></span> <span class='ocrx_word' id='word_1_319' title='bbox 1475 3075 1529 3141; x_wconf 90' lang='lat'><strong>3,</strong></span> <span class='ocrx_word' id='word_1_320' title='bbox 1562 3091 1679 3130; x_wconf 90' lang='lat' dir='ltr'><strong>non</strong></span> <span class='ocrx_word' id='word_1_321' title='bbox 1732 3075 1818 3129; x_wconf 88' lang='lat'><strong>12.</strong></span> <span class='ocrx_word' id='word_1_322' title='bbox 1850 3072 1952 3128; x_wconf 87' lang='lat' dir='ltr'><strong>Vel</strong></span> 
     </span>
    </p>
   </div>
   <div class='ocr_carea' id='block_1_46' title="bbox 292 3162 1952 3237">
    <p class='ocr_par' dir='ltr' id='par_1_46' title="bbox 292 3162 1952 3237">
     <span class='ocr_line' id='line_1_46' title="bbox 292 3162 1952 3237; baseline -0.002 -16"><span class='ocrx_word' id='word_1_323' title='bbox 292 3168 465 3222; x_wconf 89' lang='lat' dir='ltr'><strong>etiam</strong></span> <span class='ocrx_word' id='word_1_324' title='bbox 501 3181 610 3237; x_wconf 89' lang='lat' dir='ltr'><strong>pro</strong></span> <span class='ocrx_word' id='word_1_325' title='bbox 641 3163 813 3236; x_wconf 90' lang='lat' dir='ltr'><strong>genio</strong></span> <span class='ocrx_word' id='word_1_326' title='bbox 853 3163 1128 3219; x_wconf 89' lang='lat' dir='ltr'><strong>librarius</strong></span> <span class='ocrx_word' id='word_1_327' title='bbox 1180 3180 1401 3219; x_wconf 87' lang='lat' dir='ltr'><strong>annum</strong></span> <span class='ocrx_word' id='word_1_328' title='bbox 1427 3164 1566 3218; x_wconf 88' lang='grc'>6558</span> <span class='ocrx_word' id='word_1_329' title='bbox 1598 3180 1631 3219; x_wconf 91' lang='lat' dir='ltr'><strong>a</strong></span> <span class='ocrx_word' id='word_1_330' title='bbox 1675 3162 1952 3218; x_wconf 89' lang='lat' dir='ltr'><strong>Kalendis</strong></span> 
     </span>
    </p>
   </div>
   <div class='ocr_carea' id='block_1_47' title="bbox 2061 1922 3716 1996">
    <p class='ocr_par' dir='ltr' id='par_1_47' title="bbox 2061 1922 3716 1996">
     <span class='ocr_line' id='line_1_47' title="bbox 2061 1922 3716 1996; baseline 0.001 -18"><span class='ocrx_word' id='word_1_331' title='bbox 2061 1923 2120 1978; x_wconf 90' lang='lat' dir='ltr'><strong>in</strong></span> <span class='ocrx_word' id='word_1_332' title='bbox 2152 1922 2522 1993; x_wconf 88' lang='lat' dir='ltr'><strong>disciplinam</strong></span> <span class='ocrx_word' id='word_1_333' title='bbox 2554 1923 2897 1995; x_wconf 71' lang='lat' dir='ltr'><strong>Acropolitze</strong></span> <span class='ocrx_word' id='word_1_334' title='bbox 2920 1939 2981 1979; x_wconf 89' lang='lat' dir='ltr'><strong>se</strong></span> <span class='ocrx_word' id='word_1_335' title='bbox 3011 1923 3255 1979; x_wconf 89' lang='lat' dir='ltr'><strong>tradidit</strong></span> <span class='ocrx_word' id='word_1_336' title='bbox 3275 1923 3580 1996; x_wconf 88' lang='lat' dir='ltr'><strong>Georgius.</strong></span> <span class='ocrx_word' id='word_1_337' title='bbox 3602 1925 3716 1979; x_wconf 89' lang='lat' dir='ltr'><strong>An-</strong></span> 
     </span>
    </p>
   </div>
   <div class='ocr_carea' id='block_1_48' title="bbox 2060 2011 3718 2083">
    <p class='ocr_par' dir='ltr' id='par_1_48' title="bbox 2060 2011 3718 2083">
     <span class='ocr_line' id='line_1_48' title="bbox 2060 2011 3718 2083; baseline 0.001 -17"><span class='ocrx_word' id='word_1_338' title='bbox 2060 2028 2134 2068; x_wconf 94' lang='lat' dir='ltr'><strong>no</strong></span> <span class='ocrx_word' id='word_1_339' title='bbox 2167 2013 2304 2067; x_wconf 88' lang='lat'><strong>1273</strong></span> <span class='ocrx_word' id='word_1_340' title='bbox 2332 2011 2651 2067; x_wconf 81' lang='lat' dir='ltr'><strong>litterariae</strong></span> <span class='ocrx_word' id='word_1_341' title='bbox 2681 2011 2918 2083; x_wconf 89' lang='lat' dir='ltr'><strong>reliquit</strong></span> <span class='ocrx_word' id='word_1_342' title='bbox 2947 2011 3412 2068; x_wconf 83' lang='lat' dir='ltr'><strong>exercitationes.</strong></span> <span class='ocrx_word' id='word_1_343' title='bbox 3445 2012 3590 2068; x_wconf 90' lang='lat' dir='ltr'><strong>Vide</strong></span> <span class='ocrx_word' id='word_1_344' title='bbox 3617 2028 3718 2068; x_wconf 92' lang='lat' dir='ltr'><strong>no-</strong></span> 
     </span>
    </p>
   </div>
   <div class='ocr_carea' id='block_1_49' title="bbox 2059 2100 2930 2172">
    <p class='ocr_par' dir='ltr' id='par_1_49' title="bbox 2059 2100 2930 2172">
     <span class='ocr_line' id='line_1_49' title="bbox 2059 2100 2930 2172; baseline 0 -17"><span class='ocrx_word' id='word_1_345' title='bbox 2059 2105 2150 2156; x_wconf 88' lang='lat' dir='ltr'><strong>tas</strong></span> <span class='ocrx_word' id='word_1_346' title='bbox 2179 2101 2258 2172; x_wconf 90' lang='lat'><strong>(6)</strong></span> <span class='ocrx_word' id='word_1_347' title='bbox 2290 2103 2346 2155; x_wconf 89' lang='lat' dir='ltr'><strong>et</strong></span> <span class='ocrx_word' id='word_1_348' title='bbox 2373 2100 2452 2170; x_wconf 91' lang='lat'><strong>(8)</strong></span> <span class='ocrx_word' id='word_1_349' title='bbox 2483 2105 2540 2155; x_wconf 86' lang='lat' dir='ltr'><strong>et</strong></span> <span class='ocrx_word' id='word_1_350' title='bbox 2568 2100 2680 2171; x_wconf 89' lang='lat'><strong>(11)</strong></span> <span class='ocrx_word' id='word_1_351' title='bbox 2712 2104 2768 2155; x_wconf 89' lang='lat' dir='ltr'><strong>et</strong></span> <span class='ocrx_word' id='word_1_352' title='bbox 2797 2100 2930 2172; x_wconf 89' lang='lat'><strong>(16).</strong></span> 
     </span>
    </p>
   </div>
   <div class='ocr_carea' id='block_1_50' title="bbox 2131 2188 3711 2260">
    <p class='ocr_par' dir='ltr' id='par_1_50' title="bbox 2131 2188 3711 2260">
     <span class='ocr_line' id='line_1_50' title="bbox 2131 2188 3711 2260; baseline 0.001 -17"><span class='ocrx_word' id='word_1_353' title='bbox 2131 2189 2240 2260; x_wconf 84' lang='grc'>(24)</span> <span class='ocrx_word' id='word_1_354' title='bbox 2273 2191 2434 2245; x_wconf 86' lang='lat' dir='ltr'><strong>Circa</strong></span> <span class='ocrx_word' id='word_1_355' title='bbox 2481 2188 2735 2257; x_wconf 83' lang='lat' dir='ltr'><strong>dogmata</strong></span> <span class='ocrx_word' id='word_1_356' title='bbox 2780 2191 3079 2258; x_wconf 86' lang='lat' dir='ltr'><strong>innovatio,</strong></span> <span class='ocrx_word' id='word_1_357' title='bbox 3126 2193 3183 2245; x_wconf 88' lang='lat' dir='ltr'><strong>et</strong></span> <span class='ocrx_word' id='word_1_358' title='bbox 3225 2190 3486 2247; x_wconf 55' lang='lat' dir='ltr'><strong>Ecclesia</strong></span> <span class='ocrx_word' id='word_1_359' title='bbox 3533 2190 3711 2246; x_wconf 87' lang='lat' dir='ltr'><strong>turbo.</strong></span> 
     </span>
    </p>
   </div>
   <div class='ocr_carea' id='block_1_51' title="bbox 2059 2276 3712 2350">
    <p class='ocr_par' dir='ltr' id='par_1_51' title="bbox 2059 2276 3712 2350">
     <span class='ocr_line' id='line_1_51' title="bbox 2059 2276 3712 2350; baseline -0.001 -16"><span class='ocrx_word' id='word_1_360' title='bbox 2059 2277 2189 2334; x_wconf 79' lang='lat' dir='ltr'><strong>Haec</strong></span> <span class='ocrx_word' id='word_1_361' title='bbox 2237 2277 2575 2350; x_wconf 80' lang='lat' dir='ltr'><strong>significant</strong></span> <span class='ocrx_word' id='word_1_362' title='bbox 2621 2280 2950 2348; x_wconf 89' lang='lat' dir='ltr'><strong>promotam</strong></span> <span class='ocrx_word' id='word_1_363' title='bbox 2999 2295 3033 2333; x_wconf 91' lang='lat' dir='ltr'><strong>a</strong></span> <span class='ocrx_word' id='word_1_364' title='bbox 3080 2277 3361 2334; x_wconf 89' lang='lat' dir='ltr'><strong>Michaele</strong></span> <span class='ocrx_word' id='word_1_365' title='bbox 3391 2276 3712 2349; x_wconf 83' lang='lat' dir='ltr'><strong>Palaeologo</strong></span> 
     </span>
    </p>
   </div>
   <div class='ocr_carea' id='block_1_52' title="bbox 2061 2365 3710 2437">
    <p class='ocr_par' dir='ltr' id='par_1_52' title="bbox 2061 2365 3710 2437">
     <span class='ocr_line' id='line_1_52' title="bbox 2061 2365 3710 2437; baseline -0.001 -15"><span class='ocrx_word' id='word_1_366' title='bbox 2061 2366 2448 2422; x_wconf 88' lang='lat' dir='ltr'><strong>Ecclesiarum</strong></span> <span class='ocrx_word' id='word_1_367' title='bbox 2496 2365 2886 2433; x_wconf 88' lang='lat' dir='ltr'><strong>concordiam,</strong></span> <span class='ocrx_word' id='word_1_368' title='bbox 2923 2365 3252 2437; x_wconf 89' lang='lat' dir='ltr'><strong>initamque</strong></span> <span class='ocrx_word' id='word_1_369' title='bbox 3301 2382 3454 2422; x_wconf 86' lang='lat' dir='ltr'><strong>anno</strong></span> <span class='ocrx_word' id='word_1_370' title='bbox 3485 2365 3622 2420; x_wconf 73' lang='lat'><strong>1274</strong></span> <span class='ocrx_word' id='word_1_371' title='bbox 3652 2365 3710 2420; x_wconf 91' lang='lat' dir='ltr'><strong>in</strong></span> 
     </span>
    </p>
   </div>
   <div class='ocr_carea' id='block_1_53' title="bbox 2060 2452 3716 2526">
    <p class='ocr_par' dir='ltr' id='par_1_53' title="bbox 2060 2452 3716 2526">
     <span class='ocr_line' id='line_1_53' title="bbox 2060 2452 3716 2526; baseline -0.002 -16"><span class='ocrx_word' id='word_1_372' title='bbox 2060 2453 2304 2510; x_wconf 89' lang='lat' dir='ltr'><strong>concilio</strong></span> <span class='ocrx_word' id='word_1_373' title='bbox 2354 2455 2753 2526; x_wconf 87' lang='lat' dir='ltr'><strong>Lugdunensi,</strong></span> <span class='ocrx_word' id='word_1_374' title='bbox 2784 2470 2850 2510; x_wconf 91' lang='lat' dir='ltr'><strong>ac</strong></span> <span class='ocrx_word' id='word_1_375' title='bbox 2896 2454 3033 2510; x_wconf 90' lang='lat' dir='ltr'><strong>inde</strong></span> <span class='ocrx_word' id='word_1_376' title='bbox 3064 2459 3297 2510; x_wconf 82' lang='lat' dir='ltr'><strong>exortae</strong></span> <span class='ocrx_word' id='word_1_377' title='bbox 3348 2454 3410 2510; x_wconf 91' lang='lat' dir='ltr'><strong>in</strong></span> <span class='ocrx_word' id='word_1_378' title='bbox 3457 2452 3716 2510; x_wconf 90' lang='lat' dir='ltr'><strong>Ecclesia</strong></span> 
     </span>
    </p>
   </div>
   <div class='ocr_carea' id='block_1_54' title="bbox 2061 2543 3714 2615">
    <p class='ocr_par' dir='ltr' id='par_1_54' title="bbox 2061 2543 3714 2615">
     <span class='ocr_line' id='line_1_54' title="bbox 2061 2543 3714 2615; baseline -0.004 -16"><span class='ocrx_word' id='word_1_379' title='bbox 2061 2543 2706 2615; x_wconf 84' lang='lat' dir='ltr'><strong>Constantinopolitana</strong></span> <span class='ocrx_word' id='word_1_380' title='bbox 2752 2543 3052 2599; x_wconf 86' lang='lat' dir='ltr'><strong>factiones.</strong></span> <span class='ocrx_word' id='word_1_381' title='bbox 3104 2543 3316 2599; x_wconf 86' lang='lat' dir='ltr'><strong>Eadem</strong></span> <span class='ocrx_word' id='word_1_382' title='bbox 3363 2543 3560 2610; x_wconf 90' lang='lat' dir='ltr'><strong>verba,</strong></span> <span class='ocrx_word' id='word_1_383' title='bbox 3615 2543 3714 2594; x_wconf 77' lang='grc' dir='ltr'><strong>τοῦ</strong></span> 
     </span>
    </p>
   </div>
   <div class='ocr_carea' id='block_1_55' title="bbox 2062 2629 3715 2706">
    <p class='ocr_par' dir='ltr' id='par_1_55' title="bbox 2062 2629 3715 2706">
     <span class='ocr_line' id='line_1_55' title="bbox 2062 2629 3715 2706; baseline 0.001 -21"><span class='ocrx_word' id='word_1_384' title='bbox 2062 2629 2336 2706; x_wconf 76' lang='grc' dir='ltr'><strong>δόγματος</strong></span> <span class='ocrx_word' id='word_1_385' title='bbox 2370 2629 2711 2703; x_wconf 78' lang='grc' dir='ltr'><strong>κοινοτομίᾳ,</strong></span> <span class='ocrx_word' id='word_1_386' title='bbox 2728 2637 2977 2703; x_wconf 83' lang='lat' dir='ltr'><strong>usurpat</strong></span> <span class='ocrx_word' id='word_1_387' title='bbox 2991 2631 3404 2688; x_wconf 86' lang='lat' dir='ltr'><strong>schismaticus</strong></span> <span class='ocrx_word' id='word_1_388' title='bbox 3429 2635 3715 2704; x_wconf 87' lang='lat' dir='ltr'><strong>Gregoras</strong></span> 
     </span>
    </p>
   </div>
   <div class='ocr_carea' id='block_1_56' title="bbox 2060 2719 3716 2793">
    <p class='ocr_par' dir='ltr' id='par_1_56' title="bbox 2060 2719 3716 2793">
     <span class='ocr_line' id='line_1_56' title="bbox 2060 2719 3716 2793; baseline -0.001 -18"><span class='ocrx_word' id='word_1_389' title='bbox 2060 2721 2211 2777; x_wconf 91' lang='lat' dir='ltr'><strong>libro</strong></span> <span class='ocrx_word' id='word_1_390' title='bbox 2240 2739 2318 2790; x_wconf 82' lang='lat' dir='ltr'><strong>v1,</strong></span> <span class='ocrx_word' id='word_1_391' title='bbox 2351 2737 2478 2793; x_wconf 90' lang='lat' dir='ltr'><strong>cap.</strong></span> <span class='ocrx_word' id='word_1_392' title='bbox 2514 2723 2563 2789; x_wconf 92' lang='lat'><strong>1,</strong></span> <span class='ocrx_word' id='word_1_393' title='bbox 2600 2739 2764 2776; x_wconf 91' lang='lat' dir='ltr'><strong>num.</strong></span> <span class='ocrx_word' id='word_1_394' title='bbox 2791 2722 2845 2776; x_wconf 91' lang='lat'>5.</span> <span class='ocrx_word' id='word_1_395' title='bbox 2877 2719 3124 2793; x_wconf 74' lang='lat' dir='ltr'><strong>Cyprius</strong></span> <span class='ocrx_word' id='word_1_396' title='bbox 3154 2719 3425 2776; x_wconf 87' lang='lat' dir='ltr'><strong>Michaeli</strong></span> <span class='ocrx_word' id='word_1_397' title='bbox 3455 2721 3716 2791; x_wconf 88' lang='lat' dir='ltr'><strong>impera-</strong></span> 
     </span>
    </p>
   </div>
   <div class='ocr_carea' id='block_1_57' title="bbox 2064 2809 3716 2882">
    <p class='ocr_par' dir='ltr' id='par_1_57' title="bbox 2064 2809 3716 2882">
     <span class='ocr_line' id='line_1_57' title="bbox 2064 2809 3716 2882; baseline -0.002 -16"><span class='ocrx_word' id='word_1_398' title='bbox 2064 2811 2176 2866; x_wconf 87' lang='lat' dir='ltr'><strong>tori</strong></span> <span class='ocrx_word' id='word_1_399' title='bbox 2204 2811 2477 2866; x_wconf 88' lang='lat' dir='ltr'><strong>studebat</strong></span> <span class='ocrx_word' id='word_1_400' title='bbox 2509 2826 2523 2865; x_wconf 91' lang='lat'><strong>:</strong></span> <span class='ocrx_word' id='word_1_401' title='bbox 2558 2827 2672 2882; x_wconf 90' lang='lat' dir='ltr'><strong>quo</strong></span> <span class='ocrx_word' id='word_1_402' title='bbox 2713 2810 3009 2879; x_wconf 87' lang='lat' dir='ltr'><strong>defuncto,</strong></span> <span class='ocrx_word' id='word_1_403' title='bbox 3037 2812 3139 2865; x_wconf 89' lang='lat' dir='ltr'><strong>aut</strong></span> <span class='ocrx_word' id='word_1_404' title='bbox 3190 2809 3540 2865; x_wconf 87' lang='lat' dir='ltr'><strong>sententiam</strong></span> <span class='ocrx_word' id='word_1_405' title='bbox 3585 2825 3716 2863; x_wconf 90' lang='lat' dir='ltr'><strong>mu-</strong></span> 
     </span>
    </p>
   </div>
   <div class='ocr_carea' id='block_1_58' title="bbox 2064 2897 3720 2972">
    <p class='ocr_par' dir='ltr' id='par_1_58' title="bbox 2064 2897 3720 2972">
     <span class='ocr_line' id='line_1_58' title="bbox 2064 2897 3720 2972; baseline -0.002 -17"><span class='ocrx_word' id='word_1_406' title='bbox 2064 2900 2230 2966; x_wconf 87' lang='lat' dir='ltr'><strong>tavit,</strong></span> <span class='ocrx_word' id='word_1_407' title='bbox 2264 2903 2366 2955; x_wconf 88' lang='lat' dir='ltr'><strong>aut</strong></span> <span class='ocrx_word' id='word_1_408' title='bbox 2395 2915 2572 2972; x_wconf 88' lang='lat' dir='ltr'><strong>quam</strong></span> <span class='ocrx_word' id='word_1_409' title='bbox 2604 2899 2768 2954; x_wconf 89' lang='lat' dir='ltr'><strong>intus</strong></span> <span class='ocrx_word' id='word_1_410' title='bbox 2800 2899 2858 2954; x_wconf 90' lang='lat' dir='ltr'><strong>in</strong></span> <span class='ocrx_word' id='word_1_411' title='bbox 2890 2898 3086 2953; x_wconf 89' lang='lat' dir='ltr'><strong>animo</strong></span> <span class='ocrx_word' id='word_1_412' title='bbox 3113 2897 3424 2962; x_wconf 89' lang='lat' dir='ltr'><strong>retinebat,</strong></span> <span class='ocrx_word' id='word_1_413' title='bbox 3453 2897 3720 2968; x_wconf 90' lang='lat' dir='ltr'><strong>deposita</strong></span> 
     </span>
    </p>
   </div>
   <div class='ocr_carea' id='block_1_59' title="bbox 2065 2985 3720 3060">
    <p class='ocr_par' dir='ltr' id='par_1_59' title="bbox 2065 2985 3720 3060">
     <span class='ocr_line' id='line_1_59' title="bbox 2065 2985 3720 3060; baseline -0.003 -15"><span class='ocrx_word' id='word_1_414' title='bbox 2065 2988 2460 3058; x_wconf 89' lang='lat' dir='ltr'><strong>simulatione,</strong></span> <span class='ocrx_word' id='word_1_415' title='bbox 2495 2988 2688 3060; x_wconf 90' lang='lat' dir='ltr'><strong>palam</strong></span> <span class='ocrx_word' id='word_1_416' title='bbox 2716 2988 2869 3044; x_wconf 88' lang='lat' dir='ltr'><strong>fecit.</strong></span> <span class='ocrx_word' id='word_1_417' title='bbox 2901 2987 3020 3043; x_wconf 89' lang='lat' dir='ltr'><strong>Hac</strong></span> <span class='ocrx_word' id='word_1_418' title='bbox 3065 2988 3137 3043; x_wconf 92' lang='lat' dir='ltr'><strong>de</strong></span> <span class='ocrx_word' id='word_1_419' title='bbox 3167 3003 3228 3042; x_wconf 90' lang='lat' dir='ltr'><strong>re</strong></span> <span class='ocrx_word' id='word_1_420' title='bbox 3260 2987 3319 3040; x_wconf 90' lang='lat' dir='ltr'><strong>in</strong></span> <span class='ocrx_word' id='word_1_421' title='bbox 3351 2985 3720 3042; x_wconf 88' lang='lat' dir='ltr'><strong>Dissertatio-</strong></span> 
     </span>
    </p>
   </div>
   <div class='ocr_carea' id='block_1_60' title="bbox 2065 3078 2458 3150">
    <p class='ocr_par' dir='ltr' id='par_1_60' title="bbox 2065 3078 2458 3150">
     <span class='ocr_line' id='line_1_60' title="bbox 2065 3078 2458 3150; baseline -0.008 -15"><span class='ocrx_word' id='word_1_422' title='bbox 2065 3097 2139 3135; x_wconf 92' lang='lat' dir='ltr'><strong>ne</strong></span> <span class='ocrx_word' id='word_1_423' title='bbox 2167 3078 2458 3150; x_wconf 88' lang='lat' dir='ltr'><strong>sequenti.</strong></span> 
     </span>
    </p>
   </div>
   <div class='ocr_carea' id='block_1_61' title="bbox 2139 3163 3719 3240">
    <p class='ocr_par' dir='ltr' id='par_1_61' title="bbox 2139 3163 3719 3240">
     <span class='ocr_line' id='line_1_61' title="bbox 2139 3163 3719 3240; baseline -0.003 -18"><span class='ocrx_word' id='word_1_424' title='bbox 2139 3168 2251 3240; x_wconf 85' lang='lat'><strong>(25)</strong></span> <span class='ocrx_word' id='word_1_425' title='bbox 2282 3167 2471 3222; x_wconf 83' lang='lat' dir='ltr'><strong>Animi</strong></span> <span class='ocrx_word' id='word_1_426' title='bbox 2516 3182 2688 3234; x_wconf 68' lang='lat' dir='ltr'><strong>curae,</strong></span> <span class='ocrx_word' id='word_1_427' title='bbox 2718 3168 2784 3222; x_wconf 87' lang='lat' dir='ltr'><strong>in</strong></span> <span class='ocrx_word' id='word_1_428' title='bbox 2830 3182 2969 3238; x_wconf 86' lang='lat' dir='ltr'><strong>quas</strong></span> <span class='ocrx_word' id='word_1_429' title='bbox 3020 3165 3176 3221; x_wconf 88' lang='lat' dir='ltr'><strong>modo</strong></span> <span class='ocrx_word' id='word_1_430' title='bbox 3224 3165 3386 3220; x_wconf 78' lang='lat' dir='ltr'><strong>dictis</strong></span> <span class='ocrx_word' id='word_1_431' title='bbox 3430 3163 3719 3218; x_wconf 77' lang='lat' dir='ltr'><strong>timoribus</strong></span> 
     </span>
    </p>
   </div>
   <div class='ocr_carea' id='block_1_62' title="bbox 291 3245 3716 3328">
    <p class='ocr_par' dir='ltr' id='par_1_62' title="bbox 291 3245 3716 3328">
     <span class='ocr_line' id='line_1_62' title="bbox 291 3245 3716 3328; baseline -0 -20"><span class='ocrx_word' id='word_1_432' title='bbox 291 3255 644 3312; x_wconf 84' lang='lat' dir='ltr'><strong>Juanuariis</strong></span> <span class='ocrx_word' id='word_1_433' title='bbox 675 3252 1104 3308; x_wconf 88' lang='lat' dir='ltr'><strong>numeraverit:</strong></span> <span class='ocrx_word' id='word_1_434' title='bbox 1140 3253 1294 3324; x_wconf 89' lang='lat' dir='ltr'><strong>quod</strong></span> <span class='ocrx_word' id='word_1_435' title='bbox 1327 3270 1360 3308; x_wconf 91' lang='lat' dir='ltr'><strong>a</strong></span> <span class='ocrx_word' id='word_1_436' title='bbox 1391 3253 1598 3310; x_wconf 83' lang='lat' dir='ltr'><strong>Russis</strong></span> <span class='ocrx_word' id='word_1_437' title='bbox 1622 3250 1795 3308; x_wconf 89' lang='lat' dir='ltr'><strong>hodie</strong></span> <span class='ocrx_word' id='word_1_438' title='bbox 1827 3251 1951 3308; x_wconf 89' lang='lat' dir='ltr'><strong>ﬁeri</strong></span> <span class='ocrx_word' id='word_1_439' title='bbox 1983 3245 2025 3312; x_wconf 87' lang='lat' dir='ltr'><strong>C</strong></span> <span class='ocrx_word' id='word_1_440' title='bbox 2061 3258 2282 3326; x_wconf 86' lang='lat' dir='ltr'><strong>solutis,</strong></span> <span class='ocrx_word' id='word_1_441' title='bbox 2312 3265 2623 3328; x_wconf 88' lang='lat' dir='ltr'><strong>pertractus</strong></span> <span class='ocrx_word' id='word_1_442' title='bbox 2653 3264 2702 3311; x_wconf 89' lang='lat' dir='ltr'><strong>et</strong></span> <span class='ocrx_word' id='word_1_443' title='bbox 2756 3257 2988 3310; x_wconf 82' lang='lat' dir='ltr'><strong>traditus</strong></span> <span class='ocrx_word' id='word_1_444' title='bbox 3036 3258 3135 3310; x_wconf 85' lang='lat' dir='ltr'><strong>est.</strong></span> <span class='ocrx_word' id='word_1_445' title='bbox 3172 3253 3608 3309; x_wconf 87' lang='lat' dir='ltr'><strong>Ecclesiasticos</strong></span> <span class='ocrx_word' id='word_1_446' title='bbox 3632 3252 3716 3307; x_wconf 90' lang='lat' dir='ltr'><strong>vi-</strong></span> 
     </span>
    </p>
   </div>
   <div class='ocr_carea' id='block_1_63' title="bbox 295 3341 1956 3401">
    <p class='ocr_par' dir='ltr' id='par_1_63' title="bbox 295 3341 1956 3401">
     <span class='ocr_line' id='line_1_63' title="bbox 295 3341 1956 3401; baseline -0.003 0"><span class='ocrx_word' id='word_1_447' title='bbox 295 3362 426 3401; x_wconf 91' lang='lat' dir='ltr'><strong>cum</strong></span> <span class='ocrx_word' id='word_1_448' title='bbox 456 3343 681 3400; x_wconf 68' lang='lat' dir='ltr'><strong>\Volﬁo</strong></span> <span class='ocrx_word' id='word_1_449' title='bbox 713 3342 1146 3397; x_wconf 88' lang='lat' dir='ltr'><strong>adnotavimus.</strong></span> <span class='ocrx_word' id='word_1_450' title='bbox 1178 3343 1261 3396; x_wconf 80' lang='lat' dir='ltr'><strong>Ex</strong></span> <span class='ocrx_word' id='word_1_451' title='bbox 1300 3341 1407 3398; x_wconf 91' lang='lat' dir='ltr'><strong>hac</strong></span> <span class='ocrx_word' id='word_1_452' title='bbox 1439 3342 1956 3398; x_wconf 86' lang='lat' dir='ltr'><strong>dissertatiuncula</strong></span> 
     </span>
    </p>
   </div>
   <div class='ocr_carea' id='block_1_64' title="bbox 291 3431 1955 3506">
    <p class='ocr_par' dir='ltr' id='par_1_64' title="bbox 291 3431 1955 3506">
     <span class='ocr_line' id='line_1_64' title="bbox 291 3431 1955 3506; baseline -0.003 -16"><span class='ocrx_word' id='word_1_453' title='bbox 291 3435 450 3490; x_wconf 88' lang='lat' dir='ltr'><strong>haud</strong></span> <span class='ocrx_word' id='word_1_454' title='bbox 477 3449 694 3506; x_wconf 87' lang='lat' dir='ltr'><strong>parum</strong></span> <span class='ocrx_word' id='word_1_455' title='bbox 715 3431 1094 3487; x_wconf 91' lang='lat' dir='ltr'><strong>emolumenti</strong></span> <span class='ocrx_word' id='word_1_456' title='bbox 1118 3432 1560 3503; x_wconf 88' lang='lat' dir='ltr'><strong>percipiendum</strong></span> <span class='ocrx_word' id='word_1_457' title='bbox 1575 3436 1665 3488; x_wconf 90' lang='lat' dir='ltr'><strong>est</strong></span> <span class='ocrx_word' id='word_1_458' title='bbox 1685 3431 1955 3504; x_wconf 86' lang='lat' dir='ltr'><strong>sequenti</strong></span> 
     </span>
    </p>
   </div>
   <div class='ocr_carea' id='block_1_65' title="bbox 291 3519 1956 3592">
    <p class='ocr_par' dir='ltr' id='par_1_65' title="bbox 291 3519 1956 3592">
     <span class='ocr_line' id='line_1_65' title="bbox 291 3519 1956 3592; baseline -0.003 -13"><span class='ocrx_word' id='word_1_459' title='bbox 291 3527 351 3579; x_wconf 90' lang='lat' dir='ltr'><strong>in</strong></span> <span class='ocrx_word' id='word_1_460' title='bbox 407 3522 840 3579; x_wconf 90' lang='lat' dir='ltr'><strong>Dissertatione</strong></span> <span class='ocrx_word' id='word_1_461' title='bbox 889 3522 931 3588; x_wconf 92' lang='grc' dir='ltr'><strong>Ι,</strong></span> <span class='ocrx_word' id='word_1_462' title='bbox 979 3520 1169 3591; x_wconf 89' lang='lat' dir='ltr'><strong>capite</strong></span> <span class='ocrx_word' id='word_1_463' title='bbox 1221 3522 1271 3590; x_wconf 94' lang='lat'><strong>1,</strong></span> <span class='ocrx_word' id='word_1_464' title='bbox 1322 3537 1486 3575; x_wconf 91' lang='lat' dir='ltr'><strong>num.</strong></span> <span class='ocrx_word' id='word_1_465' title='bbox 1537 3522 1591 3588; x_wconf 87' lang='grc'><strong>4,</strong></span> <span class='ocrx_word' id='word_1_466' title='bbox 1630 3523 1690 3576; x_wconf 93' lang='lat' dir='ltr'><strong>in</strong></span> <span class='ocrx_word' id='word_1_467' title='bbox 1738 3519 1956 3592; x_wconf 89' lang='lat' dir='ltr'><strong>insigni</strong></span> 
     </span>
    </p>
   </div>
   <div class='ocr_carea' id='block_1_66' title="bbox 287 3608 1956 3685">
    <p class='ocr_par' dir='ltr' id='par_1_66' title="bbox 287 3608 1956 3685">
     <span class='ocr_line' id='line_1_66' title="bbox 287 3608 1956 3685; baseline -0.004 -15"><span class='ocrx_word' id='word_1_468' title='bbox 287 3614 554 3685; x_wconf 82' lang='lat' dir='ltr'><strong>quadam</strong></span> <span class='ocrx_word' id='word_1_469' title='bbox 602 3610 1022 3666; x_wconf 86' lang='lat' dir='ltr'><strong>constituenda</strong></span> <span class='ocrx_word' id='word_1_470' title='bbox 1067 3609 1310 3680; x_wconf 89' lang='lat' dir='ltr'><strong>epocha,</strong></span> <span class='ocrx_word' id='word_1_471' title='bbox 1345 3625 1524 3680; x_wconf 88' lang='lat' dir='ltr'><strong>quam</strong></span> <span class='ocrx_word' id='word_1_472' title='bbox 1573 3608 1956 3680; x_wconf 84' lang='lat' dir='ltr'><strong>Pacbymeres</strong></span> 
     </span>
    </p>
   </div>
   <div class='ocr_carea' id='block_1_67' title="bbox 287 3697 1958 3775">
    <p class='ocr_par' dir='ltr' id='par_1_67' title="bbox 287 3697 1958 3775">
     <span class='ocr_line' id='line_1_67' title="bbox 287 3697 1958 3775; baseline -0.004 -16"><span class='ocrx_word' id='word_1_473' title='bbox 287 3702 588 3775; x_wconf 80' lang='lat' dir='ltr'><strong>exprimit,</strong></span> <span class='ocrx_word' id='word_1_474' title='bbox 626 3718 694 3758; x_wconf 89' lang='lat' dir='ltr'><strong>ac</strong></span> <span class='ocrx_word' id='word_1_475' title='bbox 720 3716 1026 3772; x_wconf 87' lang='lat' dir='ltr'><strong>perperam</strong></span> <span class='ocrx_word' id='word_1_476' title='bbox 1049 3699 1353 3765; x_wconf 84' lang='lat' dir='ltr'><strong>Pessinus,</strong></span> <span class='ocrx_word' id='word_1_477' title='bbox 1381 3699 1714 3754; x_wconf 88' lang='lat' dir='ltr'><strong>Bandurius</strong></span> <span class='ocrx_word' id='word_1_478' title='bbox 1745 3705 1802 3754; x_wconf 90' lang='lat' dir='ltr'><strong>et</strong></span> <span class='ocrx_word' id='word_1_479' title='bbox 1833 3697 1958 3753; x_wconf 90' lang='lat' dir='ltr'><strong>Bol-</strong></span> 
     </span>
    </p>
   </div>
   <div class='ocr_carea' id='block_1_68' title="bbox 283 3787 1955 3863">
    <p class='ocr_par' dir='ltr' id='par_1_68' title="bbox 283 3787 1955 3863">
     <span class='ocr_line' id='line_1_68' title="bbox 283 3787 1955 3863; baseline -0.003 -15"><span class='ocrx_word' id='word_1_480' title='bbox 283 3792 555 3850; x_wconf 86' lang='lat' dir='ltr'><strong>laudiani</strong></span> <span class='ocrx_word' id='word_1_481' title='bbox 587 3789 947 3863; x_wconf 87' lang='lat' dir='ltr'><strong>intelligunt.</strong></span> <span class='ocrx_word' id='word_1_482' title='bbox 980 3788 1277 3845; x_wconf 64' lang='lat' dir='ltr'><strong>Chronica:</strong></span> <span class='ocrx_word' id='word_1_483' title='bbox 1309 3788 1433 3843; x_wconf 69' lang='lat' dir='ltr'><strong>aliae</strong></span> <span class='ocrx_word' id='word_1_484' title='bbox 1461 3787 1837 3844; x_wconf 83' lang='lat' dir='ltr'><strong>difﬁcultates</strong></span> <span class='ocrx_word' id='word_1_485' title='bbox 1859 3804 1955 3843; x_wconf 91' lang='lat' dir='ltr'><strong>oc-</strong></span> 
     </span>
    </p>
   </div>
   <div class='ocr_carea' id='block_1_69' title="bbox 285 3876 1954 3952">
    <p class='ocr_par' dir='ltr' id='par_1_69' title="bbox 285 3876 1954 3952">
     <span class='ocr_line' id='line_1_69' title="bbox 285 3876 1954 3952; baseline -0.004 -13"><span class='ocrx_word' id='word_1_486' title='bbox 285 3885 556 3950; x_wconf 88' lang='lat' dir='ltr'><strong>current,</strong></span> <span class='ocrx_word' id='word_1_487' title='bbox 584 3897 712 3952; x_wconf 69' lang='lat' dir='ltr'><strong>quae</strong></span> <span class='ocrx_word' id='word_1_488' title='bbox 737 3883 940 3935; x_wconf 90' lang='lat' dir='ltr'><strong>nostra</strong></span> <span class='ocrx_word' id='word_1_489' title='bbox 965 3878 1346 3950; x_wconf 89' lang='lat' dir='ltr'><strong>computandi</strong></span> <span class='ocrx_word' id='word_1_490' title='bbox 1369 3876 1646 3933; x_wconf 89' lang='lat' dir='ltr'><strong>methodo</strong></span> <span class='ocrx_word' id='word_1_491' title='bbox 1670 3876 1954 3948; x_wconf 90' lang='lat' dir='ltr'><strong>adhibita,</strong></span> 
     </span>
    </p>
   </div>
   <div class='ocr_carea' id='block_1_70' title="bbox 284 3973 678 4027">
    <p class='ocr_par' dir='ltr' id='par_1_70' title="bbox 284 3973 678 4027">
     <span class='ocr_line' id='line_1_70' title="bbox 284 3973 678 4027; baseline -0.013 -1"><span class='ocrx_word' id='word_1_492' title='bbox 284 3973 678 4027; x_wconf 82' lang='lat' dir='ltr'><strong>evanescunt.</strong></span> 
     </span>
    </p>
   </div>
   <div class='ocr_carea' id='block_1_71' title="bbox 355 4053 1960 4130">
    <p class='ocr_par' dir='ltr' id='par_1_71' title="bbox 355 4053 1960 4130">
     <span class='ocr_line' id='line_1_71' title="bbox 355 4053 1960 4130; baseline -0.004 -15"><span class='ocrx_word' id='word_1_493' title='bbox 355 4061 473 4130; x_wconf 81' lang='lat'><strong>(21)</strong></span> <span class='ocrx_word' id='word_1_494' title='bbox 558 4057 864 4128; x_wconf 85' lang='lat' dir='ltr'><strong>Imperator</strong></span> <span class='ocrx_word' id='word_1_495' title='bbox 924 4099 936 4110; x_wconf 95' lang='lat'><strong>.</strong></span> <span class='ocrx_word' id='word_1_496' title='bbox 975 4097 987 4110; x_wconf 93' lang='lat'><strong>.</strong></span> <span class='ocrx_word' id='word_1_497' title='bbox 1028 4097 1040 4110; x_wconf 93' lang='lat'><strong>.</strong></span> <span class='ocrx_word' id='word_1_498' title='bbox 1096 4055 1467 4126; x_wconf 88' lang='lat' dir='ltr'><strong>Acropolitam</strong></span> <span class='ocrx_word' id='word_1_499' title='bbox 1530 4097 1542 4110; x_wconf 95' lang='lat'><strong>.</strong></span> <span class='ocrx_word' id='word_1_500' title='bbox 1580 4097 1591 4110; x_wconf 98' lang='lat'><strong>.</strong></span> <span class='ocrx_word' id='word_1_501' title='bbox 1630 4095 1642 4108; x_wconf 92' lang='lat'><strong>.</strong></span> <span class='ocrx_word' id='word_1_502' title='bbox 1703 4053 1960 4110; x_wconf 84' lang='lat' dir='ltr'><strong>civilibus</strong></span> 
     </span>
    </p>
   </div>
   <div class='ocr_carea' id='block_1_72' title="bbox 285 4143 1960 4220">
    <p class='ocr_par' dir='ltr' id='par_1_72' title="bbox 285 4143 1960 4220">
     <span class='ocr_line' id='line_1_72' title="bbox 285 4143 1960 4220; baseline -0.002 -18"><span class='ocrx_word' id='word_1_503' title='bbox 285 4151 474 4220; x_wconf 76' lang='lat' dir='ltr'><strong>ipsum</strong></span> <span class='ocrx_word' id='word_1_504' title='bbox 525 4150 684 4203; x_wconf 85' lang='lat' dir='ltr'><strong>curis</strong></span> <span class='ocrx_word' id='word_1_505' title='bbox 731 4147 986 4201; x_wconf 77' lang='lat' dir='ltr'><strong>liberavit</strong></span> <span class='ocrx_word' id='word_1_506' title='bbox 1013 4163 1032 4200; x_wconf 87' lang='lat'><strong><em>:</em></strong></span> <span class='ocrx_word' id='word_1_507' title='bbox 1071 4161 1232 4216; x_wconf 84' lang='lat' dir='ltr'><strong>seque</strong></span> <span class='ocrx_word' id='word_1_508' title='bbox 1277 4145 1375 4199; x_wconf 89' lang='lat' dir='ltr'><strong>ille</strong></span> <span class='ocrx_word' id='word_1_509' title='bbox 1400 4148 1663 4215; x_wconf 88' lang='lat' dir='ltr'><strong>paratum</strong></span> <span class='ocrx_word' id='word_1_510' title='bbox 1710 4143 1960 4200; x_wconf 75' lang='lat' dir='ltr'><strong>exhibuit</strong></span> 
     </span>
    </p>
   </div>
   <div class='ocr_carea' id='block_1_73' title="bbox 288 4234 1958 4307">
    <p class='ocr_par' dir='ltr' id='par_1_73' title="bbox 288 4234 1958 4307">
     <span class='ocr_line' id='line_1_73' title="bbox 288 4234 1958 4307; baseline -0.004 -13"><span class='ocrx_word' id='word_1_511' title='bbox 288 4240 358 4295; x_wconf 75' lang='lat' dir='ltr'><strong>iis</strong></span> <span class='ocrx_word' id='word_1_512' title='bbox 389 4237 678 4307; x_wconf 83' lang='lat' dir='ltr'><strong>omnibus,</strong></span> <span class='ocrx_word' id='word_1_513' title='bbox 710 4237 809 4307; x_wconf 86' lang='lat' dir='ltr'><strong>qui</strong></span> <span class='ocrx_word' id='word_1_514' title='bbox 851 4234 1055 4290; x_wconf 85' lang='lat' dir='ltr'><strong>audire</strong></span> <span class='ocrx_word' id='word_1_515' title='bbox 1082 4250 1205 4290; x_wconf 86' lang='lat' dir='ltr'><strong>eum</strong></span> <span class='ocrx_word' id='word_1_516' title='bbox 1250 4234 1450 4289; x_wconf 82' lang='lat' dir='ltr'><strong>vellent</strong></span> <span class='ocrx_word' id='word_1_517' title='bbox 1481 4235 1825 4304; x_wconf 87' lang='lat' dir='ltr'><strong>magistrum.</strong></span> <span class='ocrx_word' id='word_1_518' title='bbox 1857 4236 1958 4288; x_wconf 89' lang='lat' dir='ltr'><strong>Ce-</strong></span> 
     </span>
    </p>
   </div>
   <div class='ocr_carea' id='block_1_74' title="bbox 285 4321 1959 4395">
    <p class='ocr_par' dir='ltr' id='par_1_74' title="bbox 285 4321 1959 4395">
     <span class='ocr_line' id='line_1_74' title="bbox 285 4321 1959 4395; baseline -0.005 -11"><span class='ocrx_word' id='word_1_519' title='bbox 285 4327 684 4384; x_wconf 86' lang='lat' dir='ltr'><strong>Ieberrimum</strong></span> <span class='ocrx_word' id='word_1_520' title='bbox 708 4324 902 4379; x_wconf 86' lang='lat' dir='ltr'><strong>virum</strong></span> <span class='ocrx_word' id='word_1_521' title='bbox 925 4322 1186 4395; x_wconf 86' lang='lat' dir='ltr'><strong>intellige</strong></span> <span class='ocrx_word' id='word_1_522' title='bbox 1209 4322 1524 4394; x_wconf 88' lang='lat' dir='ltr'><strong>Georgium</strong></span> <span class='ocrx_word' id='word_1_523' title='bbox 1545 4321 1959 4394; x_wconf 84' lang='lat' dir='ltr'><strong>Acropolitam,</strong></span> 
     </span>
    </p>
   </div>
   <div class='ocr_carea' id='block_1_75' title="bbox 289 4410 1958 4489">
    <p class='ocr_par' dir='ltr' id='par_1_75' title="bbox 289 4410 1958 4489">
     <span class='ocr_line' id='line_1_75' title="bbox 289 4410 1958 4489; baseline -0.005 -17"><span class='ocrx_word' id='word_1_524' title='bbox 289 4419 359 4474; x_wconf 91' lang='lat' dir='ltr'><strong>de</strong></span> <span class='ocrx_word' id='word_1_525' title='bbox 393 4433 515 4489; x_wconf 87' lang='lat' dir='ltr'><strong>quo</strong></span> <span class='ocrx_word' id='word_1_526' title='bbox 546 4412 732 4469; x_wconf 88' lang='lat' dir='ltr'><strong>latius</strong></span> <span class='ocrx_word' id='word_1_527' title='bbox 764 4413 885 4485; x_wconf 87' lang='lat' dir='ltr'><strong>agit</strong></span> <span class='ocrx_word' id='word_1_528' title='bbox 917 4410 1167 4466; x_wconf 78' lang='lat' dir='ltr'><strong>Allatius</strong></span> <span class='ocrx_word' id='word_1_529' title='bbox 1194 4411 1253 4466; x_wconf 89' lang='lat' dir='ltr'><strong>in</strong></span> <span class='ocrx_word' id='word_1_530' title='bbox 1283 4411 1544 4466; x_wconf 88' lang='lat' dir='ltr'><strong>Diatriba</strong></span> <span class='ocrx_word' id='word_1_531' title='bbox 1574 4411 1644 4465; x_wconf 92' lang='lat' dir='ltr'><strong>de</strong></span> <span class='ocrx_word' id='word_1_532' title='bbox 1674 4410 1958 4482; x_wconf 84' lang='lat' dir='ltr'><strong>Georgiis.</strong></span> 
     </span>
    </p>
   </div>
   <div class='ocr_carea' id='block_1_76' title="bbox 289 4499 1960 4572">
    <p class='ocr_par' dir='ltr' id='par_1_76' title="bbox 289 4499 1960 4572">
     <span class='ocr_line' id='line_1_76' title="bbox 289 4499 1960 4572; baseline -0.004 -12"><span class='ocrx_word' id='word_1_533' title='bbox 289 4505 633 4560; x_wconf 87' lang='lat' dir='ltr'><strong>Plurimum</strong></span> <span class='ocrx_word' id='word_1_534' title='bbox 669 4501 852 4557; x_wconf 87' lang='lat' dir='ltr'><strong>valuit</strong></span> <span class='ocrx_word' id='word_1_535' title='bbox 878 4500 938 4555; x_wconf 92' lang='lat' dir='ltr'><strong>in</strong></span> <span class='ocrx_word' id='word_1_536' title='bbox 972 4499 1107 4556; x_wconf 87' lang='lat' dir='ltr'><strong>aula</strong></span> <span class='ocrx_word' id='word_1_537' title='bbox 1149 4499 1550 4572; x_wconf 88' lang='lat' dir='ltr'><strong>imperatoria,</strong></span> <span class='ocrx_word' id='word_1_538' title='bbox 1583 4499 1806 4570; x_wconf 79' lang='lat' dir='ltr'><strong>fuitque</strong></span> <span class='ocrx_word' id='word_1_539' title='bbox 1841 4499 1960 4554; x_wconf 89' lang='lat' dir='ltr'><strong>Ma-</strong></span> 
     </span>
    </p>
   </div>
   <div class='ocr_carea' id='block_1_77' title="bbox 291 4589 1960 4667">
    <p class='ocr_par' dir='ltr' id='par_1_77' title="bbox 291 4589 1960 4667">
     <span class='ocr_line' id='line_1_77' title="bbox 291 4589 1960 4667; baseline -0.005 -16"><span class='ocrx_word' id='word_1_540' title='bbox 291 4611 446 4667; x_wconf 90' lang='lat' dir='ltr'><strong>gnus</strong></span> <span class='ocrx_word' id='word_1_541' title='bbox 477 4591 832 4665; x_wconf 85' lang='lat' dir='ltr'><strong>Logotheta,</strong></span> <span class='ocrx_word' id='word_1_542' title='bbox 857 4589 1189 4662; x_wconf 63' lang='lat' dir='ltr'><strong>reipublicae</strong></span> <span class='ocrx_word' id='word_1_543' title='bbox 1222 4589 1790 4645; x_wconf 87' lang='lat' dir='ltr'><strong>administrationem</strong></span> <span class='ocrx_word' id='word_1_544' title='bbox 1824 4604 1960 4644; x_wconf 89' lang='lat' dir='ltr'><strong>cum</strong></span> 
     </span>
    </p>
   </div>
   <div class='ocr_carea' id='block_1_78' title="bbox 291 4677 1961 4756">
    <p class='ocr_par' dir='ltr' id='par_1_78' title="bbox 291 4677 1961 4756">
     <span class='ocr_line' id='line_1_78' title="bbox 291 4677 1961 4756; baseline -0.003 -19"><span class='ocrx_word' id='word_1_545' title='bbox 291 4684 660 4756; x_wconf 85' lang='lat' dir='ltr'><strong>imperatore</strong></span> <span class='ocrx_word' id='word_1_546' title='bbox 689 4695 919 4751; x_wconf 86' lang='lat' dir='ltr'><strong>gerens.</strong></span> <span class='ocrx_word' id='word_1_547' title='bbox 953 4678 1114 4734; x_wconf 90' lang='lat' dir='ltr'><strong>Hanc</strong></span> <span class='ocrx_word' id='word_1_548' title='bbox 1145 4678 1490 4750; x_wconf 83' lang='lat' dir='ltr'><strong>dignitatem</strong></span> <span class='ocrx_word' id='word_1_549' title='bbox 1514 4677 1768 4733; x_wconf 85' lang='lat' dir='ltr'><strong>declarat</strong></span> <span class='ocrx_word' id='word_1_550' title='bbox 1794 4677 1961 4733; x_wconf 82' lang='lat' dir='ltr'><strong>Jaco-</strong></span> 
     </span>
    </p>
   </div>
   <div class='ocr_carea' id='block_1_79' title="bbox 290 4767 1958 4832">
    <p class='ocr_par' dir='ltr' id='par_1_79' title="bbox 290 4767 1958 4832">
     <span class='ocr_line' id='line_1_79' title="bbox 290 4767 1958 4832; baseline -0.005 -4"><span class='ocrx_word' id='word_1_551' title='bbox 290 4773 403 4828; x_wconf 86' lang='lat' dir='ltr'><strong>bus</strong></span> <span class='ocrx_word' id='word_1_552' title='bbox 451 4772 617 4828; x_wconf 83' lang='lat' dir='ltr'><strong>Goar</strong></span> <span class='ocrx_word' id='word_1_553' title='bbox 669 4769 728 4822; x_wconf 91' lang='lat' dir='ltr'><strong>in</strong></span> <span class='ocrx_word' id='word_1_554' title='bbox 777 4767 931 4824; x_wconf 90' lang='lat' dir='ltr'><strong>notis</strong></span> <span class='ocrx_word' id='word_1_555' title='bbox 981 4768 1054 4822; x_wconf 89' lang='lat' dir='ltr'><strong>ad</strong></span> <span class='ocrx_word' id='word_1_556' title='bbox 1105 4767 1413 4822; x_wconf 88' lang='lat' dir='ltr'><strong>Codinum.</strong></span> <span class='ocrx_word' id='word_1_557' title='bbox 1474 4769 1800 4822; x_wconf 87' lang='lat' dir='ltr'><strong>Germanus</strong></span> <span class='ocrx_word' id='word_1_558' title='bbox 1860 4767 1958 4832; x_wconf 90' lang='lat' dir='ltr'>III,</span> 
     </span>
    </p>
   </div>
   <div class='ocr_carea' id='block_1_80' title="bbox 294 4855 1958 4931">
    <p class='ocr_par' dir='ltr' id='par_1_80' title="bbox 294 4855 1958 4931">
     <span class='ocr_line' id='line_1_80' title="bbox 294 4855 1958 4931; baseline -0.004 -15"><span class='ocrx_word' id='word_1_559' title='bbox 294 4859 637 4931; x_wconf 84' lang='lat' dir='ltr'><strong>patriarcha</strong></span> <span class='ocrx_word' id='word_1_560' title='bbox 667 4855 1366 4927; x_wconf 87' lang='lat' dir='ltr'><strong>Constantinopolitanus,</strong></span> <span class='ocrx_word' id='word_1_561' title='bbox 1398 4856 1497 4926; x_wconf 91' lang='lat' dir='ltr'><strong>qui</strong></span> <span class='ocrx_word' id='word_1_562' title='bbox 1541 4855 1821 4910; x_wconf 90' lang='lat' dir='ltr'><strong>thronum</strong></span> <span class='ocrx_word' id='word_1_563' title='bbox 1853 4856 1958 4910; x_wconf 92' lang='lat' dir='ltr'><strong>Ec-</strong></span> 
     </span>
    </p>
   </div>
   <div class='ocr_carea' id='block_1_81' title="bbox 297 4943 1964 5015">
    <p class='ocr_par' dir='ltr' id='par_1_81' title="bbox 297 4943 1964 5015">
     <span class='ocr_line' id='line_1_81' title="bbox 297 4943 1964 5015; baseline -0.004 -10"><span class='ocrx_word' id='word_1_564' title='bbox 297 4949 487 5005; x_wconf 64' lang='lat' dir='ltr'><strong>clesia:</strong></span> <span class='ocrx_word' id='word_1_565' title='bbox 521 4963 685 5002; x_wconf 89' lang='lat' dir='ltr'><strong>anno</strong></span> <span class='ocrx_word' id='word_1_566' title='bbox 721 4945 858 5000; x_wconf 90' lang='lat'><strong>1266</strong></span> <span class='ocrx_word' id='word_1_567' title='bbox 892 4944 992 5000; x_wconf 79' lang='lat'><strong>24</strong></span> <span class='ocrx_word' id='word_1_568' title='bbox 1022 4943 1109 4999; x_wconf 88' lang='lat' dir='ltr'><strong>vel</strong></span> <span class='ocrx_word' id='word_1_569' title='bbox 1138 4943 1475 5015; x_wconf 88' lang='lat' dir='ltr'><strong>insequenti</strong></span> <span class='ocrx_word' id='word_1_570' title='bbox 1505 4944 1864 5011; x_wconf 88' lang='lat' dir='ltr'><strong>conscendit,</strong></span> <span class='ocrx_word' id='word_1_571' title='bbox 1899 4961 1964 4998; x_wconf 89' lang='lat' dir='ltr'><strong>ac</strong></span> 
     </span>
    </p>
   </div>
   <div class='ocr_carea' id='block_1_82' title="bbox 299 5032 1968 5105">
    <p class='ocr_par' dir='ltr' id='par_1_82' title="bbox 299 5032 1968 5105">
     <span class='ocr_line' id='line_1_82' title="bbox 299 5032 1968 5105; baseline -0.005 -10"><span class='ocrx_word' id='word_1_572' title='bbox 299 5038 534 5095; x_wconf 88' lang='lat' dir='ltr'><strong>modico</strong></span> <span class='ocrx_word' id='word_1_573' title='bbox 558 5034 761 5091; x_wconf 89' lang='lat' dir='ltr'><strong>tenuit</strong></span> <span class='ocrx_word' id='word_1_574' title='bbox 781 5039 1132 5105; x_wconf 88' lang='lat' dir='ltr'><strong>tempore,ut</strong></span> <span class='ocrx_word' id='word_1_575' title='bbox 1151 5032 1491 5105; x_wconf 63' lang='lat' dir='ltr'><strong>Acropolita</strong></span> <span class='ocrx_word' id='word_1_576' title='bbox 1513 5033 1968 5088; x_wconf 89' lang='lat' dir='ltr'><strong>substitueretur</strong></span> 
     </span>
    </p>
   </div>
   <div class='ocr_carea' id='block_1_83' title="bbox 299 5121 1968 5196">
    <p class='ocr_par' dir='ltr' id='par_1_83' title="bbox 299 5121 1968 5196">
     <span class='ocr_line' id='line_1_83' title="bbox 299 5121 1968 5196; baseline -0.004 -12"><span class='ocrx_word' id='word_1_577' title='bbox 299 5126 653 5193; x_wconf 87' lang='lat' dir='ltr'><strong>Holobolus,</strong></span> <span class='ocrx_word' id='word_1_578' title='bbox 710 5122 984 5196; x_wconf 90' lang='lat' dir='ltr'><strong>publicus</strong></span> <span class='ocrx_word' id='word_1_579' title='bbox 1033 5123 1458 5178; x_wconf 86' lang='lat' dir='ltr'><strong>matbematum</strong></span> <span class='ocrx_word' id='word_1_580' title='bbox 1514 5121 1825 5193; x_wconf 87' lang='lat' dir='ltr'><strong>professor,</strong></span> <span class='ocrx_word' id='word_1_581' title='bbox 1875 5122 1968 5178; x_wconf 88' lang='lat' dir='ltr'><strong>his</strong></span> 
     </span>
    </p>
   </div>
   <div class='ocr_carea' id='block_1_84' title="bbox 299 5211 1971 5284">
    <p class='ocr_par' dir='ltr' id='par_1_84' title="bbox 299 5211 1971 5284">
     <span class='ocr_line' id='line_1_84' title="bbox 299 5211 1971 5284; baseline -0.002 -14"><span class='ocrx_word' id='word_1_582' title='bbox 299 5219 493 5274; x_wconf 85' lang='lat' dir='ltr'><strong>verbis</strong></span> <span class='ocrx_word' id='word_1_583' title='bbox 527 5229 811 5272; x_wconf 81' lang='lat' dir='ltr'><strong>exorasse</strong></span> <span class='ocrx_word' id='word_1_584' title='bbox 853 5211 1194 5268; x_wconf 87' lang='lat' dir='ltr'><strong>Michaelem</strong></span> <span class='ocrx_word' id='word_1_585' title='bbox 1224 5212 1640 5284; x_wconf 88' lang='lat' dir='ltr'><strong>imperatorem</strong></span> <span class='ocrx_word' id='word_1_586' title='bbox 1671 5211 1971 5267; x_wconf 88' lang='lat' dir='ltr'><strong>inducitur</strong></span> 
     </span>
    </p>
   </div>
   <div class='ocr_carea' id='block_1_85' title="bbox 304 5301 1972 5379">
    <p class='ocr_par' dir='ltr' id='par_1_85' title="bbox 304 5301 1972 5379">
     <span class='ocr_line' id='line_1_85' title="bbox 304 5301 1972 5379; baseline -0.003 -17"><span class='ocrx_word' id='word_1_587' title='bbox 304 5309 456 5379; x_wconf 83' lang='lat' dir='ltr'><strong>apud</strong></span> <span class='ocrx_word' id='word_1_588' title='bbox 490 5305 919 5376; x_wconf 81' lang='lat' dir='ltr'><strong>Pachymerem</strong></span> <span class='ocrx_word' id='word_1_589' title='bbox 959 5301 1060 5356; x_wconf 90' lang='lat' dir='ltr'><strong>lib.</strong></span> <span class='ocrx_word' id='word_1_590' title='bbox 1096 5318 1172 5366; x_wconf 88' lang='lat' dir='ltr'><strong>IV,</strong></span> <span class='ocrx_word' id='word_1_591' title='bbox 1196 5301 1385 5372; x_wconf 91' lang='lat' dir='ltr'><strong>capite</strong></span> <span class='ocrx_word' id='word_1_592' title='bbox 1413 5301 1477 5355; x_wconf 86' lang='grc'>14</span> <span class='ocrx_word' id='word_1_593' title='bbox 1511 5316 1525 5355; x_wconf 88' lang='lat'>:</span> <span class='ocrx_word' id='word_1_594' title='bbox 1559 5301 1888 5370; x_wconf 83' lang='lat' dir='ltr'><strong>Acropolita,</strong></span> <span class='ocrx_word' id='word_1_595' title='bbox 1919 5306 1972 5357; x_wconf 89' lang='lat' dir='ltr'><strong>et</strong></span> 
     </span>
    </p>
   </div>
   <div class='ocr_carea' id='block_1_86' title="bbox 303 5390 1971 5470">
    <p class='ocr_par' dir='ltr' id='par_1_86' title="bbox 303 5390 1971 5470">
     <span class='ocr_line' id='line_1_86' title="bbox 303 5390 1971 5470; baseline -0.005 -16"><span class='ocrx_word' id='word_1_596' title='bbox 303 5399 532 5470; x_wconf 68' lang='lat' dir='ltr'><strong>Magnus</strong></span> <span class='ocrx_word' id='word_1_597' title='bbox 589 5393 889 5462; x_wconf 87' lang='lat' dir='ltr'><strong>Logotheta</strong></span> <span class='ocrx_word' id='word_1_598' title='bbox 936 5390 1219 5461; x_wconf 84' lang='lat' dir='ltr'><strong>Georgius,</strong></span> <span class='ocrx_word' id='word_1_599' title='bbox 1274 5397 1367 5446; x_wconf 89' lang='lat' dir='ltr'><strong>tuo</strong></span> <span class='ocrx_word' id='word_1_600' title='bbox 1413 5390 1628 5445; x_wconf 81' lang='lat' dir='ltr'><strong>dudum</strong></span> <span class='ocrx_word' id='word_1_601' title='bbox 1695 5391 1971 5464; x_wconf 83' lang='lat' dir='ltr'><strong>(Auguste)</strong></span> 
     </span>
    </p>
   </div>
   <div class='ocr_carea' id='block_1_87' title="bbox 297 5479 1976 5558">
    <p class='ocr_par' dir='ltr' id='par_1_87' title="bbox 297 5479 1976 5558">
     <span class='ocr_line' id='line_1_87' title="bbox 297 5479 1976 5558; baseline -0.005 -14"><span class='ocrx_word' id='word_1_602' title='bbox 297 5491 456 5558; x_wconf 68' lang='lat' dir='ltr'><strong>jussu</strong></span> <span class='ocrx_word' id='word_1_603' title='bbox 515 5489 772 5541; x_wconf 76' lang='lat' dir='ltr'><strong>vesratus</strong></span> <span class='ocrx_word' id='word_1_604' title='bbox 829 5482 890 5536; x_wconf 86' lang='lat' dir='ltr'><strong>in</strong></span> <span class='ocrx_word' id='word_1_605' title='bbox 946 5481 1237 5536; x_wconf 84' lang='lat' dir='ltr'><strong>tradendis</strong></span> <span class='ocrx_word' id='word_1_606' title='bbox 1301 5479 1632 5552; x_wconf 85' lang='lat' dir='ltr'><strong>disciplinis,</strong></span> <span class='ocrx_word' id='word_1_607' title='bbox 1678 5487 1976 5553; x_wconf 83' lang='lat' dir='ltr'><strong>postquam</strong></span> 
     </span>
    </p>
   </div>
   <div class='ocr_carea' id='block_1_88' title="bbox 306 5569 1977 5647">
    <p class='ocr_par' dir='ltr' id='par_1_88' title="bbox 306 5569 1977 5647">
     <span class='ocr_line' id='line_1_88' title="bbox 306 5569 1977 5647; baseline -0.004 -17"><span class='ocrx_word' id='word_1_608' title='bbox 306 5579 492 5633; x_wconf 79' lang='lat' dir='ltr'><strong>multis</strong></span> <span class='ocrx_word' id='word_1_609' title='bbox 512 5593 642 5647; x_wconf 67' lang='lat' dir='ltr'><strong>1am</strong></span> <span class='ocrx_word' id='word_1_610' title='bbox 673 5573 843 5628; x_wconf 83' lang='lat' dir='ltr'><strong>annis</strong></span> <span class='ocrx_word' id='word_1_611' title='bbox 887 5569 1170 5625; x_wconf 72' lang='lat' dir='ltr'><strong>insudarit</strong></span> <span class='ocrx_word' id='word_1_612' title='bbox 1197 5572 1252 5625; x_wconf 85' lang='lat' dir='ltr'><strong>ei</strong></span> <span class='ocrx_word' id='word_1_613' title='bbox 1301 5584 1507 5641; x_wconf 61' lang='lat' dir='ltr'><strong>operae,</strong></span> <span class='ocrx_word' id='word_1_614' title='bbox 1537 5571 1731 5639; x_wconf 82' lang='lat' dir='ltr'><strong>fractis</strong></span> <span class='ocrx_word' id='word_1_615' title='bbox 1758 5569 1977 5625; x_wconf 86' lang='lat' dir='ltr'><strong>demum</strong></span> 
     </span>
    </p>
   </div>
   <div class='ocr_carea' id='block_1_89' title="bbox 307 5660 1976 5738">
    <p class='ocr_par' dir='ltr' id='par_1_89' title="bbox 307 5660 1976 5738">
     <span class='ocr_line' id='line_1_89' title="bbox 307 5660 1976 5738; baseline -0.005 -14"><span class='ocrx_word' id='word_1_616' title='bbox 307 5670 512 5723; x_wconf 71' lang='lat' dir='ltr'><strong>viribus</strong></span> <span class='ocrx_word' id='word_1_617' title='bbox 559 5664 778 5738; x_wconf 82' lang='lat' dir='ltr'><strong>fatiscit</strong></span> <span class='ocrx_word' id='word_1_618' title='bbox 814 5702 827 5715; x_wconf 94' lang='lat'><strong>.</strong></span> <span class='ocrx_word' id='word_1_619' title='bbox 866 5703 876 5713; x_wconf 92' lang='lat'><strong>.</strong></span> <span class='ocrx_word' id='word_1_620' title='bbox 916 5700 929 5713; x_wconf 93' lang='lat'><strong>.</strong></span> <span class='ocrx_word' id='word_1_621' title='bbox 965 5661 1156 5714; x_wconf 78' lang='lat' dir='ltr'><strong>Annae</strong></span> <span class='ocrx_word' id='word_1_622' title='bbox 1199 5660 1377 5728; x_wconf 86' lang='lat' dir='ltr'><strong>igitur</strong></span> <span class='ocrx_word' id='word_1_623' title='bbox 1421 5660 1709 5716; x_wconf 85' lang='lat' dir='ltr'><strong>orantibus</strong></span> <span class='ocrx_word' id='word_1_624' title='bbox 1754 5661 1976 5718; x_wconf 84' lang='lat' dir='ltr'><strong>nobis...</strong></span> 
     </span>
    </p>
   </div>
   <div class='ocr_carea' id='block_1_90' title="bbox 637 5786 1391 5853">
    <p class='ocr_par' dir='ltr' id='par_1_90' title="bbox 637 5786 1391 5853">
     <span class='ocr_line' id='line_1_90' title="bbox 637 5786 1391 5853; baseline -0.004 0"><span class='ocrx_word' id='word_1_625' title='bbox 637 5793 911 5853; x_wconf 69' lang='lat' dir='ltr'><strong>Pareat.</strong></span> <span class='ocrx_word' id='word_1_626' title='bbox 965 5788 1078 5847; x_wconf 76' lang='lat' dir='ltr'><strong>Gs.</strong></span> <span class='ocrx_word' id='word_1_627' title='bbox 1129 5786 1391 5850; x_wconf 79' lang='lat' dir='ltr'>CXLIII.</span> 
     </span>
    </p>
   </div>
   <div class='ocr_carea' id='block_1_91' title="bbox 2064 3341 3717 3416">
    <p class='ocr_par' dir='ltr' id='par_1_91' title="bbox 2064 3341 3717 3416">
     <span class='ocr_line' id='line_1_91' title="bbox 2064 3341 3717 3416; baseline -0.005 -13"><span class='ocrx_word' id='word_1_628' title='bbox 2064 3364 2180 3416; x_wconf 90' lang='lat' dir='ltr'><strong>ros,</strong></span> <span class='ocrx_word' id='word_1_629' title='bbox 2214 3345 2477 3416; x_wconf 90' lang='lat' dir='ltr'><strong>aliosque</strong></span> <span class='ocrx_word' id='word_1_630' title='bbox 2524 3345 2596 3400; x_wconf 89' lang='lat' dir='ltr'><strong>ad</strong></span> <span class='ocrx_word' id='word_1_631' title='bbox 2648 3343 3019 3400; x_wconf 89' lang='lat' dir='ltr'><strong>concordiam</strong></span> <span class='ocrx_word' id='word_1_632' title='bbox 3068 3341 3460 3398; x_wconf 89' lang='lat' dir='ltr'><strong>Ecclesiarum</strong></span> <span class='ocrx_word' id='word_1_633' title='bbox 3506 3341 3717 3396; x_wconf 90' lang='lat' dir='ltr'><strong>ineun-</strong></span> 
     </span>
    </p>
   </div>
   <div class='ocr_carea' id='block_1_92' title="bbox 2065 3429 3713 3505">
    <p class='ocr_par' dir='ltr' id='par_1_92' title="bbox 2065 3429 3713 3505">
     <span class='ocr_line' id='line_1_92' title="bbox 2065 3429 3713 3505; baseline -0.003 -15"><span class='ocrx_word' id='word_1_634' title='bbox 2065 3437 2218 3504; x_wconf 88' lang='lat' dir='ltr'><strong>dam,</strong></span> <span class='ocrx_word' id='word_1_635' title='bbox 2252 3434 2559 3505; x_wconf 90' lang='lat' dir='ltr'><strong>eidemque</strong></span> <span class='ocrx_word' id='word_1_636' title='bbox 2606 3432 2764 3487; x_wconf 69' lang='lat' dir='ltr'><strong>inite:</strong></span> <span class='ocrx_word' id='word_1_637' title='bbox 2823 3431 3310 3487; x_wconf 89' lang='lat' dir='ltr'><strong>consentiendum</strong></span> <span class='ocrx_word' id='word_1_638' title='bbox 3361 3447 3479 3502; x_wconf 90' lang='lat' dir='ltr'><strong>qua</strong></span> <span class='ocrx_word' id='word_1_639' title='bbox 3511 3429 3713 3497; x_wconf 90' lang='lat' dir='ltr'><strong>minis,</strong></span> 
     </span>
    </p>
   </div>
   <div class='ocr_carea' id='block_1_93' title="bbox 2067 3518 3713 3596">
    <p class='ocr_par' dir='ltr' id='par_1_93' title="bbox 2067 3518 3713 3596">
     <span class='ocr_line' id='line_1_93' title="bbox 2067 3518 3713 3596; baseline -0.004 -15"><span class='ocrx_word' id='word_1_640' title='bbox 2067 3542 2186 3596; x_wconf 91' lang='lat' dir='ltr'><strong>qua</strong></span> <span class='ocrx_word' id='word_1_641' title='bbox 2227 3521 2468 3590; x_wconf 83' lang='lat' dir='ltr'><strong>exsiliis,</strong></span> <span class='ocrx_word' id='word_1_642' title='bbox 2518 3521 2837 3594; x_wconf 88' lang='lat' dir='ltr'><strong>imperator</strong></span> <span class='ocrx_word' id='word_1_643' title='bbox 2883 3519 3398 3577; x_wconf 88' lang='lat' dir='ltr'><strong>vehementissime</strong></span> <span class='ocrx_word' id='word_1_644' title='bbox 3445 3518 3713 3590; x_wconf 87' lang='lat' dir='ltr'><strong>urgebat.</strong></span> 
     </span>
    </p>
   </div>
   <div class='ocr_carea' id='block_1_94' title="bbox 2067 3606 3715 3686">
    <p class='ocr_par' dir='ltr' id='par_1_94' title="bbox 2067 3606 3715 3686">
     <span class='ocr_line' id='line_1_94' title="bbox 2067 3606 3715 3686; baseline -0.005 -17"><span class='ocrx_word' id='word_1_645' title='bbox 2067 3613 2477 3686; x_wconf 82' lang='lat' dir='ltr'><strong>Pachymerem</strong></span> <span class='ocrx_word' id='word_1_646' title='bbox 2511 3613 2636 3682; x_wconf 89' lang='lat' dir='ltr'><strong>lege</strong></span> <span class='ocrx_word' id='word_1_647' title='bbox 2667 3610 2814 3666; x_wconf 89' lang='lat' dir='ltr'><strong>libro</strong></span> <span class='ocrx_word' id='word_1_648' title='bbox 2844 3627 2898 3678; x_wconf 85' lang='grc' dir='ltr'><strong>ν,</strong></span> <span class='ocrx_word' id='word_1_649' title='bbox 2933 3627 2967 3665; x_wconf 91' lang='lat' dir='ltr'><strong>a</strong></span> <span class='ocrx_word' id='word_1_650' title='bbox 3011 3612 3200 3680; x_wconf 90' lang='lat' dir='ltr'><strong>capite</strong></span> <span class='ocrx_word' id='word_1_651' title='bbox 3231 3611 3318 3663; x_wconf 93' lang='lat'><strong>11.</strong></span> <span class='ocrx_word' id='word_1_652' title='bbox 3351 3607 3497 3664; x_wconf 89' lang='lat' dir='ltr'><strong>Hinc</strong></span> <span class='ocrx_word' id='word_1_653' title='bbox 3529 3606 3715 3662; x_wconf 89' lang='lat' dir='ltr'><strong>animi</strong></span> 
     </span>
    </p>
   </div>
   <div class='ocr_carea' id='block_1_95' title="bbox 2065 3698 3712 3770">
    <p class='ocr_par' dir='ltr' id='par_1_95' title="bbox 2065 3698 3712 3770">
     <span class='ocr_line' id='line_1_95' title="bbox 2065 3698 3712 3770; baseline -0.004 -12"><span class='ocrx_word' id='word_1_654' title='bbox 2065 3720 2209 3758; x_wconf 71' lang='lat' dir='ltr'><strong>cura:</strong></span> <span class='ocrx_word' id='word_1_655' title='bbox 2231 3709 2284 3758; x_wconf 90' lang='lat' dir='ltr'><strong>et</strong></span> <span class='ocrx_word' id='word_1_656' title='bbox 2304 3701 2698 3757; x_wconf 84' lang='lat' dir='ltr'><strong>sollicitudines</strong></span> <span class='ocrx_word' id='word_1_657' title='bbox 2720 3700 2777 3753; x_wconf 92' lang='lat' dir='ltr'><strong>in</strong></span> <span class='ocrx_word' id='word_1_658' title='bbox 2798 3698 3041 3770; x_wconf 83' lang='lat' dir='ltr'><strong>Georgio</strong></span> <span class='ocrx_word' id='word_1_659' title='bbox 3063 3698 3301 3770; x_wconf 86' lang='lat' dir='ltr'><strong>Cyprio;</strong></span> <span class='ocrx_word' id='word_1_660' title='bbox 3336 3714 3463 3769; x_wconf 67' lang='lat' dir='ltr'><strong>quae</strong></span> <span class='ocrx_word' id='word_1_661' title='bbox 3487 3700 3712 3769; x_wconf 88' lang='lat' dir='ltr'><strong>postea,</strong></span> 
     </span>
    </p>
   </div>
   <div class='ocr_carea' id='block_1_96' title="bbox 2066 3786 3719 3860">
    <p class='ocr_par' dir='ltr' id='par_1_96' title="bbox 2066 3786 3719 3860">
     <span class='ocr_line' id='line_1_96' title="bbox 2066 3786 3719 3860; baseline -0.004 -14"><span class='ocrx_word' id='word_1_662' title='bbox 2066 3791 2400 3846; x_wconf 82' lang='lat' dir='ltr'><strong>Andronico</strong></span> <span class='ocrx_word' id='word_1_663' title='bbox 2435 3790 2572 3844; x_wconf 84' lang='lat'><strong>1282</strong></span> <span class='ocrx_word' id='word_1_664' title='bbox 2616 3792 2954 3860; x_wconf 89' lang='lat' dir='ltr'><strong>capessente</strong></span> <span class='ocrx_word' id='word_1_665' title='bbox 2998 3787 3333 3859; x_wconf 88' lang='lat' dir='ltr'><strong>imperium,</strong></span> <span class='ocrx_word' id='word_1_666' title='bbox 3362 3787 3550 3842; x_wconf 60' lang='lat' dir='ltr'><strong>solum</strong></span> <span class='ocrx_word' id='word_1_667' title='bbox 3593 3786 3719 3840; x_wconf 90' lang='lat' dir='ltr'><strong>fue-</strong></span> 
     </span>
    </p>
   </div>
   <div class='ocr_carea' id='block_1_97' title="bbox 2067 3874 3722 3948">
    <p class='ocr_par' dir='ltr' id='par_1_97' title="bbox 2067 3874 3722 3948">
     <span class='ocr_line' id='line_1_97' title="bbox 2067 3874 3722 3948; baseline -0.004 -12"><span class='ocrx_word' id='word_1_668' title='bbox 2067 3884 2224 3936; x_wconf 88' lang='lat' dir='ltr'><strong>runt.</strong></span> <span class='ocrx_word' id='word_1_669' title='bbox 2257 3880 2405 3934; x_wconf 90' lang='lat' dir='ltr'><strong>Tum</strong></span> <span class='ocrx_word' id='word_1_670' title='bbox 2437 3894 2568 3933; x_wconf 91' lang='lat' dir='ltr'><strong>vero</strong></span> <span class='ocrx_word' id='word_1_671' title='bbox 2603 3875 2733 3932; x_wconf 88' lang='lat' dir='ltr'><strong>aliis</strong></span> <span class='ocrx_word' id='word_1_672' title='bbox 2784 3875 2965 3933; x_wconf 88' lang='lat' dir='ltr'><strong>animi</strong></span> <span class='ocrx_word' id='word_1_673' title='bbox 2997 3876 3154 3931; x_wconf 89' lang='lat' dir='ltr'><strong>curis</strong></span> <span class='ocrx_word' id='word_1_674' title='bbox 3204 3876 3448 3948; x_wconf 82' lang='lat' dir='ltr'><strong>Cyprius</strong></span> <span class='ocrx_word' id='word_1_675' title='bbox 3480 3874 3722 3930; x_wconf 73' lang='lat' dir='ltr'><strong>affectus</strong></span> 
     </span>
    </p>
   </div>
   <div class='ocr_carea' id='block_1_98' title="bbox 2067 3965 3194 4041">
    <p class='ocr_par' dir='ltr' id='par_1_98' title="bbox 2067 3965 3194 4041">
     <span class='ocr_line' id='line_1_98' title="bbox 2067 3965 3194 4041; baseline -0.004 -17"><span class='ocrx_word' id='word_1_676' title='bbox 2067 3974 2175 4038; x_wconf 90' lang='lat' dir='ltr'><strong>est,</strong></span> <span class='ocrx_word' id='word_1_677' title='bbox 2209 3967 2493 4041; x_wconf 87' lang='lat' dir='ltr'><strong>dignitate</strong></span> <span class='ocrx_word' id='word_1_678' title='bbox 2525 3965 2902 4038; x_wconf 87' lang='lat' dir='ltr'><strong>patriarchali</strong></span> <span class='ocrx_word' id='word_1_679' title='bbox 2933 3969 3194 4021; x_wconf 89' lang='lat' dir='ltr'><strong>ornatus.</strong></span> 
     </span>
    </p>
   </div>
   <div class='ocr_carea' id='block_1_99' title="bbox 2141 4054 3719 4128">
    <p class='ocr_par' dir='ltr' id='par_1_99' title="bbox 2141 4054 3719 4128">
     <span class='ocr_line' id='line_1_99' title="bbox 2141 4054 3719 4128; baseline -0.004 -15"><span class='ocrx_word' id='word_1_680' title='bbox 2141 4057 2257 4128; x_wconf 87' lang='lat'><strong>(26)</strong></span> <span class='ocrx_word' id='word_1_681' title='bbox 2304 4057 2383 4111; x_wconf 86' lang='lat' dir='ltr'><strong>Ad</strong></span> <span class='ocrx_word' id='word_1_682' title='bbox 2428 4071 2710 4112; x_wconf 88' lang='lat' dir='ltr'><strong>summum</strong></span> <span class='ocrx_word' id='word_1_683' title='bbox 2765 4054 3214 4127; x_wconf 85' lang='lat' dir='ltr'><strong>patriarcharum</strong></span> <span class='ocrx_word' id='word_1_684' title='bbox 3261 4055 3520 4108; x_wconf 86' lang='lat' dir='ltr'><strong>thronum</strong></span> <span class='ocrx_word' id='word_1_685' title='bbox 3564 4067 3719 4107; x_wconf 86' lang='lat' dir='ltr'><strong>cons-</strong></span> 
     </span>
    </p>
   </div>
   <div class='ocr_carea' id='block_1_100' title="bbox 2069 4141 3719 4215">
    <p class='ocr_par' dir='ltr' id='par_1_100' title="bbox 2069 4141 3719 4215">
     <span class='ocr_line' id='line_1_100' title="bbox 2069 4141 3719 4215; baseline -0.005 -10"><span class='ocrx_word' id='word_1_686' title='bbox 2069 4148 2257 4205; x_wconf 86' lang='lat' dir='ltr'><strong>cendit</strong></span> <span class='ocrx_word' id='word_1_687' title='bbox 2291 4190 2303 4201; x_wconf 92' lang='lat'><strong>.</strong></span> <span class='ocrx_word' id='word_1_688' title='bbox 2342 4189 2354 4201; x_wconf 91' lang='lat'><strong>.</strong></span> <span class='ocrx_word' id='word_1_689' title='bbox 2392 4189 2404 4200; x_wconf 96' lang='lat'><strong>.</strong></span> <span class='ocrx_word' id='word_1_690' title='bbox 2433 4145 2639 4202; x_wconf 84' lang='lat' dir='ltr'><strong>Incidit</strong></span> <span class='ocrx_word' id='word_1_691' title='bbox 2663 4147 2837 4200; x_wconf 86' lang='lat' dir='ltr'><strong>etiam</strong></span> <span class='ocrx_word' id='word_1_692' title='bbox 2883 4145 2941 4198; x_wconf 86' lang='lat' dir='ltr'><strong>in</strong></span> <span class='ocrx_word' id='word_1_693' title='bbox 2972 4152 3216 4215; x_wconf 88' lang='lat' dir='ltr'><strong>tempora</strong></span> <span class='ocrx_word' id='word_1_694' title='bbox 3245 4143 3413 4198; x_wconf 85' lang='lat' dir='ltr'><strong>dubia</strong></span> <span class='ocrx_word' id='word_1_695' title='bbox 3449 4157 3518 4196; x_wconf 74' lang='lat' dir='ltr'><strong>ea:</strong></span> <span class='ocrx_word' id='word_1_696' title='bbox 3545 4141 3719 4196; x_wconf 86' lang='lat' dir='ltr'><strong>schis-</strong></span> 
     </span>
    </p>
   </div>
   <div class='ocr_carea' id='block_1_101' title="bbox 2069 4229 3720 4306">
    <p class='ocr_par' dir='ltr' id='par_1_101' title="bbox 2069 4229 3720 4306">
     <span class='ocr_line' id='line_1_101' title="bbox 2069 4229 3720 4306; baseline -0.005 -15"><span class='ocrx_word' id='word_1_697' title='bbox 2069 4238 2397 4293; x_wconf 83' lang='lat' dir='ltr'><strong>maticorum</strong></span> <span class='ocrx_word' id='word_1_698' title='bbox 2435 4238 2641 4306; x_wconf 80' lang='lat' dir='ltr'><strong>lurore,</strong></span> <span class='ocrx_word' id='word_1_699' title='bbox 2675 4237 2723 4289; x_wconf 85' lang='lat' dir='ltr'><strong>et</strong></span> <span class='ocrx_word' id='word_1_700' title='bbox 2771 4233 3053 4305; x_wconf 78' lang='lat' dir='ltr'><strong>difﬁcilia.</strong></span> <span class='ocrx_word' id='word_1_701' title='bbox 3085 4232 3397 4304; x_wconf 89' lang='lat' dir='ltr'><strong>Georgium</strong></span> <span class='ocrx_word' id='word_1_702' title='bbox 3441 4229 3720 4302; x_wconf 86' lang='lat' dir='ltr'><strong>Cyprium</strong></span> 
     </span>
    </p>
   </div>
   <div class='ocr_carea' id='block_1_102' title="bbox 2073 4319 3721 4399">
    <p class='ocr_par' dir='ltr' id='par_1_102' title="bbox 2073 4319 3721 4399">
     <span class='ocr_line' id='line_1_102' title="bbox 2073 4319 3721 4399; baseline -0.006 -16"><span class='ocrx_word' id='word_1_703' title='bbox 2073 4328 2143 4383; x_wconf 91' lang='lat' dir='ltr'><strong>ad</strong></span> <span class='ocrx_word' id='word_1_704' title='bbox 2175 4323 2621 4399; x_wconf 79' lang='lat' dir='ltr'><strong>patriarchalem</strong></span> <span class='ocrx_word' id='word_1_705' title='bbox 2645 4323 2990 4394; x_wconf 81' lang='lat' dir='ltr'><strong>dignitatem</strong></span> <span class='ocrx_word' id='word_1_706' title='bbox 3024 4321 3312 4394; x_wconf 90' lang='lat' dir='ltr'><strong>promovit</strong></span> <span class='ocrx_word' id='word_1_707' title='bbox 3328 4319 3721 4384; x_wconf 81' lang='lat' dir='ltr'><strong>Andronicus,</strong></span> 
     </span>
    </p>
   </div>
   <div class='ocr_carea' id='block_1_103' title="bbox 2070 4408 3727 4487">
    <p class='ocr_par' dir='ltr' id='par_1_103' title="bbox 2070 4408 3727 4487">
     <span class='ocr_line' id='line_1_103' title="bbox 2070 4408 3727 4487; baseline -0.005 -16"><span class='ocrx_word' id='word_1_708' title='bbox 2070 4417 2250 4487; x_wconf 91' lang='lat' dir='ltr'><strong>hujus</strong></span> <span class='ocrx_word' id='word_1_709' title='bbox 2298 4413 2555 4469; x_wconf 90' lang='lat' dir='ltr'><strong>nominis</strong></span> <span class='ocrx_word' id='word_1_710' title='bbox 2604 4413 2921 4484; x_wconf 90' lang='lat' dir='ltr'><strong>imperator</strong></span> <span class='ocrx_word' id='word_1_711' title='bbox 2961 4413 3031 4478; x_wconf 91' lang='lat' dir='ltr'>II,</span> <span class='ocrx_word' id='word_1_712' title='bbox 3065 4411 3259 4466; x_wconf 90' lang='lat' dir='ltr'><strong>dictus</strong></span> <span class='ocrx_word' id='word_1_713' title='bbox 3307 4409 3484 4464; x_wconf 89' lang='lat' dir='ltr'><strong>etiam</strong></span> <span class='ocrx_word' id='word_1_714' title='bbox 3529 4408 3727 4464; x_wconf 87' lang='lat' dir='ltr'><strong>Senior</strong></span> 
     </span>
    </p>
   </div>
   <div class='ocr_carea' id='block_1_104' title="bbox 2071 4499 3722 4576">
    <p class='ocr_par' dir='ltr' id='par_1_104' title="bbox 2071 4499 3722 4576">
     <span class='ocr_line' id='line_1_104' title="bbox 2071 4499 3722 4576; baseline -0.006 -16"><span class='ocrx_word' id='word_1_715' title='bbox 2071 4508 2341 4576; x_wconf 89' lang='lat' dir='ltr'><strong>respectu</strong></span> <span class='ocrx_word' id='word_1_716' title='bbox 2386 4502 2585 4558; x_wconf 89' lang='lat' dir='ltr'><strong>habito</strong></span> <span class='ocrx_word' id='word_1_717' title='bbox 2617 4503 2712 4559; x_wconf 74' lang='lat'><strong>25</strong></span> <span class='ocrx_word' id='word_1_718' title='bbox 2750 4503 2822 4557; x_wconf 90' lang='lat' dir='ltr'><strong>ad</strong></span> <span class='ocrx_word' id='word_1_719' title='bbox 2872 4500 3270 4555; x_wconf 88' lang='lat' dir='ltr'><strong>Andronicum</strong></span> <span class='ocrx_word' id='word_1_720' title='bbox 3321 4499 3397 4553; x_wconf 89' lang='lat' dir='ltr'><strong>III</strong></span> <span class='ocrx_word' id='word_1_721' title='bbox 3430 4502 3722 4569; x_wconf 91' lang='lat' dir='ltr'><strong>nepotem.</strong></span> 
     </span>
    </p>
   </div>
   <div class='ocr_carea' id='block_1_105' title="bbox 1992 4585 3726 4676">
    <p class='ocr_par' dir='ltr' id='par_1_105' title="bbox 1992 4585 3726 4676">
     <span class='ocr_line' id='line_1_105' title="bbox 1992 4585 3726 4676; baseline -0.006 -26"><span class='ocrx_word' id='word_1_722' title='bbox 1992 4612 2038 4676; x_wconf 75' lang='grc' dir='ltr'>Ι)</span> <span class='ocrx_word' id='word_1_723' title='bbox 2071 4596 2274 4649; x_wconf 90' lang='lat' dir='ltr'><strong>Annus</strong></span> <span class='ocrx_word' id='word_1_724' title='bbox 2330 4591 2546 4647; x_wconf 87' lang='lat' dir='ltr'><strong>Christi</strong></span> <span class='ocrx_word' id='word_1_725' title='bbox 2612 4591 2950 4646; x_wconf 89' lang='lat' dir='ltr'><strong>volvebatur</strong></span> <span class='ocrx_word' id='word_1_726' title='bbox 2999 4589 3157 4642; x_wconf 87' lang='lat'><strong>1283.</strong></span> <span class='ocrx_word' id='word_1_727' title='bbox 3223 4587 3610 4658; x_wconf 84' lang='lat' dir='ltr'><strong>Pachymeres</strong></span> <span class='ocrx_word' id='word_1_728' title='bbox 3666 4585 3726 4640; x_wconf 90' lang='lat' dir='ltr'><strong>in</strong></span> 
     </span>
    </p>
   </div>
   <div class='ocr_carea' id='block_1_106' title="bbox 2070 4678 3727 4752">
    <p class='ocr_par' dir='ltr' id='par_1_106' title="bbox 2070 4678 3727 4752">
     <span class='ocr_line' id='line_1_106' title="bbox 2070 4678 3727 4752; baseline -0.006 -14"><span class='ocrx_word' id='word_1_729' title='bbox 2070 4681 2400 4738; x_wconf 89' lang='lat' dir='ltr'><strong>Andronico</strong></span> <span class='ocrx_word' id='word_1_730' title='bbox 2454 4680 2604 4736; x_wconf 90' lang='lat' dir='ltr'><strong>libro</strong></span> <span class='ocrx_word' id='word_1_731' title='bbox 2663 4698 2703 4742; x_wconf 83' lang='grc' dir='ltr'><strong>ι,</strong></span> <span class='ocrx_word' id='word_1_732' title='bbox 2764 4679 2952 4752; x_wconf 85' lang='lat' dir='ltr'><strong>capite</strong></span> <span class='ocrx_word' id='word_1_733' title='bbox 3004 4679 3092 4744; x_wconf 86' lang='grc'>14,</span> <span class='ocrx_word' id='word_1_734' title='bbox 3150 4678 3414 4732; x_wconf 78' lang='lat' dir='ltr'><strong>Martium</strong></span> <span class='ocrx_word' id='word_1_735' title='bbox 3463 4690 3727 4730; x_wconf 90' lang='lat' dir='ltr'><strong>mensem</strong></span> 
     </span>
    </p>
   </div>
   <div class='ocr_carea' id='block_1_107' title="bbox 2069 4764 3728 4840">
    <p class='ocr_par' dir='ltr' id='par_1_107' title="bbox 2069 4764 3728 4840">
     <span class='ocr_line' id='line_1_107' title="bbox 2069 4764 3728 4840; baseline -0.006 -13"><span class='ocrx_word' id='word_1_736' title='bbox 2069 4771 2356 4840; x_wconf 89' lang='lat' dir='ltr'><strong>enuntiat,</strong></span> <span class='ocrx_word' id='word_1_737' title='bbox 2399 4786 2514 4840; x_wconf 94' lang='lat' dir='ltr'><strong>quo</strong></span> <span class='ocrx_word' id='word_1_738' title='bbox 2569 4769 2813 4840; x_wconf 78' lang='lat' dir='ltr'><strong>Cyprius</strong></span> <span class='ocrx_word' id='word_1_739' title='bbox 2865 4767 3255 4823; x_wconf 89' lang='lat' dir='ltr'><strong>monasticam</strong></span> <span class='ocrx_word' id='word_1_740' title='bbox 3305 4764 3728 4837; x_wconf 89' lang='lat' dir='ltr'><strong>professionem</strong></span> 
     </span>
    </p>
   </div>
   <div class='ocr_carea' id='block_1_108' title="bbox 2074 4852 3732 4928">
    <p class='ocr_par' dir='ltr' id='par_1_108' title="bbox 2074 4852 3732 4928">
     <span class='ocr_line' id='line_1_108' title="bbox 2074 4852 3732 4928; baseline -0.006 -12"><span class='ocrx_word' id='word_1_741' title='bbox 2074 4860 2291 4926; x_wconf 89' lang='lat' dir='ltr'><strong>emisit,</strong></span> <span class='ocrx_word' id='word_1_742' title='bbox 2321 4875 2468 4914; x_wconf 90' lang='lat' dir='ltr'><strong>novo</strong></span> <span class='ocrx_word' id='word_1_743' title='bbox 2520 4863 2823 4928; x_wconf 88' lang='lat' dir='ltr'><strong>assumpto</strong></span> <span class='ocrx_word' id='word_1_744' title='bbox 2856 4855 3091 4911; x_wconf 90' lang='lat' dir='ltr'><strong>nomine</strong></span> <span class='ocrx_word' id='word_1_745' title='bbox 3123 4854 3395 4926; x_wconf 73' lang='lat' dir='ltr'><strong>Gregorii,</strong></span> <span class='ocrx_word' id='word_1_746' title='bbox 3430 4870 3494 4909; x_wconf 86' lang='lat' dir='ltr'><strong>ac</strong></span> <span class='ocrx_word' id='word_1_747' title='bbox 3525 4852 3732 4908; x_wconf 84' lang='lat' dir='ltr'><strong>celebre</strong></span> 
     </span>
    </p>
   </div>
   <div class='ocr_carea' id='block_1_109' title="bbox 2073 4941 3731 5018">
    <p class='ocr_par' dir='ltr' id='par_1_109' title="bbox 2073 4941 3731 5018">
     <span class='ocr_line' id='line_1_109' title="bbox 2073 4941 3731 5018; baseline -0.007 -12"><span class='ocrx_word' id='word_1_748' title='bbox 2073 4952 2400 5006; x_wconf 88' lang='lat' dir='ltr'><strong>Palmarum</strong></span> <span class='ocrx_word' id='word_1_749' title='bbox 2428 4949 2632 5018; x_wconf 80' lang='lat' dir='ltr'><strong>festum</strong></span> <span class='ocrx_word' id='word_1_750' title='bbox 2663 4946 2889 5012; x_wconf 87' lang='lat' dir='ltr'><strong>statuit,</strong></span> <span class='ocrx_word' id='word_1_751' title='bbox 2925 4962 3040 5018; x_wconf 90' lang='lat' dir='ltr'><strong>quo</strong></span> <span class='ocrx_word' id='word_1_752' title='bbox 3071 4947 3132 4999; x_wconf 89' lang='lat' dir='ltr'><strong>in</strong></span> <span class='ocrx_word' id='word_1_753' title='bbox 3159 4944 3546 5016; x_wconf 85' lang='lat' dir='ltr'><strong>patriarcham</strong></span> <span class='ocrx_word' id='word_1_754' title='bbox 3583 4941 3731 4996; x_wconf 81' lang='lat' dir='ltr'><strong>ordi-</strong></span> 
     </span>
    </p>
   </div>
   <div class='ocr_carea' id='block_1_110' title="bbox 2076 5031 3732 5106">
    <p class='ocr_par' dir='ltr' id='par_1_110' title="bbox 2076 5031 3732 5106">
     <span class='ocr_line' id='line_1_110' title="bbox 2076 5031 3732 5106; baseline -0.007 -10"><span class='ocrx_word' id='word_1_755' title='bbox 2076 5047 2234 5096; x_wconf 86' lang='lat' dir='ltr'><strong>nat-us</strong></span> <span class='ocrx_word' id='word_1_756' title='bbox 2263 5041 2360 5094; x_wconf 85' lang='lat' dir='ltr'><strong>est.</strong></span> <span class='ocrx_word' id='word_1_757' title='bbox 2403 5039 2604 5092; x_wconf 90' lang='lat' dir='ltr'><strong>Annus</strong></span> <span class='ocrx_word' id='word_1_758' title='bbox 2633 5053 2755 5090; x_wconf 65' lang='lat' dir='ltr'><strong>aera:</strong></span> <span class='ocrx_word' id='word_1_759' title='bbox 2785 5034 3044 5106; x_wconf 86' lang='lat' dir='ltr'><strong>vulgaris</strong></span> <span class='ocrx_word' id='word_1_760' title='bbox 3078 5035 3215 5088; x_wconf 88' lang='lat'><strong>1283</strong></span> <span class='ocrx_word' id='word_1_761' title='bbox 3255 5031 3573 5105; x_wconf 88' lang='lat' dir='ltr'><strong>insignitus</strong></span> <span class='ocrx_word' id='word_1_762' title='bbox 3601 5047 3732 5085; x_wconf 92' lang='lat' dir='ltr'><strong>cur-</strong></span> 
     </span>
    </p>
   </div>
   <div class='ocr_carea' id='block_1_111' title="bbox 2078 5121 3733 5199">
    <p class='ocr_par' dir='ltr' id='par_1_111' title="bbox 2078 5121 3733 5199">
     <span class='ocr_line' id='line_1_111' title="bbox 2078 5121 3733 5199; baseline -0.007 -15"><span class='ocrx_word' id='word_1_763' title='bbox 2078 5130 2240 5185; x_wconf 91' lang='lat' dir='ltr'><strong>rebat</strong></span> <span class='ocrx_word' id='word_1_764' title='bbox 2271 5126 2428 5199; x_wconf 85' lang='lat' dir='ltr'><strong>cyclo</strong></span> <span class='ocrx_word' id='word_1_765' title='bbox 2460 5125 2603 5180; x_wconf 92' lang='lat' dir='ltr'><strong>solis</strong></span> <span class='ocrx_word' id='word_1_766' title='bbox 2639 5124 2731 5191; x_wconf 90' lang='lat' dir='ltr'><strong>IV,</strong></span> <span class='ocrx_word' id='word_1_767' title='bbox 2763 5123 2958 5178; x_wconf 86' lang='lat' dir='ltr'><strong>littera</strong></span> <span class='ocrx_word' id='word_1_768' title='bbox 2988 5121 3337 5178; x_wconf 88' lang='lat' dir='ltr'><strong>Dominicali</strong></span> <span class='ocrx_word' id='word_1_769' title='bbox 3371 5122 3430 5176; x_wconf 91' lang='lat' dir='ltr'><strong>C.</strong></span> <span class='ocrx_word' id='word_1_770' title='bbox 3460 5125 3518 5176; x_wconf 91' lang='lat' dir='ltr'><strong>et</strong></span> <span class='ocrx_word' id='word_1_771' title='bbox 3547 5122 3733 5173; x_wconf 86' lang='lat' dir='ltr'><strong>Aureo</strong></span> 
     </span>
    </p>
   </div>
   <div class='ocr_carea' id='block_1_112' title="bbox 2080 5207 3735 5280">
    <p class='ocr_par' dir='ltr' id='par_1_112' title="bbox 2080 5207 3735 5280">
     <span class='ocr_line' id='line_1_112' title="bbox 2080 5207 3735 5280; baseline -0.007 -6"><span class='ocrx_word' id='word_1_772' title='bbox 2080 5233 2324 5274; x_wconf 91' lang='lat' dir='ltr'><strong>numero</strong></span> <span class='ocrx_word' id='word_1_773' title='bbox 2349 5217 2433 5270; x_wconf 91' lang='grc'><strong>11.</strong></span> <span class='ocrx_word' id='word_1_774' title='bbox 2459 5215 2602 5270; x_wconf 87' lang='lat' dir='ltr'><strong>Hinc</strong></span> <span class='ocrx_word' id='word_1_775' title='bbox 2635 5231 2868 5270; x_wconf 87' lang='lat' dir='ltr'><strong>sacrum</strong></span> <span class='ocrx_word' id='word_1_776' title='bbox 2900 5213 3125 5268; x_wconf 89' lang='lat' dir='ltr'><strong>Pascha</strong></span> <span class='ocrx_word' id='word_1_777' title='bbox 3147 5214 3203 5267; x_wconf 90' lang='lat' dir='ltr'><strong>in</strong></span> <span class='ocrx_word' id='word_1_778' title='bbox 3237 5211 3390 5267; x_wconf 89' lang='lat' dir='ltr'><strong>diem</strong></span> <span class='ocrx_word' id='word_1_779' title='bbox 3425 5211 3488 5264; x_wconf 90' lang='lat'><strong>18</strong></span> <span class='ocrx_word' id='word_1_780' title='bbox 3519 5207 3735 5280; x_wconf 87' lang='lat' dir='ltr'><strong>Aprilis</strong></span> 
     </span>
    </p>
   </div>
   <div class='ocr_carea' id='block_1_113' title="bbox 2080 5297 3740 5372">
    <p class='ocr_par' dir='ltr' id='par_1_113' title="bbox 2080 5297 3740 5372">
     <span class='ocr_line' id='line_1_113' title="bbox 2080 5297 3740 5372; baseline -0.007 -10"><span class='ocrx_word' id='word_1_781' title='bbox 2080 5306 2283 5362; x_wconf 90' lang='lat' dir='ltr'><strong>incidit</strong></span> <span class='ocrx_word' id='word_1_782' title='bbox 2313 5322 2324 5360; x_wconf 90' lang='lat'>:</span> <span class='ocrx_word' id='word_1_783' title='bbox 2359 5310 2416 5360; x_wconf 87' lang='lat' dir='ltr'><strong>et</strong></span> <span class='ocrx_word' id='word_1_784' title='bbox 2447 5303 2538 5358; x_wconf 88' lang='lat' dir='ltr'><strong>die</strong></span> <span class='ocrx_word' id='word_1_785' title='bbox 2569 5304 2882 5358; x_wconf 88' lang='lat' dir='ltr'><strong>undecima</strong></span> <span class='ocrx_word' id='word_1_786' title='bbox 2913 5302 3181 5372; x_wconf 90' lang='lat' dir='ltr'><strong>ejusdem</strong></span> <span class='ocrx_word' id='word_1_787' title='bbox 3217 5300 3439 5354; x_wconf 90' lang='lat' dir='ltr'><strong>mensis</strong></span> <span class='ocrx_word' id='word_1_788' title='bbox 3470 5297 3740 5352; x_wconf 88' lang='lat' dir='ltr'><strong>illuxerat</strong></span> 
     </span>
    </p>
   </div>
   <div class='ocr_carea' id='block_1_114' title="bbox 2084 5387 3740 5457">
    <p class='ocr_par' dir='ltr' id='par_1_114' title="bbox 2084 5387 3740 5457">
     <span class='ocr_line' id='line_1_114' title="bbox 2084 5387 3740 5457; baseline -0.006 -6"><span class='ocrx_word' id='word_1_789' title='bbox 2084 5397 2407 5452; x_wconf 88' lang='lat' dir='ltr'><strong>Palmarum</strong></span> <span class='ocrx_word' id='word_1_790' title='bbox 2454 5391 2775 5448; x_wconf 87' lang='lat' dir='ltr'><strong>Dominica.</strong></span> <span class='ocrx_word' id='word_1_791' title='bbox 2810 5391 2991 5446; x_wconf 87' lang='lat' dir='ltr'><strong>Dubia</strong></span> <span class='ocrx_word' id='word_1_792' title='bbox 3035 5407 3104 5447; x_wconf 77' lang='lat' dir='ltr'><strong>ea:</strong></span> <span class='ocrx_word' id='word_1_793' title='bbox 3150 5388 3622 5446; x_wconf 84' lang='lat' dir='ltr'><strong>schismaticorum</strong></span> <span class='ocrx_word' id='word_1_794' title='bbox 3654 5387 3740 5457; x_wconf 81' lang='lat' dir='ltr'><strong>fu-</strong></span> 
     </span>
    </p>
   </div>
   <div class='ocr_carea' id='block_1_115' title="bbox 2083 5475 3741 5553">
    <p class='ocr_par' dir='ltr' id='par_1_115' title="bbox 2083 5475 3741 5553">
     <span class='ocr_line' id='line_1_115' title="bbox 2083 5475 3741 5553; baseline -0.007 -12"><span class='ocrx_word' id='word_1_795' title='bbox 2083 5501 2233 5550; x_wconf 87' lang='lat' dir='ltr'><strong>rore,</strong></span> <span class='ocrx_word' id='word_1_796' title='bbox 2284 5493 2334 5538; x_wconf 89' lang='lat' dir='ltr'><strong>et</strong></span> <span class='ocrx_word' id='word_1_797' title='bbox 2380 5482 2640 5553; x_wconf 84' lang='lat' dir='ltr'><strong>difﬁcilia</strong></span> <span class='ocrx_word' id='word_1_798' title='bbox 2687 5480 2968 5536; x_wconf 78' lang='lat' dir='ltr'><strong>dicuntUr</strong></span> <span class='ocrx_word' id='word_1_799' title='bbox 3014 5497 3078 5536; x_wconf 90' lang='lat' dir='ltr'><strong>ea</strong></span> <span class='ocrx_word' id='word_1_800' title='bbox 3127 5488 3390 5551; x_wconf 84' lang='lat' dir='ltr'><strong>tempora.</strong></span> <span class='ocrx_word' id='word_1_801' title='bbox 3438 5475 3741 5548; x_wconf 89' lang='lat' dir='ltr'><strong>Siquidem</strong></span> 
     </span>
    </p>
   </div>
   <div class='ocr_carea' id='block_1_116' title="bbox 2087 5567 3742 5644">
    <p class='ocr_par' dir='ltr' id='par_1_116' title="bbox 2087 5567 3742 5644">
     <span class='ocr_line' id='line_1_116' title="bbox 2087 5567 3742 5644; baseline -0.006 -15"><span class='ocrx_word' id='word_1_802' title='bbox 2087 5572 2427 5644; x_wconf 75' lang='lat' dir='ltr'><strong>patriarchm</strong></span> <span class='ocrx_word' id='word_1_803' title='bbox 2473 5588 2575 5644; x_wconf 91' lang='lat' dir='ltr'><strong>pro</strong></span> <span class='ocrx_word' id='word_1_804' title='bbox 2626 5571 2884 5642; x_wconf 87' lang='lat' dir='ltr'><strong>partium</strong></span> <span class='ocrx_word' id='word_1_805' title='bbox 2919 5569 3112 5624; x_wconf 88' lang='lat' dir='ltr'><strong>studio</strong></span> <span class='ocrx_word' id='word_1_806' title='bbox 3162 5567 3644 5634; x_wconf 86' lang='lat' dir='ltr'><strong>detrudebantur,</strong></span> <span class='ocrx_word' id='word_1_807' title='bbox 3676 5579 3742 5619; x_wconf 88' lang='lat' dir='ltr'><strong>ac</strong></span> 
     </span>
    </p>
   </div>
   <div class='ocr_carea' id='block_1_117' title="bbox 2088 5653 3744 5736">
    <p class='ocr_par' dir='ltr' id='par_1_117' title="bbox 2088 5653 3744 5736">
     <span class='ocr_line' id='line_1_117' title="bbox 2088 5653 3744 5736; baseline -0.007 -16"><span class='ocrx_word' id='word_1_808' title='bbox 2088 5663 2584 5736; x_wconf 85' lang='lat' dir='ltr'><strong>promovebantur</strong></span> <span class='ocrx_word' id='word_1_809' title='bbox 2614 5678 2626 5717; x_wconf 91' lang='lat'><strong>:</strong></span> <span class='ocrx_word' id='word_1_810' title='bbox 2661 5660 2874 5716; x_wconf 88' lang='lat' dir='ltr'><strong>Joanni</strong></span> <span class='ocrx_word' id='word_1_811' title='bbox 2905 5663 3083 5715; x_wconf 90' lang='lat' dir='ltr'><strong>Becco</strong></span> <span class='ocrx_word' id='word_1_812' title='bbox 3115 5657 3332 5730; x_wconf 90' lang='lat' dir='ltr'><strong>injuste</strong></span> <span class='ocrx_word' id='word_1_813' title='bbox 3357 5655 3618 5727; x_wconf 87' lang='lat' dir='ltr'><strong>deposito</strong></span> <span class='ocrx_word' id='word_1_814' title='bbox 3648 5653 3744 5710; x_wconf 86' lang='lat' dir='ltr'><strong>Jo-</strong></span> 
     </span>
    </p>
   </div>
   <div class='ocr_carea' id='block_1_118' title="bbox 3430 5784 3466 5843">
    <p class='ocr_par' dir='ltr' id='par_1_118' title="bbox 3430 5784 3466 5843">
     <span class='ocr_line' id='line_1_118' title="bbox 3430 5784 3466 5843; baseline 0 0"><span class='ocrx_word' id='word_1_815' title='bbox 3430 5784 3466 5843; x_wconf 80' lang='lat'><strong>2</strong></span> 
     </span>
    </p>
   </div>
  </div>
