4090 6432
426 363 504 421 43
1457 356 1772 416 GEORGII
1821 355 2078 416 CYPIlll

2215 362 2240 412 ’.
2295 355 2818 415 PA'I‘HIAIICHIE
3763 355 3839 412 44

426 492 646 564 sephus
676 490 886 545 iterum
922 489 1276 544 substitutus
1300 489 1487 542 fuerat
1518 504 1531 541 :
1567 487 1840 558 vigebant
1873 488 2071 542 lactio-
2097 488 2152 553 Α
2182 485 2671 541 Vindoboncnsis.
2709 487 2841 551 Quae
2871 485 3309 541 lucubrationes
3359 485 3418 540 in
3452 489 3651 540 nostro
3700 502 3839 542 con-

427 597 557 648 nes,
580 597 706 651 quae
727 578 1072 633 dicebantur
1091 576 1520 631 Arsenianorum
1549 580 1606 631 et
1625 575 2030 647 Josephitarum
2060 593 2077 628 :

429 671 645 742 dogma
670 665 1021 723 catholicum
1073 667 1144 721 de
1186 665 1558 737 processione
1588 665 1842 736 Spiritus
1894 664 2080 720 sancti

429 774 534 830 pro
565 755 716 812 virili
748 755 1064 811 tuebantur
1084 753 1417 827 gravissimi
1447 753 1934 826 viri,rejiciebant
1959 753 2076 808 alii.

430 845 540 914 Qui
595 844 722 900 loco
773 843 1046 916 superius
1099 841 1276 898 allato
1333 841 1668 898 schismatici
1715 843 1992 897 dicuntur
2049 859 2083 896 a

431 931 805 990 schismatico
830 931 1137 1002 scriptore,
1169 929 1433 1003 insignes
1483 929 1740 1004 intellige
1769 931 1946 998 viros,
1979 929 2078 1001 qui

430 1022 633 1080 unioni
661 1038 798 1080 cum
849 1020 1075 1076 Latinis
1105 1021 1431 1076 constitutae
1483 1020 1875 1076 adhaerebant.
1911 1021 2083 1076 Hisce

430 1114 502 1168 de
530 1113 707 1168 rebus
736 1109 942 1167 latiore
974 1125 1243 1165 sermone
1272 1109 1392 1181 agit
1421 1109 1824 1181 Pachymeres.

501 1201 614 1273 (27)
655 1203 836 1257 Metus
875 1200 1056 1254 omnis
1103 1197 1382 1254 relaxatio
1429 1200 1629 1269 cuique
1666 1197 1816 1253 data.
1851 1199 2078 1254 Factam

437 1291 509 1346 ab
538 1291 888 1360 imperatore
915 1287 1243 1342 Andronico
1276 1286 1610 1343 facultatem
1644 1287 1854 1342 Joanni
1879 1287 2080 1359 Becco,

431 1380 678 1451 ejusque
707 1376 969 1442 asseolis,
993 1375 1378 1431 Constantino
1411 1375 1797 1443 Meliteniotai,
1823 1380 1881 1431 et
1909 1378 2082 1432 Geor-

432 1466 527 1538 gio
558 1463 884 1520 Metochitee
915 1461 1083 1518 facile
1127 1462 1532 1534 intelligerem,
1565 1468 1627 1518 ut
1658 1481 1776 1519 sua:
1810 1464 1941 1519 ﬁdei
1990 1481 2081 1519 ra-

433 1554 649 1611 tionem
707 1552 1012 1608 redderent
1069 1551 1130 1606 in
1187 1550 1476 1622 colloquio
1531 1553 1684 1622 quod
1736 1569 1890 1608 anno
1947 1553 2082 1607 1284

431 1643 704 1699 habitum
729 1640 840 1697 fuit
870 1640 930 1696 in
968 1639 1239 1696 Alexiaco
1276 1639 1842 1697 Triclinio.Consule
1865 1642 2082 1714 Pachy-

433 1748 655 1789 merem
685 1730 833 1786 libro
865 1731 910 1798 Ι,
942 1728 1129 1801 capite
1159 1729 1228 1783 34
1249 1733 1306 1784 et
1335 1730 1688 1801 insequenti.
1723 1732 1874 1786 Tum
1903 1731 2080 1795 enim,

2187 575 2470 642 tinentur,
2497 575 2653 630 haud
2687 575 2858 630 fuerit
2889 591 3073 647 operae
3096 574 3473 646 dispendium
3500 573 3843 646 diligentius

2191 681 2356 720 P6081]
2367 681 2513 720 SCI‘B.

2263 755 2288 807 1
2327 752 2502 826 Λόγος
2535 753 2601 806 τὰ
2644 754 2760 815 καθ’
2793 752 2977 806 ἑαυτὸν
3012 752 3284 827 περιέχων
3307 772 3319 784 ο
3365 752 3550 808 Sermo
3598 769 3684 810 res
3713 771 3842 810 suas

2189 845 2496 910 continens,
2549 860 2724 914 quem
2778 843 2932 898 notis
2983 841 3430 898 illustravimus.
3463 842 3706 898 Mutilus
3753 849 3843 900 est

2189 930 2250 986 in
2281 931 2476 986 codice
2507 931 2964 987 Vindobonensi.
2989 929 3134 985 Vide
3166 935 3369 986 notam
3403 932 3479 1002 (2)
3509 935 3566 986 et
3597 932 3730 1003 (13).

2263 1021 2338 1091 (2)
2387 1022 2449 1075 1η
2495 1030 2747 1075 sanctum
2791 1036 3058 1088 magnum
3104 1023 3407 1091 martyrem
3435 1021 3484 1074 el
3533 1020 3844 1092 triumpha-

2191 1119 2363 1165 torem
2415 1109 2723 1181 Georgium.
2775 1109 3028 1181 Incipit:
3063 1109 3219 1168 ἘΘος
3264 1112 3424 1162 τοῦτο
3473 1111 3580 1162 τῶν
3632 1105 3838 1183 λόγων.

2192 1200 2386 1255 Graece
2415 1199 2569 1271 typis
2617 1199 2841 1254 editum
2872 1203 2962 1254 est
3009 1197 3355 1253 Encomium
3387 1198 3542 1270 apud
3574 1198 3842 1254 Bollandi

2193 1287 2637 1343 Continuatores
2662 1292 2822 1343 tomo
2870 1287 2945 1343 III
2990 1285 3228 1358 Aprilis,
3262 1304 3392 1358 pag.
3426 1285 3573 1342 XXV
3600 1287 3661 1342 in
3703 1287 3841 1357 fine,

2193 1381 2250 1432 et
2278 1377 2498 1447 Latine,
2532 1393 2664 1448 pag.
2703 1377 2826 1430 1‘23.

2263 1467 2317 1521 3.
2364 1469 2426 1521 In
2477 1475 2728 1521 sanctum
2779 1467 3110 1536 Dianysium
3155 1465 3559 1536 Areopagitam.
3612 1465 3842 1537 Incipit,

2193 1556 2252 1609 Ἠ
2292 1555 2382 1626 μὲν
2416 1553 2770 1625 πρόθεσιςτῷ
2804 1550 2957 1627 λόγῳ
2990 1549 3190 1608 δικαία.

2266 1647 2316 1700 4.
2349 1649 2412 1699 In
2451 1649 2700 1700 sanctum
2746 1643 3104 1715 Euthymium
3132 1644 3443 1713 episcopum
3491 1641 3846 1713 Madytorum

2194 1735 2253 1788 in
2287 1734 2517 1790 dioecesi
2549 1733 2854 1789 Thracica.
2887 1731 3133 1787 Consule
3162 1731 3522 1804 Lequienum
3555 1731 3616 1785 in
3650 1731 3845 1787 Orien-

433 1825 595 1876 metu
653 1819 814 1876 omni
860 1817 1041 1918 veluti
1086 1817 1360 1923 relaxato,
1408 1819 1624 1891 scripta
1667 1819 1835 1892 plura
1881 1825 2161 1923 contraB
2195 1827 2245 1879 te
2299 1840 2454 1878 sacro
2511 1827 2670 1878 tomo
2731 1823 2771 1889 l,
2831 1822 2957 1877 cod.
3019 1822 3178 1875 1141.
3266 1819 3497 1892 Incipit,
3559 1819 3845 1890 Ἐπιτιμᾷν

433 1910 733 1984 Gregorim
779 1908 1059 1981 Cyprium
1103 1908 1260 1963 edita
1300 1925 1403 1978 pro
1452 1909 1725 1981 dogmate
1774 1909 2080 1965 catholico.

431 1999 563 2057 Haec
609 1997 950 2071 diligentius
999 2001 1350 2053 enarrantur
1403 1998 1670 2068 sequenti
1731 1998 1789 2054 in
1855 2000 2083 2055 Disser-

430 2090 670 2146 tatione.
721 2086 1032 2159 Superiore
1054 2086 1181 2158 jam
1234 2101 1386 2142 anno
1418 2085 1478 2142 in
1510 2088 1750 2158 synodo,
1795 2105 1920 2159 quae
1972 2091 2082 2145 sub

428 2176 683 2250 Josepho
731 2178 933 2232 iterum
977 2173 1307 2247 patriarcha
1356 2174 1644 2231 celebrata
1695 2177 1826 2243 fuit,
1878 2179 2082 2232 adver-

431 2265 575 2323 sarii
603 2264 769 2321 Becci
809 2265 1022 2333 causati
1061 2265 1306 2334 fuerant,
1339 2267 1483 2319 teste
1536 2264 1890 2338 Pachymere
1934 2267 2083 2322 libro

432 2358 606 2412 citato
637 2353 825 2426 capite
854 2353 1249 2424 8,:candalum
1277 2358 1478 2419 ortum,
1519 2362 1580 2408 ut
1629 2355 1882 2424 aiebant,
1913 2374 1984 2410 ex
2003 2360 2086 2411 in-

431 2446 747 2516 tempestiva
775 2443 1131 2499 ventilatione
1160 2444 1550 2513 quaestionum,
1583 2460 1726 2514 quas
1768 2447 2085 2516 inexplora-

432 2538 518 2591 ιω
537 2532 790 2604 relinqui
805 2530 1353 2604 praestiteratﬂpera
1372 2531 1654 2587 nonnulla
1687 2550 1719 2588 a
1743 2534 1921 2590 Becco
1967 2535 2083 2592 ela-

433 2624 639 2680 borata
659 2625 931 2677 numerat
947 2621 1102 2676 idem
1121 2619 1439 2676 historicus
1459 2620 1517 2675 in
1541 2623 1808 2692 sequenti
1824 2625 2010 2696 capite
2027 2627 2083 2681 9.

503 2713 618 2785 (28)
660 2713 869 2767 Invitas
916 2711 1145 2766 cessavit
1191 2727 1225 2765 a
1270 2711 1657 2781 componendis
1692 2715 2035 2769 orationibus
2065 2733 2084 2772 :

431 2805 484 2857 et
513 2803 630 2858 hac
656 2817 826 2857 causa
854 2815 1024 2871 quare
1053 2814 1164 2855 non
1195 2799 1362 2854 multi
1389 2800 1507 2870 ejus
1535 2803 1747 2856 exstent
1784 2818 2080 2860 sermones.

434 2889 695 2963 Intellige
724 2889 992 2945 creatorii
1020 2888 1252 2961 generis
1281 2887 1742 2955 lucubrationes,
1765 2893 2082 2962 Orationes,

429 2980 881 3046 Declamationes,
917 2977 1134 3044 Chrias,
1155 2976 1411 3044 Fabulas,
1431 2976 1799 3051 similesque,
1827 2983 1896 3035 ab
1926 2982 2083 3038 Alla-

429 3069 532 3137 tio,
591 3072 792 3134 Caveo,
840 3066 1088 3135 Oudino,
1135 3064 1396 3120 Fabricio
1447 3065 1695 3137 ahisque
1744 3070 2081 3126 recensitas.

2197 1910 2440 1970 δικαίως.

2263 2003 2317 2058 5.
2363 2001 2424 2056 In
2481 2009 2732 2056 sanctam
2777 2006 3084 2069 martyrem
3129 1999 3420 2053 Marinam.
3482 1996 3712 2070 Incipit,
3746 1995 3842 2050 Καὶ

2190 2092 2289 2160 τὴν
2325 2085 2616 2156 ἐκκλησίαν
2648 2084 2768 2160 ἄρα.

2264 2183 2317 2235 6.
2349 2182 2452 2231 Τοῦ
2483 2176 2646 2231 αὖτσῦ
2681 2173 2982 2251 βασιλικὸς,
3016 2175 3260 2248 ejusdem
3296 2192 3474 2231 sermo
3502 2177 3730 2244 regalis,
3764 2177 3846 2232 si-

2191 2287 2258 2326 ve
2283 2271 2352 2325 de
2385 2284 2536 2340 rege.
2570 2267 2796 2338 Incipit.
2833 2264 3024 2318 Καινὸν
3055 2260 3226 2334 οὐδὲν,
3263 2262 3504 2317 θειότατε
3541 2261 3788 2338 βασιλεῦ.

2262 2361 2317 2413 7.
2365 2360 2424 2413 1η
2474 2372 2659 2425 regem
2701 2356 2986 2411 dominum
3033 2354 3408 2409 Andronicum
3455 2354 3844 2422 Pataenlogum.

2195 2446 2423 2519 Incipit,
2455 2445 2655 2519 Ἐχρῆν
2694 2443 2787 2515 μὶν
2816 2444 2890 2504 ὡς
2924 2439 3167 2512 ἀληθῶς,
3205 2441 3427 2514 μέγιστε
3457 2439 3704 2515 βασιλεῦ.

2264 2539 2318 2592 8.
2352 2536 2537 2590 Sermo
2577 2533 2968 2589 antirrheticus
3017 2541 3209 2587 contra
3252 2533 3410 2586 Becci
3457 2530 3844 2602 blasphemias.

2195 2625 2423 2697 Incipit,
2454 2621 2563 2675 Οὐκ
2612 2617 2783 2696 ἔγωγε
2831 2617 3112 2692 θαυμάζω.
3163 2621 3372 2690 Novas,
3407 2636 3554 2690 quas
3603 2620 3848 2692 Cyprius

2193 2713 2416 2770 invehit
2464 2713 2733 2777 haereses,
2798 2709 3008 2765 refellit
3051 2710 3312 2764 Joannes
3366 2709 3462 2764 27
3520 2708 3740 2764 Beccus
3785 2708 3844 2763 in

2193 2804 2453 2861 oratione
2505 2819 2566 2870 ιι,
2626 2818 2754 2872 quae
2809 2804 2999 2854 exstat
3049 2799 3205 2870 apud
3261 2797 3540 2852 Allatium
3598 2802 3758 2854 tomo
3793 2798 3840 2853 II

2196 2895 2425 2949 Gracia?
2453 2889 2770 2946 orthodoxa:
2799 2905 2934 2960 pag.
2965 2889 3091 2941 252.
3125 2887 3243 2942 Hac
3273 2887 3345 2942 de
3377 2903 3436 2941 re
3465 2886 3524 2941 in
3557 2886 3850 2943 Disserta-

2193 2987 2352 3039 tione
2381 2979 2668 3052 sequenti.

2263 3074 2317 3126 9.
2351 3073 2662 3126 Tractatus
2710 3065 3017 3138 incipiens,
3069 3069 3237 3139 Ἔσχε
3289 3063 3382 3136 μὲν
3416 3065 3450 3131 ἡ
3485 3056 3847 3135 ἐπισυμϐἆσα.

431 3159 542 3214 Eas
590 3173 698 3213 nos
745 3155 901 3212 infra
947 3153 1449 3224 enumerabimus,
1499 3171 1626 3226 qua;
1683 3156 1743 3210 in
1790 3157 2085 3214 volumine
2134 3227 2139 3228 ί
2197 3160 2401 3215 Editus
2433 3158 2606 3214 eistat
2635 3156 2790 3228 apud
2839 3154 3202 3210 Bandurium
3247 3159 3407 3208 tomo
3441 3153 3510 3222 II,
3541 3152 3697 3208 inter
3746 3169 3850 3207 no-

433 3245 826 3304 continentur.

504 3336 618 3408 (29)
646 3335 798 3392 Adde
823 3336 1005 3390 varios
1034 3335 1272 3404 corporis
1299 3334 1535 3404 morbos,
1569 3339 1621 3389 et
1645 3339 1965 3406 praesertim
1996 3355 2084 3393 ca-

433 3427 586 3497 pitis.
621 3424 836 3481 Malam
865 3423 1040 3480 istam
1072 3423 1264 3495 Cyprii
1294 3421 1686 3480 valetudinem
1720 3426 1965 3483 fortasse
1994 3428 2084 3483 in-

435 3515 594 3571 dicat
639 3514 1048 3588 Pachymeres,
1100 3512 1199 3584 qui
1245 3511 1392 3568 libro
1441 3530 1505 3582 11,
1567 3531 1693 3587 cap.
1744 3517 1810 3570 17
1857 3517 2083 3573 obitum

435 3605 564 3676 ejus
632 3604 910 3673 referens,
967 3605 1270 3674 confectum
1342 3601 1424 3658 ait
1481 3604 1795 3674 agritudine
1845 3607 2024 3662 animi
2061 3625 2083 3671 ,-

432 3691 522 3746 καὶ
551 3691 696 3764 νόσῳ
725 3689 1088 3765 πολυημὲρῳ,
1121 3695 1173 3747 et
1218 3691 1402 3747 morbo
1431 3708 1534 3747 scu
1584 3693 1846 3765 languore
1881 3697 2083 3752 multo-

434 3798 565 3839 rum
591 3783 829 3839 dierum.
876 3781 976 3837 26
1010 3786 1084 3835 De
1113 3780 1320 3852 capitis
1361 3779 1578 3849 dolore,
1613 3799 1727 3855 quo
1758 3783 2080 3855 laborabat,

431 3889 585 3944 saape
609 3871 738 3942 ejus
767 3870 828 3925 in
859 3868 1121 3942 epistolis
1151 3869 1369 3924 mentio
1399 3871 1666 3925 occurrit.

504 3962 615 4034 (30)
646 3960 880 4017 Labores
911 3961 969 4014 in
999 3957 1441 4015 transcribendis
1485 3969 1729 4016 veterum
1774 3964 2082 4034 sapientum

431 4049 902 4107 lucubrationibus
931 4050 1222 4120 impensas.
1257 4047 1335 4102 Ex
1363 4047 1529 4120 ipsis,
1559 4067 1706 4120 quas
1734 4053 1861 4122 ejus
1882 4052 2081 4108 lauda-

428 4141 642 4210 vimus,
675 4157 792 4196 non
834 4137 1038 4211 paucis
1085 4136 1366 4208 epistolis,
1401 4142 1559 4209 patet
1598 4139 1928 4216 vehemens,
1963 4159 2078 4214 quo

427 4230 488 4286 in
524 4233 789 4286 veterum
832 4226 1060 4283 codices
1105 4226 1417 4292 ferebatur,
1451 4227 1642 4282 ardor.
1674 4228 1795 4283 Sibi
1847 4230 1971 4284 dari
2005 4232 2076 4286 ab

427 4319 559 4376 aliis
586 4319 727 4374 viris
759 4316 946 4372 doctis
974 4315 1343 4370 commodato
1365 4315 1609 4371 curabat
1636 4333 1734 4372 eos
1765 4318 1836 4373 ad
1867 4335 1936 4374 ex
1966 4319 2077 4375 cri-

425 4409 708 4464 bendum.

497 4498 608 4569 (31)
636 4497 714 4552 Ne
743 4495 942 4551 videar
987 4494 1107 4548 viro
1133 4507 1292 4564 aeque
1340 4509 1404 4547 ac
1432 4494 1574 4548 mihi
1619 4497 1950 4566 gratiﬁcari.
1983 4500 2069 4569 Ip-

2114 3227 2156 3294 α
2197 3255 2288 3306 tas
2318 3249 2389 3304 ad
2435 3227 2794 3318 Antiquilates
2845 3242 3476 3314 Constantinopolitanas
3525 3241 3673 3298 libro
3702 3241 3852 3310 VIII,

2197 3340 2255 3394 in
2288 3336 2562 3409 Gregorio
2611 3334 2836 3408 Cyprio.
2873 3337 2986 3387 Hoc
3035 3331 3159 3388 loco
3209 3331 3555 3388 inscribitur
3603 3330 3852 3392 ’Έκθεσις

2193 3430 2289 3480 τοῦ
2319 3424 2494 3497 τόμοι)
2525 3429 2626 3490 τῆς
2674 3421 2906 3475 πίστεως
2928 3441 2939 3453 ο
2975 3431 3175 3476 nostro
3207 3420 3265 3475 in
3317 3419 3636 3488 volumine,
3669 3417 3854 3490 Τόμος

2195 3515 2318 3590 περὶ
2349 3507 2612 3573 ἀσεϐείας.

2268 3607 2353 3660 10.
2403 3603 2711 3658 Tractatus
2763 3599 3070 3671 incipiens,
3111 3596 3211 3650 Τὸν
3269 3597 3362 3668 μὲν
3396 3595 3518 3650 Υἱὸν
3566 3600 3664 3649 τοῦ
3713 3601 3850 3650 Θεοῦ

2194 3695 2246 3746 οἱ
2276 3690 2508 3749 Ἰταλοί·
2538 3692 2743 3746 Filium
2771 3689 2991 3761 quidem
3019 3689 3118 3742 Dei
3146 3687 3274 3742 Itali
3307 3689 3486 3752 aiunt.

2267 3784 2351 3838 11.
2405 3781 2569 3836 Alius
2623 3779 2931 3849 incipiens,
2983 3775 3077 3841 Μὴ
3139 3773 3166 3826 ὁ
3222 3772 3393 3846 νόμος
3441 3774 3600 3844 ἡμῶν
3653 3772 3846 3848 κρίνει.

2194 3873 2362 3946 Apud
2422 3869 2780 3926 Bandurium
2841 3867 2966 3921 loco
3021 3865 3194 3920 citato
3273 3864 3464 3920 editus
3521 3860 3882 3936 Ὁμολογία,’

2192 3962 2464 4032 Con/essio
2487 3958 2732 4024 eiusdem
2777 3955 3046 4026 Gregorii.
3082 3953 3310 4008 Latiore
3344 3952 3569 4008 calamo
3626 3953 3697 4008 de
3727 3952 3855 4007 his-

2189 4069 2254 4107 ce
2301 4046 2810 4104 lucubrationibus
2859 4045 2919 4099 in
2969 4042 3234 4115 sequenti
3286 4041 3706 4098 Dissertatione
3755 4040 3855 4096 di-

2189 4139 2462 4196 cendum.

2262 4231 2347 4282 12.
2381 4223 2792 4298 Sapientissimi
2827 4223 3023 4293 Magni
3053 4220 3346 4293 logotheta:
3388 4220 3705 4276 Muzalonis
3732 4220 3850 4274 An-

2188 4318 2501 4373 tirrheticus
2555 4317 2745 4370 contra
2793 4313 2952 4366 Becci
3000 4311 3386 4381 blasphemias.
3451 4309 3680 4380 Incipit,
3739 4306 3852 4362 Οὐκ

2187 4403 2306 4458 οἶδα
2337 4403 2366 4457 ὅ
2395 4425 2448 4457 τι
2477 4402 2684 4457 παθών.
2719 4402 2885 4456 Hunc
2932 4397 3176 4454 Michael
3216 4397 3576 4469 Palaeologus
3605 4396 3665 4451 in
3720 4397 3853 4452 Ma-

2186 4496 2284 4568 gni
2314 4493 2625 4566 logothetae
2675 4491 3026 4562 dignitatem
3079 4488 3204 4544 loco
3255 4485 3600 4558 Acropolite
3650 4486 3852 4542 denati

421 4603 545 4642 sum
569 4588 720 4642 enim
749 4601 834 4640 me
879 4591 1084 4654 reputo.
1119 4582 1248 4637 Haec
1297 4583 1572 4654 Cyprium
1604 4585 1882 4641 Sermonis
1936 4603 2072 4643 auc-
2103 4598 2151 4662 D
2182 4587 2564 4656 promoverat.
2600 4579 2744 4635 Odio
2797 4578 2857 4632 in
2888 4577 3086 4648 ipsum
3139 4573 3477 4630 Michaelem
3512 4577 3568 4628 et
3598 4573 3849 4645 patriar-

423 4680 612 4731 torem
643 4673 949 4730 manifeste
980 4672 1253 4744 produnt.
1287 4671 1430 4726 Vide
1462 4677 1661 4727 notam
1695 4674 1793 4744 (2).

493 4764 606 4836 (32)
638 4763 878 4820 Libellus
917 4761 1010 4816 hic
1054 4764 1256 4828 autem,
1289 4770 1350 4816 ut
1406 4762 1575 4816 etiam
1623 4766 1877 4834 superius
1925 4765 2071 4836 dixi,

416 4861 636 4926 patrem
662 4869 823 4908 suum
849 4851 1016 4922 probe
1046 4851 1334 4906 lectoribus
1383 4851 1651 4906 ostendet.
1689 4852 1948 4909 Libellus
1979 4853 2074 4910 ille

421 4947 533 5011 est,
567 4958 743 5014 quem
791 4941 982 5012 prima
1027 4939 1206 5010 hujus
1240 4940 1375 4995 Vitae
1406 4942 1580 4996 verba
1628 4941 1891 4997 indicant
1924 4961 1936 4996 :
1971 4945 2073 5012 Ei,

420 5033 518 5104 qui
547 5031 750 5086 librum
782 5030 930 5085 hunc
956 5030 1327 5100 concinnavit,
1347 5031 1554 5099 patria.
1574 5030 1718 5086 Vide
1752 5035 1951 5087 notam
1972 5032 2070 5104 (3).

417 5120 708 5176 Nimirum
757 5118 1002 5191 Cyprius
1053 5135 1168 5173 uno
1236 5118 1295 5172 in
1344 5117 1642 5174 volumine
1693 5120 1862 5192 plura
1920 5139 1953 5177 a
2010 5138 2072 5177 se

418 5209 641 5282 scripta
671 5207 955 5281 opuscula
1002 5206 1256 5278 collegit,
1290 5206 1695 5280 plurimasque
1743 5209 2019 5282 epistolas
2053 5229 2067 5266 :

418 5297 633 5371 quibus
662 5297 938 5353 omnibus
971 5296 1285 5351 Sermonem
1304 5296 1370 5350 de
1405 5298 1529 5351 Vita
1554 5315 1654 5352 sua
1688 5298 2067 5369 praemiserat,

417 5386 636 5444 nostris
668 5385 1145 5442 adnotationibus
1176 5384 1458 5439 hactenus
1478 5385 1860 5442 illustratum.
1884 5389 1964 5442 Ex
1985 5388 2069 5442 hi-

417 5492 514 5532 sce
547 5491 717 5547 porro
743 5472 1008 5546 epistolis
1026 5478 1081 5529 et
1111 5473 1411 5544 Opusculis
1427 5489 1496 5528 ea
1511 5475 1840 5529 conﬁrmari
1871 5492 2065 5546 posse,

417 5582 542 5639 quae
575 5563 632 5618 in
669 5565 787 5620 Vita
815 5562 1208 5632 continentur,
1242 5561 1350 5617 hoc
1382 5561 1508 5617 loco
1534 5563 1945 5620 admonemur.

487 5651 688 5711 Simile
762 5652 1033 5711 volumen
1111 5657 1306 5708 servat
1363 5650 1716 5711 bibliotheca
1775 5653 2067 5712 Caesareo-

2184 4673 2354 4728 cham
2390 4671 2640 4726 Beccum
2673 4667 3010 4740 perductus,
3046 4665 3377 4720 Andronico
3428 4663 3637 4718 suadet
3663 4662 3842 4717 resti-

2185 4761 2472 4817 tutionem
2504 4755 2863 4815 schismatis.
2895 4755 3040 4809 Vide
3073 4753 3490 4825 Pachymerem
3535 4752 3593 4806 in
3623 4753 3850 4807 Andro-

2185 4851 2314 4906 nico
2344 4849 2491 4905 libro
2527 4867 2564 4914 Ι,
2593 4845 2785 4918 capite
2816 4847 2859 4911 Ι,
2892 4849 2948 4900 et
2976 4846 3030 4911 2,
3066 4847 3124 4898 et
3152 4844 3208 4912 8,
3241 4841 3340 4896 ubi
3381 4845 3581 4896 narrat
3611 4840 3849 4896 histori-

2184 4957 2308 5007 cus,
2345 4939 2594 4994 libellum
2646 4954 2679 4991 a
2733 4933 3037 4990 Muzalone
3085 4949 3188 5003 pro
3239 4931 3510 5002 dogmate
3558 4929 3844 4984 catholico

2183 5029 2346 5102 prius
2395 5029 2624 5087 datum.
2656 5026 2714 5079 in
2765 5025 2985 5095 ignem,
3028 5021 3156 5092 ipso
3196 5020 3463 5091 jubente,
3514 5018 3843 5090 projectum

2181 5119 2386 5174 fuisse.
2426 5115 2730 5172 Theodorus
2760 5111 3096 5166 vocabatur.

2252 5208 2340 5262 13.
2444 5203 2636 5276 Cyprii
2741 5201 2926 5256 Chria.
3008 5197 3236 5270 Incipit,
3316 5194 3638 5270 Σωκράτους
3742 5195 3841 5267 μὲν

2182 5293 2482 5361 ἐπαινέτην.

2252 5387 2337 5439 14.
2371 5383 2668 5448 Μθιίῖιαιίο,
2701 5376 3054 5453 Φιλαργῦροι)
3094 5381 3222 5436 παῖς
3253 5376 3349 5428 τοῦ
3393 5372 3595 5447 πατρός
3619 5394 3629 5406 ·
3660 5373 3839 5428 Filius

2179 5477 2340 5531 avari
2371 5474 2580 5528 Patris.

2251 5566 2336 5619 15.
2366 5562 2667 5633 Potidyataz
2706 5559 3078 5633 (Potidaaatae,
3112 5553 3336 5628 populi)
3367 5555 3435 5608 ab
3487 5552 3836 5609 Atheniensi-

2179 5654 2275 5711 bus
2330 5653 2528 5711 obsessi
2583 5666 2697 5708 sese
2753 5650 2988 5706 invicem
3053 5643 3420 5703 comedebant.
3482 5643 3838 5700 Athenienses
