4090 6474
472 417 545 472 47
1501 417 1816 477 GEORGII
1862 416 2123 476 CYPltlI
2169 415 2282 474 ΟΡ.
2333 417 2858 476 PA'l‘HIARCIl/E
3800 423 3878 482 48

543 547 938 619 Moscamperis,
997 549 1094 600 τοῦ
1146 545 1518 621 Μοσχάμπερ.

470 635 804 690 Andronico
836 635 984 691 libro
1016 637 1082 692 II.
1119 638 1308 708 capite
1356 638 1408 705 3,
1469 637 1554 691 sic
1600 636 1774 690 habet
1806 653 1818 690 :
1849 635 2120 704 Quiddam

464 739 598 796 poro
627 725 768 796 quod
813 726 1044 796 contigit
1098 727 1245 780 circa
1300 725 1848 796 exehartophylacem
1887 725 2040 795 (nam
2067 733 2121 779 et

467 812 842 886 Moschampar
867 815 1033 885 paulo
1062 823 1190 870 ante
1242 823 1472 870 cesserat
1523 815 1722 886 ofﬁcio,
1773 819 1824 870 et
1881 831 1914 868 a
1941 816 2119 886 patri-

466 902 637 958 archa
663 918 721 958 se
750 912 1075 971 removerat,
1135 903 1460 974 quibusdam
1509 903 1925 976 aﬂensiunculis
1957 920 2118 959 aver-

467 1007 602 1054 sas;
645 1001 950 1049 consortem
1006 1008 1218 1065 quoque
1273 993 1578 1048 simultatis
1633 1008 1813 1047 secum
1843 991 2042 1047 havens
2070 994 2122 1047 et

472 1080 1131 1154 Quinquecclesiensem),
1155 1084 1315 1138 auxit
1345 1084 1629 1152 utriusque
1659 1083 1718 1135 in
1741 1082 2120 1152 patriarcham

467 1169 673 1226 odium.
738 1170 906 1228 Fides
950 1170 1227 1243 Gregorio
1287 1170 1462 1225 datur
1517 1170 1590 1225 de
1623 1169 1958 1226 testimonio
1991 1170 2118 1241 ejus

1601 547 1984 619 Pachymeres
2059 547 2117 601 in
2149 549 2202 613 Α
2234 549 2576 603 innocentiae
2608 549 2922 606 reddendo.
2955 549 3147 605 Graece
3202 549 3422 620 prodiit
3452 551 3699 621 epistola
3732 555 3883 624 apud

2227 637 2596 692 Lambecium
2629 641 2685 691 et
2714 638 3009 692 Oudinum
3045 655 3057 693 :
3091 655 3270 710 quam
3316 656 3423 695 nos
3465 639 3660 696 Graece
3700 647 3755 696 et
3787 644 3885 698 La-

2230 724 2353 780 tine
2384 727 2485 780 30
2515 727 2812 782 dabimus.
2849 727 2910 782 In
2943 727 3140 783 codice
3200 732 3456 784 Caesareo
3489 760 3555 771 —
3590 729 3886 786 Vindobo-

2229 816 2396 870 nensi
2430 815 2770 870 inscribitur
2800 833 2812 869 :
2848 816 3207 891 Ἀνακήρυξις
3267 823 3370 885 τῆς
3401 812 3672 879 εὐσεϐείας
3723 818 3885 874 αὐτοῦ

2229 902 2373 975 παρὰ
2412 906 2517 955 τῶν
2577 902 2967 976 ὑποσχομένων
3027 903 3194 976 αὐτῷ.
3249 907 3481 978 Incipit.
3541 905 3880 982 Εὖλογητός.

2299 993 2388 1047 24.
2424 990 2781 1066 Παραίτησις,
2836 994 3043 1058 Cessio,
3093 1012 3196 1050 seu
3249 995 3511 1051 Libellus
3567 997 3883 1054 abdicatio-

2231 1080 2322 1136 nis
2351 1081 2545 1136 throni
2579 1097 2613 1136 a
2637 1082 2911 1156 Gregorio
2933 1085 3127 1139 datus.
3153 1085 3353 1140 Exstat
3373 1085 3564 1141 Graece
3590 1089 3647 1141 et
3680 1086 3884 1143 Latine

2229 1171 2386 1242 apud
2416 1170 2837 1243 Pachymerem
2868 1171 2994 1228 loco
3029 1173 3202 1229 citate
3239 1173 3428 1246 capite
3455 1176 3510 1228 9.

1323 1457 2394 1554 DISSERTATIO
2509 1458 3010 1553 PRIMA

1649 1664 1881 1726 HISTO
1891 1665 2067 1726 ΒΙοΑ
2115 1665 2216 1724 ET
2259 1663 2716 1725 DOGMATICA

463 1804 552 1862 De
599 1799 928 1882 praecipuis
975 1798 1225 1878 Georgii
1251 1817 1361 1860 seu
1390 1797 1674 1878 Gregorii
1729 1797 1942 1882 Cyprii
1998 1799 2236 1877 gestis:
2271 1798 2905 1882 dequeProcessione
2935 1799 3206 1879 Spiritus
3265 1801 3460 1862 sancti
3517 1820 3554 1862 a
3601 1803 3786 1862 Patre
3819 1809 3887 1864 et

1706 1897 1744 1938 a
1801 1877 1979 1954 Filio,
2040 1896 2152 1939 seu
2192 1896 2303 1958 per
2365 1879 2620 1938 Filium.

1081 2227 1178 2282 31
1223 2225 1462 2282 CAPUT
1494 2225 1536 2281 Ι.

461 2316 864 2375 Nonnullorum
915 2315 1362 2386 patriarcharum
1417 2314 1668 2386 notitia,
1706 2314 1802 2384 qui
1858 2312 2112 2384 Gregorio

538 2389 744 2460 Cyprio
781 2383 1418 2460 praecesseruntLAnnus
1456 2383 1789 2460 expenditur
1815 2401 1918 2460 quo
1949 2383 2110 2439 Arse-

530 2457 662 2515 nius
690 2461 899 2514 iterum
948 2458 1293 2526 patriarcha,
1350 2457 1624 2526 depositus
1688 2463 1768 2511 est
1797 2473 1817 2517 ,·
1876 2459 2110 2526 itemque

532 2547 714 2587 annus
769 2545 874 2601 quo
927 2527 1264 2601 dignitatem
1298 2531 1632 2601 sumpsittet
1686 2527 1947 2582 ablicavit
1980 2528 2108 2601 Ger-

529 2618 731 2659 manus
758 2599 1087 2667 Possinus,
1111 2600 1428 2656 Bandurius
1449 2603 1501 2654 et
1532 2599 1782 2669 Cuperus
1814 2599 2109 2654 emendati.

530 2676 721 2730 Annus
785 2674 953 2729 etiam
1028 2674 1205 2728 evecti
1287 2670 1358 2725 ad
1416 2670 1598 2726 sedem
1673 2671 2113 2743 patriarchalem

527 2745 749 2814 Iosephi
808 2744 1108 2800 Galesiotae.
1167 2743 1528 2799 Arseniarum
1589 2743 1642 2797 et
1674 2741 2114 2807 ’Josephitarum

529 2820 815 2889 factiones.

532 2941 576 2997 Ι.
608 2940 951 2997 Theodorus
983 2938 1270 3008 Lascaris,
1305 2954 1480 3010 quem
1536 2939 1765 2993 tertium
1795 2937 1974 3009 hujus
2007 2953 2108 2992 no-

459 3029 639 3087 minis
677 3029 1014 3085 Graecorum
1072 3028 1488 3099 imperatorem
1543 3031 1773 3094 vocant,
1805 3026 1926 3082 vita
1955 3043 2109 3082 mor-

456 3119 562 3177 tali
589 3136 744 3175 anno
771 3135 895 3174 arae
925 3116 1184 3190 vulgaris
1231 3116 1371 3171 4259
1400 3117 1462 3171 in
1497 3119 1828 3171 autumnum
1855 3124 2111 3184 vergente

459 3210 808 3275 decesserat,
840 3210 907 3262 ut
934 3207 1014 3262 ait
1057 3205 1473 3278 Parchymeres
1494 3205 1553 3259 in
1583 3202 1865 3260 Michaele
1896 3204 2110 3260 Palaao-

458 3299 594 3370 logo
651 3296 801 3352 libro
851 3313 891 3364 ι,
952 3295 1139 3367 capite
1197 3294 1288 3360 43,
1336 3293 1395 3348 id
1455 3296 1543 3349 est
1575 3309 1776 3349 mense
1821 3295 2104 3366 Augusto.

460 3385 779 3459 Imperium
809 3389 1118 3456 paternum
1141 3382 1365 3455 accepit
1397 3381 1554 3438 ﬁlius
1586 3383 1734 3453 ejus,
1758 3382 2014 3438 Joannes
2036 3383 2109 3438 IV

461 3476 750 3546 Lascaris,
784 3475 884 3548 qui
917 3474 1103 3530 astatis
1133 3489 1357 3528 annum
1401 3475 1502 3528 aut
1533 3477 1783 3543 sextum,
1817 3477 1917 3527 aut
1946 3476 2105 3528 octa-

458 3581 622 3633 vum,
682 3568 782 3619 aut
838 3566 989 3620 certe
1061 3578 1305 3629 nonum,
1367 3578 1471 3634 pro
1530 3561 1691 3618 varia
1751 3561 2103 3632 scriptorum

459 3650 950 3726 chronographia,
1035 3651 1129 3706 vix
1202 3651 1478 3722 indeptus
1535 3651 1744 3706 fuerat.
1807 3651 2102 3723 Impuberi

458 3740 709 3814 principi
765 3745 990 3797 tutores
1044 3745 1213 3797 erant
1278 3739 1560 3812 Georgius
1617 3740 1860 3810 Muzalo,
1923 3744 2112 3811 proto-

455 3830 790 3900 vestiarius,
849 3833 906 3885 et
963 3829 1262 3896 Arsenius,
1296 3832 1682 3901 cognomento
1723 3829 2107 3898 Auctorianus,

459 3919 560 3993 qui
592 3925 663 3976 ab
722 3935 876 3975 anno
922 3918 1065 3974 4255
1120 3918 1320 3974 sedem
1353 3918 1591 3973 tenebat
1635 3917 2105 3990 patriarchalem.

457 4009 872 4081 Pachymerem
903 4006 1084 4064 latius
1141 4007 1528 4063 disserentem
1587 4007 1827 4062 consule
1873 4007 1996 4064 loco
2029 4007 2108 4064 ci-

455 4102 575 4155 tato
605 4097 795 4170 capite
850 4097 940 4153 45.
991 4098 1479 4152 Protovestiarium
1512 4095 1930 4168 interpretatur
1959 4097 2107 4153 Goa-

455 4203 558 4244 rus
600 4188 661 4242 in
691 4185 844 4243 notis
901 4186 971 4241 ad
1031 4189 1206 4258 caput
1255 4187 1291 4240 2
1321 4185 1554 4257 Georgii
1614 4185 1818 4241 Cadini
1848 4186 2104 4259 Curopa-

453 4276 582 4332 latas
613 4292 777 4332 num.
808 4275 896 4330 49.
933 4274 1090 4345 Regii
1123 4274 1366 4329 cubiculi
1396 4275 1743 4343 Magistrum.

525 4366 731 4437 Erupit
759 4365 830 4420 de
880 4362 1064 4418 tutela
1122 4362 1405 4435 principis
1464 4363 1780 4418 contentio.
1824 4363 2106 4435 Georgius

453 4456 512 4509 et
536 4453 876 4509 Theodorus
908 4450 1245 4508 Muzalones
1278 4452 1350 4507 ab
1383 4451 1636 4507 exercitu
1667 4451 1727 4506 in
1758 4452 2102 4507 seditionem

454 4541 738 4598 concitato
786 4540 1064 4597 trucidati
1100 4557 1113 4595 :
1149 4540 1595 4611 declaratusque
1625 4540 1791 4612 pueri
1823 4540 2105 4612 principis

452 4633 614 4685 tutor
641 4629 888 4686 Michael
921 4628 1298 4701 Palazologus,
1323 4629 1424 4701 qui
1460 4629 1743 4701 dignitate
1774 4629 2107 4700 potiebatur

455 4717 813 4790 Contestauli,
865 4735 970 4775 seu
1030 4717 1362 4786 Conestauli,
1413 4718 1469 4773 id
1516 4723 1604 4774 est
1635 4719 1862 4774 Comitis
1892 4718 2106 4775 stabuli

453 4807 821 4878 imperatorii.
883 4807 1140 4864 Goarum
1196 4807 1326 4863 vide
1378 4806 1502 4862 loco
1533 4808 1710 4863 citato
1764 4825 1928 4863 num.
1959 4809 2014 4877 2,
2047 4811 2104 4863 et

452 4895 870 4969 Pachymerem
919 4913 1043 4967 cap.
1109 4897 1174 4949 17
1239 4900 1296 4952 et
1351 4897 1442 4963 24,
1507 4901 1562 4951 et
1619 4895 1955 4967 insequenti
2008 4899 2097 4950 22.

2142 2231 2374 2294 Bunus
2456 2225 2724 2293 Michael,
2810 2225 3099 2297 praeterito
3185 2241 3363 2296 puero
3445 2227 3865 2302 despectoque,

2224 2331 2498 2370 coronam
2553 2314 2792 2386 accepit.
2852 2319 2984 2369 Haec
3033 2313 3320 2371 latissime
3377 2321 3648 2372 enarrata
3678 2335 3712 2374 a
3768 2318 3878 2374 Pa-

2223 2403 2493 2475 chymere
2542 2403 2728 2476 capite
2776 2405 2830 2472 7,
2891 2407 2948 2459 et
3003 2404 3058 2473 8,
3128 2405 3314 2460 satius
3362 2404 3474 2461 fuit
3529 2407 3878 2479 compendio

2222 2492 2606 2548 contraxisse.

2291 2581 2556 2637 Arsenius
2587 2581 2937 2653 patriarcha,
2996 2584 3110 2639 sive
3165 2587 3428 2654 reputans
3458 2584 3570 2640 sibi
3617 2585 3876 2653 illusum,

2223 2672 2529 2726 interversa
2580 2673 2928 2726 coronatione
2981 2673 3144 2742 pueri
3195 2674 3436 2743 Augugti
3493 2673 3689 2741 (verba
3735 2680 3879 2730 sunt

2222 2758 2592 2832 Pachymeris
2651 2758 2798 2815 libro
2856 2777 2918 2830 ιι,
2985 2776 3113 2831 cap.
3147 2759 3259 2832 45),
3305 2761 3641 2834 indigneque
3667 2765 3875 2835 ferens,

2219 2849 2431 2904 harede
2485 2850 2711 2920 imperii
2766 2851 3094 2921 contempto,
3140 2865 3388 2922 peneque
3415 2853 3476 2906 in
3504 2851 3754 2907 ordinem
3782 2869 3876 2908 re-

2219 2938 2392 3010 dacto,
2425 2939 2495 2993 ad
2521 2946 2719 2993 nutum
2750 2940 2919 2993 unius
2967 2938 3265 3010 Palaeologi
3291 2943 3487 2995 cuncta
3515 2941 3816 3009 gubernari
3842 2959 3867 2996 ,ο

2217 3029 2330 3083 sive
2361 3027 2744 3083 indormivisse
2779 3028 2888 3082 sibi
2914 3029 3162 3084 conscius
3196 3069 3208 3082 .
3254 3071 3266 3083 .
3313 3071 3326 3084 .
3373 3070 3386 3083 .
3427 3046 3527 3085 seu
3555 3033 3677 3101 quis
3721 3031 3874 3086 alius

2217 3116 2411 3171 urebat
2440 3116 2630 3171 oculus
2689 3116 2843 3172 dolor
2873 3158 2888 3172 .
2934 3157 2946 3169 .
2994 3159 3007 3172 .
3056 3158 3068 3170 .
3102 3115 3172 3171 ad
3197 3119 3418 3188 portam
3461 3118 3614 3173 urbis
3659 3119 3874 3179 Nicaeae

2220 3205 2344 3277 (ubi
2375 3209 2501 3261 tum
2551 3205 3002 3278 imperatoribus
3065 3209 3196 3277 post
3252 3211 3482 3278 captam
3541 3225 3575 3263 a
3647 3209 3869 3266 Latinis

2219 3294 2782 3367 Constantinopolim
2815 3295 3098 3350 sedebant
3151 3294 3515 3368 patriarchae)
3542 3312 3871 3368 progressus

2217 3388 2341 3438 est:
2401 3399 2646 3455 seseque
2697 3385 2928 3439 contulit
2981 3384 3052 3438 ad
3105 3387 3504 3440 monasterium
3559 3387 3869 3456 Paschasii,

2216 3471 2286 3526 ad
2309 3473 2752 3544 tranquilitatem
2778 3473 3013 3544 quietem
3043 3476 3346 3544 opportune
3369 3473 3693 3529 situm.Hasc
3716 3491 3873 3532 anno

2216 3559 2356 3614 4200
2404 3558 2793 3631 contigerunt.
2840 3559 3098 3614 Mensem
3131 3560 3393 3631 ejusdem
3444 3561 3580 3616 anni
3625 3562 3876 3633 Aprilem

2220 3647 2424 3703 deﬁnit
2454 3647 2656 3703 Petrus
2688 3647 2972 3703 Possinus
3001 3646 3150 3703 libro
3196 3649 3268 3704 III
3293 3648 3781 3706 Observationum
3814 3652 3877 3706 in

2219 3736 2633 3808 Pachymerem
2665 3735 2854 3808 capite
2883 3738 3110 3806 5,num.
3138 3740 3190 3791 2.
3223 3743 3458 3794 Annum
3485 3738 3653 3794 illum
3683 3741 3888 3795 ineun-

2217 3829 2327 3880 tem
2380 3825 2584 3880 statuit
2637 3825 2910 3880 Aselmus
2969 3825 3328 3895 Bandurius,
3390 3827 3448 3882 in
3508 3829 3879 3900 Antiquitates

2220 3914 2849 3985 Constantinopolitanas
2872 3914 3078 3970 lib.vm
3106 3933 3120 3983 ;
3151 3915 3379 3971 Possini
3411 3916 3651 3973 calculis
3671 3918 3876 3990 acqui-

2216 4003 2360 4058 escit
2412 4003 2763 4059 Guilielmus
2793 4005 3056 4075 Cuperus
3085 4003 3146 4059 in
3199 4007 3454 4061 Historia
3492 4005 3878 4078 chronologiea

2215 4094 2670 4164 patriarcharum
2724 4095 3193 4165 Constantinopol.
3230 4111 3358 4165 quae
3390 4100 3546 4151 temo
3576 4097 3872 4169 IAugusti

2215 4182 2367 4236 inter
2396 4186 2539 4237 Acta
2567 4186 2909 4237 sanctorum
2941 4187 3187 4254 prostat.

2285 4271 2548 4339 Arsenio,
2583 4272 2905 4327 secundum
2920 4272 3075 4342 juris
3109 4271 3393 4328 formulas
3423 4273 3664 4330 minime
3695 4275 3874 4347 depo-

2215 4360 2349 4425 sito,
2385 4360 2820 4415 substituerunt
2847 4360 3236 4433 Nicephoram,
3268 4361 3451 4433 hujus
3481 4362 3739 4418 nominis
3795 4364 3870 4433 II,

2215 4449 2315 4518 qui
2367 4453 2507 4504 tunc
2563 4448 2919 4520 Ephesinam
2979 4449 3350 4522 metropolim
3381 4452 3868 4510 administrabat.

2214 4537 2568 4609 Pachymere
2628 4542 2770 4594 teste
2825 4539 3012 4611 capite
3039 4541 3129 4608 22,
3161 4540 3452 4596 videbatur
3505 4540 3875 4614 Nicephorus

2211 4628 2403 4681 multis
2446 4629 2693 4683 intrusus
2740 4630 2802 4682 in
2843 4629 3275 4699 patriarchalem
3306 4629 3583 4697 thronum,
3616 4646 3726 4685 non
3754 4638 3877 4689 tam

2211 4715 2350 4787 quod
2380 4717 2678 4772 translatus
2706 4733 2776 4773 ea:
2794 4718 3072 4788 Ephesina
3099 4718 3420 4789 sede,quam
3449 4719 3591 4790 quod
3622 4720 3876 4788 legitimo

2209 4804 2389 4859 adhuc
2418 4807 2626 4861 vivente
2639 4808 2961 4878 patriarcha
2987 4809 3290 4863 translatus
3309 4809 3734 4881 luissethsum
3755 4825 3878 4865 non

2210 4895 2422 4965 integro
2469 4911 2614 4950 anno
2664 4896 3079 4966 patriarchatui
3105 4899 3420 4968 praefuisse,
3456 4898 3673 4953 diserte
3704 4901 3879 4955 notat

450 4985 600 5040 Tum
630 4984 728 5041 ille
759 4985 942 5057 Magni
971 4986 1135 5040 Ducis
1163 4985 1337 5041 titulo
1399 4991 1664 5053 ornatus,
1699 4988 2101 5041 renuntiatus-
2139 4970 2180 5033 ί)
2214 4983 2495 5055 Georgius
2525 4983 2856 5056 Acropolita
2887 4986 2946 5040 in
2979 4986 3237 5040 Historia
3268 5003 3434 5042 num.
3477 4988 3566 5042 84.
3618 4987 3875 5042 Mortem

452 5091 565 5146 que
593 5073 828 5146 despota,
870 5078 934 5128 ut
964 5079 1162 5129 narrat
1199 5073 1474 5129 laudatus
1523 5073 1838 5129 historicus
1871 5091 1998 5146 cap.
2033 5077 2104 5130 23

450 5168 509 5218 et
536 5163 628 5232 27,
661 5164 886 5235 majora
926 5162 1119 5218 moliri
1152 5163 1348 5218 animo
1378 5163 1570 5234 coepit,
1613 5179 1915 5218 summum
1947 5163 2102 5219 scili-

450 5257 542 5308 cet
590 5252 821 5324 imperii
876 5252 1157 5307 honorem
1214 5258 1463 5322 captare.
1511 5253 1654 5307 Rem
1713 5253 1969 5307 obtinuit
1999 5269 2102 5324 pro

445 5341 597 5397 votis
629 5360 642 5398 :
678 5341 970 5398 salutatus
1023 5341 1357 5412 imperator,
1421 5342 1520 5398 32
1554 5357 1657 5397 seu
1691 5341 1908 5413 Collega
1938 5342 2102 5414 pueri

447 5429 818 5500 imperatoris
849 5445 1004 5486 anno
1062 5429 1222 5497 4260,
1257 5429 1402 5502 ipsis
1460 5429 1730 5486 Kalendis
1779 5431 2096 5500 Januariis,

442 5521 590 5573 teste
621 5518 970 5591 Pachymere
1003 5516 1150 5574 libro
1182 5535 1244 5590 ιι,
1278 5518 1465 5590 capite
1496 5519 1548 5571 4.
1582 5519 1894 5592 Designata
1923 5519 2100 5575 insta-

2213 5074 2341 5143 ejus
2399 5089 2533 5128 cum
2589 5089 2790 5129 mense
2849 5075 3160 5132 Novembri
3211 5075 3478 5145 ejusdem
3530 5074 3669 5130 anni
3725 5075 3876 5131 4260

2212 5161 2442 5234 illigant
2473 5163 2774 5232 Possinus,
2809 5163 3157 5236 Bandurius,
3190 5169 3472 5238 Cuperus.

2284 5251 2390 5306 Pro
2447 5251 2675 5306 Arsenii
2735 5253 3104 5308 restitutione
3160 5259 3432 5310 exoratur
3488 5254 3809 5326 imperator
3859 5273 3874 5311 :

2213 5340 2312 5398 sed
2363 5356 2430 5394 ea
2500 5356 2615 5395 non
2674 5341 2873 5395 statim
2923 5342 3204 5398 admissa.
3256 5343 3495 5398 Interim
3527 5359 3679 5398 anno
3710 5343 3876 5400 inse-

2210 5429 2412 5501 quenti
2467 5429 2600 5485 4561
2693 5430 2898 5486 urbem
2970 5431 3212 5504 Regiam
3271 5431 3874 5505 Constantinopolim,

2211 5518 2435 5573 Latinis
2466 5523 2746 5590 ereptam,
2781 5525 3087 5593 recuperat
3117 5519 3361 5576 Michael
3415 5521 3510 5576 die
3537 5521 3609 5575 25
3639 5521 3871 5578 mensis

443 5607 545 5663 bat
575 5607 828 5663 duorum
859 5610 1262 5680 Augustorum
1321 5607 1617 5663 coronatis
1663 5609 1835 5679 juxta
1865 5611 2036 5679 pacta
2066 5625 2100 5664 a
2205 5607 2348 5662 Julii
2384 5624 2396 5662 :
2430 5607 2638 5680 dieque
2670 5607 2738 5663 45
2784 5609 3036 5681 Augusti
3065 5609 3124 5662 in
3156 5625 3284 5665 eam
3333 5607 3680 5682 ingreditur,
3715 5611 3871 5682 pede

443 5693 1080 5770 Michaelejuramento
1110 5693 1346 5751 ﬁrmata
1400 5710 1413 5749 :
1473 5693 1576 5750 sed
1608 5693 1794 5766 pactis
1841 5693 2096 5764 violatis,

2207 5711 2446 5754 currum
2481 5713 2732 5771 sequens
2761 5697 3164 5772 triumpalem.
3199 5697 3343 5754 Rem
3373 5701 3574 5755 narrat
3603 5698 3864 5774 Paschy-
