4090 6444
267 435 342 498 ω
1507 437 1714 500 VITA.
1752 470 1829 484 --
1857 437 2376 503 DISSERTATIO
2420 439 2464 501 l.
3610 449 3690 509 50

271 584 451 624 meres
481 565 627 624 libro
658 585 728 635 ιι,
785 568 981 642 capite
1040 570 1102 625 31
1133 586 1145 625 :
1197 571 1464 626 Arsenius
1507 573 1706 628 iterum
1737 572 1917 643 patri-
1951 581 2005 638 Α
2037 574 2448 631 retrocedendo
2481 575 2551 630 ad
2583 576 2901 633 Sabbatum
2933 575 3151 649 quinta
3174 578 3553 637 hebdomadas
3584 584 3687 640 34

278 658 443 713 archa
473 657 870 713 renuntiatur.
930 658 1275 732 Acropolitaa
1327 660 1502 716 verba
1531 662 1725 734 accipe
1757 677 1918 716 num.

282 749 379 802 88:
411 746 638 814 Quando
670 763 795 802 vero
825 752 881 802 et
907 748 1255 819 patriarcha:
1283 748 1574 819 (Arsenio)
1603 750 1926 806 inbredien-

282 836 403 891 dum
432 839 552 891 erat
581 837 1133 909 Constantinopolim
1157 847 1273 909 post
1291 840 1688 894 nonnullorum
1706 840 1928 895 dierum

285 942 564 980 excursum
593 926 692 994 (ab
739 925 1382 998 solemuiimperatoris
1405 929 1674 1000 ingressu
1725 934 1765 998 :)
1809 945 1923 984 ser-

274 1017 523 1069 monibus
571 1015 1044 1086 suasionibusque
1088 1015 1357 1072 adductus
1397 1019 1590 1074 introit
1630 1020 1926 1090 imperator

274 1107 331 1159 in
387 1121 611 1158 sacram
669 1105 902 1175 regiam,
962 1104 1033 1158 ad
1088 1105 1401 1161 cathedram
1454 1108 1699 1177 pontiﬁci
1743 1110 1920 1163 consi-

271 1195 547 1264 gnandam
581 1235 594 1247 .
635 1234 648 1246 .
687 1236 698 1247 .
733 1235 746 1248 .
801 1194 885 1248 Ibi
939 1195 1242 1264 imperator
1312 1213 1542 1251 manum
1589 1197 1922 1267 patriarcha

271 1285 547 1338 continens
567 1302 587 1336 :
615 1284 782 1351 Tene,
806 1283 1022 1356 inquit,
1050 1285 1314 1340 thronum
1335 1286 1435 1341 83
1463 1295 1642 1357 tuum,
1666 1287 1922 1342 domine:

267 1378 317 1427 et
343 1390 381 1426 α
411 1388 526 1443 qua
556 1371 758 1426 landiu
803 1373 1098 1436 aberrasti,
1147 1373 1411 1429 cathedra
1456 1376 1631 1445 fuere.
1667 1375 1798 1430 Haec
1827 1391 1920 1430 so-

264 1459 475 1516 lemnis
505 1476 660 1514 nova
687 1461 917 1516 Arsenii
951 1461 1295 1532 patriarchae
1331 1463 1686 1519 renuntiatio
1719 1464 1922 1519 eodem

260 1553 530 1622 Augusto
553 1565 760 1605 mense
791 1550 929 1605 anni
972 1551 1100 1604 1261
1136 1555 1370 1622 peracta
1389 1552 1635 1608 videtur.
1667 1552 1923 1608 Affectus

260 1637 356 1694 ille
382 1638 715 1693 honoribus
747 1639 819 1693 ab
868 1638 1254 1710 imperatore:
1293 1640 1560 1697 Ecclesiae
1604 1646 1922 1713 proventus

261 1725 519 1797 adaucti,
544 1742 1007 1798 sacrocrumque
1027 1727 1431 1784 ministrorum
1454 1730 1749 1802 stipendia
1766 1730 1924 1803 large

265 1814 498 1870 collata.
555 1814 704 1869 Hinc
758 1831 894 1870 vero
953 1816 1210 1872 inductus
1267 1825 1345 1873 est
1375 1820 1659 1875 Arsenius
1707 1820 1796 1892 (ut
1844 1820 1927 1875 ait

2043 663 2532 735 Quadragesimas,
2585 682 2651 720 ac
2697 666 2915 722 festum
2966 669 3328 739 Acathistum,
3363 673 3687 744 reperimus

2041 751 2100 806 id
2133 752 2415 809 accidisse
2445 753 2505 808 in
2538 756 2763 810 tertium
2807 756 3014 828 Aprilis
3045 775 3064 813 :
3096 758 3196 830 qui
3227 759 3352 816 dies
3384 762 3689 832 nptiasime

2043 842 2316 912 congruit
2346 843 2406 896 in
2436 841 2597 898 illam
2622 845 2978 902 mentionem
3011 846 3302 918 ἱσταμένου
3333 846 3689 926 Βοηδρομιῶ-

2041 949 2155 997 νος,
2188 931 2507 1002 incipientis
2536 932 2766 1000 Aprilis.
2804 957 2831 983 ››
2854 935 3118 993 Calculos
3142 939 3374 995 Possini
3404 942 3690 1013 approbat

2042 1019 2304 1091 Cuperus
2337 1019 2462 1076 loco
2494 1021 2670 1077 citato
2702 1039 2864 1078 num.
2898 1025 3024 1080 980.

2114 1109 2240 1164 Non
2272 1109 2398 1165 sine
2458 1111 2714 1167 maxima
2759 1113 3166 1188 trepidatione,
3218 1133 3397 1189 quam
3445 1119 3552 1175 viri
3583 1120 3686 1176 do-
3740 1189 3741 1197 χ

2044 1198 2292 1254 ctissimi
2323 1198 2536 1271 ingerit
2566 1201 2906 1273 auctoritas,
2933 1203 3122 1259 eidem
3167 1206 3459 1262 adversari
3490 1225 3684 1282 cogor.

2043 1293 2248 1344 Annus
2277 1306 2401 1343 aera:
2429 1290 2688 1361 vulgaris
2718 1292 2876 1358 1266,
2909 1298 2970 1348 et
2993 1293 3220 1350 Periodi
3242 1296 3492 1353 Julianus
3521 1299 3684 1370 5979,

2043 1378 2190 1449 cyclo
2229 1378 2359 1434 solis
2409 1379 2476 1433 15
2527 1383 2583 1434 et
2630 1381 2814 1437 littera
2867 1384 3201 1440 Dominicali
3255 1388 3297 1443 C
3344 1386 3685 1460 insignitus,

2043 1466 2246 1537 utique
2277 1467 2568 1534 currebat,
2619 1468 2863 1524 minime
2892 1486 3025 1526 vero
3081 1473 3231 1543 cyclo
3288 1473 3432 1530 lunae
3463 1475 3549 1545 11,
3583 1477 3686 1532 sed

2045 1557 2131 1610 13.
2165 1555 2310 1610 Hinc
2340 1555 2482 1611 luna
2528 1556 2822 1628 paschalis
2869 1575 2935 1615 eo
2984 1560 3158 1632 coepit
3202 1579 3356 1618 anno
3387 1565 3686 1621 numerari

2042 1644 2113 1698 ab
2146 1643 2455 1700 undecima
2484 1645 2578 1700 die
2605 1646 2792 1701 Martii
2818 1665 2830 1702 :
2858 1647 3180 1722 inciditque
3209 1649 3352 1707 luna
3382 1654 3689 1723 quartade-

2042 1732 2196 1788 cima
2224 1733 2283 1787 in
2315 1733 2470 1788 diem
2490 1735 2558 1788 24
2581 1735 2846 1805 ejusdem
2876 1737 3122 1806 mensis,
3151 1741 3359 1811 feriam
3386 1748 3646 1814 quartam
3670 1760 3684 1799 :

2039 1825 2097 1877 et
2125 1826 2396 1877 sanctum
2429 1823 2652 1879 Pascha
2700 1824 2790 1880 die
2841 1826 2912 1879 28
2941 1826 3139 1883 Martii
3184 1828 3543 1886 celebratum
3575 1836 3684 1890 est.

268 1903 672 2010 Pachzmeres'
721 1903 870 1959 libro
927 1921 1016 1972 III,
1076 1906 1263 2010 capite
1315 1908 1394 1979 2.)
1443 1908 1514 1964 ad
1550 1909 1925 1965 coronandum
1962 1945 2010 2010 B
2039 1910 2101 1966 Id
2133 1910 2427 2010 evincunt,
2460 1910 2702 2010 calculis
2733 1929 2901 2010 a_me
2929 1915 3221 1974 institutis
3251 1921 3315 1973 ut
3344 1920 3685 1991 prasidinm

270 1992 598 2062 muniﬁcum
651 1993 1001 2066 largitorem,
1055 1995 1215 2050 nulla
1279 2013 1510 2068 prorsus
1570 1999 1719 2069 facta
1773 2015 1925 2054 men-

277 2083 419 2138 tione
447 2085 549 2137 aut
578 2082 898 2154 signiﬁcata
924 2085 1192 2139 memoria
1221 2086 1453 2141 Joannis
1481 2086 1711 2161 pupilli.

339 2171 614 2243 Pupillus
639 2171 1084 2228 infelicissimus
1105 2175 1625 2245 Joannes,jubente
1647 2176 1928 2233 Michaele

273 2260 653 2331 imperatore,
703 2266 1024 2317 excaecatus
1071 2268 1179 2329 est,
1233 2267 1290 2317 et
1320 2263 1378 2318 in
1411 2281 1602 2320 arcem
1638 2266 1927 2339 Dacibyzee

272 2348 562 2418 inclusus,
599 2349 700 2405 ubi
731 2355 1014 2422 perpetuo
1056 2351 1465 2408 custodiretur.
1501 2354 1754 2425 Impium
1787 2355 1927 2412 faci-

270 2455 379 2492 nus
437 2439 650 2494 eodem
731 2456 884 2494 anno
944 2441 1078 2494 1261
1142 2446 1466 2513 peractum,
1527 2444 1625 2499 Die
1682 2447 1930 2501 omnium

267 2530 623 2584 sanctissima
679 2529 770 2600 (ut
843 2529 926 2585 ait
1003 2529 1388 2603 Pachymeres
1445 2532 1634 2603 capite
1711 2535 1819 2606 10),
1878 2544 1931 2591 et

268 2619 512 2673 maxime
571 2619 792 2688 festiva,
857 2618 1072 2674 Christi
1142 2618 1448 2676 Saluatoris
1504 2623 1677 2677 nostri
1724 2625 1926 2680 natali.

274 2706 542 2762 Immane
572 2706 804 2762 facinus
856 2706 1058 2763 dolens
1091 2709 1426 2780 patriarcha
1454 2711 1756 2781 Arsenius,
1791 2727 1928 2768 con-

268 2800 472 2850 vocata
522 2796 750 2867 synodo
800 2812 954 2851 anno
986 2797 1125 2852 1262
1152 2797 1415 2868 ineunte,
1439 2803 1803 2871 pronuntiato
1832 2819 1928 2873 pa-

272 2886 403 2951 lam,
437 2891 493 2940 et
552 2886 753 2940 merita
809 2889 1097 2942 severitate
1144 2888 1429 2960 objurgato
1487 2889 1764 2945 Michaelis
1818 2893 1929 2946 Au-

268 2975 411 3044 gusti
437 2973 693 3036 scelere;
752 2976 934 3045 ipsum
988 2977 1212 3046 prolata
1274 2978 1513 3046 legitimi
1558 2979 1766 3050 judicii
1809 2983 1930 3051 for-

271 3063 437 3134 mula,
470 3063 764 3134 spirituali
815 3065 1054 3120 sectione
1085 3083 1121 3120 a
1160 3067 1545 3124 communione
1579 3067 1790 3124 Christo
1821 3086 1934 3125 ere-

271 3150 516 3206 dentium
542 3154 653 3206 rite
678 3155 913 3209 resecat.
946 3153 1077 3208 Haec
1107 3154 1285 3210 habet
1329 3155 1713 3228 Pachymeres
1744 3158 1932 3229 capite

276 3241 351 3294 14.
407 3245 529 3295 Cur
585 3240 870 3297 Pessinus
930 3241 1079 3297 hanc
1135 3243 1366 3298 differat
1410 3245 1780 3317 imperatoris
1831 3262 1930 3302 ex-

2041 1998 2407 2055 auctoritatis
2435 1999 2730 2071 adjiciam,
2767 2002 2990 2060 Tabulae
3027 2021 3328 2074 annorum,
3360 2024 3488 2080 quas
3518 2011 3686 2067 editae

2038 2091 2300 2159 prostant
2331 2089 2486 2159 apud
2545 2089 2913 2164 Ducangium
2951 2091 3012 2147 in
3069 2093 3364 2152 Glossario
3394 2098 3603 2155 medim
3631 2104 3688 2157 et

2036 2176 2253 2231 infimae
2304 2177 2637 2234 Latinitatis
2692 2196 2749 2235 v.
2783 2181 2990 2249 Annus,
3040 2185 3098 2238 et
3141 2185 3298 2256 apud
3348 2186 3592 2260 Pagium
3624 2189 3685 2244 in

2037 2265 2328 2320 Breviario
2381 2265 2659 2322 historico
2735 2269 3142 2343 chronologico
3215 2273 3415 2331 critico
3473 2276 3687 2334 Roma-

2038 2369 2250 2409 norum
2293 2354 2664 2426 pontificum,
2721 2355 3004 2429 aliosque.
3068 2361 3231 2416 Addo
3280 2362 3593 2421 Calvisium
3626 2366 3686 2421 in

2036 2445 2219 2515 Opere
2291 2443 2699 2517 chronologico
2781 2447 2852 2502 ad
2910 2449 3181 2506 eumdem
3241 2467 3466 2509 annum
3525 2455 3686 2512 1266.

2039 2532 2298 2604 itemque
2328 2532 2621 2604 Cuperum
2668 2533 2794 2591 loco
2823 2535 3001 2592 citato
3026 2555 3191 2594 num.
3235 2540 3362 2609 988,
3394 2543 3556 2599 Falsa
3584 2543 3687 2617 hy-

2036 2621 2250 2692 pothesi
2288 2622 2492 2677 nititur
2537 2625 2819 2696 Possinus,
2883 2625 3270 2696 inquientem,
3329 2629 3460 2686 dum
3489 2636 3690 2690 asserit

2037 2711 2258 2766 Pascha
2315 2727 2459 2767 anno
2519 2712 2657 2766 1566
2712 2715 2774 2768 in
2831 2713 2975 2768 diem
3031 2715 3098 2770 18
3147 2718 3358 2788 Aprilis
3399 2721 3685 2778 incidisse.

2039 2805 2179 2857 Nam
2199 2801 2368 2872 juxta
2422 2816 2607 2856 omnes
2663 2802 2804 2858 alios
2853 2802 3230 2876 chronologos,
3273 2814 3326 2864 et
3376 2824 3447 2865 ea:
3474 2810 3685 2867 calculo

2040 2889 2414 2944 astronomico
2468 2892 2697 2957 constat,
2755 2891 2854 2946 illo
2922 2909 3072 2949 anno
3131 2895 3271 2950 1266
3323 2897 3537 2954 Pascha
3601 2899 3690 2956 die

2038 2978 2108 3032 28
2163 2977 2351 3032 Martii
2401 2978 2730 3035 celebratum
2801 2982 2992 3048 fuisse.
3044 2982 3191 3038 Hinc
3246 3001 3380 3041 vero
3434 2986 3691 3044 efﬁcitur

2041 3067 2278 3122 demum
2337 3066 2552 3122 festum
2580 3070 2678 3120 τοῦ
2736 3068 3057 3123 Ἀκαθίστου
3114 3071 3280 3129 irrito
3332 3079 3542 3132 conatu
3595 3077 3686 3133 in-

2042 3154 2195 3227 quiri
2229 3157 2432 3211 eodem
2465 3173 2618 3212 anno
2664 3157 2818 3213 inter
2869 3158 2994 3214 dies
3022 3159 3228 3233 Aprilis
3255 3161 3568 3236 ἱσταμένου,
3600 3170 3688 3223 in-

2038 3245 2318 3315 cipientis.
2354 3247 2434 3300 Ea
2460 3262 2648 3317 graeca
2676 3263 2814 3303 voce
2843 3248 3190 3322 Beveregius
3214 3252 3457 3309 adnotat
3486 3253 3635 3311 libro
3666 3257 3690 3311 Ι

273 3330 871 3386 communicationem
928 3331 987 3385 in
1038 3348 1260 3388 annum
1312 3334 1472 3401 1263,
1529 3351 1595 3389 ac
1627 3334 1674 3390 si
1707 3337 1930 3392 acerbus
1960 3310 2003 3376 α
2045 3333 2486 3390 Institutionum
2543 3335 3086 3409 chronologicarum
3144 3339 3334 3412 capite
3391 3343 3480 3411 13,
3520 3361 3687 3401 num.

269 3419 591 3491 perpetrati
652 3418 890 3476 sceleris
945 3423 1177 3476 nuntius
1234 3422 1468 3478 nonnisi
1521 3427 1654 3494 post
1707 3441 1927 3480 annum

267 3509 337 3563 ad
366 3524 551 3563 aures
581 3507 929 3580 patriarcha
979 3511 1324 3581 pervenerit,
1376 3511 1532 3567 haud
1565 3513 1709 3568 satis
1741 3515 1926 3586 capio.

336 3598 408 3652 II.
445 3596 697 3652 Frustra
726 3613 829 3668 per
877 3597 1120 3670 longum
1168 3599 1427 3671 spatium
1459 3602 1740 3674 temporis
1771 3603 1930 3658 solu-

263 3686 342 3741 tio
373 3685 624 3753 vinculi,
686 3701 802 3758 quo
856 3687 1168 3743 tenebatur
1223 3689 1547 3761 Augustus,
1608 3691 1679 3746 ab
1725 3693 1929 3747 eodem

261 3774 465 3846 petita.
517 3773 672 3830 Hinc
729 3777 828 3829 sub
875 3777 1107 3832 initium
1162 3778 1390 3849 Aprilis,
1445 3779 1705 3836 solemnis
1731 3781 1933 3852 jejunii

265 3874 524 3936 tempore
580 3862 786 3932 (verba
832 3868 974 3920 sunt
1022 3865 1396 3938 Pachymeris
1452 3867 1554 3933 lib,
1600 3885 1676 3936 IV,
1715 3885 1842 3941 cap.
1875 3871 1930 3941 3)

261 3955 393 4009 dum
420 3958 647 4024 festum
678 3961 951 4022 ageretur,
984 3955 1125 4026 quod
1152 3956 1495 4012 Acathistum
1524 3958 1688 4027 vulgo
1715 3968 1929 4027 vocant,

262 4043 487 4098 libellus
538 4044 986 4098 accusationibus
1040 4044 1241 4114 plenus
1297 4047 1631 4117 imperaturi
1679 4049 1933 4104 traditur

261 4136 468 4187 contra
528 4130 928 4201 patriarcham
985 4133 1320 4200 Arsenium,
1379 4143 1546 4190 noctu
1599 4149 1720 4207 post
1766 4137 1932 4205 ﬁnem

261 4219 607 4292 hymnodzla
644 4218 927 4276 Possinus
949 4221 1007 4274 in
1029 4220 1326 4278 Glossario
1350 4222 1578 4278 Rituale
1598 4223 1929 4280 Graecorum

259 4310 449 4376 ali'ert,
483 4308 550 4363 in
603 4324 722 4379 quo
779 4307 901 4364 haec
957 4308 1287 4365 habentur:
1326 4309 1663 4381 Ἀκάθιστον,
1709 4315 1928 4369 Acalhi-

259 4402 426 4467 stum,
460 4396 806 4453 celebratur
851 4397 1086 4454 Sabbato
1142 4401 1358 4470 quinte
1405 4400 1755 4457 hebdomadis
1784 4404 1929 4471 Qua-

260 4487 614 4558 dragesimse.
649 4486 775 4550 Quo
831 4504 901 4542 ex
949 4486 1094 4542 festo
1150 4489 1245 4542 die
1293 4488 1377 4544 ita
1434 4489 1692 4546 calculos
1721 4492 1833 4546 init
1858 4493 1930 4548 ad

260 4592 486 4632 annum
518 4575 934 4646 indagandum
981 4575 1082 4631 lib.
1117 4594 1181 4631 III
1237 4577 1724 4634 Observationum
1757 4580 1930 4636 chro-

2037 3423 2091 3478 5.
2154 3423 2469 3494 signiﬁcari
2531 3426 2686 3492 apud
2744 3425 2971 3482 Graecos
3045 3429 3420 3487 consuevisse
3469 3441 3692 3505 partem

2037 3513 2243 3566 mensis
2268 3513 2528 3582 primam,
2561 3513 2761 3569 decem
2784 3515 3006 3586 priores
3038 3515 3164 3572 dies
3185 3521 3691 3591 complectentem.

2043 3601 2419 3656 Dulresnium
2450 3601 2690 3657 consule
2743 3604 2804 3657 in
2862 3605 3016 3660 notis
3049 3606 3122 3661 ad
3174 3611 3356 3662 Annae
3386 3613 3692 3668 Comnenm

2040 3689 2257 3744 librum
2292 3690 2632 3746 IAlexiados
2681 3692 2783 3747 ubi
2834 3693 3146 3766 scriptores
3196 3695 3432 3754 Latinos
3462 3698 3693 3773 aliquos

2041 3782 2348 3846 memorat,
2380 3778 2481 3850 qui
2540 3779 2666 3835 suis
2716 3779 2777 3834 in
2837 3781 3128 3838 chronicis
3182 3791 3693 3846 mensemstantem

2042 3867 2338 3939 accipiunt
2383 3884 2486 3939 pro
2535 3885 2719 3924 mense
2769 3875 3024 3938 exeunte,
3073 3873 3380 3930 Auctorem
3429 3876 3692 3935 chronici

2039 3956 2329 4024 Barensis,
2378 3961 2755 4026 Anonymum
2813 3957 2872 4013 in
2934 3959 3084 4015 serie
3142 3962 3424 4019 comitum
3455 3966 3690 4038 Capuae,

2042 4045 2434 4101 Romualdum
2465 4045 2923 4112 Salernitanum,
2955 4047 3239 4120 aliosque.

2110 4133 2436 4190 Chronicus
2468 4134 2769 4190 character
2807 4151 2875 4190 ex
2935 4137 3134 4192 eodem
3197 4138 3513 4194 Ἀκαθιστου
3544 4143 3690 4201 festo

2040 4225 2326 4280 deductus
2351 4223 2573 4295 optime
2603 4241 2754 4278 anno
2797 4224 3131 4296 insequenti
3170 4229 3301 4282 1267
3333 4232 3690 4300 conveniret,

2041 4330 2157 4385 quo
2189 4328 2423 4368 sacrum
2457 4312 2676 4367 Pascha
2704 4311 3057 4370 celebratum
3089 4319 3178 4371 est
3205 4315 3300 4372 die
3332 4318 3400 4372 17
3427 4319 3645 4390 Aprilis
3672 4340 3686 4378 :

2040 4401 2233 4457 littera
2286 4400 2632 4457 Dominicali
2663 4402 2705 4456 Β
2763 4408 3071 4471 currente;
3133 4405 3217 4460 sic
3265 4406 3423 4462 enim
3472 4409 3689 4467 festum

2039 4490 2187 4546 illud
2218 4489 2424 4545 incidit
2454 4491 2515 4545 in
2561 4490 2714 4546 diem
2744 4493 2780 4545 2
2827 4492 3092 4562 ejusdem
3138 4495 3347 4566 Aprilis
3376 4494 3689 4568 ἱσταμένου.

2040 4581 2151 4636 Sed
2181 4580 2340 4635 hunc
2367 4579 2457 4634 vel
2489 4580 2612 4652 ipse
2642 4580 2923 4636 Possinus
2977 4582 3165 4653 rejicit
3194 4599 3416 4641 annum
3441 4601 3455 4640 :
3489 4587 3563 4642 ab
3591 4603 3689 4644 eo-

260 4665 563 4737 nologico,
597 4662 790 4734 capite
844 4665 900 4734 5,
934 4681 1098 4720 num.
1139 4667 1194 4720 5.
1233 4686 1262 4719 ι
1311 4665 1576 4722 Diximus
1608 4668 1667 4723 in
1697 4668 1929 4725 Glossa-
1961 4682 2009 4747 D
2042 4687 2154 4742 que
2183 4673 2532 4742 argumenta
2561 4685 2667 4724 nos
2699 4670 3024 4736 retrahunt,
3051 4688 3177 4742 qua:
3209 4672 3483 4731 dabimus
3512 4675 3688 4734 intra.

259 4754 367 4823 rio,
401 4754 604 4809 Verbo
659 4749 969 4821 ἀκάθιστος,
1028 4755 1243 4810 festum
1300 4755 1447 4810 illud
1479 4756 1754 4812 celebrati
1787 4759 1930 4814 soli-

259 4858 386 4899 tum
419 4843 614 4898 fuisse
643 4841 890 4899 Sabbato
921 4845 1126 4915 quintae
1150 4844 1504 4900 hebdomadas
1532 4849 1695 4901 verni
1714 4847 1930 4916 jejunii

261 4932 673 5004 quadraginta
721 4933 972 5003 dierum,
1017 4932 1294 4989 sexdecim
1318 4932 1512 4988 diebus
1541 4937 1670 4990 ante
1695 4937 1926 4990 Pascha.

258 5025 406 5076 Cum
442 5024 675 5088 autem,
706 5025 774 5074 ut
802 5025 891 5076 est
915 5021 1318 5090 manifestum,
1345 5039 1459 5077 non
1492 5022 1756 5094 quolibet
1776 5041 1930 5080 anno

256 5110 569 5166 Sabbatum
598 5109 824 5181 quintis
873 5109 1262 5166 hebdomadis
1311 5111 1839 5183 quadragesimalis
1869 5113 1930 5168 in

253 5201 473 5267 Aprilis
503 5199 748 5254 initium
780 5199 836 5270 (a
867 5199 1217 5271 Pachymere
1237 5200 1586 5272 indicatum)
1625 5201 1930 5270 incideret,

260 5292 511 5360 apparet
573 5286 671 5343 his
727 5286 925 5343 verbis
983 5289 1266 5344 contineri
1342 5288 1737 5345 characterem
1792 5293 1935 5347 anni

257 5394 441 5448 quem
471 5376 825 5450 querimus.
864 5377 1021 5432 Ordo
1042 5393 1237 5433 rerum
1267 5382 1564 5450 gestarum
1596 5379 1653 5433 in
1686 5381 1933 5452 Synopsi

259 5481 566 5539 expensus
600 5465 765 5521 ducit
795 5482 907 5521 nos
959 5465 1032 5520 ad
1085 5482 1296 5521 annum
1357 5466 1562 5522 Christi
1594 5468 1751 5522 1266.
1786 5473 1930 5524 Nam

261 5555 352 5611 hic
382 5572 588 5611 annus
617 5555 729 5610 fuit
758 5553 986 5628 periodi
1021 5553 1266 5610 Julianus
1311 5555 1473 5623 5979,
1505 5557 1652 5627 cycli
1679 5558 1812 5612 solis
1845 5559 1930 5628 15,

259 5647 408 5716 cycli
439 5647 602 5702 luna?
632 5645 719 5700 11.
756 5646 986 5701 Horum
1022 5643 1311 5715 cyclorum
1361 5644 1690 5700 certissimo
1718 5646 1933 5703 indicio

261 5733 559 5792 habemus
590 5734 819 5791 Pascha
848 5731 955 5790 illo
991 5746 1144 5788 anno
1192 5733 1373 5790 fuisse
1404 5733 1620 5804 Aprilis
1651 5735 1738 5788 18.
1773 5735 1935 5793 Unde

2043 4759 2223 4829 Rejici
2256 4759 2431 4814 debet
2451 4775 2642 4814 annus
2676 4759 2834 4824 1265,
2858 4775 2973 4830 quo
3002 4760 3227 4817 Pascha
3251 4761 3692 4822 celebraverunt

2041 4847 2365 4904 Orientales
2397 4852 2454 4902 et
2483 4847 2882 4903 Occidentales
2901 4847 3215 4904 Christiani
3248 4849 3339 4906 die
3368 4851 3404 4905 5
3435 4853 3648 4925 Aprilis
3675 4881 3690 4924 ;

2040 4936 2445 5008 atpraecedens
2469 4936 2737 4992 convenit
2757 4937 2996 4992 omnino
3012 4955 3205 4994 annus
3228 4939 3385 4995 1264.
3403 4940 3598 5014 Cyclas
3611 4960 3694 5000 so-

2040 5027 2110 5082 lis
2139 5026 2411 5080 currebat
2442 5026 2528 5091 13,
2581 5029 2638 5080 et
2668 5027 2853 5082 littera
2900 5027 3260 5084 Dominicalis
3290 5029 3394 5101 FE,
3426 5039 3479 5086 et
3508 5032 3692 5104 cyclus

2045 5114 2193 5170 lunae
2215 5115 2466 5185 11,unde
2496 5113 2638 5169 luna
2660 5116 2725 5169 14
2753 5114 2959 5170 incidit
2977 5116 3038 5172 in
3067 5116 3222 5172 diem
3259 5118 3326 5172 15
3354 5119 3689 5190 Aprilis,fe-

2040 5205 2188 5260 riam
2219 5203 2536 5274 tertiam,et
2565 5221 2799 5260 sacrum
2830 5204 3056 5261 Pascha
3075 5206 3136 5261 in
3155 5206 3310 5262 diem
3325 5209 3398 5262 20
3424 5208 3689 5280 ejusdem

2041 5293 2528 5349 mensis.Festum
2588 5292 2770 5365 igitur
2813 5292 3129 5348 Ἀκαθίστου
3189 5295 3547 5353 celebratum
3579 5298 3694 5355 fuit

2041 5383 2135 5438 die
2162 5383 2198 5437 5
2226 5382 2493 5453 ejusdem
2525 5382 2622 5439 85
2674 5382 2912 5454 Aprilis,
2962 5384 3192 5440 Sabbato
3246 5386 3460 5458 quintae
3487 5386 3691 5444 hebdo-

2040 5472 2223 5528 madas
2259 5470 2471 5541 jejunii
2521 5471 3069 5545 quadragesimalis.
3125 5473 3415 5530 Nimirum
3464 5481 3690 5548 septem

2042 5559 2511 5616 hebdomadibus
2563 5560 2859 5630 jejunium
2915 5561 3073 5617 istud
3132 5563 3313 5618 Graeci
3371 5568 3576 5636 agunt,
3624 5583 3691 5623 ac

2043 5649 2248 5722 incipit
2277 5649 2420 5704 feria
2448 5651 2483 5702 2
2512 5652 2723 5703 nostra:
2756 5651 3287 5723 Quinquagesimse,
3321 5668 3449 5723 quis
3483 5654 3687 5712 eodem

2045 5755 2197 5794 anno
2234 5739 2368 5793 1264
2420 5737 2529 5793 fuit
2585 5736 2710 5794 dies
2754 5739 2927 5796 tertia
2973 5740 3204 5796 Martii:
3256 5740 3518 5812 adeoque
3546 5744 3687 5804 heb-
