  <div class='ocr_page' id='page_1' title='image "/cluster/home/n/w/nwhite01/storage/ocr_20150623/142/coo.31924054870476/033.png"; bbox 0 0 4090 6444; ppageno 0'>
   <div class='ocr_carea' id='block_1_1' title="bbox 418 405 3836 473">
    <p class='ocr_par' dir='ltr' id='par_1_1' title="bbox 418 405 3836 473">
     <span class='ocr_line' id='line_1_1' title="bbox 418 405 3836 473; baseline 0.001 -6"><span class='ocrx_word' id='word_1_1' title='bbox 418 405 493 467; x_wconf 77' lang='grc'>51</span> <span class='ocrx_word' id='word_1_2' title='bbox 1443 408 1761 473; x_wconf 80' lang='lat' dir='ltr'>GEORGII</span> <span class='ocrx_word' id='word_1_3' title='bbox 1806 410 2067 473; x_wconf 81' lang='lat' dir='ltr'>CYPRII</span> <span class='ocrx_word' id='word_1_4' title='bbox 2111 410 2230 472; x_wconf 78' lang='grc' dir='ltr'>ΟΡ.</span> <span class='ocrx_word' id='word_1_5' title='bbox 2281 410 2814 473; x_wconf 69' lang='lat' dir='ltr'>PATRIARCHJE</span> <span class='ocrx_word' id='word_1_6' title='bbox 3756 409 3836 472; x_wconf 73' lang='lat'>52</span> 
     </span>
    </p>
   </div>
   <div class='ocr_carea' id='block_1_2' title="bbox 414 539 3836 617">
    <p class='ocr_par' dir='ltr' id='par_1_2' title="bbox 414 539 3836 617">
     <span class='ocr_line' id='line_1_2' title="bbox 414 539 3836 617; baseline 0.001 -21"><span class='ocrx_word' id='word_1_7' title='bbox 414 539 670 597; x_wconf 89' lang='lat' dir='ltr'>domada</span> <span class='ocrx_word' id='word_1_8' title='bbox 726 540 935 613; x_wconf 90' lang='lat' dir='ltr'>quinta</span> <span class='ocrx_word' id='word_1_9' title='bbox 987 540 1204 598; x_wconf 85' lang='lat' dir='ltr'>desinit</span> <span class='ocrx_word' id='word_1_10' title='bbox 1270 541 1333 597; x_wconf 93' lang='lat' dir='ltr'>in</span> <span class='ocrx_word' id='word_1_11' title='bbox 1376 543 1638 612; x_wconf 86' lang='lat' dir='ltr'>Sabbalo,</span> <span class='ocrx_word' id='word_1_12' title='bbox 1712 543 1918 615; x_wconf 88' lang='lat' dir='ltr'>quinta</span> <span class='ocrx_word' id='word_1_13' title='bbox 1971 542 2063 599; x_wconf 89' lang='lat' dir='ltr'>die</span> <span class='ocrx_word' id='word_1_14' title='bbox 2092 545 2147 610; x_wconf 83' lang='grc' dir='ltr'><strong>Α</strong></span> <span class='ocrx_word' id='word_1_15' title='bbox 2178 543 2529 612; x_wconf 88' lang='lat' dir='ltr'>Bandurius,</span> <span class='ocrx_word' id='word_1_16' title='bbox 2581 544 2682 617; x_wconf 87' lang='lat' dir='ltr'>qui</span> <span class='ocrx_word' id='word_1_17' title='bbox 2737 542 2964 601; x_wconf 85' lang='lat' dir='ltr'>Arsenii</span> <span class='ocrx_word' id='word_1_18' title='bbox 3021 541 3447 616; x_wconf 87' lang='lat' dir='ltr'>depositionem</span> <span class='ocrx_word' id='word_1_19' title='bbox 3507 559 3645 600; x_wconf 88' lang='lat' dir='ltr'>cum</span> <span class='ocrx_word' id='word_1_20' title='bbox 3681 560 3836 601; x_wconf 90' lang='lat' dir='ltr'>anno</span> 
     </span>
    </p>
   </div>
   <div class='ocr_carea' id='block_1_3' title="bbox 416 624 1607 705">
    <p class='ocr_par' dir='ltr' id='par_1_3' title="bbox 416 624 1607 705">
     <span class='ocr_line' id='line_1_3' title="bbox 416 624 1607 705; baseline 0.003 -21"><span class='ocrx_word' id='word_1_21' title='bbox 416 628 654 701; x_wconf 80' lang='lat' dir='ltr'>Aprilis.</span> <span class='ocrx_word' id='word_1_22' title='bbox 687 630 1017 688; x_wconf 68' lang='lat' dir='ltr'>Graecorum</span> <span class='ocrx_word' id='word_1_23' title='bbox 1049 624 1425 705; x_wconf 80' lang='grc' dir='ltr'>Ἣμερόλογια</span> <span class='ocrx_word' id='word_1_24' title='bbox 1454 633 1607 687; x_wconf 85' lang='lat' dir='ltr'>vide.</span> 
     </span>
    </p>
   </div>
   <div class='ocr_carea' id='block_1_4' title="bbox 501 721 2074 794">
    <p class='ocr_par' dir='ltr' id='par_1_4' title="bbox 501 721 2074 794">
     <span class='ocr_line' id='line_1_4' title="bbox 501 721 2074 794; baseline 0.002 -21"><span class='ocrx_word' id='word_1_25' title='bbox 501 724 683 776; x_wconf 81' lang='lat' dir='ltr'>Datus</span> <span class='ocrx_word' id='word_1_26' title='bbox 714 737 850 794; x_wconf 87' lang='lat' dir='ltr'>ergo</span> <span class='ocrx_word' id='word_1_27' title='bbox 879 721 1269 777; x_wconf 83' lang='lat' dir='ltr'>accusationis</span> <span class='ocrx_word' id='word_1_28' title='bbox 1301 725 1505 777; x_wconf 91' lang='lat' dir='ltr'>contra</span> <span class='ocrx_word' id='word_1_29' title='bbox 1543 722 1855 778; x_wconf 88' lang='lat' dir='ltr'>Arsenium</span> <span class='ocrx_word' id='word_1_30' title='bbox 1888 722 2074 794; x_wconf 90' lang='lat' dir='ltr'>patri—</span> 
     </span>
    </p>
   </div>
   <div class='ocr_carea' id='block_1_5' title="bbox 430 808 2076 883">
    <p class='ocr_par' dir='ltr' id='par_1_5' title="bbox 430 808 2076 883">
     <span class='ocr_line' id='line_1_5' title="bbox 430 808 2076 883; baseline -0.003 -12"><span class='ocrx_word' id='word_1_31' title='bbox 430 812 670 872; x_wconf 89' lang='lat' dir='ltr'>arcbam</span> <span class='ocrx_word' id='word_1_32' title='bbox 723 808 957 865; x_wconf 85' lang='lat' dir='ltr'>libellus</span> <span class='ocrx_word' id='word_1_33' title='bbox 989 810 1121 877; x_wconf 91' lang='lat' dir='ltr'>fuit,</span> <span class='ocrx_word' id='word_1_34' title='bbox 1179 809 1309 865; x_wconf 87' lang='lat' dir='ltr'>dum</span> <span class='ocrx_word' id='word_1_35' title='bbox 1360 814 1561 882; x_wconf 78' lang='lat' dir='ltr'>festum</span> <span class='ocrx_word' id='word_1_36' title='bbox 1618 811 1903 880; x_wconf 81' lang='lat' dir='ltr'>agebatur,</span> <span class='ocrx_word' id='word_1_37' title='bbox 1935 811 2076 883; x_wconf 89' lang='lat' dir='ltr'>quod</span> 
     </span>
    </p>
   </div>
   <div class='ocr_carea' id='block_1_6' title="bbox 421 898 2073 972">
    <p class='ocr_par' dir='ltr' id='par_1_6' title="bbox 421 898 2073 972">
     <span class='ocr_line' id='line_1_6' title="bbox 421 898 2073 972; baseline -0.001 -13"><span class='ocrx_word' id='word_1_38' title='bbox 421 902 762 960; x_wconf 76' lang='lat' dir='ltr'>Acathistum</span> <span class='ocrx_word' id='word_1_39' title='bbox 779 898 948 969; x_wconf 80' lang='lat' dir='ltr'>vulgo</span> <span class='ocrx_word' id='word_1_40' title='bbox 966 908 1176 964; x_wconf 88' lang='lat' dir='ltr'>vocant,</span> <span class='ocrx_word' id='word_1_41' title='bbox 1202 902 1378 954; x_wconf 89' lang='lat' dir='ltr'>noctu</span> <span class='ocrx_word' id='word_1_42' title='bbox 1397 903 1517 971; x_wconf 89' lang='lat' dir='ltr'>post</span> <span class='ocrx_word' id='word_1_43' title='bbox 1542 900 1706 970; x_wconf 84' lang='lat' dir='ltr'>ﬁnem</span> <span class='ocrx_word' id='word_1_44' title='bbox 1734 900 2073 972; x_wconf 64' lang='lat' dir='ltr'>hymnodia’,</span> 
     </span>
    </p>
   </div>
   <div class='ocr_carea' id='block_1_7' title="bbox 425 987 2073 1061">
    <p class='ocr_par' dir='ltr' id='par_1_7' title="bbox 425 987 2073 1061">
     <span class='ocr_line' id='line_1_7' title="bbox 425 987 2073 1061; baseline -0.002 -14"><span class='ocrx_word' id='word_1_45' title='bbox 425 991 583 1047; x_wconf 89' lang='lat' dir='ltr'>die5</span> <span class='ocrx_word' id='word_1_46' title='bbox 626 988 845 1061; x_wconf 89' lang='lat' dir='ltr'>Aprilis</span> <span class='ocrx_word' id='word_1_47' title='bbox 903 987 1042 1043; x_wconf 89' lang='lat' dir='ltr'>anni</span> <span class='ocrx_word' id='word_1_48' title='bbox 1103 988 1260 1042; x_wconf 79' lang='grc'>1264.</span> <span class='ocrx_word' id='word_1_49' title='bbox 1326 989 1412 1043; x_wconf 88' lang='lat' dir='ltr'>Ita</span> <span class='ocrx_word' id='word_1_50' title='bbox 1471 988 1696 1044; x_wconf 84' lang='lat' dir='ltr'>scilicet</span> <span class='ocrx_word' id='word_1_51' title='bbox 1738 989 2073 1059; x_wconf 86' lang='lat' dir='ltr'>vocabatur,</span> 
     </span>
    </p>
   </div>
   <div class='ocr_carea' id='block_1_8' title="bbox 424 1076 2076 1153">
    <p class='ocr_par' dir='ltr' id='par_1_8' title="bbox 424 1076 2076 1153">
     <span class='ocr_line' id='line_1_8' title="bbox 424 1076 2076 1153; baseline -0.002 -17"><span class='ocrx_word' id='word_1_52' title='bbox 424 1080 581 1153; x_wconf 90' lang='lat' dir='ltr'>quod</span> <span class='ocrx_word' id='word_1_53' title='bbox 607 1076 648 1134; x_wconf 47' lang='lat' dir='ltr'>&#39;a</span> <span class='ocrx_word' id='word_1_54' title='bbox 677 1076 914 1151; x_wconf 90' lang='lat' dir='ltr'>populo,</span> <span class='ocrx_word' id='word_1_55' title='bbox 946 1077 1019 1132; x_wconf 94' lang='lat' dir='ltr'>ob</span> <span class='ocrx_word' id='word_1_56' title='bbox 1049 1077 1255 1132; x_wconf 84' lang='lat' dir='ltr'>urbem</span> <span class='ocrx_word' id='word_1_57' title='bbox 1278 1081 1364 1133; x_wconf 91' lang='lat' dir='ltr'>ter</span> <span class='ocrx_word' id='word_1_58' title='bbox 1392 1083 1683 1133; x_wconf 87' lang='lat' dir='ltr'>servatam</span> <span class='ocrx_word' id='word_1_59' title='bbox 1739 1094 1847 1150; x_wconf 90' lang='lat' dir='ltr'>ope</span> <span class='ocrx_word' id='word_1_60' title='bbox 1896 1078 2076 1133; x_wconf 70' lang='lat' dir='ltr'>beatis</span> 
     </span>
    </p>
   </div>
   <div class='ocr_carea' id='block_1_9' title="bbox 420 1167 2074 1240">
    <p class='ocr_par' dir='ltr' id='par_1_9' title="bbox 420 1167 2074 1240">
     <span class='ocr_line' id='line_1_9' title="bbox 420 1167 2074 1240; baseline -0.002 -15"><span class='ocrx_word' id='word_1_61' title='bbox 420 1167 702 1240; x_wconf 86' lang='lat' dir='ltr'>Virginis,</span> <span class='ocrx_word' id='word_1_62' title='bbox 733 1183 837 1238; x_wconf 90' lang='lat' dir='ltr'>per</span> <span class='ocrx_word' id='word_1_63' title='bbox 894 1170 1068 1223; x_wconf 89' lang='lat' dir='ltr'>totam</span> <span class='ocrx_word' id='word_1_64' title='bbox 1121 1174 1330 1221; x_wconf 88' lang='lat' dir='ltr'>noctem</span> <span class='ocrx_word' id='word_1_65' title='bbox 1386 1169 1601 1233; x_wconf 90' lang='lat' dir='ltr'>stante,</span> <span class='ocrx_word' id='word_1_66' title='bbox 1658 1169 1778 1222; x_wconf 90' lang='lat' dir='ltr'>sine</span> <span class='ocrx_word' id='word_1_67' title='bbox 1817 1169 2074 1237; x_wconf 85' lang='lat' dir='ltr'>sessione,</span> 
     </span>
    </p>
   </div>
   <div class='ocr_carea' id='block_1_10' title="bbox 421 1254 2077 1331">
    <p class='ocr_par' dir='ltr' id='par_1_10' title="bbox 421 1254 2077 1331">
     <span class='ocr_line' id='line_1_10' title="bbox 421 1254 2077 1331; baseline -0.001 -17"><span class='ocrx_word' id='word_1_68' title='bbox 421 1257 746 1331; x_wconf 85' lang='lat' dir='ltr'>gratiarum</span> <span class='ocrx_word' id='word_1_69' title='bbox 778 1255 1024 1311; x_wconf 87' lang='lat' dir='ltr'>actionis</span> <span class='ocrx_word' id='word_1_70' title='bbox 1062 1255 1290 1311; x_wconf 86' lang='lat' dir='ltr'>cantica</span> <span class='ocrx_word' id='word_1_71' title='bbox 1339 1254 1790 1311; x_wconf 84' lang='lat' dir='ltr'>exsolvebantur</span> <span class='ocrx_word' id='word_1_72' title='bbox 1821 1256 2077 1312; x_wconf 87' lang='lat' dir='ltr'>Sabbato</span> 
     </span>
    </p>
   </div>
   <div class='ocr_carea' id='block_1_11' title="bbox 423 1343 2077 1415">
    <p class='ocr_par' dir='ltr' id='par_1_11' title="bbox 423 1343 2077 1415">
     <span class='ocr_line' id='line_1_11' title="bbox 423 1343 2077 1415; baseline -0.002 -12"><span class='ocrx_word' id='word_1_73' title='bbox 423 1349 483 1403; x_wconf 88' lang='lat' dir='ltr'>in</span> <span class='ocrx_word' id='word_1_74' title='bbox 513 1345 806 1403; x_wconf 81' lang='lat' dir='ltr'>Matutinis</span> <span class='ocrx_word' id='word_1_75' title='bbox 854 1343 1233 1399; x_wconf 59' lang='lat' dir='ltr'>hebdomadas</span> <span class='ocrx_word' id='word_1_76' title='bbox 1274 1344 1490 1415; x_wconf 65' lang='lat' dir='ltr'>quinte</span> <span class='ocrx_word' id='word_1_77' title='bbox 1538 1343 1925 1415; x_wconf 88' lang='lat' dir='ltr'>jejuniorum.</span> <span class='ocrx_word' id='word_1_78' title='bbox 1959 1345 2077 1400; x_wconf 90' lang='lat' dir='ltr'>Du-</span> 
     </span>
    </p>
   </div>
   <div class='ocr_carea' id='block_1_12' title="bbox 425 1431 2078 1507">
    <p class='ocr_par' dir='ltr' id='par_1_12' title="bbox 425 1431 2078 1507">
     <span class='ocr_line' id='line_1_12' title="bbox 425 1431 2078 1507; baseline -0.002 -16"><span class='ocrx_word' id='word_1_79' title='bbox 425 1434 701 1507; x_wconf 88' lang='lat' dir='ltr'>cangium</span> <span class='ocrx_word' id='word_1_80' title='bbox 733 1432 975 1488; x_wconf 85' lang='lat' dir='ltr'>consule</span> <span class='ocrx_word' id='word_1_81' title='bbox 1020 1432 1081 1487; x_wconf 90' lang='lat' dir='ltr'>in</span> <span class='ocrx_word' id='word_1_82' title='bbox 1130 1431 1426 1488; x_wconf 89' lang='lat' dir='ltr'>Glossario</span> <span class='ocrx_word' id='word_1_83' title='bbox 1478 1431 1694 1488; x_wconf 78' lang='lat' dir='ltr'>Graeco.</span> <span class='ocrx_word' id='word_1_84' title='bbox 1728 1432 2078 1488; x_wconf 85' lang='lat' dir='ltr'>Historicam</span> 
     </span>
    </p>
   </div>
   <div class='ocr_carea' id='block_1_13' title="bbox 425 1520 2080 1593">
    <p class='ocr_par' dir='ltr' id='par_1_13' title="bbox 425 1520 2080 1593">
     <span class='ocr_line' id='line_1_13' title="bbox 425 1520 2080 1593; baseline -0.002 -13"><span class='ocrx_word' id='word_1_85' title='bbox 425 1524 676 1593; x_wconf 86' lang='lat' dir='ltr'>hujusce</span> <span class='ocrx_word' id='word_1_86' title='bbox 706 1522 788 1577; x_wconf 90' lang='lat' dir='ltr'>rei</span> <span class='ocrx_word' id='word_1_87' title='bbox 839 1521 1234 1576; x_wconf 80' lang='lat' dir='ltr'>narrationem</span> <span class='ocrx_word' id='word_1_88' title='bbox 1280 1520 1433 1593; x_wconf 82' lang='lat' dir='ltr'>typis</span> <span class='ocrx_word' id='word_1_89' title='bbox 1480 1521 1663 1577; x_wconf 88' lang='lat' dir='ltr'>edidit</span> <span class='ocrx_word' id='word_1_90' title='bbox 1693 1521 2080 1577; x_wconf 80' lang='lat' dir='ltr'>Combeiieius</span> 
     </span>
    </p>
   </div>
   <div class='ocr_carea' id='block_1_14' title="bbox 428 1609 2082 1686">
    <p class='ocr_par' dir='ltr' id='par_1_14' title="bbox 428 1609 2082 1686">
     <span class='ocr_line' id='line_1_14' title="bbox 428 1609 2082 1686; baseline -0.002 -17"><span class='ocrx_word' id='word_1_91' title='bbox 428 1616 563 1686; x_wconf 90' lang='lat' dir='ltr'>post</span> <span class='ocrx_word' id='word_1_92' title='bbox 594 1610 908 1667; x_wconf 82' lang='lat' dir='ltr'>Historiam</span> <span class='ocrx_word' id='word_1_93' title='bbox 941 1609 1457 1666; x_wconf 83' lang='lat' dir='ltr'>Monothelitarum</span> <span class='ocrx_word' id='word_1_94' title='bbox 1494 1626 1627 1683; x_wconf 85' lang='lat' dir='ltr'>pag.</span> <span class='ocrx_word' id='word_1_95' title='bbox 1657 1611 1783 1666; x_wconf 89' lang='lat'>805.</span> <span class='ocrx_word' id='word_1_96' title='bbox 1814 1611 2082 1683; x_wconf 84' lang='lat' dir='ltr'>Synodus</span> 
     </span>
    </p>
   </div>
   <div class='ocr_carea' id='block_1_15' title="bbox 430 1698 2077 1772">
    <p class='ocr_par' dir='ltr' id='par_1_15' title="bbox 430 1698 2077 1772">
     <span class='ocr_line' id='line_1_15' title="bbox 430 1698 2077 1772; baseline -0.003 -14"><span class='ocrx_word' id='word_1_97' title='bbox 430 1705 765 1768; x_wconf 89' lang='lat' dir='ltr'>convocata,</span> <span class='ocrx_word' id='word_1_98' title='bbox 798 1716 926 1771; x_wconf 67' lang='lat' dir='ltr'>qua:</span> <span class='ocrx_word' id='word_1_99' title='bbox 983 1699 1284 1772; x_wconf 86' lang='lat' dir='ltr'>negotium</span> <span class='ocrx_word' id='word_1_100' title='bbox 1334 1698 1678 1771; x_wconf 73' lang='lat' dir='ltr'>patriarchae</span> <span class='ocrx_word' id='word_1_101' title='bbox 1726 1699 2077 1755; x_wconf 83' lang='lat' dir='ltr'>discuteret:</span> 
     </span>
    </p>
   </div>
   <div class='ocr_carea' id='block_1_16' title="bbox 428 1787 2084 1860">
    <p class='ocr_par' dir='ltr' id='par_1_16' title="bbox 428 1787 2084 1860">
     <span class='ocr_line' id='line_1_16' title="bbox 428 1787 2084 1860; baseline -0.002 -13"><span class='ocrx_word' id='word_1_102' title='bbox 428 1790 651 1847; x_wconf 89' lang='lat' dir='ltr'>indicta</span> <span class='ocrx_word' id='word_1_103' title='bbox 680 1788 807 1844; x_wconf 90' lang='lat' dir='ltr'>dies</span> <span class='ocrx_word' id='word_1_104' title='bbox 831 1789 1001 1859; x_wconf 80' lang='lat' dir='ltr'>juxta</span> <span class='ocrx_word' id='word_1_105' title='bbox 1049 1787 1204 1860; x_wconf 87' lang='lat' dir='ltr'>juris</span> <span class='ocrx_word' id='word_1_106' title='bbox 1262 1787 1569 1856; x_wconf 85' lang='lat' dir='ltr'>formulas,</span> <span class='ocrx_word' id='word_1_107' title='bbox 1627 1788 1747 1844; x_wconf 87' lang='lat' dir='ltr'>lata</span> <span class='ocrx_word' id='word_1_108' title='bbox 1789 1789 2084 1844; x_wconf 85' lang='lat' dir='ltr'>sententia</span> 
     </span>
    </p>
   </div>
   <div class='ocr_carea' id='block_1_17' title="bbox 430 1876 2159 1982">
    <p class='ocr_par' dir='ltr' id='par_1_17' title="bbox 430 1876 2159 1982">
     <span class='ocr_line' id='line_1_17' title="bbox 430 1876 2159 1982; baseline -0.002 -46"><span class='ocrx_word' id='word_1_109' title='bbox 430 1878 835 1952; x_wconf 88' lang='lat' dir='ltr'>depositionis,</span> <span class='ocrx_word' id='word_1_110' title='bbox 893 1876 1313 1949; x_wconf 88' lang='lat' dir='ltr'>depositusque</span> <span class='ocrx_word' id='word_1_111' title='bbox 1367 1876 1653 1933; x_wconf 87' lang='lat' dir='ltr'>Arsenius</span> <span class='ocrx_word' id='word_1_112' title='bbox 1700 1876 1761 1932; x_wconf 92' lang='lat' dir='ltr'>in</span> <span class='ocrx_word' id='word_1_113' title='bbox 1810 1876 2080 1933; x_wconf 85' lang='lat' dir='ltr'>exsilium</span> <span class='ocrx_word' id='word_1_114' title='bbox 2111 1916 2159 1982; x_wconf 79' lang='grc' dir='ltr'><strong>Β</strong></span> 
     </span>
    </p>
   </div>
   <div class='ocr_carea' id='block_1_18' title="bbox 430 1968 2077 2039">
    <p class='ocr_par' dir='ltr' id='par_1_18' title="bbox 430 1968 2077 2039">
     <span class='ocr_line' id='line_1_18' title="bbox 430 1968 2077 2039; baseline -0.003 -15"><span class='ocrx_word' id='word_1_115' title='bbox 430 1968 592 2025; x_wconf 89' lang='lat' dir='ltr'>abire</span> <span class='ocrx_word' id='word_1_116' title='bbox 640 1968 871 2039; x_wconf 88' lang='lat' dir='ltr'>jussus,</span> <span class='ocrx_word' id='word_1_117' title='bbox 928 1970 1084 2022; x_wconf 89' lang='lat' dir='ltr'>nocte</span> <span class='ocrx_word' id='word_1_118' title='bbox 1137 1968 1357 2021; x_wconf 77' lang='lat' dir='ltr'>circiter</span> <span class='ocrx_word' id='word_1_119' title='bbox 1412 1968 1657 2021; x_wconf 68' lang='lat' dir='ltr'>extrema</span> <span class='ocrx_word' id='word_1_120' title='bbox 1721 1969 2077 2033; x_wconf 78' lang='grc' dir='ltr'>Πυαντιῶνος,</span> 
     </span>
    </p>
   </div>
   <div class='ocr_carea' id='block_1_19' title="bbox 428 2053 2080 2129">
    <p class='ocr_par' dir='ltr' id='par_1_19' title="bbox 428 2053 2080 2129">
     <span class='ocr_line' id='line_1_19' title="bbox 428 2053 2080 2129; baseline -0.002 -17"><span class='ocrx_word' id='word_1_121' title='bbox 428 2058 579 2112; x_wconf 83' lang='grc' dir='ltr'>Μαίί</span> <span class='ocrx_word' id='word_1_122' title='bbox 604 2057 826 2127; x_wconf 77' lang='lat' dir='ltr'>mensis,</span> <span class='ocrx_word' id='word_1_123' title='bbox 857 2056 1062 2111; x_wconf 90' lang='lat' dir='ltr'>eodem</span> <span class='ocrx_word' id='word_1_124' title='bbox 1089 2072 1242 2111; x_wconf 91' lang='lat' dir='ltr'>anno</span> <span class='ocrx_word' id='word_1_125' title='bbox 1274 2056 1432 2109; x_wconf 94' lang='grc'>1264.</span> <span class='ocrx_word' id='word_1_126' title='bbox 1466 2053 1828 2128; x_wconf 61' lang='grc' dir='ltr'>ΡΙυι-ιιξοριιά</span> <span class='ocrx_word' id='word_1_127' title='bbox 1860 2055 2080 2129; x_wconf 85' lang='lat' dir='ltr'>Pachy-</span> 
     </span>
    </p>
   </div>
   <div class='ocr_carea' id='block_1_20' title="bbox 426 2143 2081 2217">
    <p class='ocr_par' dir='ltr' id='par_1_20' title="bbox 426 2143 2081 2217">
     <span class='ocr_line' id='line_1_20' title="bbox 426 2143 2081 2217; baseline -0.001 -16"><span class='ocrx_word' id='word_1_128' title='bbox 426 2161 647 2202; x_wconf 89' lang='lat' dir='ltr'>merem</span> <span class='ocrx_word' id='word_1_129' title='bbox 675 2144 802 2217; x_wconf 89' lang='lat' dir='ltr'>lege</span> <span class='ocrx_word' id='word_1_130' title='bbox 833 2143 981 2199; x_wconf 92' lang='lat' dir='ltr'>libro</span> <span class='ocrx_word' id='word_1_131' title='bbox 1013 2162 1088 2215; x_wconf 82' lang='grc' dir='ltr'>ιν,</span> <span class='ocrx_word' id='word_1_132' title='bbox 1123 2144 1297 2199; x_wconf 90' lang='lat' dir='ltr'>citato</span> <span class='ocrx_word' id='word_1_133' title='bbox 1330 2144 1519 2216; x_wconf 88' lang='lat' dir='ltr'>capite</span> <span class='ocrx_word' id='word_1_134' title='bbox 1548 2145 1601 2210; x_wconf 92' lang='lat'>8,</span> <span class='ocrx_word' id='word_1_135' title='bbox 1637 2144 1739 2199; x_wconf 91' lang='lat' dir='ltr'>ubi</span> <span class='ocrx_word' id='word_1_136' title='bbox 1770 2143 1894 2200; x_wconf 92' lang='lat' dir='ltr'>loco</span> <span class='ocrx_word' id='word_1_137' title='bbox 1924 2143 2081 2199; x_wconf 89' lang='lat' dir='ltr'>vocis</span> 
     </span>
    </p>
   </div>
   <div class='ocr_carea' id='block_1_21' title="bbox 427 2233 2079 2305">
    <p class='ocr_par' dir='ltr' id='par_1_21' title="bbox 427 2233 2079 2305">
     <span class='ocr_line' id='line_1_21' title="bbox 427 2233 2079 2305; baseline -0.002 -17"><span class='ocrx_word' id='word_1_138' title='bbox 427 2236 772 2293; x_wconf 77' lang='grc' dir='ltr'>Πυαντιῶνος</span> <span class='ocrx_word' id='word_1_139' title='bbox 822 2233 1218 2305; x_wconf 90' lang='lat' dir='ltr'>reponendam</span> <span class='ocrx_word' id='word_1_140' title='bbox 1267 2248 1467 2289; x_wconf 90' lang='lat' dir='ltr'>vocem</span> <span class='ocrx_word' id='word_1_141' title='bbox 1518 2249 1646 2289; x_wconf 88' lang='lat' dir='ltr'>esse</span> <span class='ocrx_word' id='word_1_142' title='bbox 1679 2236 2079 2305; x_wconf 80' lang='grc' dir='ltr'>Πυανεψιῶνος,</span> 
     </span>
    </p>
   </div>
   <div class='ocr_carea' id='block_1_22' title="bbox 425 2321 2080 2381">
    <p class='ocr_par' dir='ltr' id='par_1_22' title="bbox 425 2321 2080 2381">
     <span class='ocr_line' id='line_1_22' title="bbox 425 2321 2080 2381; baseline -0.002 0"><span class='ocrx_word' id='word_1_143' title='bbox 425 2322 839 2381; x_wconf 86' lang='lat' dir='ltr'>animadvertit</span> <span class='ocrx_word' id='word_1_144' title='bbox 896 2321 1176 2378; x_wconf 91' lang='lat' dir='ltr'>Possinus</span> <span class='ocrx_word' id='word_1_145' title='bbox 1232 2321 1292 2375; x_wconf 92' lang='lat' dir='ltr'>in</span> <span class='ocrx_word' id='word_1_146' title='bbox 1351 2322 1869 2378; x_wconf 89' lang='lat' dir='ltr'>Observationibus</span> <span class='ocrx_word' id='word_1_147' title='bbox 1928 2322 2080 2378; x_wconf 91' lang='lat' dir='ltr'>libro</span> 
     </span>
    </p>
   </div>
   <div class='ocr_carea' id='block_1_23' title="bbox 427 2410 2079 2485">
    <p class='ocr_par' dir='ltr' id='par_1_23' title="bbox 427 2410 2079 2485">
     <span class='ocr_line' id='line_1_23' title="bbox 427 2410 2079 2485; baseline -0.001 -17"><span class='ocrx_word' id='word_1_148' title='bbox 427 2430 493 2468; x_wconf 86' lang='grc' dir='ltr'>ιιι</span> <span class='ocrx_word' id='word_1_149' title='bbox 535 2410 967 2485; x_wconf 88' lang='lat' dir='ltr'>chronologico,</span> <span class='ocrx_word' id='word_1_150' title='bbox 1026 2410 1214 2481; x_wconf 90' lang='lat' dir='ltr'>capite</span> <span class='ocrx_word' id='word_1_151' title='bbox 1273 2412 1325 2477; x_wconf 87' lang='lat'>1,</span> <span class='ocrx_word' id='word_1_152' title='bbox 1384 2415 1441 2466; x_wconf 89' lang='lat' dir='ltr'>et</span> <span class='ocrx_word' id='word_1_153' title='bbox 1495 2411 1683 2482; x_wconf 87' lang='lat' dir='ltr'>capite</span> <span class='ocrx_word' id='word_1_154' title='bbox 1738 2413 1793 2479; x_wconf 85' lang='lat'>2,</span> <span class='ocrx_word' id='word_1_155' title='bbox 1828 2429 1992 2467; x_wconf 92' lang='lat' dir='ltr'>num.</span> <span class='ocrx_word' id='word_1_156' title='bbox 2022 2414 2079 2467; x_wconf 89' lang='lat'>6.</span> 
     </span>
    </p>
   </div>
   <div class='ocr_carea' id='block_1_24' title="bbox 426 2500 2082 2573">
    <p class='ocr_par' dir='ltr' id='par_1_24' title="bbox 426 2500 2082 2573">
     <span class='ocr_line' id='line_1_24' title="bbox 426 2500 2082 2573; baseline 0.001 -17"><span class='ocrx_word' id='word_1_157' title='bbox 426 2500 625 2557; x_wconf 89' lang='lat' dir='ltr'>Altera</span> <span class='ocrx_word' id='word_1_158' title='bbox 654 2515 910 2572; x_wconf 86' lang='lat' dir='ltr'>namque</span> <span class='ocrx_word' id='word_1_159' title='bbox 939 2500 1048 2555; x_wconf 90' lang='lat' dir='ltr'>hac</span> <span class='ocrx_word' id='word_1_160' title='bbox 1068 2515 1204 2555; x_wconf 88' lang='lat' dir='ltr'>voce</span> <span class='ocrx_word' id='word_1_161' title='bbox 1225 2500 1672 2555; x_wconf 87' lang='lat' dir='ltr'>contantissime</span> <span class='ocrx_word' id='word_1_162' title='bbox 1697 2500 2082 2573; x_wconf 87' lang='lat' dir='ltr'>Pachymeres</span> 
     </span>
    </p>
   </div>
   <div class='ocr_carea' id='block_1_25' title="bbox 428 2588 2080 2658">
    <p class='ocr_par' dir='ltr' id='par_1_25' title="bbox 428 2588 2080 2658">
     <span class='ocr_line' id='line_1_25' title="bbox 428 2588 2080 2658; baseline -0.001 -12"><span class='ocrx_word' id='word_1_163' title='bbox 428 2606 691 2646; x_wconf 88' lang='lat' dir='ltr'>mensem</span> <span class='ocrx_word' id='word_1_164' title='bbox 722 2588 930 2644; x_wconf 80' lang='lat' dir='ltr'>Maium</span> <span class='ocrx_word' id='word_1_165' title='bbox 976 2604 1182 2643; x_wconf 89' lang='lat' dir='ltr'>vocare</span> <span class='ocrx_word' id='word_1_166' title='bbox 1230 2588 1396 2658; x_wconf 91' lang='lat' dir='ltr'>solet,</span> <span class='ocrx_word' id='word_1_167' title='bbox 1444 2594 1504 2644; x_wconf 91' lang='lat' dir='ltr'>et</span> <span class='ocrx_word' id='word_1_168' title='bbox 1545 2589 1606 2643; x_wconf 92' lang='lat' dir='ltr'>in</span> <span class='ocrx_word' id='word_1_169' title='bbox 1639 2590 1835 2645; x_wconf 85' lang='lat' dir='ltr'>codice</span> <span class='ocrx_word' id='word_1_170' title='bbox 1867 2590 2080 2646; x_wconf 91' lang='lat' dir='ltr'>Barbe-</span> 
     </span>
    </p>
   </div>
   <div class='ocr_carea' id='block_1_26' title="bbox 426 2677 2083 2751">
    <p class='ocr_par' dir='ltr' id='par_1_26' title="bbox 426 2677 2083 2751">
     <span class='ocr_line' id='line_1_26' title="bbox 426 2677 2083 2751; baseline 0.001 -17"><span class='ocrx_word' id='word_1_171' title='bbox 426 2678 577 2745; x_wconf 90' lang='lat' dir='ltr'>rino,</span> <span class='ocrx_word' id='word_1_172' title='bbox 630 2695 746 2751; x_wconf 93' lang='lat' dir='ltr'>quo</span> <span class='ocrx_word' id='word_1_173' title='bbox 801 2678 929 2751; x_wconf 90' lang='lat' dir='ltr'>ipse</span> <span class='ocrx_word' id='word_1_174' title='bbox 989 2677 1281 2745; x_wconf 88' lang='lat' dir='ltr'>utebatur,</span> <span class='ocrx_word' id='word_1_175' title='bbox 1340 2694 1371 2733; x_wconf 90' lang='lat' dir='ltr'>e</span> <span class='ocrx_word' id='word_1_176' title='bbox 1428 2677 1663 2751; x_wconf 86' lang='lat' dir='ltr'>regione</span> <span class='ocrx_word' id='word_1_177' title='bbox 1710 2677 1873 2735; x_wconf 92' lang='lat' dir='ltr'>illius</span> <span class='ocrx_word' id='word_1_178' title='bbox 1923 2680 2083 2735; x_wconf 83' lang='lat' dir='ltr'>vocis</span> 
     </span>
    </p>
   </div>
   <div class='ocr_carea' id='block_1_27' title="bbox 426 2765 2080 2840">
    <p class='ocr_par' dir='ltr' id='par_1_27' title="bbox 426 2765 2080 2840">
     <span class='ocr_line' id='line_1_27' title="bbox 426 2765 2080 2840; baseline -0.001 -18"><span class='ocrx_word' id='word_1_179' title='bbox 426 2770 770 2829; x_wconf 75' lang='grc' dir='ltr'>Πυαντιῶνος</span> <span class='ocrx_word' id='word_1_180' title='bbox 799 2768 861 2822; x_wconf 91' lang='lat' dir='ltr'>in</span> <span class='ocrx_word' id='word_1_181' title='bbox 892 2767 1157 2840; x_wconf 89' lang='lat' dir='ltr'>margine</span> <span class='ocrx_word' id='word_1_182' title='bbox 1184 2766 1426 2839; x_wconf 86' lang='lat' dir='ltr'>antiqua</span> <span class='ocrx_word' id='word_1_183' title='bbox 1456 2784 1631 2823; x_wconf 88' lang='lat' dir='ltr'>manu</span> <span class='ocrx_word' id='word_1_184' title='bbox 1664 2766 1878 2840; x_wconf 88' lang='lat' dir='ltr'>legitur</span> <span class='ocrx_word' id='word_1_185' title='bbox 1905 2765 2080 2821; x_wconf 76' lang='grc' dir='ltr'>Μαΐου</span> 
     </span>
    </p>
   </div>
   <div class='ocr_carea' id='block_1_28' title="bbox 429 2856 2079 2930">
    <p class='ocr_par' dir='ltr' id='par_1_28' title="bbox 429 2856 2079 2930">
     <span class='ocr_line' id='line_1_28' title="bbox 429 2856 2079 2930; baseline -0.001 -15"><span class='ocrx_word' id='word_1_186' title='bbox 429 2857 668 2930; x_wconf 82' lang='lat' dir='ltr'>scripta.</span> <span class='ocrx_word' id='word_1_187' title='bbox 723 2856 1121 2913; x_wconf 88' lang='lat' dir='ltr'>Constitutum</span> <span class='ocrx_word' id='word_1_188' title='bbox 1170 2856 1553 2928; x_wconf 87' lang='lat' dir='ltr'>depositionis</span> <span class='ocrx_word' id='word_1_189' title='bbox 1596 2857 1825 2913; x_wconf 88' lang='lat' dir='ltr'>Arsenii</span> <span class='ocrx_word' id='word_1_190' title='bbox 1858 2874 2079 2913; x_wconf 90' lang='lat' dir='ltr'>annum</span> 
     </span>
    </p>
   </div>
   <div class='ocr_carea' id='block_1_29' title="bbox 423 2945 2075 3018">
    <p class='ocr_par' dir='ltr' id='par_1_29' title="bbox 423 2945 2075 3018">
     <span class='ocr_line' id='line_1_29' title="bbox 423 2945 2075 3018; baseline 0.001 -16"><span class='ocrx_word' id='word_1_191' title='bbox 423 2948 565 3002; x_wconf 89' lang='grc'>1264</span> <span class='ocrx_word' id='word_1_192' title='bbox 594 2945 970 3018; x_wconf 88' lang='lat' dir='ltr'>amplectitur</span> <span class='ocrx_word' id='word_1_193' title='bbox 1023 2945 1358 3001; x_wconf 89' lang='lat' dir='ltr'>Bandurius</span> <span class='ocrx_word' id='word_1_194' title='bbox 1387 2963 1400 3001; x_wconf 88' lang='lat'><strong>:</strong></span> <span class='ocrx_word' id='word_1_195' title='bbox 1434 2953 1497 3001; x_wconf 92' lang='lat' dir='ltr'>ut</span> <span class='ocrx_word' id='word_1_196' title='bbox 1547 2950 1630 3017; x_wconf 89' lang='lat' dir='ltr'>ut,</span> <span class='ocrx_word' id='word_1_197' title='bbox 1662 2945 1957 3018; x_wconf 87' lang='lat' dir='ltr'>inquiens,</span> <span class='ocrx_word' id='word_1_198' title='bbox 1990 2947 2075 3003; x_wconf 88' lang='lat' dir='ltr'>di-</span> 
     </span>
    </p>
   </div>
   <div class='ocr_carea' id='block_1_30' title="bbox 417 3036 827 3093">
    <p class='ocr_par' dir='ltr' id='par_1_30' title="bbox 417 3036 827 3093">
     <span class='ocr_line' id='line_1_30' title="bbox 417 3036 827 3093; baseline -0.005 -1"><span class='ocrx_word' id='word_1_199' title='bbox 417 3040 509 3093; x_wconf 90' lang='lat' dir='ltr'>cat</span> <span class='ocrx_word' id='word_1_200' title='bbox 536 3036 827 3091; x_wconf 87' lang='lat' dir='ltr'>Possinus.</span> 
     </span>
    </p>
   </div>
   <div class='ocr_carea' id='block_1_31' title="bbox 2185 631 3838 705">
    <p class='ocr_par' dir='ltr' id='par_1_31' title="bbox 2185 631 3838 705">
     <span class='ocr_line' id='line_1_31' title="bbox 2185 631 3838 705; baseline 0.001 -18"><span class='ocrx_word' id='word_1_201' title='bbox 2185 633 2320 688; x_wconf 83' lang='grc'>1264</span> <span class='ocrx_word' id='word_1_202' title='bbox 2352 633 2561 705; x_wconf 90' lang='lat' dir='ltr'>illigat,</span> <span class='ocrx_word' id='word_1_203' title='bbox 2603 634 2876 689; x_wconf 87' lang='lat' dir='ltr'>Germani</span> <span class='ocrx_word' id='word_1_204' title='bbox 2906 633 3341 689; x_wconf 89' lang='lat' dir='ltr'>successionem</span> <span class='ocrx_word' id='word_1_205' title='bbox 3395 631 3590 688; x_wconf 77' lang='lat' dir='ltr'>differt</span> <span class='ocrx_word' id='word_1_206' title='bbox 3632 633 3705 688; x_wconf 91' lang='lat' dir='ltr'>ad</span> <span class='ocrx_word' id='word_1_207' title='bbox 3732 649 3838 689; x_wconf 91' lang='lat' dir='ltr'>an-</span> 
     </span>
    </p>
   </div>
   <div class='ocr_carea' id='block_1_32' title="bbox 2183 721 3836 792">
    <p class='ocr_par' dir='ltr' id='par_1_32' title="bbox 2183 721 3836 792">
     <span class='ocr_line' id='line_1_32' title="bbox 2183 721 3836 792; baseline 0.001 -16"><span class='ocrx_word' id='word_1_208' title='bbox 2183 738 2326 777; x_wconf 91' lang='lat' dir='ltr'>num</span> <span class='ocrx_word' id='word_1_209' title='bbox 2359 724 2496 777; x_wconf 88' lang='lat'>1267</span> <span class='ocrx_word' id='word_1_210' title='bbox 2526 739 2590 777; x_wconf 89' lang='lat' dir='ltr'>ac</span> <span class='ocrx_word' id='word_1_211' title='bbox 2620 738 2882 779; x_wconf 89' lang='lat' dir='ltr'>mensem</span> <span class='ocrx_word' id='word_1_212' title='bbox 2911 722 3156 778; x_wconf 85' lang='lat' dir='ltr'>Junium</span> <span class='ocrx_word' id='word_1_213' title='bbox 3177 721 3445 792; x_wconf 85' lang='lat' dir='ltr'>ejusdem</span> <span class='ocrx_word' id='word_1_214' title='bbox 3470 721 3630 777; x_wconf 90' lang='lat' dir='ltr'>anni.</span> <span class='ocrx_word' id='word_1_215' title='bbox 3662 724 3836 777; x_wconf 88' lang='lat' dir='ltr'>Arse-</span> 
     </span>
    </p>
   </div>
   <div class='ocr_carea' id='block_1_33' title="bbox 2184 810 3835 884">
    <p class='ocr_par' dir='ltr' id='par_1_33' title="bbox 2184 810 3835 884">
     <span class='ocr_line' id='line_1_33' title="bbox 2184 810 3835 884; baseline 0.002 -20"><span class='ocrx_word' id='word_1_216' title='bbox 2184 810 2266 865; x_wconf 89' lang='lat' dir='ltr'>nii</span> <span class='ocrx_word' id='word_1_217' title='bbox 2291 810 2639 883; x_wconf 90' lang='lat' dir='ltr'>depositioni</span> <span class='ocrx_word' id='word_1_218' title='bbox 2671 827 2891 867; x_wconf 90' lang='lat' dir='ltr'>annum</span> <span class='ocrx_word' id='word_1_219' title='bbox 2924 812 3063 866; x_wconf 86' lang='lat'>1266</span> <span class='ocrx_word' id='word_1_220' title='bbox 3086 811 3487 884; x_wconf 89' lang='lat' dir='ltr'>assignaverat</span> <span class='ocrx_word' id='word_1_221' title='bbox 3518 811 3835 867; x_wconf 85' lang='lat' dir='ltr'>Possinus:</span> 
     </span>
    </p>
   </div>
   <div class='ocr_carea' id='block_1_34' title="bbox 2184 899 3838 972">
    <p class='ocr_par' dir='ltr' id='par_1_34' title="bbox 2184 899 3838 972">
     <span class='ocr_line' id='line_1_34' title="bbox 2184 899 3838 972; baseline 0.001 -17"><span class='ocrx_word' id='word_1_222' title='bbox 2184 900 2505 971; x_wconf 90' lang='lat' dir='ltr'>eodemque</span> <span class='ocrx_word' id='word_1_223' title='bbox 2556 917 2730 969; x_wconf 90' lang='lat' dir='ltr'>anno,</span> <span class='ocrx_word' id='word_1_224' title='bbox 2781 900 2869 956; x_wconf 87' lang='lat' dir='ltr'>vel</span> <span class='ocrx_word' id='word_1_225' title='bbox 2917 899 3114 971; x_wconf 88' lang='lat' dir='ltr'>potius</span> <span class='ocrx_word' id='word_1_226' title='bbox 3162 899 3497 972; x_wconf 88' lang='lat' dir='ltr'>insequenti</span> <span class='ocrx_word' id='word_1_227' title='bbox 3530 901 3668 955; x_wconf 90' lang='lat'>1267</span> <span class='ocrx_word' id='word_1_228' title='bbox 3692 900 3838 956; x_wconf 89' lang='lat' dir='ltr'>sub-</span> 
     </span>
    </p>
   </div>
   <div class='ocr_carea' id='block_1_35' title="bbox 2185 988 3838 1061">
    <p class='ocr_par' dir='ltr' id='par_1_35' title="bbox 2185 988 3838 1061">
     <span class='ocr_line' id='line_1_35' title="bbox 2185 988 3838 1061; baseline 0.001 -17"><span class='ocrx_word' id='word_1_229' title='bbox 2185 988 2352 1044; x_wconf 87' lang='lat' dir='ltr'>stitui</span> <span class='ocrx_word' id='word_1_230' title='bbox 2382 988 2739 1045; x_wconf 89' lang='lat' dir='ltr'>Germanum</span> <span class='ocrx_word' id='word_1_231' title='bbox 2772 990 3039 1061; x_wconf 90' lang='lat' dir='ltr'>potuisse</span> <span class='ocrx_word' id='word_1_232' title='bbox 3083 989 3262 1043; x_wconf 88' lang='lat' dir='ltr'>tradit</span> <span class='ocrx_word' id='word_1_233' title='bbox 3289 1006 3394 1060; x_wconf 91' lang='lat' dir='ltr'>pro</span> <span class='ocrx_word' id='word_1_234' title='bbox 3428 993 3674 1061; x_wconf 86' lang='lat' dir='ltr'>utraque</span> <span class='ocrx_word' id='word_1_235' title='bbox 3704 1006 3838 1045; x_wconf 90' lang='lat' dir='ltr'>sen-</span> 
     </span>
    </p>
   </div>
   <div class='ocr_carea' id='block_1_36' title="bbox 2184 1077 3839 1151">
    <p class='ocr_par' dir='ltr' id='par_1_36' title="bbox 2184 1077 3839 1151">
     <span class='ocr_line' id='line_1_36' title="bbox 2184 1077 3839 1151; baseline 0 -18"><span class='ocrx_word' id='word_1_236' title='bbox 2184 1077 2373 1133; x_wconf 83' lang='lat' dir='ltr'>tentia</span> <span class='ocrx_word' id='word_1_237' title='bbox 2426 1078 2587 1133; x_wconf 90' lang='lat' dir='ltr'>varia</span> <span class='ocrx_word' id='word_1_238' title='bbox 2640 1077 3022 1133; x_wconf 88' lang='lat' dir='ltr'>accumulans</span> <span class='ocrx_word' id='word_1_239' title='bbox 3074 1081 3442 1151; x_wconf 86' lang='lat' dir='ltr'>argumenta.</span> <span class='ocrx_word' id='word_1_240' title='bbox 3484 1079 3595 1134; x_wconf 91' lang='lat' dir='ltr'>Sed</span> <span class='ocrx_word' id='word_1_241' title='bbox 3640 1078 3839 1150; x_wconf 87' lang='lat' dir='ltr'>ipsum</span> 
     </span>
    </p>
   </div>
   <div class='ocr_carea' id='block_1_37' title="bbox 2186 1165 3843 1239">
    <p class='ocr_par' dir='ltr' id='par_1_37' title="bbox 2186 1165 3843 1239">
     <span class='ocr_line' id='line_1_37' title="bbox 2186 1165 3843 1239; baseline 0.001 -18"><span class='ocrx_word' id='word_1_242' title='bbox 2186 1165 2439 1238; x_wconf 90' lang='lat' dir='ltr'>denique</span> <span class='ocrx_word' id='word_1_243' title='bbox 2485 1183 2637 1223; x_wconf 92' lang='lat' dir='ltr'>anno</span> <span class='ocrx_word' id='word_1_244' title='bbox 2689 1167 2894 1223; x_wconf 89' lang='lat' dir='ltr'>eodem</span> <span class='ocrx_word' id='word_1_245' title='bbox 2949 1167 3087 1221; x_wconf 89' lang='lat'>1267</span> <span class='ocrx_word' id='word_1_246' title='bbox 3140 1166 3389 1223; x_wconf 89' lang='lat' dir='ltr'>cessisse</span> <span class='ocrx_word' id='word_1_247' title='bbox 3443 1166 3843 1239; x_wconf 89' lang='lat' dir='ltr'>patriarchatu</span> 
     </span>
    </p>
   </div>
   <div class='ocr_carea' id='block_1_38' title="bbox 2187 1254 3843 1334">
    <p class='ocr_par' dir='ltr' id='par_1_38' title="bbox 2187 1254 3843 1334">
     <span class='ocr_line' id='line_1_38' title="bbox 2187 1254 3843 1334; baseline 0 -24"><span class='ocrx_word' id='word_1_248' title='bbox 2187 1256 2280 1311; x_wconf 91' lang='lat' dir='ltr'>die</span> <span class='ocrx_word' id='word_1_249' title='bbox 2310 1256 2373 1310; x_wconf 82' lang='grc'>14</span> <span class='ocrx_word' id='word_1_250' title='bbox 2432 1255 2814 1334; x_wconf 87' lang='lat' dir='ltr'>Septembris,</span> <span class='ocrx_word' id='word_1_251' title='bbox 2865 1263 3012 1311; x_wconf 89' lang='lat' dir='ltr'>certo</span> <span class='ocrx_word' id='word_1_252' title='bbox 3066 1259 3333 1323; x_wconf 81' lang='lat' dir='ltr'>constare,</span> <span class='ocrx_word' id='word_1_253' title='bbox 3386 1254 3580 1327; x_wconf 91' lang='lat' dir='ltr'>inquit</span> <span class='ocrx_word' id='word_1_254' title='bbox 3608 1254 3733 1312; x_wconf 92' lang='lat' dir='ltr'>loco</span> <span class='ocrx_word' id='word_1_255' title='bbox 3759 1256 3843 1312; x_wconf 86' lang='lat' dir='ltr'>ci-</span> 
     </span>
    </p>
   </div>
   <div class='ocr_carea' id='block_1_39' title="bbox 2187 1343 3844 1417">
    <p class='ocr_par' dir='ltr' id='par_1_39' title="bbox 2187 1343 3844 1417">
     <span class='ocr_line' id='line_1_39' title="bbox 2187 1343 3844 1417; baseline 0.001 -18"><span class='ocrx_word' id='word_1_256' title='bbox 2187 1349 2308 1400; x_wconf 90' lang='lat' dir='ltr'>tato</span> <span class='ocrx_word' id='word_1_257' title='bbox 2364 1344 2552 1416; x_wconf 91' lang='lat' dir='ltr'>capite</span> <span class='ocrx_word' id='word_1_258' title='bbox 2604 1346 2639 1398; x_wconf 92' lang='lat'>6</span> <span class='ocrx_word' id='word_1_259' title='bbox 2689 1361 2853 1399; x_wconf 91' lang='lat' dir='ltr'>num.</span> <span class='ocrx_word' id='word_1_260' title='bbox 2916 1345 2968 1415; x_wconf 87' lang='lat'>1,</span> <span class='ocrx_word' id='word_1_261' title='bbox 3027 1343 3461 1417; x_wconf 90' lang='lat' dir='ltr'>Chronologicis</span> <span class='ocrx_word' id='word_1_262' title='bbox 3518 1344 3844 1417; x_wconf 87' lang='lat' dir='ltr'>implicitus</span> 
     </span>
    </p>
   </div>
   <div class='ocr_carea' id='block_1_40' title="bbox 2189 1432 3843 1505">
    <p class='ocr_par' dir='ltr' id='par_1_40' title="bbox 2189 1432 3843 1505">
     <span class='ocr_line' id='line_1_40' title="bbox 2189 1432 3843 1505; baseline -0.001 -16"><span class='ocrx_word' id='word_1_263' title='bbox 2189 1432 2640 1489; x_wconf 83' lang='lat' dir='ltr'>difﬁcultatibus</span> <span class='ocrx_word' id='word_1_264' title='bbox 2688 1434 2969 1505; x_wconf 88' lang='lat' dir='ltr'>Cuperus.</span> <span class='ocrx_word' id='word_1_265' title='bbox 3026 1432 3183 1488; x_wconf 83' lang='lat' dir='ltr'>Circa</span> <span class='ocrx_word' id='word_1_266' title='bbox 3233 1434 3472 1489; x_wconf 88' lang='lat' dir='ltr'>alterum</span> <span class='ocrx_word' id='word_1_267' title='bbox 3510 1449 3721 1488; x_wconf 87' lang='lat' dir='ltr'>annum</span> <span class='ocrx_word' id='word_1_268' title='bbox 3750 1436 3843 1488; x_wconf 87' lang='lat' dir='ltr'>ni-</span> 
     </span>
    </p>
   </div>
   <div class='ocr_carea' id='block_1_41' title="bbox 2189 1520 3845 1594">
    <p class='ocr_par' dir='ltr' id='par_1_41' title="bbox 2189 1520 3845 1594">
     <span class='ocr_line' id='line_1_41' title="bbox 2189 1520 3845 1594; baseline 0 -17"><span class='ocrx_word' id='word_1_269' title='bbox 2189 1523 2269 1577; x_wconf 85' lang='lat' dir='ltr'>hil</span> <span class='ocrx_word' id='word_1_270' title='bbox 2323 1523 2568 1578; x_wconf 76' lang='lat' dir='ltr'>absolute</span> <span class='ocrx_word' id='word_1_271' title='bbox 2596 1522 2795 1591; x_wconf 79' lang='lat' dir='ltr'>deﬁnio</span> <span class='ocrx_word' id='word_1_272' title='bbox 2852 1520 3070 1593; x_wconf 88' lang='lat' dir='ltr'>(inquit</span> <span class='ocrx_word' id='word_1_273' title='bbox 3125 1538 3294 1578; x_wconf 92' lang='lat' dir='ltr'>num.</span> <span class='ocrx_word' id='word_1_274' title='bbox 3349 1520 3515 1594; x_wconf 81' lang='lat'>992):</span> <span class='ocrx_word' id='word_1_275' title='bbox 3576 1520 3678 1577; x_wconf 90' lang='lat' dir='ltr'>Sed</span> <span class='ocrx_word' id='word_1_276' title='bbox 3725 1522 3845 1577; x_wconf 75' lang='lat' dir='ltr'>ini—</span> 
     </span>
    </p>
   </div>
   <div class='ocr_carea' id='block_1_42' title="bbox 2188 1610 3842 1684">
    <p class='ocr_par' dir='ltr' id='par_1_42' title="bbox 2188 1610 3842 1684">
     <span class='ocr_line' id='line_1_42' title="bbox 2188 1610 3842 1684; baseline -0.001 -17"><span class='ocrx_word' id='word_1_277' title='bbox 2188 1613 2334 1667; x_wconf 82' lang='lat' dir='ltr'>tium</span> <span class='ocrx_word' id='word_1_278' title='bbox 2364 1610 2622 1667; x_wconf 86' lang='lat' dir='ltr'>Germani</span> <span class='ocrx_word' id='word_1_279' title='bbox 2667 1627 2811 1667; x_wconf 83' lang='lat' dir='ltr'>anno</span> <span class='ocrx_word' id='word_1_280' title='bbox 2872 1610 3077 1666; x_wconf 80' lang='lat' dir='ltr'>Christi</span> <span class='ocrx_word' id='word_1_281' title='bbox 3133 1611 3272 1666; x_wconf 88' lang='lat'>1266</span> <span class='ocrx_word' id='word_1_282' title='bbox 3315 1611 3404 1666; x_wconf 79' lang='lat' dir='ltr'>vel</span> <span class='ocrx_word' id='word_1_283' title='bbox 3465 1610 3599 1665; x_wconf 87' lang='lat'>1267</span> <span class='ocrx_word' id='word_1_284' title='bbox 3646 1610 3842 1684; x_wconf 78' lang='lat' dir='ltr'>afﬁgo.</span> 
     </span>
    </p>
   </div>
   <div class='ocr_carea' id='block_1_43' title="bbox 2189 1698 3847 1770">
    <p class='ocr_par' dir='ltr' id='par_1_43' title="bbox 2189 1698 3847 1770">
     <span class='ocr_line' id='line_1_43' title="bbox 2189 1698 3847 1770; baseline -0.002 -14"><span class='ocrx_word' id='word_1_285' title='bbox 2189 1700 2597 1757; x_wconf 82' lang='lat' dir='ltr'>Abdicationem</span> <span class='ocrx_word' id='word_1_286' title='bbox 2653 1703 2837 1756; x_wconf 88' lang='lat' dir='ltr'>autem</span> <span class='ocrx_word' id='word_1_287' title='bbox 2893 1704 3081 1769; x_wconf 89' lang='lat' dir='ltr'>(num.</span> <span class='ocrx_word' id='word_1_288' title='bbox 3112 1700 3241 1770; x_wconf 88' lang='lat'>993)</span> <span class='ocrx_word' id='word_1_289' title='bbox 3288 1715 3435 1755; x_wconf 88' lang='lat' dir='ltr'>anno</span> <span class='ocrx_word' id='word_1_290' title='bbox 3479 1698 3684 1755; x_wconf 81' lang='lat' dir='ltr'>Christi</span> <span class='ocrx_word' id='word_1_291' title='bbox 3706 1699 3847 1755; x_wconf 83' lang='lat'>1267</span> 
     </span>
    </p>
   </div>
   <div class='ocr_carea' id='block_1_44' title="bbox 2189 1789 3844 1861">
    <p class='ocr_par' dir='ltr' id='par_1_44' title="bbox 2189 1789 3844 1861">
     <span class='ocr_line' id='line_1_44' title="bbox 2189 1789 3844 1861; baseline -0.001 -16"><span class='ocrx_word' id='word_1_292' title='bbox 2189 1790 2391 1861; x_wconf 79' lang='lat' dir='ltr'>factam</span> <span class='ocrx_word' id='word_1_293' title='bbox 2414 1805 2547 1857; x_wconf 88' lang='lat' dir='ltr'>esse,</span> <span class='ocrx_word' id='word_1_294' title='bbox 2584 1805 2654 1845; x_wconf 75' lang='lat' dir='ltr'>ex</span> <span class='ocrx_word' id='word_1_295' title='bbox 2699 1790 2864 1845; x_wconf 89' lang='lat' dir='ltr'>initio</span> <span class='ocrx_word' id='word_1_296' title='bbox 2919 1789 3246 1845; x_wconf 84' lang='lat' dir='ltr'>successoris</span> <span class='ocrx_word' id='word_1_297' title='bbox 3289 1790 3463 1861; x_wconf 78' lang='lat' dir='ltr'>ipsius</span> <span class='ocrx_word' id='word_1_298' title='bbox 3500 1798 3686 1860; x_wconf 89' lang='lat' dir='ltr'>postea</span> <span class='ocrx_word' id='word_1_299' title='bbox 3712 1803 3844 1844; x_wconf 84' lang='lat' dir='ltr'>con-</span> 
     </span>
    </p>
   </div>
   <div class='ocr_carea' id='block_1_45' title="bbox 2190 1880 2380 1935">
    <p class='ocr_par' dir='ltr' id='par_1_45' title="bbox 2190 1880 2380 1935">
     <span class='ocr_line' id='line_1_45' title="bbox 2190 1880 2380 1935; baseline -0.011 -1"><span class='ocrx_word' id='word_1_300' title='bbox 2190 1880 2380 1935; x_wconf 79' lang='lat' dir='ltr'>stabit.</span> 
     </span>
    </p>
   </div>
   <div class='ocr_carea' id='block_1_46' title="bbox 2257 1965 3847 2039">
    <p class='ocr_par' dir='ltr' id='par_1_46' title="bbox 2257 1965 3847 2039">
     <span class='ocr_line' id='line_1_46' title="bbox 2257 1965 3847 2039; baseline 0.001 -18"><span class='ocrx_word' id='word_1_301' title='bbox 2257 1966 2427 2023; x_wconf 89' lang='lat' dir='ltr'>Viros</span> <span class='ocrx_word' id='word_1_302' title='bbox 2474 1966 2850 2023; x_wconf 89' lang='lat' dir='ltr'>doctissimos</span> <span class='ocrx_word' id='word_1_303' title='bbox 2908 1965 3145 2039; x_wconf 89' lang='lat' dir='ltr'>impulit</span> <span class='ocrx_word' id='word_1_304' title='bbox 3200 1965 3511 2038; x_wconf 86' lang='lat' dir='ltr'>Nicephori</span> <span class='ocrx_word' id='word_1_305' title='bbox 3561 1965 3847 2038; x_wconf 66' lang='lat' dir='ltr'>Graagoraa</span> 
     </span>
    </p>
   </div>
   <div class='ocr_carea' id='block_1_47' title="bbox 2190 2054 3844 2124">
    <p class='ocr_par' dir='ltr' id='par_1_47' title="bbox 2190 2054 3844 2124">
     <span class='ocr_line' id='line_1_47' title="bbox 2190 2054 3844 2124; baseline -0.002 -12"><span class='ocrx_word' id='word_1_306' title='bbox 2190 2055 2526 2124; x_wconf 89' lang='lat' dir='ltr'>auctoritas,</span> <span class='ocrx_word' id='word_1_307' title='bbox 2575 2060 2642 2110; x_wconf 90' lang='lat' dir='ltr'>ut</span> <span class='ocrx_word' id='word_1_308' title='bbox 2696 2055 2973 2112; x_wconf 89' lang='lat' dir='ltr'>Germani</span> <span class='ocrx_word' id='word_1_309' title='bbox 3032 2054 3460 2111; x_wconf 88' lang='lat' dir='ltr'>abdicationem</span> <span class='ocrx_word' id='word_1_310' title='bbox 3516 2054 3577 2110; x_wconf 91' lang='lat' dir='ltr'>in</span> <span class='ocrx_word' id='word_1_311' title='bbox 3621 2070 3844 2110; x_wconf 88' lang='lat' dir='ltr'>annum</span> 
     </span>
    </p>
   </div>
   <div class='ocr_carea' id='block_1_48' title="bbox 2191 2142 3843 2216">
    <p class='ocr_par' dir='ltr' id='par_1_48' title="bbox 2191 2142 3843 2216">
     <span class='ocr_line' id='line_1_48' title="bbox 2191 2142 3843 2216; baseline -0.001 -17"><span class='ocrx_word' id='word_1_312' title='bbox 2191 2145 2327 2199; x_wconf 88' lang='lat'>1267</span> <span class='ocrx_word' id='word_1_313' title='bbox 2358 2144 2661 2200; x_wconf 84' lang='lat' dir='ltr'>referrent.</span> <span class='ocrx_word' id='word_1_314' title='bbox 2711 2144 2922 2200; x_wconf 88' lang='lat' dir='ltr'>Narrat</span> <span class='ocrx_word' id='word_1_315' title='bbox 2969 2142 3065 2199; x_wconf 90' lang='lat' dir='ltr'>ille</span> <span class='ocrx_word' id='word_1_316' title='bbox 3094 2143 3196 2198; x_wconf 94' lang='lat' dir='ltr'>lib.</span> <span class='ocrx_word' id='word_1_317' title='bbox 3252 2160 3327 2211; x_wconf 82' lang='grc' dir='ltr'>ιν,</span> <span class='ocrx_word' id='word_1_318' title='bbox 3370 2143 3560 2216; x_wconf 90' lang='lat' dir='ltr'>capite</span> <span class='ocrx_word' id='word_1_319' title='bbox 3586 2144 3641 2210; x_wconf 93' lang='lat'>8,</span> <span class='ocrx_word' id='word_1_320' title='bbox 3675 2159 3843 2198; x_wconf 91' lang='lat' dir='ltr'>num.</span> 
     </span>
    </p>
   </div>
   <div class='ocr_carea' id='block_1_49' title="bbox 2189 2231 3847 2305">
    <p class='ocr_par' dir='ltr' id='par_1_49' title="bbox 2189 2231 3847 2305">
     <span class='ocr_line' id='line_1_49' title="bbox 2189 2231 3847 2305; baseline 0 -18"><span class='ocrx_word' id='word_1_321' title='bbox 2189 2234 2241 2304; x_wconf 90' lang='grc'>4,</span> <span class='ocrx_word' id='word_1_322' title='bbox 2275 2233 2473 2289; x_wconf 89' lang='lat' dir='ltr'>sedem</span> <span class='ocrx_word' id='word_1_323' title='bbox 2528 2231 2978 2305; x_wconf 89' lang='lat' dir='ltr'>patriarchalem</span> <span class='ocrx_word' id='word_1_324' title='bbox 3027 2249 3063 2288; x_wconf 91' lang='lat' dir='ltr'>a</span> <span class='ocrx_word' id='word_1_325' title='bbox 3117 2232 3407 2288; x_wconf 90' lang='lat' dir='ltr'>Germano</span> <span class='ocrx_word' id='word_1_326' title='bbox 3459 2231 3746 2298; x_wconf 88' lang='lat' dir='ltr'>relictam,</span> <span class='ocrx_word' id='word_1_327' title='bbox 3785 2232 3847 2287; x_wconf 89' lang='lat' dir='ltr'>in</span> 
     </span>
    </p>
   </div>
   <div class='ocr_carea' id='block_1_50' title="bbox 2188 2320 3845 2393">
    <p class='ocr_par' dir='ltr' id='par_1_50' title="bbox 2188 2320 3845 2393">
     <span class='ocr_line' id='line_1_50' title="bbox 2188 2320 3845 2393; baseline -0.001 -15"><span class='ocrx_word' id='word_1_328' title='bbox 2188 2338 2435 2393; x_wconf 89' lang='lat' dir='ltr'>eamque</span> <span class='ocrx_word' id='word_1_329' title='bbox 2456 2325 2722 2377; x_wconf 91' lang='lat' dir='ltr'>evectum</span> <span class='ocrx_word' id='word_1_330' title='bbox 2746 2321 3071 2393; x_wconf 88' lang='lat' dir='ltr'>Josephum</span> <span class='ocrx_word' id='word_1_331' title='bbox 3094 2320 3468 2377; x_wconf 74' lang='lat' dir='ltr'>Galesiotem.</span> <span class='ocrx_word' id='word_1_332' title='bbox 3494 2322 3645 2377; x_wconf 91' lang='lat' dir='ltr'>Tum</span> <span class='ocrx_word' id='word_1_333' title='bbox 3678 2338 3845 2376; x_wconf 91' lang='lat' dir='ltr'>num.</span> 
     </span>
    </p>
   </div>
   <div class='ocr_carea' id='block_1_51' title="bbox 2188 2410 3851 2483">
    <p class='ocr_par' dir='ltr' id='par_1_51' title="bbox 2188 2410 3851 2483">
     <span class='ocr_line' id='line_1_51' title="bbox 2188 2410 3851 2483; baseline 0.001 -19"><span class='ocrx_word' id='word_1_334' title='bbox 2188 2414 2223 2464; x_wconf 90' lang='lat'>2</span> <span class='ocrx_word' id='word_1_335' title='bbox 2252 2411 2513 2483; x_wconf 89' lang='lat' dir='ltr'>adnotat,</span> <span class='ocrx_word' id='word_1_336' title='bbox 2545 2411 2645 2466; x_wconf 86' lang='lat' dir='ltr'>sub</span> <span class='ocrx_word' id='word_1_337' title='bbox 2693 2411 2789 2466; x_wconf 73' lang='lat' dir='ltr'>hoc</span> <span class='ocrx_word' id='word_1_338' title='bbox 2838 2420 3050 2482; x_wconf 85' lang='lat' dir='ltr'>tempus</span> <span class='ocrx_word' id='word_1_339' title='bbox 3097 2411 3240 2466; x_wconf 88' lang='lat' dir='ltr'>luna</span> <span class='ocrx_word' id='word_1_340' title='bbox 3298 2410 3468 2467; x_wconf 88' lang='lat' dir='ltr'>solem</span> <span class='ocrx_word' id='word_1_341' title='bbox 3495 2412 3851 2466; x_wconf 84' lang='lat' dir='ltr'>obscuratum</span> 
     </span>
    </p>
   </div>
   <div class='ocr_carea' id='block_1_52' title="bbox 2187 2498 3847 2556">
    <p class='ocr_par' dir='ltr' id='par_1_52' title="bbox 2187 2498 3847 2556">
     <span class='ocr_line' id='line_1_52' title="bbox 2187 2498 3847 2556; baseline -0.001 0"><span class='ocrx_word' id='word_1_342' title='bbox 2187 2517 2300 2556; x_wconf 86' lang='lat' dir='ltr'>esse</span> <span class='ocrx_word' id='word_1_343' title='bbox 2332 2540 2345 2555; x_wconf 94' lang='lat'>.</span> <span class='ocrx_word' id='word_1_344' title='bbox 2383 2543 2397 2556; x_wconf 93' lang='lat'>.</span> <span class='ocrx_word' id='word_1_345' title='bbox 2435 2539 2449 2554; x_wconf 95' lang='lat'>.</span> <span class='ocrx_word' id='word_1_346' title='bbox 2485 2542 2498 2555; x_wconf 91' lang='lat'>.</span> <span class='ocrx_word' id='word_1_347' title='bbox 2556 2501 2628 2553; x_wconf 88' lang='lat'>25</span> <span class='ocrx_word' id='word_1_348' title='bbox 2681 2500 2774 2555; x_wconf 90' lang='lat' dir='ltr'>die</span> <span class='ocrx_word' id='word_1_349' title='bbox 2827 2501 2981 2556; x_wconf 81' lang='lat' dir='ltr'>Maii.</span> <span class='ocrx_word' id='word_1_350' title='bbox 3043 2499 3203 2555; x_wconf 87' lang='lat' dir='ltr'>Hanc</span> <span class='ocrx_word' id='word_1_351' title='bbox 3262 2498 3404 2555; x_wconf 91' lang='lat' dir='ltr'>solis</span> <span class='ocrx_word' id='word_1_352' title='bbox 3463 2499 3847 2555; x_wconf 86' lang='lat' dir='ltr'>defectionem</span> 
     </span>
    </p>
   </div>
   <div class='ocr_carea' id='block_1_53' title="bbox 2190 2588 3847 2662">
    <p class='ocr_par' dir='ltr' id='par_1_53' title="bbox 2190 2588 3847 2662">
     <span class='ocr_line' id='line_1_53' title="bbox 2190 2588 3847 2662; baseline -0.001 -17"><span class='ocrx_word' id='word_1_353' title='bbox 2190 2589 2508 2662; x_wconf 88' lang='lat' dir='ltr'>contigisse</span> <span class='ocrx_word' id='word_1_354' title='bbox 2536 2590 2740 2645; x_wconf 88' lang='lat' dir='ltr'>eadem</span> <span class='ocrx_word' id='word_1_355' title='bbox 2797 2590 2889 2645; x_wconf 88' lang='lat' dir='ltr'>die</span> <span class='ocrx_word' id='word_1_356' title='bbox 2934 2590 3007 2644; x_wconf 91' lang='lat'>25</span> <span class='ocrx_word' id='word_1_357' title='bbox 3048 2588 3181 2644; x_wconf 86' lang='lat' dir='ltr'>Maii</span> <span class='ocrx_word' id='word_1_358' title='bbox 3237 2605 3382 2645; x_wconf 87' lang='lat' dir='ltr'>anno</span> <span class='ocrx_word' id='word_1_359' title='bbox 3415 2589 3573 2660; x_wconf 87' lang='lat'>1267,</span> <span class='ocrx_word' id='word_1_360' title='bbox 3605 2589 3847 2645; x_wconf 90' lang='lat' dir='ltr'>demon-</span> 
     </span>
    </p>
   </div>
   <div class='ocr_carea' id='block_1_54' title="bbox 2190 2676 3850 2747">
    <p class='ocr_par' dir='ltr' id='par_1_54' title="bbox 2190 2676 3850 2747">
     <span class='ocr_line' id='line_1_54' title="bbox 2190 2676 3850 2747; baseline -0.001 -13"><span class='ocrx_word' id='word_1_361' title='bbox 2190 2683 2379 2735; x_wconf 88' lang='lat' dir='ltr'>strant</span> <span class='ocrx_word' id='word_1_362' title='bbox 2426 2679 2769 2747; x_wconf 88' lang='lat' dir='ltr'>astronomi,</span> <span class='ocrx_word' id='word_1_363' title='bbox 2844 2678 3057 2734; x_wconf 90' lang='lat' dir='ltr'>Setbus</span> <span class='ocrx_word' id='word_1_364' title='bbox 3114 2676 3421 2745; x_wconf 85' lang='lat' dir='ltr'>Calvisius,</span> <span class='ocrx_word' id='word_1_365' title='bbox 3483 2681 3540 2733; x_wconf 88' lang='lat' dir='ltr'>et</span> <span class='ocrx_word' id='word_1_366' title='bbox 3590 2677 3850 2734; x_wconf 85' lang='lat' dir='ltr'>Jacobus</span> 
     </span>
    </p>
   </div>
   <div class='ocr_carea' id='block_1_55' title="bbox 2190 2764 3849 2838">
    <p class='ocr_par' dir='ltr' id='par_1_55' title="bbox 2190 2764 3849 2838">
     <span class='ocr_line' id='line_1_55' title="bbox 2190 2764 3849 2838; baseline -0.001 -14"><span class='ocrx_word' id='word_1_367' title='bbox 2190 2767 2568 2838; x_wconf 90' lang='lat' dir='ltr'>Grantamus,</span> <span class='ocrx_word' id='word_1_368' title='bbox 2615 2771 2672 2823; x_wconf 91' lang='lat' dir='ltr'>et</span> <span class='ocrx_word' id='word_1_369' title='bbox 2725 2767 2982 2822; x_wconf 87' lang='lat' dir='ltr'>Joannes</span> <span class='ocrx_word' id='word_1_370' title='bbox 3024 2765 3287 2838; x_wconf 89' lang='lat' dir='ltr'>Baptista</span> <span class='ocrx_word' id='word_1_371' title='bbox 3332 2764 3647 2822; x_wconf 85' lang='lat' dir='ltr'>Ricciolius</span> <span class='ocrx_word' id='word_1_372' title='bbox 3691 2766 3849 2837; x_wconf 90' lang='lat' dir='ltr'>apud</span> 
     </span>
    </p>
   </div>
   <div class='ocr_carea' id='block_1_56' title="bbox 2190 2854 3851 2927">
    <p class='ocr_par' dir='ltr' id='par_1_56' title="bbox 2190 2854 3851 2927">
     <span class='ocr_line' id='line_1_56' title="bbox 2190 2854 3851 2927; baseline -0.001 -14"><span class='ocrx_word' id='word_1_373' title='bbox 2190 2857 2501 2913; x_wconf 89' lang='lat' dir='ltr'>Possinum</span> <span class='ocrx_word' id='word_1_374' title='bbox 2558 2856 2707 2912; x_wconf 91' lang='lat' dir='ltr'>libro</span> <span class='ocrx_word' id='word_1_375' title='bbox 2769 2873 2834 2911; x_wconf 90' lang='grc' dir='ltr'>ιιι</span> <span class='ocrx_word' id='word_1_376' title='bbox 2893 2854 3327 2927; x_wconf 87' lang='lat' dir='ltr'>chronologico,</span> <span class='ocrx_word' id='word_1_377' title='bbox 3380 2854 3569 2926; x_wconf 89' lang='lat' dir='ltr'>capite</span> <span class='ocrx_word' id='word_1_378' title='bbox 3613 2855 3670 2908; x_wconf 90' lang='lat'>7.</span> <span class='ocrx_word' id='word_1_379' title='bbox 3703 2854 3851 2911; x_wconf 87' lang='lat' dir='ltr'>Hinc</span> 
     </span>
    </p>
   </div>
   <div class='ocr_carea' id='block_1_57' title="bbox 2192 2942 3851 3018">
    <p class='ocr_par' dir='ltr' id='par_1_57' title="bbox 2192 2942 3851 3018">
     <span class='ocr_line' id='line_1_57' title="bbox 2192 2942 3851 3018; baseline -0.002 -17"><span class='ocrx_word' id='word_1_380' title='bbox 2192 2945 2761 3018; x_wconf 90' lang='lat' dir='ltr'>argumentationem</span> <span class='ocrx_word' id='word_1_381' title='bbox 2797 2944 2879 3001; x_wconf 88' lang='lat' dir='ltr'>sic</span> <span class='ocrx_word' id='word_1_382' title='bbox 2923 2960 3092 3000; x_wconf 91' lang='lat' dir='ltr'>suam</span> <span class='ocrx_word' id='word_1_383' title='bbox 3136 2944 3395 2999; x_wconf 89' lang='lat' dir='ltr'>instituit</span> <span class='ocrx_word' id='word_1_384' title='bbox 3422 2943 3705 3000; x_wconf 89' lang='lat' dir='ltr'>Possinus</span> <span class='ocrx_word' id='word_1_385' title='bbox 3735 2942 3851 2999; x_wconf 86' lang='lat' dir='ltr'>ibi-</span> 
     </span>
    </p>
   </div>
   <div class='ocr_carea' id='block_1_58' title="bbox 2191 3032 3851 3107">
    <p class='ocr_par' dir='ltr' id='par_1_58' title="bbox 2191 3032 3851 3107">
     <span class='ocr_line' id='line_1_58' title="bbox 2191 3032 3851 3107; baseline -0.002 -17"><span class='ocrx_word' id='word_1_386' title='bbox 2191 3035 2326 3091; x_wconf 90' lang='lat' dir='ltr'>dem</span> <span class='ocrx_word' id='word_1_387' title='bbox 2386 3035 2577 3107; x_wconf 90' lang='lat' dir='ltr'>capite</span> <span class='ocrx_word' id='word_1_388' title='bbox 2636 3035 2852 3090; x_wconf 89' lang='lat' dir='ltr'>citato:</span> <span class='ocrx_word' id='word_1_389' title='bbox 2928 3034 3201 3103; x_wconf 87' lang='lat' dir='ltr'>Gregoras</span> <span class='ocrx_word' id='word_1_390' title='bbox 3255 3032 3520 3089; x_wconf 84' lang='lat' dir='ltr'>describit</span> <span class='ocrx_word' id='word_1_391' title='bbox 3575 3033 3851 3105; x_wconf 82' lang='lat' dir='ltr'>insignem</span> 
     </span>
    </p>
   </div>
   <div class='ocr_carea' id='block_1_59' title="bbox 489 3121 3852 3197">
    <p class='ocr_par' dir='ltr' id='par_1_59' title="bbox 489 3121 3852 3197">
     <span class='ocr_line' id='line_1_59' title="bbox 489 3121 3852 3197; baseline -0.001 -17"><span class='ocrx_word' id='word_1_392' title='bbox 489 3123 581 3180; x_wconf 92' lang='lat' dir='ltr'>IlI.</span> <span class='ocrx_word' id='word_1_393' title='bbox 616 3123 814 3179; x_wconf 88' lang='lat' dir='ltr'>Refert</span> <span class='ocrx_word' id='word_1_394' title='bbox 864 3122 1253 3195; x_wconf 80' lang='lat' dir='ltr'>Pachymeres</span> <span class='ocrx_word' id='word_1_395' title='bbox 1306 3123 1496 3194; x_wconf 88' lang='lat' dir='ltr'>capite</span> <span class='ocrx_word' id='word_1_396' title='bbox 1537 3125 1573 3177; x_wconf 91' lang='lat'>9</span> <span class='ocrx_word' id='word_1_397' title='bbox 1629 3124 1834 3180; x_wconf 88' lang='lat' dir='ltr'>turbas</span> <span class='ocrx_word' id='word_1_398' title='bbox 1863 3123 2081 3180; x_wconf 78' lang='lat' dir='ltr'>excitae</span> <span class='ocrx_word' id='word_1_399' title='bbox 2183 3140 2419 3197; x_wconf 82' lang='lat' dir='ltr'>prorsus</span> <span class='ocrx_word' id='word_1_400' title='bbox 2448 3132 2501 3180; x_wconf 89' lang='lat' dir='ltr'>et</span> <span class='ocrx_word' id='word_1_401' title='bbox 2543 3125 2890 3180; x_wconf 83' lang='lat' dir='ltr'>horrendam</span> <span class='ocrx_word' id='word_1_402' title='bbox 2937 3121 3078 3179; x_wconf 85' lang='lat' dir='ltr'>solis</span> <span class='ocrx_word' id='word_1_403' title='bbox 3124 3122 3483 3195; x_wconf 83' lang='lat' dir='ltr'>defectionem</span> <span class='ocrx_word' id='word_1_404' title='bbox 3533 3121 3852 3178; x_wconf 85' lang='lat' dir='ltr'>Constanti-</span> 
     </span>
    </p>
   </div>
   <div class='ocr_carea' id='block_1_60' title="bbox 418 3210 3851 3286">
    <p class='ocr_par' dir='ltr' id='par_1_60' title="bbox 418 3210 3851 3286">
     <span class='ocr_line' id='line_1_60' title="bbox 418 3210 3851 3286; baseline -0.001 -17"><span class='ocrx_word' id='word_1_405' title='bbox 418 3213 492 3269; x_wconf 92' lang='lat' dir='ltr'>ob</span> <span class='ocrx_word' id='word_1_406' title='bbox 523 3212 755 3268; x_wconf 89' lang='lat' dir='ltr'>Arsenii</span> <span class='ocrx_word' id='word_1_407' title='bbox 817 3210 1266 3284; x_wconf 86' lang='lat' dir='ltr'>depositionem.</span> <span class='ocrx_word' id='word_1_408' title='bbox 1326 3211 1420 3267; x_wconf 88' lang='lat' dir='ltr'>Sic</span> <span class='ocrx_word' id='word_1_409' title='bbox 1472 3211 1649 3268; x_wconf 89' lang='lat' dir='ltr'>habet</span> <span class='ocrx_word' id='word_1_410' title='bbox 1702 3228 1835 3268; x_wconf 89' lang='lat' dir='ltr'>vero</span> <span class='ocrx_word' id='word_1_411' title='bbox 1892 3213 2081 3285; x_wconf 89' lang='lat' dir='ltr'>capite</span> <span class='ocrx_word' id='word_1_412' title='bbox 2189 3214 2381 3286; x_wconf 87' lang='lat' dir='ltr'>nopoli</span> <span class='ocrx_word' id='word_1_413' title='bbox 2405 3215 2601 3282; x_wconf 89' lang='lat' dir='ltr'>visam,</span> <span class='ocrx_word' id='word_1_414' title='bbox 2633 3213 2801 3285; x_wconf 90' lang='lat' dir='ltr'>paulo</span> <span class='ocrx_word' id='word_1_415' title='bbox 2849 3221 2979 3269; x_wconf 85' lang='lat' dir='ltr'>ante</span> <span class='ocrx_word' id='word_1_416' title='bbox 3023 3228 3189 3283; x_wconf 88' lang='lat' dir='ltr'>quam</span> <span class='ocrx_word' id='word_1_417' title='bbox 3219 3216 3688 3268; x_wconf 74' lang='lat' dir='ltr'>exauctoruretur</span> <span class='ocrx_word' id='word_1_418' title='bbox 3720 3210 3851 3269; x_wconf 87' lang='lat' dir='ltr'>Ger-</span> 
     </span>
    </p>
   </div>
   <div class='ocr_carea' id='block_1_61' title="bbox 423 3286 3855 3374">
    <p class='ocr_par' dir='ltr' id='par_1_61' title="bbox 423 3286 3855 3374">
     <span class='ocr_line' id='line_1_61' title="bbox 423 3286 3855 3374; baseline 0 -18"><span class='ocrx_word' id='word_1_419' title='bbox 423 3302 493 3357; x_wconf 91' lang='lat'>10</span> <span class='ocrx_word' id='word_1_420' title='bbox 542 3317 555 3355; x_wconf 90' lang='lat'>:</span> <span class='ocrx_word' id='word_1_421' title='bbox 606 3300 764 3356; x_wconf 77' lang='lat' dir='ltr'>Multi</span> <span class='ocrx_word' id='word_1_422' title='bbox 812 3299 1070 3355; x_wconf 86' lang='lat' dir='ltr'>monachi</span> <span class='ocrx_word' id='word_1_423' title='bbox 1104 3303 1160 3353; x_wconf 83' lang='lat' dir='ltr'>et</span> <span class='ocrx_word' id='word_1_424' title='bbox 1218 3299 1351 3357; x_wconf 88' lang='lat' dir='ltr'>laici</span> <span class='ocrx_word' id='word_1_425' title='bbox 1403 3315 1433 3355; x_wconf 89' lang='lat' dir='ltr'>e</span> <span class='ocrx_word' id='word_1_426' title='bbox 1484 3300 1660 3369; x_wconf 86' lang='lat' dir='ltr'>plebe,</span> <span class='ocrx_word' id='word_1_427' title='bbox 1708 3300 2081 3356; x_wconf 88' lang='lat' dir='ltr'>abscindentes</span> <span class='ocrx_word' id='word_1_428' title='bbox 2111 3286 2154 3354; x_wconf 85' lang='lat' dir='ltr'>C</span> <span class='ocrx_word' id='word_1_429' title='bbox 2191 3319 2409 3369; x_wconf 89' lang='lat' dir='ltr'>manus,</span> <span class='ocrx_word' id='word_1_430' title='bbox 2470 3306 2522 3358; x_wconf 85' lang='lat' dir='ltr'>et</span> <span class='ocrx_word' id='word_1_431' title='bbox 2569 3303 2836 3374; x_wconf 86' lang='lat' dir='ltr'>Josephus</span> <span class='ocrx_word' id='word_1_432' title='bbox 2902 3303 2964 3356; x_wconf 90' lang='lat' dir='ltr'>in</span> <span class='ocrx_word' id='word_1_433' title='bbox 3016 3302 3133 3371; x_wconf 88' lang='lat' dir='ltr'>ejus</span> <span class='ocrx_word' id='word_1_434' title='bbox 3207 3301 3394 3357; x_wconf 86' lang='lat' dir='ltr'>locum</span> <span class='ocrx_word' id='word_1_435' title='bbox 3446 3299 3855 3356; x_wconf 84' lang='lat' dir='ltr'>substituendus</span> 
     </span>
    </p>
   </div>
   <div class='ocr_carea' id='block_1_62' title="bbox 423 3388 2079 3459">
    <p class='ocr_par' dir='ltr' id='par_1_62' title="bbox 423 3388 2079 3459">
     <span class='ocr_line' id='line_1_62' title="bbox 423 3388 2079 3459; baseline -0.001 -13"><span class='ocrx_word' id='word_1_436' title='bbox 423 3405 538 3446; x_wconf 86' lang='lat' dir='ltr'>sese</span> <span class='ocrx_word' id='word_1_437' title='bbox 564 3405 600 3443; x_wconf 90' lang='lat' dir='ltr'>a</span> <span class='ocrx_word' id='word_1_438' title='bbox 657 3390 1039 3445; x_wconf 88' lang='lat' dir='ltr'>communione</span> <span class='ocrx_word' id='word_1_439' title='bbox 1093 3404 1283 3443; x_wconf 88' lang='lat' dir='ltr'>eorum</span> <span class='ocrx_word' id='word_1_440' title='bbox 1322 3390 1420 3459; x_wconf 85' lang='lat' dir='ltr'>qui</span> <span class='ocrx_word' id='word_1_441' title='bbox 1472 3388 1877 3445; x_wconf 89' lang='lat' dir='ltr'>damnaverunt</span> <span class='ocrx_word' id='word_1_442' title='bbox 1922 3390 2079 3445; x_wconf 85' lang='lat' dir='ltr'>Arse-</span> 
     </span>
    </p>
   </div>
   <div class='ocr_carea' id='block_1_63' title="bbox 2189 3389 3855 3465">
    <p class='ocr_par' dir='ltr' id='par_1_63' title="bbox 2189 3389 3855 3465">
     <span class='ocr_line' id='line_1_63' title="bbox 2189 3389 3855 3465; baseline -0.003 -17"><span class='ocrx_word' id='word_1_443' title='bbox 2189 3393 2494 3465; x_wconf 87' lang='lat' dir='ltr'>eligeretur</span> <span class='ocrx_word' id='word_1_444' title='bbox 2556 3434 2569 3447; x_wconf 93' lang='lat'>.</span> <span class='ocrx_word' id='word_1_445' title='bbox 2604 3433 2618 3445; x_wconf 94' lang='lat'>.</span> <span class='ocrx_word' id='word_1_446' title='bbox 2656 3434 2669 3445; x_wconf 94' lang='lat'>.</span> <span class='ocrx_word' id='word_1_447' title='bbox 2706 3432 2720 3445; x_wconf 95' lang='lat'>.</span> <span class='ocrx_word' id='word_1_448' title='bbox 2755 3391 2933 3460; x_wconf 85' lang='lat' dir='ltr'>Quare</span> <span class='ocrx_word' id='word_1_449' title='bbox 3003 3391 3052 3445; x_wconf 88' lang='lat' dir='ltr'>si</span> <span class='ocrx_word' id='word_1_450' title='bbox 3119 3390 3493 3446; x_wconf 82' lang='lat' dir='ltr'>demonstrare</span> <span class='ocrx_word' id='word_1_451' title='bbox 3543 3389 3855 3461; x_wconf 81' lang='lat' dir='ltr'>poterimus</span> 
     </span>
    </p>
   </div>
   <div class='ocr_carea' id='block_1_64' title="bbox 422 3477 3856 3554">
    <p class='ocr_par' dir='ltr' id='par_1_64' title="bbox 422 3477 3856 3554">
     <span class='ocr_line' id='line_1_64' title="bbox 422 3477 3856 3554; baseline 0 -21"><span class='ocrx_word' id='word_1_452' title='bbox 422 3479 604 3549; x_wconf 89' lang='lat' dir='ltr'>nium,</span> <span class='ocrx_word' id='word_1_453' title='bbox 654 3479 888 3534; x_wconf 84' lang='lat' dir='ltr'>seorsim</span> <span class='ocrx_word' id='word_1_454' title='bbox 928 3481 1342 3533; x_wconf 88' lang='lat' dir='ltr'>convenerunt.</span> <span class='ocrx_word' id='word_1_455' title='bbox 1380 3520 1391 3531; x_wconf 94' lang='lat'>.</span> <span class='ocrx_word' id='word_1_456' title='bbox 1431 3519 1445 3531; x_wconf 95' lang='lat'>.</span> <span class='ocrx_word' id='word_1_457' title='bbox 1481 3520 1493 3531; x_wconf 95' lang='lat'>.</span> <span class='ocrx_word' id='word_1_458' title='bbox 1528 3477 1797 3535; x_wconf 73' lang='lat' dir='ltr'>Caeterum</span> <span class='ocrx_word' id='word_1_459' title='bbox 1836 3480 2082 3551; x_wconf 88' lang='lat' dir='ltr'>impera-</span> <span class='ocrx_word' id='word_1_460' title='bbox 2188 3482 2294 3554; x_wconf 81' lang='lat' dir='ltr'>ﬁde</span> <span class='ocrx_word' id='word_1_461' title='bbox 2351 3481 2701 3550; x_wconf 86' lang='lat' dir='ltr'>tabularum,</span> <span class='ocrx_word' id='word_1_462' title='bbox 2760 3488 2816 3535; x_wconf 89' lang='lat' dir='ltr'>et</span> <span class='ocrx_word' id='word_1_463' title='bbox 2891 3479 3201 3536; x_wconf 87' lang='lat' dir='ltr'>ratiociniis</span> <span class='ocrx_word' id='word_1_464' title='bbox 3257 3480 3660 3544; x_wconf 86' lang='lat' dir='ltr'>astronomicis,</span> <span class='ocrx_word' id='word_1_465' title='bbox 3722 3479 3856 3534; x_wconf 84' lang='lat' dir='ltr'>solis</span> 
     </span>
    </p>
   </div>
   <div class='ocr_carea' id='block_1_65' title="bbox 424 3567 3854 3641">
    <p class='ocr_par' dir='ltr' id='par_1_65' title="bbox 424 3567 3854 3641">
     <span class='ocr_line' id='line_1_65' title="bbox 424 3567 3854 3641; baseline -0.001 -17"><span class='ocrx_word' id='word_1_466' title='bbox 424 3576 530 3635; x_wconf 88' lang='lat' dir='ltr'>tor,</span> <span class='ocrx_word' id='word_1_467' title='bbox 563 3567 877 3638; x_wconf 85' lang='lat' dir='ltr'>intelligens</span> <span class='ocrx_word' id='word_1_468' title='bbox 930 3582 1043 3623; x_wconf 85' lang='lat' dir='ltr'>non</span> <span class='ocrx_word' id='word_1_469' title='bbox 1095 3582 1255 3638; x_wconf 85' lang='lat' dir='ltr'>posse</span> <span class='ocrx_word' id='word_1_470' title='bbox 1308 3567 1555 3639; x_wconf 86' lang='lat' dir='ltr'>relinqui</span> <span class='ocrx_word' id='word_1_471' title='bbox 1609 3569 1915 3623; x_wconf 87' lang='lat' dir='ltr'>Ecclesiam</span> <span class='ocrx_word' id='word_1_472' title='bbox 1962 3571 2083 3625; x_wconf 87' lang='lat' dir='ltr'>sine</span> <span class='ocrx_word' id='word_1_473' title='bbox 2189 3571 2501 3641; x_wconf 83' lang='lat' dir='ltr'>deliquium</span> <span class='ocrx_word' id='word_1_474' title='bbox 2548 3573 2662 3624; x_wconf 89' lang='lat' dir='ltr'>tam</span> <span class='ocrx_word' id='word_1_475' title='bbox 2711 3570 2998 3625; x_wconf 88' lang='lat' dir='ltr'>notabile.</span> <span class='ocrx_word' id='word_1_476' title='bbox 3034 3610 3046 3623; x_wconf 96' lang='lat'>.</span> <span class='ocrx_word' id='word_1_477' title='bbox 3084 3609 3097 3623; x_wconf 94' lang='lat'>.</span> <span class='ocrx_word' id='word_1_478' title='bbox 3131 3568 3233 3624; x_wconf 90' lang='lat' dir='ltr'>illo</span> <span class='ocrx_word' id='word_1_479' title='bbox 3284 3584 3475 3624; x_wconf 85' lang='lat' dir='ltr'>revera</span> <span class='ocrx_word' id='word_1_480' title='bbox 3502 3568 3677 3638; x_wconf 82' lang='lat' dir='ltr'>fuisse</span> <span class='ocrx_word' id='word_1_481' title='bbox 3705 3582 3854 3624; x_wconf 85' lang='lat' dir='ltr'>com-</span> 
     </span>
    </p>
   </div>
   <div class='ocr_carea' id='block_1_66' title="bbox 422 3656 2084 3729">
    <p class='ocr_par' dir='ltr' id='par_1_66' title="bbox 422 3656 2084 3729">
     <span class='ocr_line' id='line_1_66' title="bbox 422 3656 2084 3729; baseline 0.001 -18"><span class='ocrx_word' id='word_1_482' title='bbox 422 3664 662 3729; x_wconf 89' lang='lat' dir='ltr'>pastore,</span> <span class='ocrx_word' id='word_1_483' title='bbox 721 3657 1045 3712; x_wconf 87' lang='lat' dir='ltr'>electionem</span> <span class='ocrx_word' id='word_1_484' title='bbox 1106 3656 1454 3727; x_wconf 65' lang='lat' dir='ltr'>patriarchae</span> <span class='ocrx_word' id='word_1_485' title='bbox 1510 3656 1703 3713; x_wconf 88' lang='lat' dir='ltr'>liberis</span> <span class='ocrx_word' id='word_1_486' title='bbox 1766 3659 2084 3715; x_wconf 85' lang='lat' dir='ltr'>antistitum</span> 
     </span>
    </p>
   </div>
   <div class='ocr_carea' id='block_1_67' title="bbox 429 3746 2087 3820">
    <p class='ocr_par' dir='ltr' id='par_1_67' title="bbox 429 3746 2087 3820">
     <span class='ocr_line' id='line_1_67' title="bbox 429 3746 2087 3820; baseline 0.001 -18"><span class='ocrx_word' id='word_1_487' title='bbox 429 3746 714 3819; x_wconf 84' lang='lat' dir='ltr'>suﬂragiis</span> <span class='ocrx_word' id='word_1_488' title='bbox 754 3746 1027 3818; x_wconf 89' lang='lat' dir='ltr'>permisit.</span> <span class='ocrx_word' id='word_1_489' title='bbox 1077 3748 1145 3802; x_wconf 87' lang='lat' dir='ltr'>At</span> <span class='ocrx_word' id='word_1_490' title='bbox 1189 3747 1431 3819; x_wconf 86' lang='lat' dir='ltr'>episcopi</span> <span class='ocrx_word' id='word_1_491' title='bbox 1456 3747 1716 3817; x_wconf 87' lang='lat' dir='ltr'>(narrare</span> <span class='ocrx_word' id='word_1_492' title='bbox 1773 3747 1962 3820; x_wconf 87' lang='lat' dir='ltr'>pergit</span> <span class='ocrx_word' id='word_1_493' title='bbox 1990 3747 2087 3803; x_wconf 90' lang='lat' dir='ltr'>ille</span> 
     </span>
    </p>
   </div>
   <div class='ocr_carea' id='block_1_68' title="bbox 429 3834 2083 3909">
    <p class='ocr_par' dir='ltr' id='par_1_68' title="bbox 429 3834 2083 3909">
     <span class='ocr_line' id='line_1_68' title="bbox 429 3834 2083 3909; baseline 0 -17"><span class='ocrx_word' id='word_1_494' title='bbox 429 3835 621 3907; x_wconf 91' lang='lat' dir='ltr'>capite</span> <span class='ocrx_word' id='word_1_495' title='bbox 652 3834 739 3907; x_wconf 91' lang='lat'>12)</span> <span class='ocrx_word' id='word_1_496' title='bbox 787 3836 1053 3905; x_wconf 84' lang='lat' dir='ltr'>facultate</span> <span class='ocrx_word' id='word_1_497' title='bbox 1110 3838 1326 3907; x_wconf 89' lang='lat' dir='ltr'>accepta</span> <span class='ocrx_word' id='word_1_498' title='bbox 1368 3835 1611 3904; x_wconf 85' lang='lat' dir='ltr'>eligendi</span> <span class='ocrx_word' id='word_1_499' title='bbox 1666 3837 1854 3892; x_wconf 87' lang='lat' dir='ltr'>liberis</span> <span class='ocrx_word' id='word_1_500' title='bbox 1882 3838 2083 3909; x_wconf 66' lang='lat' dir='ltr'>suffra-</span> 
     </span>
    </p>
   </div>
   <div class='ocr_carea' id='block_1_69' title="bbox 429 3925 2087 3994">
    <p class='ocr_par' dir='ltr' id='par_1_69' title="bbox 429 3925 2087 3994">
     <span class='ocr_line' id='line_1_69' title="bbox 429 3925 2087 3994; baseline 0.002 -15"><span class='ocrx_word' id='word_1_501' title='bbox 429 3925 541 3994; x_wconf 86' lang='lat' dir='ltr'>giis</span> <span class='ocrx_word' id='word_1_502' title='bbox 574 3965 586 3977; x_wconf 95' lang='lat'>.</span> <span class='ocrx_word' id='word_1_503' title='bbox 624 3966 637 3979; x_wconf 94' lang='lat'>.</span> <span class='ocrx_word' id='word_1_504' title='bbox 675 3966 688 3979; x_wconf 96' lang='lat'>.</span> <span class='ocrx_word' id='word_1_505' title='bbox 724 3965 737 3978; x_wconf 95' lang='lat'>.</span> <span class='ocrx_word' id='word_1_506' title='bbox 766 3925 1019 3980; x_wconf 86' lang='lat' dir='ltr'>universi</span> <span class='ocrx_word' id='word_1_507' title='bbox 1046 3933 1419 3980; x_wconf 88' lang='lat' dir='ltr'>convenerunt</span> <span class='ocrx_word' id='word_1_508' title='bbox 1468 3942 1531 3979; x_wconf 74' lang='lat' dir='ltr'>in</span> <span class='ocrx_word' id='word_1_509' title='bbox 1562 3925 1847 3991; x_wconf 87' lang='lat' dir='ltr'>Germano,</span> <span class='ocrx_word' id='word_1_510' title='bbox 1880 3926 2087 3981; x_wconf 84' lang='lat' dir='ltr'>Adria-</span> 
     </span>
    </p>
   </div>
   <div class='ocr_carea' id='block_1_70' title="bbox 429 4013 2085 4084">
    <p class='ocr_par' dir='ltr' id='par_1_70' title="bbox 429 4013 2085 4084">
     <span class='ocr_line' id='line_1_70' title="bbox 429 4013 2085 4084; baseline 0 -15"><span class='ocrx_word' id='word_1_511' title='bbox 429 4013 687 4082; x_wconf 79' lang='lat' dir='ltr'>nopoleos</span> <span class='ocrx_word' id='word_1_512' title='bbox 747 4014 991 4084; x_wconf 84' lang='lat' dir='ltr'>episcopo</span> <span class='ocrx_word' id='word_1_513' title='bbox 1023 4056 1036 4067; x_wconf 92' lang='lat'>.</span> <span class='ocrx_word' id='word_1_514' title='bbox 1073 4056 1086 4067; x_wconf 93' lang='lat'>.</span> <span class='ocrx_word' id='word_1_515' title='bbox 1124 4054 1137 4067; x_wconf 91' lang='lat'>.</span> <span class='ocrx_word' id='word_1_516' title='bbox 1197 4014 1519 4084; x_wconf 80' lang='lat' dir='ltr'>Imperator,</span> <span class='ocrx_word' id='word_1_517' title='bbox 1574 4014 1889 4070; x_wconf 85' lang='lat' dir='ltr'>electionem</span> <span class='ocrx_word' id='word_1_518' title='bbox 1941 4030 2085 4071; x_wconf 88' lang='lat' dir='ltr'>com-</span> 
     </span>
    </p>
   </div>
   <div class='ocr_carea' id='block_1_71' title="bbox 428 4103 2088 4175">
    <p class='ocr_par' dir='ltr' id='par_1_71' title="bbox 428 4103 2088 4175">
     <span class='ocr_line' id='line_1_71' title="bbox 428 4103 2088 4175; baseline 0.002 -21"><span class='ocrx_word' id='word_1_519' title='bbox 428 4104 688 4174; x_wconf 88' lang='lat' dir='ltr'>probans,</span> <span class='ocrx_word' id='word_1_520' title='bbox 766 4118 1098 4173; x_wconf 84' lang='lat' dir='ltr'>magnOpere</span> <span class='ocrx_word' id='word_1_521' title='bbox 1165 4103 1514 4158; x_wconf 86' lang='lat' dir='ltr'>incumbebat</span> <span class='ocrx_word' id='word_1_522' title='bbox 1589 4112 1650 4158; x_wconf 90' lang='lat' dir='ltr'>ut</span> <span class='ocrx_word' id='word_1_523' title='bbox 1694 4106 2088 4175; x_wconf 59' lang='lat' dir='ltr'>prafecturam</span> 
     </span>
    </p>
   </div>
   <div class='ocr_carea' id='block_1_72' title="bbox 432 4191 2091 4263">
    <p class='ocr_par' dir='ltr' id='par_1_72' title="bbox 432 4191 2091 4263">
     <span class='ocr_line' id='line_1_72' title="bbox 432 4191 2091 4263; baseline -0.001 -15"><span class='ocrx_word' id='word_1_524' title='bbox 432 4192 866 4248; x_wconf 87' lang='lat' dir='ltr'>ecclesiasticam</span> <span class='ocrx_word' id='word_1_525' title='bbox 912 4195 1232 4263; x_wconf 87' lang='lat' dir='ltr'>capesseret,</span> <span class='ocrx_word' id='word_1_526' title='bbox 1290 4191 1531 4262; x_wconf 81' lang='lat' dir='ltr'>quotidie</span> <span class='ocrx_word' id='word_1_527' title='bbox 1577 4192 1787 4257; x_wconf 85' lang='lat' dir='ltr'>adiens,</span> <span class='ocrx_word' id='word_1_528' title='bbox 1838 4200 1888 4248; x_wconf 86' lang='lat' dir='ltr'>et</span> <span class='ocrx_word' id='word_1_529' title='bbox 1937 4194 2091 4248; x_wconf 88' lang='lat' dir='ltr'>omni</span> 
     </span>
    </p>
   </div>
   <div class='ocr_carea' id='block_1_73' title="bbox 433 4282 2086 4354">
    <p class='ocr_par' dir='ltr' id='par_1_73' title="bbox 433 4282 2086 4354">
     <span class='ocr_line' id='line_1_73' title="bbox 433 4282 2086 4354; baseline 0.001 -18"><span class='ocrx_word' id='word_1_530' title='bbox 433 4282 863 4353; x_wconf 87' lang='lat' dir='ltr'>persuasionum</span> <span class='ocrx_word' id='word_1_531' title='bbox 918 4289 970 4336; x_wconf 91' lang='lat' dir='ltr'>et</span> <span class='ocrx_word' id='word_1_532' title='bbox 1039 4282 1472 4336; x_wconf 85' lang='lat' dir='ltr'>obsecrationum</span> <span class='ocrx_word' id='word_1_533' title='bbox 1528 4284 1736 4354; x_wconf 86' lang='lat' dir='ltr'>impetu</span> <span class='ocrx_word' id='word_1_534' title='bbox 1791 4282 2086 4351; x_wconf 84' lang='lat' dir='ltr'>adurgens.</span> 
     </span>
    </p>
   </div>
   <div class='ocr_carea' id='block_1_74' title="bbox 435 4371 2091 4444">
    <p class='ocr_par' dir='ltr' id='par_1_74' title="bbox 435 4371 2091 4444">
     <span class='ocr_line' id='line_1_74' title="bbox 435 4371 2091 4444; baseline 0.001 -18"><span class='ocrx_word' id='word_1_535' title='bbox 435 4373 532 4427; x_wconf 85' lang='lat' dir='ltr'>His</span> <span class='ocrx_word' id='word_1_536' title='bbox 560 4371 658 4427; x_wconf 89' lang='lat' dir='ltr'>ille</span> <span class='ocrx_word' id='word_1_537' title='bbox 708 4372 963 4442; x_wconf 85' lang='lat' dir='ltr'>precibus</span> <span class='ocrx_word' id='word_1_538' title='bbox 1017 4372 1226 4427; x_wconf 89' lang='lat' dir='ltr'>moveri</span> <span class='ocrx_word' id='word_1_539' title='bbox 1279 4388 1337 4427; x_wconf 90' lang='lat' dir='ltr'>se</span> <span class='ocrx_word' id='word_1_540' title='bbox 1393 4371 1612 4429; x_wconf 88' lang='lat' dir='ltr'>tandem</span> <span class='ocrx_word' id='word_1_541' title='bbox 1660 4388 1852 4444; x_wconf 84' lang='lat' dir='ltr'>passus</span> <span class='ocrx_word' id='word_1_542' title='bbox 1882 4372 2091 4444; x_wconf 86' lang='lat' dir='ltr'>(capite</span> 
     </span>
    </p>
   </div>
   <div class='ocr_carea' id='block_1_75' title="bbox 438 4458 2091 4535">
    <p class='ocr_par' dir='ltr' id='par_1_75' title="bbox 438 4458 2091 4535">
     <span class='ocr_line' id='line_1_75' title="bbox 438 4458 2091 4535; baseline 0 -22"><span class='ocrx_word' id='word_1_543' title='bbox 438 4460 552 4532; x_wconf 89' lang='grc'>13.)</span> <span class='ocrx_word' id='word_1_544' title='bbox 613 4458 783 4531; x_wconf 83' lang='grc' dir='ltr'>μηνὸς</span> <span class='ocrx_word' id='word_1_545' title='bbox 815 4460 1343 4532; x_wconf 74' lang='grc' dir='ltr'>Μαιμακτηριῶνος,</span> <span class='ocrx_word' id='word_1_546' title='bbox 1395 4459 1447 4513; x_wconf 82' lang='grc' dir='ltr'>ἐν</span> <span class='ocrx_word' id='word_1_547' title='bbox 1490 4463 1559 4532; x_wconf 81' lang='grc' dir='ltr'>τῇ</span> <span class='ocrx_word' id='word_1_548' title='bbox 1608 4463 1709 4514; x_wconf 76' lang='grc' dir='ltr'>τοῦ</span> <span class='ocrx_word' id='word_1_549' title='bbox 1742 4459 1897 4535; x_wconf 81' lang='grc' dir='ltr'>ἁγίου</span> <span class='ocrx_word' id='word_1_550' title='bbox 1928 4459 2091 4514; x_wconf 77' lang='grc' dir='ltr'>Πνεύ-</span> 
     </span>
    </p>
   </div>
   <div class='ocr_carea' id='block_1_76' title="bbox 442 4547 2088 4622">
    <p class='ocr_par' dir='ltr' id='par_1_76' title="bbox 442 4547 2088 4622">
     <span class='ocr_line' id='line_1_76' title="bbox 442 4547 2088 4622; baseline 0.002 -21"><span class='ocrx_word' id='word_1_551' title='bbox 442 4566 610 4619; x_wconf 82' lang='grc' dir='ltr'>ματος</span> <span class='ocrx_word' id='word_1_552' title='bbox 645 4547 830 4622; x_wconf 74' lang='grc' dir='ltr'>ἑορτῇ,</span> <span class='ocrx_word' id='word_1_553' title='bbox 888 4565 1076 4604; x_wconf 80' lang='lat' dir='ltr'>mense</span> <span class='ocrx_word' id='word_1_554' title='bbox 1102 4550 1271 4605; x_wconf 90' lang='lat' dir='ltr'>Junio</span> <span class='ocrx_word' id='word_1_555' title='bbox 1329 4552 1386 4604; x_wconf 89' lang='lat' dir='ltr'>in</span> <span class='ocrx_word' id='word_1_556' title='bbox 1434 4553 1575 4621; x_wconf 85' lang='lat' dir='ltr'>festo</span> <span class='ocrx_word' id='word_1_557' title='bbox 1622 4551 1801 4605; x_wconf 87' lang='lat' dir='ltr'>sancti</span> <span class='ocrx_word' id='word_1_558' title='bbox 1825 4552 2088 4621; x_wconf 83' lang='lat' dir='ltr'>Spiritus,</span> 
     </span>
    </p>
   </div>
   <div class='ocr_carea' id='block_1_77' title="bbox 2193 3654 3858 3731">
    <p class='ocr_par' dir='ltr' id='par_1_77' title="bbox 2193 3654 3858 3731">
     <span class='ocr_line' id='line_1_77' title="bbox 2193 3654 3858 3731; baseline -0.002 -16"><span class='ocrx_word' id='word_1_559' title='bbox 2193 3662 2425 3715; x_wconf 89' lang='lat' dir='ltr'>missum</span> <span class='ocrx_word' id='word_1_560' title='bbox 2452 3674 2599 3714; x_wconf 90' lang='lat' dir='ltr'>anno</span> <span class='ocrx_word' id='word_1_561' title='bbox 2629 3659 2836 3731; x_wconf 91' lang='lat'>(1267),</span> <span class='ocrx_word' id='word_1_562' title='bbox 2878 3673 3038 3714; x_wconf 89' lang='lat' dir='ltr'>nemo</span> <span class='ocrx_word' id='word_1_563' title='bbox 3094 3673 3206 3715; x_wconf 90' lang='lat' dir='ltr'>non</span> <span class='ocrx_word' id='word_1_564' title='bbox 3234 3656 3377 3713; x_wconf 84' lang='lat' dir='ltr'>videt</span> <span class='ocrx_word' id='word_1_565' title='bbox 3425 3672 3696 3727; x_wconf 89' lang='lat' dir='ltr'>magnum</span> <span class='ocrx_word' id='word_1_566' title='bbox 3726 3654 3858 3711; x_wconf 87' lang='lat' dir='ltr'>inde</span> 
     </span>
    </p>
   </div>
   <div class='ocr_carea' id='block_1_78' title="bbox 2193 3744 3853 3819">
    <p class='ocr_par' dir='ltr' id='par_1_78' title="bbox 2193 3744 3853 3819">
     <span class='ocr_line' id='line_1_78' title="bbox 2193 3744 3853 3819; baseline -0.001 -15"><span class='ocrx_word' id='word_1_567' title='bbox 2193 3749 2617 3819; x_wconf 78' lang='lat' dir='ltr'>firmamentum</span> <span class='ocrx_word' id='word_1_568' title='bbox 2672 3764 3019 3803; x_wconf 84' lang='lat' dir='ltr'>accessurum</span> <span class='ocrx_word' id='word_1_569' title='bbox 3074 3747 3388 3802; x_wconf 84' lang='lat' dir='ltr'>ratiociniis</span> <span class='ocrx_word' id='word_1_570' title='bbox 3442 3747 3667 3801; x_wconf 84' lang='lat' dir='ltr'>nostris.</span> <span class='ocrx_word' id='word_1_571' title='bbox 3728 3744 3853 3802; x_wconf 90' lang='lat' dir='ltr'>Imo</span> 
     </span>
    </p>
   </div>
   <div class='ocr_carea' id='block_1_79' title="bbox 2195 3832 3851 3913">
    <p class='ocr_par' dir='ltr' id='par_1_79' title="bbox 2195 3832 3851 3913">
     <span class='ocr_line' id='line_1_79' title="bbox 2195 3832 3851 3913; baseline -0.002 -21"><span class='ocrx_word' id='word_1_572' title='bbox 2195 3836 2427 3892; x_wconf 89' lang='lat' dir='ltr'>nullum</span> <span class='ocrx_word' id='word_1_573' title='bbox 2459 3835 2685 3892; x_wconf 87' lang='lat' dir='ltr'>Possini</span> <span class='ocrx_word' id='word_1_574' title='bbox 2717 3836 3044 3913; x_wconf 60' lang='lat' dir='ltr'>sententia,</span> <span class='ocrx_word' id='word_1_575' title='bbox 3091 3836 3195 3907; x_wconf 91' lang='lat' dir='ltr'>qui</span> <span class='ocrx_word' id='word_1_576' title='bbox 3224 3834 3500 3891; x_wconf 90' lang='lat' dir='ltr'>Germani</span> <span class='ocrx_word' id='word_1_577' title='bbox 3524 3832 3851 3890; x_wconf 86' lang='lat' dir='ltr'>cessionem</span> 
     </span>
    </p>
   </div>
   <div class='ocr_carea' id='block_1_80' title="bbox 2195 3924 3852 3998">
    <p class='ocr_par' dir='ltr' id='par_1_80' title="bbox 2195 3924 3852 3998">
     <span class='ocr_line' id='line_1_80' title="bbox 2195 3924 3852 3998; baseline -0.003 -16"><span class='ocrx_word' id='word_1_578' title='bbox 2195 3943 2348 3982; x_wconf 91' lang='lat' dir='ltr'>anno</span> <span class='ocrx_word' id='word_1_579' title='bbox 2380 3925 2519 3980; x_wconf 90' lang='lat'>1267</span> <span class='ocrx_word' id='word_1_580' title='bbox 2566 3925 2795 3998; x_wconf 85' lang='lat' dir='ltr'>afﬂigit.</span> <span class='ocrx_word' id='word_1_581' title='bbox 2843 3926 3284 3981; x_wconf 84' lang='lat' dir='ltr'>ﬁrmamentum</span> <span class='ocrx_word' id='word_1_582' title='bbox 3332 3924 3608 3980; x_wconf 88' lang='lat' dir='ltr'>accedere</span> <span class='ocrx_word' id='word_1_583' title='bbox 3639 3925 3852 3996; x_wconf 88' lang='lat' dir='ltr'>potest,</span> 
     </span>
    </p>
   </div>
   <div class='ocr_carea' id='block_1_81' title="bbox 2196 4011 3862 4087">
    <p class='ocr_par' dir='ltr' id='par_1_81' title="bbox 2196 4011 3862 4087">
     <span class='ocr_line' id='line_1_81' title="bbox 2196 4011 3862 4087; baseline -0.002 -17"><span class='ocrx_word' id='word_1_584' title='bbox 2196 4014 2311 4070; x_wconf 89' lang='lat' dir='ltr'>nisi</span> <span class='ocrx_word' id='word_1_585' title='bbox 2344 4014 2506 4087; x_wconf 89' lang='lat' dir='ltr'>prius</span> <span class='ocrx_word' id='word_1_586' title='bbox 2554 4018 2711 4070; x_wconf 90' lang='lat' dir='ltr'>certo</span> <span class='ocrx_word' id='word_1_587' title='bbox 2761 4031 2827 4070; x_wconf 94' lang='lat' dir='ltr'>ac</span> <span class='ocrx_word' id='word_1_588' title='bbox 2876 4013 3183 4086; x_wconf 87' lang='lat' dir='ltr'>perspicue</span> <span class='ocrx_word' id='word_1_589' title='bbox 3239 4013 3696 4080; x_wconf 87' lang='lat' dir='ltr'>demonstretur,</span> <span class='ocrx_word' id='word_1_590' title='bbox 3725 4011 3862 4067; x_wconf 82' lang='lat' dir='ltr'>solis</span> 
     </span>
    </p>
   </div>
   <div class='ocr_carea' id='block_1_82' title="bbox 2198 4101 3865 4175">
    <p class='ocr_par' dir='ltr' id='par_1_82' title="bbox 2198 4101 3865 4175">
     <span class='ocr_line' id='line_1_82' title="bbox 2198 4101 3865 4175; baseline -0.002 -16"><span class='ocrx_word' id='word_1_591' title='bbox 2198 4104 2340 4160; x_wconf 89' lang='lat' dir='ltr'>illud</span> <span class='ocrx_word' id='word_1_592' title='bbox 2369 4103 2702 4175; x_wconf 87' lang='lat' dir='ltr'>deliquium,</span> <span class='ocrx_word' id='word_1_593' title='bbox 2763 4103 2918 4173; x_wconf 91' lang='lat' dir='ltr'>quod</span> <span class='ocrx_word' id='word_1_594' title='bbox 2950 4102 3044 4158; x_wconf 88' lang='lat' dir='ltr'>die</span> <span class='ocrx_word' id='word_1_595' title='bbox 3091 4103 3164 4157; x_wconf 90' lang='lat'>25</span> <span class='ocrx_word' id='word_1_596' title='bbox 3211 4101 3349 4157; x_wconf 90' lang='lat' dir='ltr'>Maii</span> <span class='ocrx_word' id='word_1_597' title='bbox 3380 4101 3645 4174; x_wconf 87' lang='lat' dir='ltr'>contigit,</span> <span class='ocrx_word' id='word_1_598' title='bbox 3677 4102 3865 4156; x_wconf 89' lang='lat' dir='ltr'>visum</span> 
     </span>
    </p>
   </div>
   <div class='ocr_carea' id='block_1_83' title="bbox 2199 4192 3861 4264">
    <p class='ocr_par' dir='ltr' id='par_1_83' title="bbox 2199 4192 3861 4264">
     <span class='ocr_line' id='line_1_83' title="bbox 2199 4192 3861 4264; baseline -0.003 -14"><span class='ocrx_word' id='word_1_599' title='bbox 2199 4193 2686 4261; x_wconf 85' lang='lat' dir='ltr'>Constantinopoli</span> <span class='ocrx_word' id='word_1_600' title='bbox 2729 4194 2905 4264; x_wconf 83' lang='lat' dir='ltr'>fuisse</span> <span class='ocrx_word' id='word_1_601' title='bbox 2951 4192 3122 4264; x_wconf 90' lang='lat' dir='ltr'>paulo</span> <span class='ocrx_word' id='word_1_602' title='bbox 3152 4200 3281 4247; x_wconf 89' lang='lat' dir='ltr'>ante</span> <span class='ocrx_word' id='word_1_603' title='bbox 3329 4207 3493 4263; x_wconf 89' lang='lat' dir='ltr'>quam</span> <span class='ocrx_word' id='word_1_604' title='bbox 3526 4195 3861 4247; x_wconf 73' lang='lat' dir='ltr'>exauctora-</span> 
     </span>
    </p>
   </div>
   <div class='ocr_carea' id='block_1_84' title="bbox 2197 4278 3867 4353">
    <p class='ocr_par' dir='ltr' id='par_1_84' title="bbox 2197 4278 3867 4353">
     <span class='ocr_line' id='line_1_84' title="bbox 2197 4278 3867 4353; baseline -0.002 -15"><span class='ocrx_word' id='word_1_605' title='bbox 2197 4286 2353 4338; x_wconf 84' lang='lat' dir='ltr'>retur</span> <span class='ocrx_word' id='word_1_606' title='bbox 2400 4283 2722 4338; x_wconf 85' lang='lat' dir='ltr'>Germanus.</span> <span class='ocrx_word' id='word_1_607' title='bbox 2772 4281 2950 4353; x_wconf 83' lang='lat' dir='ltr'>Atqui</span> <span class='ocrx_word' id='word_1_608' title='bbox 2999 4297 3133 4336; x_wconf 89' lang='lat' dir='ltr'>vero</span> <span class='ocrx_word' id='word_1_609' title='bbox 3186 4280 3245 4335; x_wconf 92' lang='lat' dir='ltr'>id</span> <span class='ocrx_word' id='word_1_610' title='bbox 3276 4283 3563 4352; x_wconf 87' lang='lat' dir='ltr'>Gregoras</span> <span class='ocrx_word' id='word_1_611' title='bbox 3614 4278 3867 4335; x_wconf 90' lang='lat' dir='ltr'>minime</span> 
     </span>
    </p>
   </div>
   <div class='ocr_carea' id='block_1_85' title="bbox 2198 4366 3864 4427">
    <p class='ocr_par' dir='ltr' id='par_1_85' title="bbox 2198 4366 3864 4427">
     <span class='ocr_line' id='line_1_85' title="bbox 2198 4366 3864 4427; baseline -0.004 0"><span class='ocrx_word' id='word_1_612' title='bbox 2198 4372 2426 4427; x_wconf 88' lang='lat' dir='ltr'>asserit.</span> <span class='ocrx_word' id='word_1_613' title='bbox 2460 4372 2671 4427; x_wconf 87' lang='lat' dir='ltr'>Narrat</span> <span class='ocrx_word' id='word_1_614' title='bbox 2704 4371 2821 4426; x_wconf 89' lang='lat' dir='ltr'>imo</span> <span class='ocrx_word' id='word_1_615' title='bbox 2872 4376 2916 4425; x_wconf 89' lang='grc' dir='ltr'><strong>Ι.</strong></span> <span class='ocrx_word' id='word_1_616' title='bbox 2969 4370 3331 4425; x_wconf 90' lang='lat' dir='ltr'>Germanum</span> <span class='ocrx_word' id='word_1_617' title='bbox 3377 4367 3741 4424; x_wconf 90' lang='lat' dir='ltr'>abdicavisse</span> <span class='ocrx_word' id='word_1_618' title='bbox 3769 4366 3864 4421; x_wconf 91' lang='lat' dir='ltr'>di-</span> 
     </span>
    </p>
   </div>
   <div class='ocr_carea' id='block_1_86' title="bbox 2199 4456 3867 4534">
    <p class='ocr_par' dir='ltr' id='par_1_86' title="bbox 2199 4456 3867 4534">
     <span class='ocr_line' id='line_1_86' title="bbox 2199 4456 3867 4534; baseline -0.002 -19"><span class='ocrx_word' id='word_1_619' title='bbox 2199 4463 2522 4534; x_wconf 89' lang='lat' dir='ltr'>gnitatem:</span> <span class='ocrx_word' id='word_1_620' title='bbox 2558 4476 2737 4531; x_wconf 90' lang='lat' dir='ltr'>quam</span> <span class='ocrx_word' id='word_1_621' title='bbox 2779 4460 2852 4516; x_wconf 93' lang='lat' dir='ltr'>ab</span> <span class='ocrx_word' id='word_1_622' title='bbox 2904 4460 3032 4531; x_wconf 92' lang='lat' dir='ltr'>ipso</span> <span class='ocrx_word' id='word_1_623' title='bbox 3090 4458 3421 4514; x_wconf 88' lang='lat' dir='ltr'>abdicatam</span> <span class='ocrx_word' id='word_1_624' title='bbox 3455 4457 3640 4513; x_wconf 90' lang='lat' dir='ltr'>fuisse</span> <span class='ocrx_word' id='word_1_625' title='bbox 3669 4456 3763 4512; x_wconf 91' lang='lat' dir='ltr'>die</span> <span class='ocrx_word' id='word_1_626' title='bbox 3794 4456 3867 4511; x_wconf 87' lang='grc'>14</span> 
     </span>
    </p>
   </div>
   <div class='ocr_carea' id='block_1_87' title="bbox 2202 4544 3865 4622">
    <p class='ocr_par' dir='ltr' id='par_1_87' title="bbox 2202 4544 3865 4622">
     <span class='ocr_line' id='line_1_87' title="bbox 2202 4544 3865 4622; baseline -0.004 -16"><span class='ocrx_word' id='word_1_627' title='bbox 2202 4549 2584 4622; x_wconf 89' lang='lat' dir='ltr'>Septembris,</span> <span class='ocrx_word' id='word_1_628' title='bbox 2619 4549 2797 4604; x_wconf 84' lang='lat' dir='ltr'>refert</span> <span class='ocrx_word' id='word_1_629' title='bbox 2844 4548 3269 4621; x_wconf 83' lang='lat' dir='ltr'>Pachymeres;</span> <span class='ocrx_word' id='word_1_630' title='bbox 3302 4548 3358 4618; x_wconf 93' lang='lat'>2,</span> <span class='ocrx_word' id='word_1_631' title='bbox 3390 4545 3450 4601; x_wconf 91' lang='lat' dir='ltr'>in</span> <span class='ocrx_word' id='word_1_632' title='bbox 3500 4547 3630 4617; x_wconf 90' lang='lat' dir='ltr'>ejus</span> <span class='ocrx_word' id='word_1_633' title='bbox 3663 4544 3865 4601; x_wconf 90' lang='lat' dir='ltr'>locum</span> 
     </span>
    </p>
   </div>
   <div class='ocr_carea' id='block_1_88' title="bbox 436 4633 3865 4717">
    <p class='ocr_par' dir='ltr' id='par_1_88' title="bbox 436 4633 3865 4717">
     <span class='ocr_line' id='line_1_88' title="bbox 436 4633 3865 4717; baseline -0.001 -26"><span class='ocrx_word' id='word_1_634' title='bbox 436 4637 791 4693; x_wconf 87' lang='lat' dir='ltr'>concordibus</span> <span class='ocrx_word' id='word_1_635' title='bbox 854 4638 1157 4709; x_wconf 64' lang='lat' dir='ltr'>suffragiis,</span> <span class='ocrx_word' id='word_1_636' title='bbox 1228 4640 1555 4709; x_wconf 79' lang='lat' dir='ltr'>patriarcha</span> <span class='ocrx_word' id='word_1_637' title='bbox 1626 4639 1939 4694; x_wconf 88' lang='lat' dir='ltr'>declaratus</span> <span class='ocrx_word' id='word_1_638' title='bbox 1994 4649 2090 4695; x_wconf 85' lang='lat' dir='ltr'>est.</span> <span class='ocrx_word' id='word_1_639' title='bbox 2125 4653 2170 4717; x_wconf 78' lang='grc' dir='ltr'>Ι)</span> <span class='ocrx_word' id='word_1_640' title='bbox 2200 4638 2522 4710; x_wconf 87' lang='lat' dir='ltr'>Josephum</span> <span class='ocrx_word' id='word_1_641' title='bbox 2582 4636 2932 4693; x_wconf 88' lang='lat' dir='ltr'>Galesiotem</span> <span class='ocrx_word' id='word_1_642' title='bbox 2991 4636 3327 4703; x_wconf 79' lang='lat' dir='ltr'>suffectum,</span> <span class='ocrx_word' id='word_1_643' title='bbox 3386 4633 3612 4691; x_wconf 90' lang='lat' dir='ltr'>scilicet</span> <span class='ocrx_word' id='word_1_644' title='bbox 3657 4634 3750 4689; x_wconf 87' lang='lat' dir='ltr'>die</span> <span class='ocrx_word' id='word_1_645' title='bbox 3789 4634 3865 4688; x_wconf 88' lang='lat'>28</span> 
     </span>
    </p>
   </div>
   <div class='ocr_carea' id='block_1_89' title="bbox 440 4726 2093 4799">
    <p class='ocr_par' dir='ltr' id='par_1_89' title="bbox 440 4726 2093 4799">
     <span class='ocr_line' id='line_1_89' title="bbox 440 4726 2093 4799; baseline 0.001 -18"><span class='ocrx_word' id='word_1_646' title='bbox 440 4729 572 4781; x_wconf 67' lang='lat' dir='ltr'>Haec</span> <span class='ocrx_word' id='word_1_647' title='bbox 602 4726 799 4799; x_wconf 84' lang='lat' dir='ltr'>peragi</span> <span class='ocrx_word' id='word_1_648' title='bbox 830 4726 1063 4781; x_wconf 87' lang='lat' dir='ltr'>nonnisi</span> <span class='ocrx_word' id='word_1_649' title='bbox 1118 4743 1221 4798; x_wconf 89' lang='lat' dir='ltr'>per</span> <span class='ocrx_word' id='word_1_650' title='bbox 1275 4726 1516 4795; x_wconf 68' lang='lat' dir='ltr'>longum</span> <span class='ocrx_word' id='word_1_651' title='bbox 1568 4732 1802 4797; x_wconf 89' lang='lat' dir='ltr'>tempus</span> <span class='ocrx_word' id='word_1_652' title='bbox 1832 4726 2093 4789; x_wconf 89' lang='lat' dir='ltr'>Possino.</span> 
     </span>
    </p>
   </div>
   <div class='ocr_carea' id='block_1_90' title="bbox 439 4814 2098 4881">
    <p class='ocr_par' dir='ltr' id='par_1_90' title="bbox 439 4814 2098 4881">
     <span class='ocr_line' id='line_1_90' title="bbox 439 4814 2098 4881; baseline 0 -10"><span class='ocrx_word' id='word_1_653' title='bbox 439 4819 500 4871; x_wconf 89' lang='lat' dir='ltr'>et</span> <span class='ocrx_word' id='word_1_654' title='bbox 530 4814 853 4881; x_wconf 87' lang='lat' dir='ltr'>Bandurio,</span> <span class='ocrx_word' id='word_1_655' title='bbox 912 4814 1059 4871; x_wconf 86' lang='lat' dir='ltr'>mihi</span> <span class='ocrx_word' id='word_1_656' title='bbox 1111 4832 1247 4872; x_wconf 91' lang='lat' dir='ltr'>vero</span> <span class='ocrx_word' id='word_1_657' title='bbox 1304 4815 1459 4871; x_wconf 88' lang='lat' dir='ltr'>intra</span> <span class='ocrx_word' id='word_1_658' title='bbox 1516 4817 1686 4872; x_wconf 87' lang='lat' dir='ltr'>breve</span> <span class='ocrx_word' id='word_1_659' title='bbox 1734 4817 1962 4872; x_wconf 88' lang='lat' dir='ltr'>dierum</span> <span class='ocrx_word' id='word_1_660' title='bbox 1993 4816 2098 4873; x_wconf 90' lang='lat' dir='ltr'>ali-</span> 
     </span>
    </p>
   </div>
   <div class='ocr_carea' id='block_1_91' title="bbox 441 4903 2099 4976">
    <p class='ocr_par' dir='ltr' id='par_1_91' title="bbox 441 4903 2099 4976">
     <span class='ocr_line' id='line_1_91' title="bbox 441 4903 2099 4976; baseline 0.002 -17"><span class='ocrx_word' id='word_1_661' title='bbox 441 4908 585 4976; x_wconf 90' lang='lat' dir='ltr'>quot</span> <span class='ocrx_word' id='word_1_662' title='bbox 632 4903 909 4975; x_wconf 89' lang='lat' dir='ltr'>spatium,</span> <span class='ocrx_word' id='word_1_663' title='bbox 962 4904 1226 4976; x_wconf 89' lang='lat' dir='ltr'>potuisse</span> <span class='ocrx_word' id='word_1_664' title='bbox 1275 4905 1567 4960; x_wconf 91' lang='lat' dir='ltr'>videntur.</span> <span class='ocrx_word' id='word_1_665' title='bbox 1620 4906 1724 4960; x_wconf 91' lang='lat' dir='ltr'>Hic</span> <span class='ocrx_word' id='word_1_666' title='bbox 1771 4909 2099 4962; x_wconf 90' lang='lat' dir='ltr'>Germanus</span> 
     </span>
    </p>
   </div>
   <div class='ocr_carea' id='block_1_92' title="bbox 442 4994 2097 5064">
    <p class='ocr_par' dir='ltr' id='par_1_92' title="bbox 442 4994 2097 5064">
     <span class='ocr_line' id='line_1_92' title="bbox 442 4994 2097 5064; baseline 0.002 -17"><span class='ocrx_word' id='word_1_667' title='bbox 442 4998 791 5048; x_wconf 86' lang='lat' dir='ltr'>numeratur</span> <span class='ocrx_word' id='word_1_668' title='bbox 813 4994 1023 5049; x_wconf 87' lang='lat' dir='ltr'>tertius</span> <span class='ocrx_word' id='word_1_669' title='bbox 1064 4994 1124 5049; x_wconf 92' lang='lat' dir='ltr'>in</span> <span class='ocrx_word' id='word_1_670' title='bbox 1172 4994 1323 5050; x_wconf 89' lang='lat' dir='ltr'>serie</span> <span class='ocrx_word' id='word_1_671' title='bbox 1353 4995 1455 5050; x_wconf 77' lang='lat'>36</span> <span class='ocrx_word' id='word_1_672' title='bbox 1504 4994 1967 5064; x_wconf 88' lang='lat' dir='ltr'>patriarcharum</span> <span class='ocrx_word' id='word_1_673' title='bbox 2001 5013 2097 5050; x_wconf 88' lang='lat' dir='ltr'>ur-</span> 
     </span>
    </p>
   </div>
   <div class='ocr_carea' id='block_1_93' title="bbox 442 5081 2098 5157">
    <p class='ocr_par' dir='ltr' id='par_1_93' title="bbox 442 5081 2098 5157">
     <span class='ocr_line' id='line_1_93' title="bbox 442 5081 2098 5157; baseline 0.001 -20"><span class='ocrx_word' id='word_1_674' title='bbox 442 5081 535 5137; x_wconf 89' lang='lat' dir='ltr'>bis</span> <span class='ocrx_word' id='word_1_675' title='bbox 567 5082 756 5154; x_wconf 80' lang='lat' dir='ltr'>regiae.</span> <span class='ocrx_word' id='word_1_676' title='bbox 806 5082 917 5137; x_wconf 91' lang='lat' dir='ltr'>Sed</span> <span class='ocrx_word' id='word_1_677' title='bbox 969 5083 1273 5155; x_wconf 88' lang='lat' dir='ltr'>indeptam</span> <span class='ocrx_word' id='word_1_678' title='bbox 1330 5083 1604 5140; x_wconf 89' lang='lat' dir='ltr'>abdicare</span> <span class='ocrx_word' id='word_1_679' title='bbox 1636 5084 1875 5139; x_wconf 90' lang='lat' dir='ltr'>demum</span> <span class='ocrx_word' id='word_1_680' title='bbox 1901 5084 2098 5157; x_wconf 88' lang='lat' dir='ltr'>digni-</span> 
     </span>
    </p>
   </div>
   <div class='ocr_carea' id='block_1_94' title="bbox 439 5171 2120 5241">
    <p class='ocr_par' dir='ltr' id='par_1_94' title="bbox 439 5171 2120 5241">
     <span class='ocr_line' id='line_1_94' title="bbox 439 5171 2120 5241; baseline 0.001 -16"><span class='ocrx_word' id='word_1_681' title='bbox 439 5173 621 5227; x_wconf 89' lang='lat' dir='ltr'>tatem</span> <span class='ocrx_word' id='word_1_682' title='bbox 673 5171 1004 5241; x_wconf 87' lang='lat' dir='ltr'>Septembri</span> <span class='ocrx_word' id='word_1_683' title='bbox 1063 5188 1269 5227; x_wconf 89' lang='lat' dir='ltr'>mense</span> <span class='ocrx_word' id='word_1_684' title='bbox 1326 5177 1592 5227; x_wconf 89' lang='lat' dir='ltr'>coactum</span> <span class='ocrx_word' id='word_1_685' title='bbox 1652 5172 1855 5240; x_wconf 79' lang='lat' dir='ltr'>fuisse,</span> <span class='ocrx_word' id='word_1_686' title='bbox 1900 5177 2120 5228; x_wconf 89' lang='lat' dir='ltr'>narrat-</span> 
     </span>
    </p>
   </div>
   <div class='ocr_carea' id='block_1_95' title="bbox 440 5258 2097 5333">
    <p class='ocr_par' dir='ltr' id='par_1_95' title="bbox 440 5258 2097 5333">
     <span class='ocr_line' id='line_1_95' title="bbox 440 5258 2097 5333; baseline 0.002 -20"><span class='ocrx_word' id='word_1_687' title='bbox 440 5259 567 5331; x_wconf 91' lang='lat' dir='ltr'>ipse</span> <span class='ocrx_word' id='word_1_688' title='bbox 599 5258 979 5332; x_wconf 86' lang='lat' dir='ltr'>Pacbymeres</span> <span class='ocrx_word' id='word_1_689' title='bbox 1028 5261 1216 5331; x_wconf 86' lang='lat' dir='ltr'>capite</span> <span class='ocrx_word' id='word_1_690' title='bbox 1244 5262 1336 5327; x_wconf 89' lang='lat'>21,</span> <span class='ocrx_word' id='word_1_691' title='bbox 1386 5263 1606 5327; x_wconf 85' lang='lat' dir='ltr'>mensis,</span> <span class='ocrx_word' id='word_1_692' title='bbox 1647 5260 1921 5333; x_wconf 82' lang='lat' dir='ltr'>inquiens</span> <span class='ocrx_word' id='word_1_693' title='bbox 1952 5262 2097 5317; x_wconf 87' lang='lat' dir='ltr'>inie-</span> 
     </span>
    </p>
   </div>
   <div class='ocr_carea' id='block_1_96' title="bbox 439 5346 2098 5421">
    <p class='ocr_par' dir='ltr' id='par_1_96' title="bbox 439 5346 2098 5421">
     <span class='ocr_line' id='line_1_96' title="bbox 439 5346 2098 5421; baseline 0.001 -18"><span class='ocrx_word' id='word_1_694' title='bbox 439 5356 531 5403; x_wconf 89' lang='lat' dir='ltr'>rat</span> <span class='ocrx_word' id='word_1_695' title='bbox 587 5348 917 5420; x_wconf 86' lang='lat' dir='ltr'>September,</span> <span class='ocrx_word' id='word_1_696' title='bbox 995 5346 1322 5419; x_wconf 79' lang='grc' dir='ltr'>Γαμηλιών,</span> <span class='ocrx_word' id='word_1_697' title='bbox 1376 5358 1429 5405; x_wconf 89' lang='lat' dir='ltr'>et</span> <span class='ocrx_word' id='word_1_698' title='bbox 1475 5350 1742 5421; x_wconf 86' lang='lat' dir='ltr'>agebatur</span> <span class='ocrx_word' id='word_1_699' title='bbox 1780 5349 2098 5405; x_wconf 71' lang='lat' dir='ltr'>venerandae</span> 
     </span>
    </p>
   </div>
   <div class='ocr_carea' id='block_1_97' title="bbox 444 5437 2101 5511">
    <p class='ocr_par' dir='ltr' id='par_1_97' title="bbox 444 5437 2101 5511">
     <span class='ocr_line' id='line_1_97' title="bbox 444 5437 2101 5511; baseline 0.001 -19"><span class='ocrx_word' id='word_1_700' title='bbox 444 5440 623 5492; x_wconf 87' lang='lat' dir='ltr'>crucis</span> <span class='ocrx_word' id='word_1_701' title='bbox 651 5441 871 5509; x_wconf 74' lang='lat' dir='ltr'>festum,</span> <span class='ocrx_word' id='word_1_702' title='bbox 904 5437 1045 5510; x_wconf 88' lang='lat' dir='ltr'>quod</span> <span class='ocrx_word' id='word_1_703' title='bbox 1092 5438 1501 5494; x_wconf 70' lang='lat' dir='ltr'>Exaltationem</span> <span class='ocrx_word' id='word_1_704' title='bbox 1542 5440 1909 5511; x_wconf 84' lang='lat' dir='ltr'>appellamus.</span> <span class='ocrx_word' id='word_1_705' title='bbox 1942 5441 2005 5493; x_wconf 90' lang='lat' dir='ltr'>In</span> <span class='ocrx_word' id='word_1_706' title='bbox 2034 5454 2101 5493; x_wconf 87' lang='lat' dir='ltr'>ea</span> 
     </span>
    </p>
   </div>
   <div class='ocr_carea' id='block_1_98' title="bbox 443 5526 2099 5597">
    <p class='ocr_par' dir='ltr' id='par_1_98' title="bbox 443 5526 2099 5597">
     <span class='ocr_line' id='line_1_98' title="bbox 443 5526 2099 5597; baseline 0.001 -17"><span class='ocrx_word' id='word_1_707' title='bbox 443 5526 617 5580; x_wconf 80' lang='lat' dir='ltr'>sacris</span> <span class='ocrx_word' id='word_1_708' title='bbox 646 5526 909 5580; x_wconf 73' lang='lat' dir='ltr'>ultimum</span> <span class='ocrx_word' id='word_1_709' title='bbox 958 5526 1199 5581; x_wconf 84' lang='lat' dir='ltr'>vestibus</span> <span class='ocrx_word' id='word_1_710' title='bbox 1246 5526 1519 5592; x_wconf 82' lang='lat' dir='ltr'>inductus,</span> <span class='ocrx_word' id='word_1_711' title='bbox 1562 5542 1833 5597; x_wconf 86' lang='lat' dir='ltr'>sacraque</span> <span class='ocrx_word' id='word_1_712' title='bbox 1863 5526 1951 5581; x_wconf 86' lang='lat' dir='ltr'>die</span> <span class='ocrx_word' id='word_1_713' title='bbox 1978 5527 2099 5597; x_wconf 87' lang='lat' dir='ltr'>ejus</span> 
     </span>
    </p>
   </div>
   <div class='ocr_carea' id='block_1_99' title="bbox 446 5612 2101 5687">
    <p class='ocr_par' dir='ltr' id='par_1_99' title="bbox 446 5612 2101 5687">
     <span class='ocr_line' id='line_1_99' title="bbox 446 5612 2101 5687; baseline 0.001 -20"><span class='ocrx_word' id='word_1_714' title='bbox 446 5612 676 5683; x_wconf 84' lang='lat' dir='ltr'>liturgiu</span> <span class='ocrx_word' id='word_1_715' title='bbox 710 5615 817 5669; x_wconf 85' lang='lat' dir='ltr'>rite</span> <span class='ocrx_word' id='word_1_716' title='bbox 845 5615 1093 5686; x_wconf 85' lang='lat' dir='ltr'>functus,</span> <span class='ocrx_word' id='word_1_717' title='bbox 1124 5630 1341 5686; x_wconf 74' lang='lat' dir='ltr'>vespere</span> <span class='ocrx_word' id='word_1_718' title='bbox 1361 5616 1459 5669; x_wconf 87' lang='lat' dir='ltr'>sub</span> <span class='ocrx_word' id='word_1_719' title='bbox 1489 5616 1868 5687; x_wconf 85' lang='lat' dir='ltr'>crepusculum</span> <span class='ocrx_word' id='word_1_720' title='bbox 1895 5615 2101 5670; x_wconf 87' lang='lat' dir='ltr'>recedit</span> 
     </span>
    </p>
   </div>
   <div class='ocr_carea' id='block_1_100' title="bbox 518 5701 2095 5776">
    <p class='ocr_par' dir='ltr' id='par_1_100' title="bbox 518 5701 2095 5776">
     <span class='ocr_line' id='line_1_100' title="bbox 518 5701 2095 5776; baseline 0.001 -19"><span class='ocrx_word' id='word_1_721' title='bbox 518 5701 600 5757; x_wconf 90' lang='lat' dir='ltr'>De</span> <span class='ocrx_word' id='word_1_722' title='bbox 630 5719 783 5757; x_wconf 83' lang='lat' dir='ltr'>anno</span> <span class='ocrx_word' id='word_1_723' title='bbox 816 5720 930 5774; x_wconf 92' lang='lat' dir='ltr'>quo</span> <span class='ocrx_word' id='word_1_724' title='bbox 961 5704 1082 5759; x_wconf 75' lang='lat' dir='ltr'>haec</span> <span class='ocrx_word' id='word_1_725' title='bbox 1138 5704 1396 5760; x_wconf 88' lang='lat' dir='ltr'>accidere</span> <span class='ocrx_word' id='word_1_726' title='bbox 1446 5704 1732 5761; x_wconf 89' lang='lat' dir='ltr'>dissident</span> <span class='ocrx_word' id='word_1_727' title='bbox 1761 5702 2095 5776; x_wconf 89' lang='lat' dir='ltr'>scriptores.</span> 
     </span>
    </p>
   </div>
   <div class='ocr_carea' id='block_1_101' title="bbox 2204 4722 3868 4799">
    <p class='ocr_par' dir='ltr' id='par_1_101' title="bbox 2204 4722 3868 4799">
     <span class='ocr_line' id='line_1_101' title="bbox 2204 4722 3868 4799; baseline -0.001 -18"><span class='ocrx_word' id='word_1_728' title='bbox 2204 4727 2582 4799; x_wconf 87' lang='lat' dir='ltr'>Septembris,</span> <span class='ocrx_word' id='word_1_729' title='bbox 2615 4728 2713 4783; x_wconf 76' lang='grc'>37</span> <span class='ocrx_word' id='word_1_730' title='bbox 2757 4727 2962 4782; x_wconf 89' lang='lat' dir='ltr'>eodem</span> <span class='ocrx_word' id='word_1_731' title='bbox 3011 4729 3159 4781; x_wconf 83' lang='lat' dir='ltr'>teste</span> <span class='ocrx_word' id='word_1_732' title='bbox 3209 4724 3584 4797; x_wconf 84' lang='lat' dir='ltr'>Pachymere,</span> <span class='ocrx_word' id='word_1_733' title='bbox 3617 4726 3683 4778; x_wconf 91' lang='lat' dir='ltr'>ut</span> <span class='ocrx_word' id='word_1_734' title='bbox 3709 4722 3868 4779; x_wconf 86' lang='lat' dir='ltr'>infra</span> 
     </span>
    </p>
   </div>
   <div class='ocr_carea' id='block_1_102' title="bbox 2209 4811 3865 4888">
    <p class='ocr_par' dir='ltr' id='par_1_102' title="bbox 2209 4811 3865 4888">
     <span class='ocr_line' id='line_1_102' title="bbox 2209 4811 3865 4888; baseline -0.002 -17"><span class='ocrx_word' id='word_1_735' title='bbox 2209 4817 2564 4884; x_wconf 87' lang='lat' dir='ltr'>dicendum;</span> <span class='ocrx_word' id='word_1_736' title='bbox 2596 4817 2651 4888; x_wconf 91' lang='lat'>3,</span> <span class='ocrx_word' id='word_1_737' title='bbox 2684 4831 3021 4871; x_wconf 88' lang='lat' dir='ltr'>concessam</span> <span class='ocrx_word' id='word_1_738' title='bbox 3059 4812 3397 4883; x_wconf 88' lang='lat' dir='ltr'>imperatori</span> <span class='ocrx_word' id='word_1_739' title='bbox 3431 4811 3865 4869; x_wconf 87' lang='lat' dir='ltr'>absolutionem</span> 
     </span>
    </p>
   </div>
   <div class='ocr_carea' id='block_1_103' title="bbox 2209 4900 3867 4977">
    <p class='ocr_par' dir='ltr' id='par_1_103' title="bbox 2209 4900 3867 4977">
     <span class='ocr_line' id='line_1_103' title="bbox 2209 4900 3867 4977; baseline -0.004 -16"><span class='ocrx_word' id='word_1_740' title='bbox 2209 4924 2243 4961; x_wconf 92' lang='lat' dir='ltr'>a</span> <span class='ocrx_word' id='word_1_741' title='bbox 2271 4922 2417 4960; x_wconf 88' lang='lat' dir='ltr'>novo</span> <span class='ocrx_word' id='word_1_742' title='bbox 2453 4904 2781 4977; x_wconf 89' lang='lat' dir='ltr'>patriarcha</span> <span class='ocrx_word' id='word_1_743' title='bbox 2812 4902 2905 4958; x_wconf 92' lang='lat' dir='ltr'>die</span> <span class='ocrx_word' id='word_1_744' title='bbox 2936 4902 3177 4970; x_wconf 87' lang='lat' dir='ltr'>indicta,</span> <span class='ocrx_word' id='word_1_745' title='bbox 3224 4919 3401 4975; x_wconf 89' lang='lat' dir='ltr'>quam</span> <span class='ocrx_word' id='word_1_746' title='bbox 3432 4900 3641 4957; x_wconf 88' lang='lat' dir='ltr'>statuit</span> <span class='ocrx_word' id='word_1_747' title='bbox 3665 4917 3867 4956; x_wconf 87' lang='lat' dir='ltr'>secun-</span> 
     </span>
    </p>
   </div>
   <div class='ocr_carea' id='block_1_104' title="bbox 2206 4989 3869 5063">
    <p class='ocr_par' dir='ltr' id='par_1_104' title="bbox 2206 4989 3869 5063">
     <span class='ocr_line' id='line_1_104' title="bbox 2206 4989 3869 5063; baseline -0.002 -15"><span class='ocrx_word' id='word_1_748' title='bbox 2206 4993 2334 5048; x_wconf 90' lang='lat' dir='ltr'>dam</span> <span class='ocrx_word' id='word_1_749' title='bbox 2359 4993 2648 5048; x_wconf 86' lang='lat' dir='ltr'>Februarii</span> <span class='ocrx_word' id='word_1_750' title='bbox 2674 4992 3054 5063; x_wconf 83' lang='lat' dir='ltr'>Pachymeres</span> <span class='ocrx_word' id='word_1_751' title='bbox 3102 4989 3251 5046; x_wconf 90' lang='lat' dir='ltr'>libro</span> <span class='ocrx_word' id='word_1_752' title='bbox 3300 5008 3378 5059; x_wconf 88' lang='lat' dir='ltr'>Iv,</span> <span class='ocrx_word' id='word_1_753' title='bbox 3410 5006 3538 5063; x_wconf 90' lang='lat' dir='ltr'>cap.</span> <span class='ocrx_word' id='word_1_754' title='bbox 3568 4990 3659 5044; x_wconf 90' lang='lat'>25.</span> <span class='ocrx_word' id='word_1_755' title='bbox 3692 4989 3869 5045; x_wconf 89' lang='lat' dir='ltr'>Hisce</span> 
     </span>
    </p>
   </div>
   <div class='ocr_carea' id='block_1_105' title="bbox 2208 5077 3867 5155">
    <p class='ocr_par' dir='ltr' id='par_1_105' title="bbox 2208 5077 3867 5155">
     <span class='ocr_line' id='line_1_105' title="bbox 2208 5077 3867 5155; baseline -0.002 -18"><span class='ocrx_word' id='word_1_756' title='bbox 2208 5083 2478 5145; x_wconf 81' lang='lat' dir='ltr'>narratis,</span> <span class='ocrx_word' id='word_1_757' title='bbox 2512 5081 2649 5135; x_wconf 66' lang='grc' dir='ltr'>κατὰ</span> <span class='ocrx_word' id='word_1_758' title='bbox 2690 5084 2881 5134; x_wconf 71' lang='grc' dir='ltr'>τοῦτον</span> <span class='ocrx_word' id='word_1_759' title='bbox 2931 5078 3023 5133; x_wconf 86' lang='grc' dir='ltr'>τὸν</span> <span class='ocrx_word' id='word_1_760' title='bbox 3057 5077 3285 5155; x_wconf 84' lang='grc' dir='ltr'>χρόνον,</span> <span class='ocrx_word' id='word_1_761' title='bbox 3343 5082 3441 5137; x_wconf 91' lang='lat' dir='ltr'>sub</span> <span class='ocrx_word' id='word_1_762' title='bbox 3494 5080 3599 5135; x_wconf 90' lang='lat' dir='ltr'>hoc</span> <span class='ocrx_word' id='word_1_763' title='bbox 3626 5084 3867 5150; x_wconf 78' lang='lat' dir='ltr'>tempus,</span> 
     </span>
    </p>
   </div>
   <div class='ocr_carea' id='block_1_106' title="bbox 2206 5168 3873 5243">
    <p class='ocr_par' dir='ltr' id='par_1_106' title="bbox 2206 5168 3873 5243">
     <span class='ocr_line' id='line_1_106' title="bbox 2206 5168 3873 5243; baseline -0.002 -16"><span class='ocrx_word' id='word_1_764' title='bbox 2206 5173 2291 5227; x_wconf 89' lang='lat' dir='ltr'>vel</span> <span class='ocrx_word' id='word_1_765' title='bbox 2321 5176 2420 5227; x_wconf 88' lang='lat' dir='ltr'>hoc</span> <span class='ocrx_word' id='word_1_766' title='bbox 2448 5174 2665 5227; x_wconf 82' lang='lat' dir='ltr'>circiter</span> <span class='ocrx_word' id='word_1_767' title='bbox 2691 5173 2954 5242; x_wconf 84' lang='lat' dir='ltr'>tempore,</span> <span class='ocrx_word' id='word_1_768' title='bbox 3001 5169 3195 5241; x_wconf 91' lang='lat' dir='ltr'>inquit</span> <span class='ocrx_word' id='word_1_769' title='bbox 3223 5170 3501 5243; x_wconf 88' lang='lat' dir='ltr'>Gregora,</span> <span class='ocrx_word' id='word_1_770' title='bbox 3535 5169 3671 5223; x_wconf 90' lang='lat' dir='ltr'>luna</span> <span class='ocrx_word' id='word_1_771' title='bbox 3693 5168 3873 5224; x_wconf 86' lang='lat' dir='ltr'>solem</span> 
     </span>
    </p>
   </div>
   <div class='ocr_carea' id='block_1_107' title="bbox 2208 5256 3871 5330">
    <p class='ocr_par' dir='ltr' id='par_1_107' title="bbox 2208 5256 3871 5330">
     <span class='ocr_line' id='line_1_107' title="bbox 2208 5256 3871 5330; baseline -0.001 -16"><span class='ocrx_word' id='word_1_772' title='bbox 2208 5260 2516 5314; x_wconf 88' lang='lat' dir='ltr'>obscuravit</span> <span class='ocrx_word' id='word_1_773' title='bbox 2547 5261 2619 5314; x_wconf 89' lang='lat'>25</span> <span class='ocrx_word' id='word_1_774' title='bbox 2664 5258 2754 5314; x_wconf 87' lang='lat' dir='ltr'>die</span> <span class='ocrx_word' id='word_1_775' title='bbox 2802 5258 2955 5314; x_wconf 84' lang='lat' dir='ltr'>Maii.</span> <span class='ocrx_word' id='word_1_776' title='bbox 3013 5258 3154 5322; x_wconf 89' lang='lat' dir='ltr'>Quis</span> <span class='ocrx_word' id='word_1_777' title='bbox 3204 5273 3341 5330; x_wconf 88' lang='lat' dir='ltr'>ergo</span> <span class='ocrx_word' id='word_1_778' title='bbox 3400 5273 3516 5312; x_wconf 90' lang='lat' dir='ltr'>non</span> <span class='ocrx_word' id='word_1_779' title='bbox 3546 5256 3741 5312; x_wconf 88' lang='lat' dir='ltr'>videat</span> <span class='ocrx_word' id='word_1_780' title='bbox 3772 5273 3871 5312; x_wconf 89' lang='lat' dir='ltr'>so-</span> 
     </span>
    </p>
   </div>
   <div class='ocr_carea' id='block_1_108' title="bbox 2210 5343 3871 5419">
    <p class='ocr_par' dir='ltr' id='par_1_108' title="bbox 2210 5343 3871 5419">
     <span class='ocr_line' id='line_1_108' title="bbox 2210 5343 3871 5419; baseline -0.001 -16"><span class='ocrx_word' id='word_1_781' title='bbox 2210 5348 2389 5403; x_wconf 85' lang='lat' dir='ltr'>larem</span> <span class='ocrx_word' id='word_1_782' title='bbox 2421 5346 2803 5403; x_wconf 88' lang='lat' dir='ltr'>defectionem</span> <span class='ocrx_word' id='word_1_783' title='bbox 2846 5347 3068 5414; x_wconf 89' lang='lat' dir='ltr'>referri,</span> <span class='ocrx_word' id='word_1_784' title='bbox 3118 5362 3246 5419; x_wconf 59' lang='lat' dir='ltr'>qua:</span> <span class='ocrx_word' id='word_1_785' title='bbox 3296 5350 3429 5417; x_wconf 90' lang='lat' dir='ltr'>post</span> <span class='ocrx_word' id='word_1_786' title='bbox 3458 5343 3733 5401; x_wconf 87' lang='lat' dir='ltr'>Germani</span> <span class='ocrx_word' id='word_1_787' title='bbox 3763 5345 3871 5401; x_wconf 83' lang='lat' dir='ltr'>ab-</span> 
     </span>
    </p>
   </div>
   <div class='ocr_carea' id='block_1_109' title="bbox 2209 5432 3868 5508">
    <p class='ocr_par' dir='ltr' id='par_1_109' title="bbox 2209 5432 3868 5508">
     <span class='ocr_line' id='line_1_109' title="bbox 2209 5432 3868 5508; baseline -0.001 -17"><span class='ocrx_word' id='word_1_788' title='bbox 2209 5435 2561 5491; x_wconf 90' lang='lat' dir='ltr'>dicationem</span> <span class='ocrx_word' id='word_1_789' title='bbox 2624 5441 2681 5491; x_wconf 89' lang='lat' dir='ltr'>et</span> <span class='ocrx_word' id='word_1_790' title='bbox 2735 5435 2978 5508; x_wconf 88' lang='lat' dir='ltr'>Josephi</span> <span class='ocrx_word' id='word_1_791' title='bbox 3031 5435 3548 5507; x_wconf 86' lang='lat' dir='ltr'>inaugurationem</span> <span class='ocrx_word' id='word_1_792' title='bbox 3605 5432 3868 5490; x_wconf 89' lang='lat' dir='ltr'>accidere</span> 
     </span>
    </p>
   </div>
   <div class='ocr_carea' id='block_1_110' title="bbox 2209 5522 3866 5597">
    <p class='ocr_par' dir='ltr' id='par_1_110' title="bbox 2209 5522 3866 5597">
     <span class='ocr_line' id='line_1_110' title="bbox 2209 5522 3866 5597; baseline -0.001 -18"><span class='ocrx_word' id='word_1_793' title='bbox 2209 5525 2511 5597; x_wconf 85' lang='lat' dir='ltr'>potuerit?</span> <span class='ocrx_word' id='word_1_794' title='bbox 2541 5526 2626 5579; x_wconf 91' lang='lat' dir='ltr'>lta</span> <span class='ocrx_word' id='word_1_795' title='bbox 2655 5541 2716 5580; x_wconf 87' lang='lat' dir='ltr'>se</span> <span class='ocrx_word' id='word_1_796' title='bbox 2752 5541 2873 5580; x_wconf 88' lang='lat' dir='ltr'>rem</span> <span class='ocrx_word' id='word_1_797' title='bbox 2925 5524 3139 5580; x_wconf 88' lang='lat' dir='ltr'>habere</span> <span class='ocrx_word' id='word_1_798' title='bbox 3170 5539 3273 5595; x_wconf 91' lang='lat' dir='ltr'>pro</span> <span class='ocrx_word' id='word_1_799' title='bbox 3304 5528 3459 5578; x_wconf 90' lang='lat' dir='ltr'>certo</span> <span class='ocrx_word' id='word_1_800' title='bbox 3490 5522 3701 5586; x_wconf 88' lang='lat' dir='ltr'>habeo,</span> <span class='ocrx_word' id='word_1_801' title='bbox 3727 5538 3866 5578; x_wconf 89' lang='lat' dir='ltr'>cum</span> 
     </span>
    </p>
   </div>
   <div class='ocr_carea' id='block_1_111' title="bbox 2208 5609 3868 5685">
    <p class='ocr_par' dir='ltr' id='par_1_111' title="bbox 2208 5609 3868 5685">
     <span class='ocr_line' id='line_1_111' title="bbox 2208 5609 3868 5685; baseline -0.002 -15"><span class='ocrx_word' id='word_1_802' title='bbox 2208 5629 2362 5670; x_wconf 92' lang='lat' dir='ltr'>anno</span> <span class='ocrx_word' id='word_1_803' title='bbox 2396 5614 2535 5668; x_wconf 90' lang='lat'>1266</span> <span class='ocrx_word' id='word_1_804' title='bbox 2577 5614 2820 5669; x_wconf 90' lang='lat' dir='ltr'>cadente</span> <span class='ocrx_word' id='word_1_805' title='bbox 2876 5618 2933 5669; x_wconf 87' lang='lat' dir='ltr'>et</span> <span class='ocrx_word' id='word_1_806' title='bbox 2991 5611 3450 5685; x_wconf 90' lang='lat' dir='ltr'>patriarchatum</span> <span class='ocrx_word' id='word_1_807' title='bbox 3509 5609 3868 5667; x_wconf 90' lang='lat' dir='ltr'>abdicaverit</span> 
     </span>
    </p>
   </div>
   <div class='ocr_carea' id='block_1_112' title="bbox 2213 5699 3868 5775">
    <p class='ocr_par' dir='ltr' id='par_1_112' title="bbox 2213 5699 3868 5775">
     <span class='ocr_line' id='line_1_112' title="bbox 2213 5699 3868 5775; baseline -0.002 -16"><span class='ocrx_word' id='word_1_808' title='bbox 2213 5703 2561 5775; x_wconf 86' lang='lat' dir='ltr'>Germanus,</span> <span class='ocrx_word' id='word_1_809' title='bbox 2595 5707 2653 5760; x_wconf 89' lang='lat' dir='ltr'>et</span> <span class='ocrx_word' id='word_1_810' title='bbox 2695 5703 2864 5760; x_wconf 91' lang='lat' dir='ltr'>illum</span> <span class='ocrx_word' id='word_1_811' title='bbox 2922 5702 3201 5774; x_wconf 88' lang='lat' dir='ltr'>indeptus</span> <span class='ocrx_word' id='word_1_812' title='bbox 3248 5700 3425 5758; x_wconf 88' lang='lat' dir='ltr'>fuerit</span> <span class='ocrx_word' id='word_1_813' title='bbox 3449 5699 3765 5773; x_wconf 86' lang='lat' dir='ltr'>Josephus,</span> <span class='ocrx_word' id='word_1_814' title='bbox 3799 5703 3868 5756; x_wconf 87' lang='lat' dir='ltr'>ut</span> 
     </span>
    </p>
   </div>
  </div>
