4090 6446
305 445 382 506 53
1543 444 1752 509 VITA.
1787 479 1862 489 —
1894 444 1963 504 D]

2079 442 2413 508 ERTATIO
2456 445 2504 507 Ι.
3650 440 3728 502 54

311 592 545 633 numero
594 577 868 650 sequenti
919 578 1257 646 dicendum,
1289 583 1347 635 et
1377 595 1530 634 anno
1563 579 1700 634 1267
1740 577 1963 633 accide-
1996 579 2050 643 Α
2079 582 2188 645 set,
2214 578 2338 647 jam
2377 579 2534 634 intra
2589 578 2745 634 istud
2805 575 3232 650 patriarchatus
3269 575 3524 648 spatium
3575 593 3726 632 anno

313 667 383 722 rit
410 666 669 739 eclipsis.

375 755 488 811 Hac
547 757 827 812 submota
884 757 1252 825 difﬁcultate,
1306 758 1455 814 nihil
1513 757 1716 830 utique
1774 757 1967 812 obstat

309 844 624 917 quominus
673 845 1007 903 Germanus
1039 849 1117 902 IlI
1147 846 1364 903 electus
1412 847 1589 903 fuerit
1636 845 1967 919 patriarcha

304 950 480 989 mense
528 936 700 990 Iunio
751 936 812 990 in
856 938 998 1004 festo
1056 937 1236 992 sancti
1292 937 1555 1007 Spiritus,
1599 951 1752 991 anno
1805 933 1962 1004 1264,

301 1039 411 1094 quo
458 1023 748 1079 Arsenius
796 1041 984 1080 mense
1031 1025 1172 1081 Maio
1228 1025 1559 1081 antistitum
1619 1023 1907 1080 sententia
1935 1037 1964 1077 e

300 1111 506 1166 throno
539 1112 890 1168 deturbatus
921 1113 1052 1169 fuit.
1079 1117 1244 1170 Anno
1273 1114 1373 1170 illo
1405 1113 1697 1186 siquidem
1730 1127 1964 1168 sacrum

298 1200 506 1255 incidit
538 1201 761 1257 Pascha
790 1202 850 1256 in
882 1203 1030 1258 diem
1068 1205 1140 1257 20
1183 1203 1418 1276 Aprilis,
1450 1208 1507 1260 et
1535 1203 1873 1258 Pentecoste
1906 1201 1964 1255 in

299 1289 450 1344 diem
483 1291 520 1343 8
562 1292 741 1346 Junii.
792 1291 1038 1347 Sacrum
1086 1293 1454 1348 Pentecostes
1510 1293 1724 1348 festum
1773 1290 1964 1345 tribus

294 1377 508 1433 diebus
560 1377 936 1434 celebratur:
971 1379 1236 1453 illudque
1283 1386 1491 1437 vocant
1537 1380 1716 1436 Graeci
1748 1378 1961 1452 Ἀργίον

287 1467 621 1540 τριήμερον.
656 1468 821 1531 Quod
864 1485 1001 1541 ergo
1051 1469 1433 1542 Pachymeres
1461 1473 1664 1542 festum
1711 1468 1965 1541 appellat

289 1558 478 1612 sancti
507 1557 772 1628 Spiritus,
805 1558 1054 1630 intelligi
1094 1560 1342 1615 fortasse
1375 1560 1564 1631 prima
1596 1559 1720 1615 dies
1750 1560 1958 1630 potest,

283 1644 374 1700 vel
407 1643 618 1713 altera,
651 1650 753 1700 aut
784 1647 976 1702 tertia.
1009 1647 1158 1702 Hinc
1213 1654 1346 1720 post
1391 1648 1615 1704 Arsenii
1646 1645 1964 1719 depositio-

285 1750 422 1789 nem
473 1739 566 1790 tot
614 1735 850 1791 dierum
881 1736 1108 1791 efﬂuxit
1139 1737 1418 1809 spatium,
1453 1742 1596 1810 quot
1644 1737 1788 1792 satis
1836 1751 1965 1790 esse

282 1823 586 1889 videntur,
620 1829 689 1879 ut
733 1840 803 1880 ea
849 1830 1290 1898 peragerentur,
1325 1845 1450 1900 quae
1499 1830 1699 1888 narrat
1746 1823 1963 1896 Pachy-

288 1927 501 1977 meres,
533 1928 766 1968 omnia.

358 2000 648 2072 Regimen
670 2001 947 2058 Germani
971 2003 1128 2059 intra
1148 2003 1567 2060 brevissimum
1595 2003 1777 2059 trium
1799 2019 1964 2058 men-

296 2089 452 2144 sium
483 2093 772 2162 spatium,
814 2109 848 2146 a
886 2093 1052 2148 Junio
1087 2093 1158 2148 ad
1193 2093 1348 2148 diem
1383 2094 1446 2148 14
1479 2092 1840 2165 Septembris
1870 2107 1964 2147 co-

297 2179 530 2245 arctari,
564 2179 853 2235 intellectu
881 2180 1114 2250 difﬁcile
1144 2185 1311 2252 putat
1338 2182 1602 2253 Cuperus
1633 2181 1705 2236 ob
1737 2197 1805 2235 ea
1835 2178 1934 2250 plu
1953 2209 1965 2220 -

299 2267 447 2322 rima
469 2284 601 2338 qua:
632 2273 836 2323 narrat
861 2269 1246 2342 Pachymeres
1278 2287 1311 2326 a
1340 2270 1528 2342 capite
1551 2288 1657 2325 xm
1690 2270 1760 2324 ad
1793 2272 1969 2340 caput

297 2372 486 2428 usque
515 2374 636 2412 xxx.
658 2359 893 2412 Annum
944 2358 1156 2414 saltem
1206 2360 1498 2432 integrum
1530 2363 1587 2415 et
1616 2359 1842 2430 aliquot
1873 2358 1966 2412 in-

293 2461 472 2516 super
497 2461 737 2500 menses
767 2448 1166 2502 numerandos
1197 2463 1348 2515 esse,
1376 2449 1592 2504 evincit
1621 2447 1970 2520 gravissima

293 2532 644 2601 difﬁcultas,
674 2550 854 2604 quam
915 2534 1040 2606 ipse
1091 2538 1351 2607 Cuperus
1399 2537 1674 2609 proponit
1717 2554 1750 2592 a
1799 2551 1964 2600 num_

288 2622 387 2676 991
451 2621 900 2694 insolutamque
957 2623 1256 2696 relinquit.
1300 2648 1321 2675 α
1370 2629 1689 2698 Postquam
1745 2625 1967 2698 Pachy-

289 2727 480 2767 meres
529 2711 750 2767 diﬂ'usa
806 2712 1068 2768 oratione
1117 2714 1410 2786 exposuit,
1457 2715 1750 2786 quomodo
1801 2714 1967 2787 plebs

289 2801 583 2856 Germano
639 2800 995 2872 patriarchae
1047 2802 1475 2870 adversaretur,
1505 2821 1571 2858 ac
1619 2803 1745 2876 ipse
1776 2804 1964 2875 impe-

295 2895 458 2944 rator
498 2889 936 2945 abdicationem
969 2891 1097 2962 ejus
1147 2891 1371 2947 occulte
1415 2898 1673 2965 urgeret,
1707 2892 1854 2947 libro
1888 2910 1962 2961 ιν,

293 2979 486 3050 capite
540 2979 633 3046 18,
673 2978 974 3034 subnectit
1023 2980 1374 3051 sequentia:
1409 2981 1680 3038 Caeterum
1724 2981 1965 3053 impera-

291 3077 372 3124 tor
404 3110 415 3121 .
454 3109 468 3121 .
505 3109 519 3120 .
551 3070 776 3138 egregie
819 3070 1066 3138 perstitit
1096 3071 1154 3124 in
1187 3071 1540 3126 simulatione
1588 3071 1810 3142 fovendi
1832 3087 1963 3142 pro-

291 3157 618 3228 legendique
651 3158 854 3227 ipsum.
892 3199 904 3210 .
941 3197 956 3212 .
991 3158 1230 3213 Instante
1254 3158 1372 3228 (τῆς
1403 3162 1509 3211 τῶν
1543 3155 1716 3212 Batiam
1746 3159 1964 3234 ἑορτῆς)

291 3247 623 3301 Patmarum
686 3248 854 3316 festo,
914 3262 1020 3316 quo
1083 3248 1343 3304 solemnis
1415 3249 1568 3304 ducis
1619 3265 1718 3320 per
1772 3251 1963 3305 urbem

288 3336 625 3406 supplicatio
657 3337 934 3390 consuevit
955 3377 968 3390 .
1016 3377 1028 3390 .

287 3424 556 3496 perator)
614 3440 876 3494 magnam
935 3426 1154 3496 copiam
1207 3441 1368 3483 aereae
1419 3435 1796 3500 argenteaque
1844 3443 1959 3484 mo-

284 3517 444 3567 neta.
477 3555 490 3566 .
521 3555 537 3566 .
572 3528 743 3583 quam
761 3513 976 3583 jactari
995 3515 1171 3584 jussit
1201 3516 1262 3568 in
1288 3518 1573 3586 populum.
1606 3515 1785 3571 Graeci
1818 3532 1962 3588 quo-

289 3601 494 3656 tannis
551 3603 760 3672 festum
828 3602 1154 3657 Patmarum
1213 3604 1519 3660 nobiscum
1580 3605 1733 3660 circa
1787 3605 1964 3660 ﬁnem

284 3690 773 3762 Quadragesimaa
821 3690 1141 3758 celebrant,
1175 3697 1241 3748 ut
1285 3693 1396 3748 Leo
1427 3692 1674 3750 Allatius
1724 3694 1788 3750 in
1837 3695 1965 3750 Dis-

281 3780 614 3834 sertatione
645 3779 716 3833 de
756 3779 1080 3835 Dominicis
1130 3785 1188 3835 et
1237 3783 1712 3838 Hebdomadibus
1741 3787 1964 3840 Graeco-

285 3885 420 3924 rum
473 3884 649 3923 num.
685 3869 755 3921 20
784 3872 1082 3924 testatur:
1115 3870 1215 3924 ubi
1263 3870 1439 3926 etiam
1485 3876 1665 3939 notat,
1715 3877 1854 3927 tunc
1893 3874 1964 3928 ab

280 3956 757 4029 imperatoribus
806 3963 866 4012 et
912 3959 1262 4029 patriarchis
1303 3959 1967 4033 Constantinopolitanis

281 4047 436 4102 dona
456 4045 741 4118 quaedam
774 4045 990 4117 populo
1011 4047 1288 4102 distribui
1312 4049 1708 4105 consuevisse.
1732 4053 1806 4105 At
1828 4068 1971 4122 quo-

283 4136 458 4192 modo
492 4135 834 4190 Germanus
865 4135 1218 4208 patriarcha,
1246 4137 1348 4192 38
1379 4140 1621 4194 instante
1644 4140 1969 4196 Patmarum

280 4227 434 4291 festo,
470 4239 764 4278 nummos
805 4224 1084 4295 dispersit
1132 4225 1190 4279 in
1235 4225 1488 4297 plebem,
1522 4227 1570 4282 si
1622 4228 1908 4285 duntaxat
1937 4248 1971 4287 a

279 4314 416 4380 festo
448 4313 804 4367 Pentecostes
835 4328 1025 4384 usque
1050 4314 1122 4368 ad
1156 4314 1414 4369 medium
1455 4315 1572 4371 fere
1603 4315 1970 4388 Septembrem

288 4401 570 4472 ejusdem
603 4399 746 4456 anni
780 4401 935 4470 1267,
961 4401 1152 4457 tribus
1177 4403 1482 4459 mensibus
1511 4407 1568 4460 et
1596 4403 1823 4476 aliquot
1851 4407 1974 4476 die;

282 4467 431 4556 bus,
491 4487 848 4544 cathedram
905 4467 1614 4563 Constantinopolitanam
1673 4467 1972 4580 tenuerit?

279 4577 420 4642 Quis
465 4593 537 4633 ea
583 4575 874 4648 temporis
908 4579 1098 4648 spatio
1147 4579 1404 4635 inveniet
1462 4581 1679 4636 festum
1739 4583 1945 4641 Palma

1994 1947 2041 2011 B

2076 666 2302 722 Christo
2334 669 2471 723 1268
2515 671 2780 723 occurret
2826 667 3039 723 festum
3092 665 3447 732 Palmarum,
3479 681 3592 738 quo
3626 683 3727 738 pa-

2076 756 2329 812 triarcha
2393 756 2492 812 ille
2547 756 2855 828 pecuniam
2907 772 3181 828 spargere
3237 754 3511 827 potuerit.
3565 757 3725 811 Atta-

2075 860 2210 900 men
2241 845 2393 901 circa
2432 845 2777 902 alterutrum
2823 862 3044 901 annum
3095 843 3240 900 nihil
3289 843 3554 900 absolute
3585 843 3727 899 deﬁ-

2075 935 2191 990 nio.
2229 977 2240 989 .
2279 977 2290 989 .
2328 977 2341 990 .
2376 936 2559 990 donec
2603 934 2740 990 huic
2771 935 2921 991 nodo
2969 933 3302 990 extricando
3331 933 3573 1006 peritior
3601 949 3727 988 ma-

2075 1041 2187 1080 nus
2219 1024 2585 1080 adhibeatur.
2614 1046 2641 1072 ››

2147 1113 2478 1170 Peritiorem
2513 1129 2608 1168 me
2639 1113 2914 1168 adhibere
2945 1128 3119 1185 posse
3152 1128 3418 1178 manum,
3454 1111 3730 1168 audacior

2075 1203 2310 1271 fuerim,
2359 1201 2409 1258 si
2458 1201 2674 1258 dixero.
2726 1203 2997 1257 Attamen
3057 1201 3239 1274 gratis
3289 1200 3529 1256 omnino
3569 1200 3726 1256 dice-

2074 1297 2163 1347 ret
2193 1291 2508 1363 quispiam,
2540 1291 2783 1346 Junium
2839 1291 3098 1347 Mensem
3150 1307 3254 1362 pro
3311 1306 3514 1346 mense
3569 1291 3726 1347 Maio

2076 1381 2363 1452 scriptum
2417 1382 2631 1448 fuisse,
2692 1397 2824 1434 cum
2884 1379 3083 1435 nullus
3138 1385 3406 1435 occurrat
3459 1382 3726 1435 vetustus

2074 1471 2275 1536 codex,
2307 1470 2407 1541 qui
2453 1470 2665 1525 variam
2707 1468 2964 1542 aliquam
3015 1469 3346 1541 suppeditet
3389 1468 3723 1524 lectionem.

2073 1558 2318 1613 Nomine
2350 1558 2544 1614 Graeco
2589 1560 3082 1632 Μαιμακτηριῶνος
3132 1557 3450 1630 aliquando
3497 1555 3726 1630 signiﬁ-

2074 1647 2194 1703 cari
2223 1649 2428 1702 Maium
2456 1648 2610 1719 apud
2655 1647 3091 1720 Pachymerem,
3124 1645 3473 1702 imbecillior
3497 1647 3726 1718 conjec-

2073 1741 2207 1792 tura
2265 1737 2442 1804 foret,
2505 1753 2680 1808 quam
2739 1735 3255 1792 constantissimus
3319 1735 3523 1791 evertit
3579 1751 3726 1792 usus

2074 1825 2339 1896 ejusdem
2388 1825 2673 1895 historici,
2715 1841 2947 1881 menses
2994 1825 3132 1880 anni
3183 1823 3417 1896 proprio
3467 1825 3724 1896 quodam

2074 1931 2235 1971 more
2283 1914 2631 1987 appellantis
2682 1916 2732 1968 1.
2767 1907 3229 1986 Ἑκατομϐαιῶνα,
3278 1913 3633 1971 Ianuarium.
3665 1915 3719 1968 2.

2075 2007 2382 2073 Ανναιῶνα,
2439 2005 2822 2061 Februarium.
2880 2005 2933 2058 3.
3001 2001 3253 2078 Χρόνιον.
3320 2004 3608 2060 Martium.
3667 2003 3721 2057 4.

2076 2089 2486 2166 Βοηδρομιῶνα,
2545 2094 2806 2165 Aprilem.
2857 2094 2910 2148 5.
2962 2093 3336 2165 Ηυανεψιῶνα,
3395 2093 3620 2148 Maium.
3667 2093 3724 2147 6.

2078 2182 2573 2255 Μαιμσκτηριῶνα,
2621 2183 2865 2238 Junium.
2896 2183 2950 2236 7.
3004 2181 3453 2256 Ἀνθεστηριῶνα,
3495 2181 3728 2237 Iulium.

2079 2268 2432 2342 Γαμηλιῶνα,
2488 2271 2883 2342 Septembrem.
2932 2271 2984 2324 9.
3035 2263 3514 2347 Ἐλαφηϐολιῶνα,
3571 2269 3733 2326 Octo-

2079 2359 2248 2414 brem.
2318 2361 2404 2414 10.
2471 2361 2896 2433 Μουννυχιῶνα,
2964 2359 3335 2415 Nouembrem.
3406 2359 3492 2414 11.
3563 2356 3732 2432 Σκιῤ-

2080 2445 2419 2524 ῥοφοριῶνα,
2492 2448 2848 2504 Decembrem.
2920 2448 3440 2520 Pachymerianum
3509 2445 3732 2502 mensis

2076 2539 2324 2610 Augusti
2370 2553 2584 2593 nomen
2639 2554 2754 2592 non
2804 2541 3046 2609 apparet
3097 2541 3219 2592 toto
3267 2537 3328 2592 in
3376 2552 3567 2608 opere.
3600 2535 3732 2592 Haec

2079 2626 2313 2698 singula
2340 2624 2598 2681 illustrat
2627 2625 2867 2681 nomina
2902 2625 3182 2681 Possinus
3208 2625 3268 2680 in
3301 2622 3730 2680 Observationi-

2078 2717 2190 2770 bus
2220 2715 2369 2770 libro
2402 2732 2484 2783 ιιι,
2520 2714 2708 2786 capite
2739 2715 2790 2770 1.

2147 2805 2347 2876 Itaque
2388 2803 2608 2858 nodum
2656 2818 2782 2875 ego,
2817 2819 2923 2858 nec
2971 2802 3313 2873 secandum,
3347 2816 3453 2857 nec
3500 2800 3731 2858 solven-

2080 2895 2242 2964 dum,
2276 2892 2464 2948 ullum
2495 2891 2681 2948 video.
2715 2892 2927 2947 Nostra
2955 2908 3211 2963 namque
3239 2889 3727 2964 chronographia,

2077 2982 2577 3054 quemadmodum
2609 2981 2881 3036 Germani
2932 2979 3278 3052 patriarchas
3324 2979 3728 3052 inauguratio-

2075 3089 2210 3128 nem
2269 3071 2340 3126 ad
2402 3087 2620 3126 annum
2680 3071 2855 3125 refert
2904 3069 3043 3123 1264
3082 3071 3140 3125 et
3191 3069 3263 3124 ad
3320 3071 3727 3134 Pentecosten,

2075 3178 2201 3232 quae
2233 3177 2386 3216 anno
2435 3158 2534 3214 illo
2567 3174 2769 3214 mense
2813 3157 2989 3213 Junio
3021 3156 3311 3213 celebrata
3338 3159 3427 3213 est
3455 3173 3467 3212 :
3500 3155 3584 3212 ita
3611 3156 3729 3213 duo

2073 3249 2308 3306 exhibet
2365 3247 2698 3303 Palmarum
2755 3247 2923 3319 festa,
2966 3263 3120 3302 anno
3170 3246 3310 3301 1265
3358 3245 3641 3318 primum,
3673 3247 3732 3302 et

1076 3378 1088 3390 .
1135 3339 1291 3393 misit
1318 3337 1413 3408 (ad
1439 3312 1796 3394 Germanum
1846 3338 1957 3394 im-
1991 3312 2034 3380 α
2075 3356 2226 3395 anno
2275 3338 2415 3392 1266
2454 3336 2726 3406 alterum,
2779 3312 3240 3408 quo'acceptam
3289 3312 3378 3391 ab-
3407 3312 3728 3407 imperato-

2071 3445 2132 3483 re
2177 3425 2488 3499 pecuniam
2538 3424 2752 3497 populo
2786 3423 3064 3497 erogavit.
3097 3422 3224 3480 Una
3268 3427 3541 3495 superest
3570 3423 3727 3478 difﬂ-

2073 3515 2261 3572 cultas
2307 3515 2379 3569 de
2423 3531 2576 3570 anno
2607 3529 2724 3586 quo
2754 3511 3215 3585 patriarchatum
3266 3511 3558 3568 abdicavit
3603 3512 3730 3584 ipse

2073 3604 2424 3668 Germanus,
2473 3620 2538 3658 ac
2587 3603 2862 3674 indeptus
2914 3606 3005 3657 est
3050 3600 3343 3673 Josephus
3387 3600 3725 3658 Galesiota:

2073 3709 2247 3765 quem
2279 3708 2384 3764 ego
2426 3692 2473 3746 si
2509 3693 3004 3756 demonstravero,
3040 3689 3437 3745 deﬁniendum
3467 3689 3566 3745 l9
3599 3705 3728 3746 esse

2075 3798 2294 3839 annum
2340 3797 2464 3835 aera:
2495 3779 2754 3852 vulgaris
2788 3780 2944 3846 1266,
2979 3777 3040 3833 in
3069 3782 3196 3834 tuto
3220 3779 3350 3849 jam
3378 3778 3488 3834 erit
3527 3778 3727 3834 hacte-

2075 3889 2188 3926 nus
2231 3869 2550 3926 constituta
2593 3867 3057 3942 patriarcharum
3087 3865 3576 3939 chronographia.
3606 3870 3731 3940 Age

2073 3977 2208 4016 vero
2217 4001 2228 4012 .

2148 4049 2244 4104 1V.
2303 4048 2648 4102 Narrantem
2715 4045 3049 4101 audivimus
3105 4044 3524 4118 Pachymerem
3578 4044 3727 4102 libro

2078 4155 2152 4208 ιν,
2181 4137 2368 4209 capite
2394 4137 2485 4207 21,
2517 4151 2656 4190 suas
2698 4135 2757 4189 in
2787 4133 3028 4190 cellulas
3059 4133 3416 4189 Germanum
3463 4148 3591 4188 sese
3638 4149 3728 4189 re-

2078 4227 2300 4299 cepisse
2331 4224 2630 4296 Septembri
2657 4239 2860 4294 mense,
2893 4223 2953 4277 in
2982 4225 3120 4294 festo
3166 4221 3498 4278 veneratum
3525 4222 3728 4290 crucis,

2079 4317 2234 4388 quod
2276 4315 2681 4369 Exattationem
2727 4311 3113 4384 appellamus,
3156 4311 3245 4366 die
3295 4309 3726 4381 quartadecima.

2081 4403 2396 4460 Historiam
2453 4407 2643 4457 texere
2694 4400 2882 4473 pergit
2935 4399 3032 4455 ille
3087 4400 3275 4471 capite
3329 4400 3400 4454 23
3449 4416 3462 4455 :
3513 4399 3726 4471 Amata,

2080 4492 2376 4565 inquiens,
2408 4508 2436 4546 e
2462 4491 2584 4547 sede
2627 4491 2910 4560 Germano,
2941 4489 3196 4545 idoneum
3227 4489 3324 4559 qui
3357 4488 3731 4559 patriarchati

2083 4584 2275 4638 throno
2313 4584 2703 4650 imponeretur,
2735 4579 3047 4650 inquirebat
3086 4579 3408 4649 imperator,
3439 4577 3729 4648 Josephum

281 4683 437 4736 rum,
472 4665 638 4737 quod
675 4665 736 4719 in
785 4665 1041 4722 Ecclesia
1072 4669 1270 4724 Graeca
1317 4685 1480 4740 asque
1512 4686 1577 4724 ac
1609 4671 1816 4727 Latina
1846 4689 1960 4729 non
1991 4677 2037 4742 Ι)
2068 4670 2282 4726 Galesii
2317 4671 2680 4741 praefectum,
2703 4670 2852 4740 justo
2880 4669 3273 4739 suffragiorum
3316 4665 3729 4737 comprobatum

282 4755 379 4808 diu
413 4760 557 4809 ante
594 4752 822 4808 Pascha
844 4754 1261 4811 celebratur?»

350 4851 443 4898 An
519 4843 768 4914 objecta:
846 4843 1177 4901 difﬁcultati
1247 4846 1569 4903 satisfaciat
1641 4849 1958 4921 Cuperus?

285 4931 475 4988 Verba
504 4933 643 5003 ejus
691 4936 922 4988 suntm
953 4933 1195 4990 Nullum
1242 4935 1423 5008 igitur
1471 4937 1565 4991 hic
1611 4937 1776 4994 video
1809 4940 1952 4995 etfu-

283 5022 468 5093 gium,
504 5021 628 5076 nisi
670 5020 967 5092 quispiam
1017 5024 1307 5095 ostendat,
1339 5026 1495 5097 apud
1540 5027 1952 5099 Pachymerem

282 5110 523 5166 nomine
556 5109 763 5165 Graeco
816 5111 1038 5167 mensis
1095 5117 1589 5188 Μαιμακτηριῶνος
1637 5115 1954 5187 aliquando

280 5199 487 5254 laium
559 5197 930 5270 signiﬁcari,
988 5205 1092 5256 aut
1159 5206 1357 5274 aperte
1421 5203 1630 5272 edicat,
1691 5220 1955 5260 mensem

282 5289 509 5344 Junium
564 5287 652 5342 ibi
713 5303 1022 5360 perperam
1057 5307 1158 5362 pro
1208 5307 1409 5348 mense
1455 5294 1611 5349 Maio
1667 5294 1955 5366 scriptum

285 5376 480 5435 fuisse.
518 5379 588 5434 In
620 5393 692 5433 ea
739 5376 1056 5450 hypotbesi
1094 5383 1412 5452 utrumque
1444 5380 1814 5454 Pachymeris
1841 5387 1957 5438 tes-

282 5468 600 5525 timonium
634 5467 795 5522 inter
827 5483 892 5523 se
933 5467 1232 5524 conciliari
1283 5474 1501 5541 posset.
1535 5471 1594 5525 Si
1625 5471 1780 5525 enim
1814 5471 1957 5526 Ger-

277 5571 483 5615 manus
515 5575 554 5614 a
587 5561 941 5614 Pentecoste
989 5557 1128 5612 anni
1181 5559 1320 5613 1266
1348 5559 1488 5630 (quo
1517 5558 1620 5614 illa
1647 5560 1708 5614 in
1741 5560 1957 5615 Maium

271 5663 537 5706 mensem
593 5645 858 5718 incidit),
893 5660 1088 5717 usque
1135 5647 1203 5701 ad
1251 5646 1512 5702 medium
1561 5648 1960 5720 Septembrem

265 5739 396 5795 anni
432 5739 588 5795 1267
619 5738 684 5793 in
740 5735 1035 5792 cathedra
1081 5734 1728 5808 Constantinopolitana
1777 5738 1961 5794 sedis-

2071 4775 2321 4823 numero,
2355 4759 2424 4814 ad
2475 4758 2920 4828 patriarchatum
2971 4757 3274 4828 imperator
3318 4757 3516 4819 evexit,
3552 4753 3723 4826 μηνὸς

2070 4846 2547 4923 Σκιρῥοφοριῶνος
2600 4844 2816 4918 εἰκοστῇ
2872 4841 3143 4920 ὀγδόητῆς
3193 4839 3418 4913 δεκάτης
3465 4840 3724 4916 ἐπινεμή-

2061 4958 2219 5006 σεως,
2252 4939 2348 4990 τοῦ
2396 4935 2556 5008 ,ςψοέ
2607 4929 2781 5005 ἔτους,
2815 4935 3019 4990 mensis
3047 4933 3354 4990 Decembris
3398 4932 3487 4988 die
3530 4937 3728 4989 octava

2061 5043 2234 5099 supra
2287 5027 2637 5092 vicesimam,
2699 5023 3019 5079 indictionis
3075 5021 3305 5078 decimae
3367 5023 3508 5077 anni
3559 5021 3730 5102 6775.

2062 5107 2534 5186 Ἑκατομϐαιῶνος
2577 5109 2635 5165 δὲ
2681 5109 2954 5184 νουμηνίᾳ
3000 5108 3424 5186 χειροτονηθεὶς,
3456 5110 3580 5166 Mox
3623 5111 3730 5166 Κα-

2066 5203 2242 5260 tendis
2265 5204 2564 5260 Ianuariis
2593 5202 2995 5258 ordinationem
3045 5200 3192 5257 idem
3236 5199 3600 5272 episcopalem
3625 5199 3730 5255 rite

2065 5293 2289 5364 accepit.

2139 5381 2422 5437 Possinus
2471 5379 2619 5436 libro
2669 5397 2755 5451 ιιι,
2809 5379 2984 5435 citato
3037 5377 3226 5450 capite
3253 5378 3309 5444 6,
3349 5392 3514 5432 num.
3542 5377 3598 5444 2,
3641 5375 3728 5434 sic

2069 5471 2152 5526 ait
2183 5488 2196 5525 :
2227 5472 2485 5525 «Annus
2525 5485 2652 5525 mra:
2703 5469 2910 5524 mundi
2943 5470 3275 5524 Graecorum
3322 5465 3625 5521 reducitur
3653 5467 3726 5522 ad

2067 5559 2369 5632 vulgarem
2419 5575 2543 5613 aarae
2595 5561 2808 5614 nostra:
2867 5556 3106 5624 Christi,
3156 5553 3514 5611 detractione
3561 5554 3725 5611 5508.

2071 5649 2203 5704 Fuit
2233 5664 2367 5720 ergo
2401 5648 2450 5704 is
2491 5665 2683 5703 annus
2727 5645 2945 5702 Christi
2997 5645 3154 5712 1267,
3186 5642 3406 5716 periodi
3454 5657 3590 5698 vero
3622 5642 3725 5698 Ju-

2073 5735 2239 5794 lianae
2287 5737 2450 5791 5980.
2499 5735 2606 5800 Qui
2655 5751 2937 5791 numerus
2984 5733 3208 5790 divisus
3254 5733 3315 5787 in
3363 5731 3730 5804 quindecim,
