4090 6456
393 437 469 497 55
1415 432 1729 495 GEORGII
1776 431 2038 494 CYPRII
2083 431 2198 493 CP.
2246 433 2776 494 PATRIARCHA.
3725 434 3803 493 56

393 567 609 624 indicat
649 567 1050 634 indictionem,
1105 567 1234 638 ejus
1291 567 1429 622 anni
1486 565 2036 632 characteristicam,
2069 569 2126 630 Α
2155 570 2293 620 sunt
2322 566 2518 621 omnia
2549 565 2726 621 dubio
2757 564 2958 636 procul
2989 564 3401 638 peremptoris.
3425 564 3639 621 Eadem
3670 580 3806 621 con-

391 657 715 725 decimam,
766 660 940 728 prout
987 655 1371 728 Pachymeres
1419 655 1655 710 notavit.
1711 655 1874 710 Unde
1930 655 2042 708 du-

391 747 554 802 bium
585 762 713 801 esse
742 762 857 801 non
909 749 1120 816 potest,
1156 746 1293 816 quin
1348 744 1779 817 patriarchatus
1807 743 2046 814 Josephi

394 833 608 890 Galesii
669 851 702 889 a
755 833 1026 889 Kalendis
1082 833 1376 889 Januariis
1436 834 1574 887 anni
1633 833 1849 887 Christi
1909 834 2047 887 1268

392 924 737 996 procedat.»
773 923 940 978 Paria
989 927 1148 989 sunt,
1185 940 1311 993 quas
1355 923 1558 978 scribit
1589 923 1848 992 Cuperus
1881 939 2044 977 num.

391 1014 518 1068 997.
552 1036 579 1062 ‹‹
612 1018 820 1067 Annus
871 1012 1076 1066 mundi
1123 1014 1285 1078 6775,
1338 1013 1508 1082 juxta
1565 1012 1792 1066 Graecos
1850 1028 2047 1066 recen-

393 1103 592 1165 tiores,
625 1107 681 1156 et
724 1100 964 1156 indictio
998 1102 1063 1155 10
1094 1117 1232 1154 cum
1285 1104 1530 1170 utroque
1563 1116 1762 1154 mense
1809 1099 1903 1154 hic
1952 1117 2048 1154 ex-

396 1207 597 1263 presso
630 1189 955 1260 (Decembri
1003 1193 1060 1244 et
1105 1189 1404 1260 Januario)
1439 1189 1613 1242 tinem
1669 1187 1806 1242 anni
1837 1187 2051 1243 Christi

399 1280 537 1334 1267
567 1283 625 1334 et
653 1277 888 1332 initium
920 1277 1058 1332 anni
1110 1279 1245 1332 1268
1293 1277 1617 1332 certissime
1663 1277 1993 1348 designant.
2024 1300 2043 1325 ι

398 1368 559 1424 Ultro
609 1367 898 1422 consentit
943 1367 1272 1422 Bandurius
1321 1383 1333 1420 :
1384 1368 1652 1421 Successit
1698 1368 1759 1420 in
1803 1367 2052 1435 patriar-

397 1462 564 1512 chatu
601 1457 856 1528 Iosephus
913 1455 1002 1510 die
1051 1457 1312 1510 vicesima
1363 1458 1550 1509 octava
1581 1457 1789 1510 mensis
1831 1456 2050 1510 Decem-

401 1547 514 1600 bris
562 1546 701 1599 anni
753 1545 957 1600 Christi
1006 1545 1162 1612 1267,
1196 1548 1245 1598 et
1292 1559 1421 1599 mox
1469 1543 1725 1598 Kalendis
1767 1545 2052 1599 Ianuariis

397 1635 694 1690 ordinatus
721 1636 850 1705 fuit.
889 1677 900 1687 .
939 1674 951 1687 .
992 1675 1004 1686 .
1038 1641 1089 1686 et
1119 1633 1206 1687 die
1233 1635 1267 1685 2
1296 1634 1588 1687 Februarii
1616 1634 1754 1687 anni
1783 1633 1921 1686 1268
1949 1633 2055 1687 sol-

398 1732 480 1780 vit
507 1726 892 1794 imperatorem
938 1722 1309 1777 anathemate.
1344 1721 1554 1776 Eadem
1603 1721 1778 1776 habet
1809 1721 2050 1792 Lequie—

398 1830 512 1868 nus
569 1812 628 1866 in
689 1811 1036 1882 patriarchis
1090 1809 1757 1881 Constantinopolitanis
1812 1816 1970 1865 tomo
2031 1812 2051 1865 Ι

399 1902 642 1958 Orientis
671 1902 836 1956 sacri.

467 1995 710 2057 Iterum,
759 1989 1026 2062 trepidus
1068 1989 1205 2044 licet
1254 1989 1327 2044 ob
1379 1989 1638 2044 virorum
1688 1987 2054 2044 doctissimo-

399 2096 534 2135 rum
567 2079 1000 2149 auctoritatem,
1031 2078 1171 2133 vitio
1212 2081 1410 2133 tamen
1457 2076 1711 2133 calculos
1741 2093 1942 2132 eorum
1975 2075 2056 2132 la-

402 2169 610 2224 borare
659 2184 880 2236 assero,
914 2167 1223 2239 perspicua
1264 2166 1344 2222 rei
1390 2166 1633 2221 veritate
1679 2165 1950 2222 ﬁdentior
1977 2166 2058 2221 ef-

397 2257 603 2322 fectus.
646 2257 790 2313 Dato
841 2274 992 2312 anno
1031 2255 1680 2327 Constantinopolitano
1718 2256 1884 2321 6775,
1917 2257 2058 2310 sub-

396 2346 718 2418 tractisque
763 2346 934 2401 annis
981 2347 1144 2412 5508,
1177 2345 1420 2400 habetur
1471 2360 1654 2400 annus
1688 2344 1894 2399 Christi
1929 2346 2058 2398 1267

397 2451 744 2502 concurrens,
779 2435 869 2506 (ut
899 2436 980 2490 ait
1022 2433 1382 2503 Ricciolius),
1415 2452 1449 2488 a
1479 2434 1737 2489 Kalendis
1778 2435 2062 2490 Ianuariis

399 2541 570 2595 usque
599 2525 671 2579 ad
699 2527 972 2596 sequentis
1020 2523 1346 2596 Septembris
1377 2523 1662 2594 (ejusdem
1714 2523 1850 2578 anni
1904 2515 2063 2580 1267)

397 2614 902 2685 Kalendas.ltaque
944 2630 1135 2668 annus
1180 2614 1323 2667 6775
1362 2613 1657 2683 inceperat
1705 2629 1738 2666 a
1787 2610 2063 2667 Kalendis

396 2703 758 2774 Septembris
806 2701 944 2756 anni
993 2700 1374 2773 praecedentis
1428 2701 1581 2768 1266,
1627 2705 1683 2755 et
1731 2701 1908 2755 ﬁnem
1961 2699 2063 2755 ha-

402 2791 533 2846 buit
563 2791 654 2847 die
701 2795 1002 2863 postrema
1048 2790 1301 2862 Augusti
1352 2789 1488 2844 anni
1542 2791 1698 2856 1267,
1733 2789 2065 2860 incepitque

398 2880 471 2935 ab
502 2879 952 2951 insequentibus
981 2879 1249 2950 ejusdem
1283 2879 1419 2934 anni
1455 2879 1592 2933 1267
1621 2878 1900 2934 Kalendis
1931 2879 2066 2949 Sep-

397 2969 727 3024 tembribus
769 2985 959 3024 annus
987 2969 1147 3023 6776.
1183 2967 1366 3039 Igitur
1415 2967 1541 3023 dies
1573 2968 1640 3021 14
1673 2967 2062 3039 Septembris,

399 3075 516 3130 qua
561 3057 887 3113 Germanus
945 3057 1234 3112 abdicavit
1286 3057 1787 3127 patriarchatum,
1821 3060 1880 3111 et
1936 3057 2064 3111 dies

396 3148 713 3203 vicesimus
761 3151 1001 3202 octavus
1049 3146 1386 3201 Decembris
1419 3145 1558 3200 anni
1607 3146 1773 3212 6575,
1808 3162 1924 3216 qua
1965 3145 2062 3200 Jo-

403 3236 649 3308 sephum
679 3236 739 3290 in
771 3234 1164 3307 patriarcham
1197 3233 1490 3304 promovit
1520 3233 1856 3305 imperator,
1890 3251 1923 3289 a
1952 3237 2060 3289 Pa-

404 3302 674 3396 ch-ymere
734 3302 947 3391 notati,
974 3324 1044 3379 ad
1101 3302 1405 3379 Julianum
1463 3302 1904 3396 serae—vulgaris
1958 3324 2060 3379 40
2090 3302 2132 3368 C

411 3430 634 3469 annum
679 3413 949 3485 pertinet,
991 3429 1106 3467 non
1156 3413 1314 3481 1267,
1349 3412 1448 3467 sed
1499 3413 1655 3477 1266,
1691 3415 1746 3467 et
1798 3411 2066 3467 Kalendae

404 3502 720 3573 Januarise,
755 3501 963 3573 quibus
993 3501 1090 3556 ille
1139 3518 1305 3556 sacra
1348 3500 1669 3572 pontificali
1701 3501 2067 3557 ordinatione

407 3591 681 3646 initiatus
713 3589 845 3658 fuit,
879 3590 1159 3645 inchoant
1186 3589 1487 3645 Julianum
1519 3607 1643 3644 eras
1674 3589 1930 3662 vulgaris
1963 3607 2067 3645 an-

409 3697 576 3748 num,
606 3696 724 3736 non
755 3680 915 3746 1268,
940 3679 1041 3734 sed
1085 3680 1242 3733 1267.
1270 3677 1552 3750 Regulam
1605 3678 1757 3734 hanc
1809 3678 2067 3734 certissi-

411 3786 573 3826 mam
599 3767 925 3824 ratiociniis
970 3772 1026 3823 et
1075 3766 1356 3838 exemplis
1387 3768 1866 3824 confirmavimus
1916 3768 2070 3822 inter

407 3861 580 3915 notas
612 3857 683 3912 ad
715 3856 908 3911 Vitam
941 3856 1201 3928 Gregorii
1232 3856 1448 3929 Cyprii,
1482 3861 1617 3911 nota
1649 3855 1872 3912 scilicet
1895 3858 2028 3928 (21).

480 3945 695 4017 Pagius
749 3946 807 3999 in
859 3945 1277 4000 Dissertatione
1325 3946 1395 3999 de
1447 3945 1685 4000 Periodo
1733 3946 1929 4000 Gracn
1960 3947 2068 4001 Ro-

416 4052 614 4096 mana,
666 4053 829 4090 num.
880 4035 971 4098 63,
1023 4035 1316 4102 admonet,
1359 4035 1418 4088 in
1465 4034 1859 4104 coniungendis
1906 4036 2070 4089 armis

401 4124 704 4180 mundanis
758 4124 1072 4180 Graecorum
1125 4140 1251 4177 cum
1303 4124 1466 4178 annis
1520 4124 1878 4194 Dionysianis
1926 4122 2070 4194 (sive

405 4231 540 4269 cum
580 4213 752 4269 annis
799 4213 1048 4270 Julianis
1080 4229 1204 4266 {era}
1237 4211 1540 4284 vulgaris),
1588 4213 1911 4280 [aciliorum
1961 4228 2072 4267 esse

406 4303 750 4369 methodum,
820 4303 1037 4359 caeteris
1122 4302 1374 4355 omnibus
1456 4301 1887 4372 praeferendam,
1947 4316 2072 4372 qum

408 4394 650 4447 sumitur
705 4408 775 4447 ex
831 4391 1150 4446 indictione.
1210 4392 1445 4446 Annum
1515 4389 1682 4444 illum
1740 4391 1884 4444 6775
1941 4406 2072 4444 vere

411 4481 762 4552 insignitum
821 4483 987 4535 notat
1042 4478 1427 4549 Pachymeres
1486 4478 1785 4533 indictione
1838 4478 2068 4534 decima.

412 4569 587 4639 Atqui
627 4585 760 4624 vero
816 4568 1060 4623 indictio
1117 4567 1363 4633 decima,
1397 4583 1558 4621 more
1615 4567 1913 4637 pontiﬁcio
1973 4574 2074 4622 aut

2155 654 2390 710 ﬁrmare
2421 655 2591 711 liceat
2621 655 2965 711 auctoritate
2995 653 3158 710 Sethi
3188 653 3444 710 Calvisii.
3479 653 3581 709 His
3612 655 3683 710 ad
3714 671 3811 710 an-

2157 761 2298 798 num
2332 746 2469 800 1268
2500 745 2743 800 adnotat
2779 745 2956 815 :(Hoc
2989 745 3162 814 anno)
3213 745 3411 815 incipit
3453 760 3632 799 annus
3665 745 3808 801 Con-

2154 835 2678 906 stantinOpolitanus
2729 835 2871 888 6777
2923 834 3011 889 die
3059 835 3084 888 1
3140 835 3400 890 Octobris.
3449 834 3811 904 Legendum,

2156 923 2245 978 die
2304 925 2328 978 1
2387 923 2741 996 Septembris,
2803 923 3325 978 animadvertimus
3386 923 3444 979 in
3503 928 3642 978 nota
3697 921 3812 994 (21)

2158 1012 2428 1083 superius
2489 1016 2830 1068 memorata.
2893 1014 3095 1084 Itaque
3152 1029 3343 1068 annus
3398 1014 3540 1067 6776
3597 1013 3816 1084 incepit

2159 1119 2310 1156 anno
2344 1103 2503 1170 1267,
2536 1105 2591 1156 et
2622 1119 2812 1157 annus
2841 1103 2983 1156 6775
3011 1101 3230 1174 incepit
3259 1119 3413 1157 anno
3445 1102 3603 1167 1266,
3638 1103 3811 1158 adeo-

2160 1207 2274 1261 que
2302 1192 2640 1262 September
2685 1207 2751 1245 ac
2805 1192 3116 1246 December
3146 1191 3283 1246 anni
3332 1191 3474 1245 6775
3522 1192 3816 1263 pertinent

2161 1281 2227 1334 ad
2285 1297 2506 1334 annum
2555 1297 2678 1334 serae
2709 1280 2965 1351 vulgaris
2999 1281 3155 1334 1266.
3188 1281 3296 1335 Sed
3356 1280 3508 1336 hanc
3566 1280 3816 1351 denique

2164 1368 2423 1441 regulam
2448 1385 2514 1423 ac
2536 1369 2875 1424 methodum
2905 1370 3210 1441 agnovisse
3233 1371 3468 1424 tandem
3502 1369 3816 1424 Possinum

2159 1462 2216 1513 et
2245 1459 2622 1529 approbasse,
2658 1458 2990 1528 peritiorem
3041 1459 3282 1527 factum,
3314 1459 3627 1514 dicendum
3667 1458 3822 1513 infra

2161 1547 2347 1619 capite
2372 1548 2429 1602 5.
2465 1564 2629 1601 num.
2660 1549 2715 1601 6.

2231 1640 2352 1699 Quo
2395 1635 2586 1706 posito
2636 1634 2881 1702 calculo,
2914 1635 3241 1690 rectissime
3287 1635 3418 1690 ﬂuit
3465 1633 3824 1704 chronogra-

2160 1725 2300 1797 phia
2349 1729 2568 1779 nostra.
2600 1726 2766 1780 Anno
2801 1725 2958 1792 1266,
3001 1724 3093 1780 die
3140 1725 3209 1778 14
3256 1721 3634 1795 Septembris,
3665 1723 3828 1778 thr0‘

2162 1831 2304 1869 num
2363 1812 2606 1885 reliquit
2653 1813 3002 1868 Germanus.
3056 1814 3270 1868 Eodem
3331 1828 3484 1867 anno
3535 1812 3694 1880 1266,
3727 1811 3825 1866 die

2089 1904 2230 1998 B28
2279 1901 2635 1973 Decembris,
2677 1902 2736 1956 in
2787 1901 3234 1972 patriarchalem
3283 1901 3562 1958 thronum
3593 1916 3824 1973 promo-

2165 1995 2264 2046 tus
2307 1995 2398 2046 est
2443 1990 2748 2063 Josephus.
2784 1995 2953 2046 Anno
2985 1991 3144 2058 1267,
3179 1989 3453 2047 Kalendis
3497 1989 3824 2060 Januariis,

2167 2096 2395 2136 sacram
2447 2079 2545 2135 ille
2601 2081 2862 2151 suscepit
2921 2079 3312 2152 pontificalem
3367 2079 3820 2145 ordinationem,

2167 2171 2334 2225 Anno
2395 2170 2598 2225 eodem
2659 2170 2817 2239 1267,
2859 2169 2953 2225 die
2997 2171 3034 2222 2
3081 2169 3401 2238 Februarii,
3454 2168 3685 2224 solutus
3733 2171 3827 2223 est

2168 2260 2486 2331 imperator
2530 2259 2902 2314 anathemate
2955 2275 2990 2314 a
3035 2259 3320 2330 Josepho;
3370 2259 3692 2329 eodemque
3722 2257 3824 2312 de-

2171 2364 2333 2403 mum
2367 2365 2517 2402 anno
2550 2349 2686 2402 1267
2716 2348 2963 2420 contigit
2995 2347 3229 2419 eclipsis
3266 2346 3407 2403 solis
3439 2363 3472 2402 a
3500 2346 3828 2418 Nicephoro

2172 2438 2428 2509 Gregora
2484 2438 2764 2493 adnotata
2819 2437 2913 2492 die
2966 2438 3038 2492 25
3095 2437 3252 2492 Maii.
3312 2435 3583 2492 Methodo
3641 2452 3832 2491 annos

2173 2527 2506 2582 mundanos
2536 2527 2865 2582 Graecorum
2910 2525 3287 2598 computandi
3328 2525 3526 2581 minus
3559 2529 3834 2580 accurate

2173 2615 2459 2681 adhibita,
2494 2631 2688 2670 errare
2736 2631 2840 2686 pro
2889 2615 3153 2670 humana
3181 2614 3513 2670 conditione
3537 2614 3694 2669 viros
3724 2614 3830 2669 do-

2173 2704 2487 2771 ctissimos,
2522 2720 2828 2759 necessum
2861 2704 2990 2758 fuit.

2244 2796 2311 2846 V.
2363 2793 2554 2848 Factio
2603 2793 2837 2864 vigebat
2884 2793 2946 2847 in
2994 2792 3246 2848 Ecclesia
3293 2790 3830 2864 Constantinopoli-

2171 2886 2326 2951 tana,
2378 2882 2837 2938 Arsenianorum
2868 2884 2965 2937 41
3001 2882 3178 2948 dicta,
3214 2882 3314 2954 qui
3363 2881 3675 2937 Arsenium
3735 2880 3830 2937 bis

2172 2988 2203 3026 e
2231 2971 2442 3026 throno
2490 2970 2863 3042 patriarchali
2893 2970 3247 3044 depositum,
3281 2987 3385 3043 pro
3432 2969 3691 3042 legitimo
3723 2985 3830 3041 pa-

2173 3060 2428 3115 triarcha
2503 3060 2961 3128 venerabantur,
3031 3064 3384 3132 caaterosque
3462 3058 3828 3130 rejiciebant,

2173 3151 2274 3221 qui
2315 3149 2618 3204 substituti
2671 3149 2919 3204 fuerant.
2973 3148 3180 3205 Recole
3225 3148 3601 3220 Pachymeris
3629 3149 3830 3218 verba,

2174 3255 2300 3309 qua:
2349 3238 2769 3309 descripsimus
2801 3254 2860 3291 ιι.
2894 3237 2948 3292 3.
2980 3237 3235 3309 Josepho
3285 3236 3576 3293 Galesiota
3627 3237 3688 3292 in
3739 3253 3834 3292 se-

2175 3327 2307 3382 dem
2343 3325 2788 3398 patriarcbalem
2839 3331 3055 3395 evecto,
3088 3325 3205 3383 alia
3253 3325 3496 3382 invaluit
3535 3325 3706 3381 factio
3734 3326 3836 3381 Jo-

2176 3415 2563 3486 sephitarum,
2589 3415 2688 3486 qui
2717 3431 2819 3487 pro
2850 3415 3053 3471 eodem
3081 3416 3318 3472 stabant
3345 3415 3600 3487 Josepho
3631 3419 3840 3472 contra

2177 3503 2510 3559 Arsenium.
2545 3504 2699 3560 Satis
2730 3503 2906 3559 hocce
2938 3505 3008 3560 de
3039 3504 3357 3560 schismate
3387 3520 3575 3576 pauca
3603 3503 3838 3559 innuis-

2177 3610 2260 3661 se,
2296 3600 2360 3648 ut
2389 3610 2516 3665 quae
2563 3593 2810 3648 inferius
2854 3592 3101 3649 dicenda
3148 3598 3308 3665 sunt,
3341 3592 3569 3648 facilius
3617 3592 3837 3649 intelli-

2177 3688 2410 3755 gantur.

2831 3788 3060 3847 CAPUT
3100 3788 3168 3844 II.

2178 3881 2442 3952 Georgius
2474 3877 2714 3952 Cyprius
2742 3880 3030 3936 ordinatus
3072 3877 3237 3952 lector
3263 3893 3301 3952 α
3328 3877 3560 3952 Josepho
3588 3878 3837 3949 patriar-

2249 3950 2386 4022 cha,
2448 3950 2827 4024 ascriptusque
2888 3952 3031 4005 clero
3095 3950 3366 4024 palating,
3409 3950 3591 4024 titulo
3629 3958 3835 4024 iproto-

2249 4021 2603 4095 apostolariil
2655 4021 3252 4095 Unionemutriusque
3296 4021 3575 4095 Ecclesiae,
3619 4021 3840 4095 Latinae

2259 4091 2312 4151 et
2352 4095 2564 4165 Graeca,
2613 4093 3048 4150 constituendam
3093 4094 3250 4148 curat
3295 4092 3522 4146 Michael
3562 4091 3838 4165 Palaeolo-

2249 4185 2351 4240 gus
2399 4162 2719 4250 imperator:
2760 4165 3080 4250 .Cermanus
3124 4165 3506 4250 controversiae
3553 4168 3730 4250 status
3775 4162 3846 4218 de

2247 4235 2586 4313 processione
2617 4238 2861 4313 Spiritus
2889 4239 3067 4290 sancti
3112 4251 3147 4289 a
3167 4236 3374 4313 _Patre,
3407 4243 3461 4288 et
3492 4251 3526 4288 a
3553 4235 3717 4313 Filio,
3748 4249 3845 4289 seu

2249 4308 2348 4385 per
2375 4311 2603 4366 Filium.
2645 4308 2795 4364 Malm
2843 4308 3228 4385 controversiae
3275 4314 3540 4385 tempora.
3591 4308 3841 4385 Impera-

2254 4377 2359 4439 tori
2390 4398 2613 4452 operam
2656 4397 2815 4434 suam
2862 4396 2986 4435 cum
3002 4379 3147 4452 aliis
3171 4381 3399 4452 praestat
3429 4377 3666 4452 Cyprius
3710 4393 3842 4432 con-

2255 4466 2339 4510 tra
2387 4451 2682 4523 Josephum
2735 4451 3121 4522 patriarcham
3177 4453 3229 4504 et
3283 4451 3549 4505 Joannem
3606 4451 3846 4505 Beccum

2251 4524 2752 4596 chartophylacem.

416 4657 679 4712 Romano
713 4661 1070 4727 computata,
1107 4654 1288 4710 afficit
1326 4655 1622 4727 integrum
1657 4672 1877 4710 annum
1916 4657 2073 4725 1267,
2109 4670 2153 4733 D
2255 4652 2295 4707 Ι.
2358 4649 2632 4705 Publicas
2718 4647 2954 4718 regebat
3020 4643 3522 4733 Constantinopoli
3611 4642 3844 4700 scholas

417 4762 451 4800 a
481 4743 756 4800 Kalendis
801 4745 1065 4801 Januarii
1119 4761 1306 4816 usque
1355 4745 1426 4798 ad
1479 4743 1766 4800 Kalendas
1812 4744 2076 4800 Januarii

415 4833 704 4890 exclusive
763 4834 901 4890 anni
961 4834 1120 4897 1268,
1154 4833 1370 4905 quibus
1423 4833 1628 4904 incipit
1675 4832 1916 4888 indictio
1966 4850 2076 4888 un-

417 4923 665 4979 decima.
699 4924 805 4978 Sed
843 4923 1043 4978 eadem
1079 4924 1321 4979 indictio
1368 4922 1611 4985 decima,
1648 4921 1696 4976 si
1730 4938 1890 4976 more
1922 4922 2075 4976 Gra-

417 5029 550 5084 rum
608 5015 1005 5084 computetur,
1083 5012 1320 5067 initium
1404 5010 1657 5081 sumpsit
1711 5028 1745 5065 a
1801 5010 2075 5066 Kalendis

417 5101 862 5172 Septembribus
911 5099 1048 5155 anni
1094 5101 1475 5172 praecedentis
1524 5101 1682 5170 1266,
1717 5104 1774 5154 et
1803 5116 1836 5154 a
1865 5098 2075 5154 Kalen-

417 5190 509 5245 dis
544 5189 906 5262 Septembris
954 5188 1261 5244 anni1267
1303 5189 1418 5245 alia
1464 5189 1762 5245 exorditur
1811 5188 2074 5258 indictio,

421 5278 645 5335 scilicet
689 5278 1018 5333 undecima.
1055 5277 1313 5334 Rursum
1355 5295 1547 5334 annus
1587 5276 2075 5348 ConstantinOpo-

421 5367 642 5424 litanus
673 5368 816 5422 6775
847 5367 1070 5422 divisus
1102 5383 1204 5438 per
1236 5368 1322 5436 15,
1356 5366 1518 5422 nulla
1551 5367 1702 5422 facta
1745 5369 1863 5421 sive
1916 5366 2078 5420 addis

420 5457 601 5524 tione,
650 5457 767 5511 sive
816 5455 1233 5526 subtractione,
1267 5456 1644 5511 indictionem
1697 5455 1907 5519 reddit,
1942 5471 2076 5508 cum

425 5563 540 5616 qua
589 5545 794 5615 incipit
825 5563 856 5599 ει
899 5543 1173 5599 Kalendis
1225 5545 1686 5616 Septembribus.
1720 5542 1929 5598 Reddit
1982 5541 2079 5596 ille

423 5651 556 5689 vero
586 5634 964 5690 inriictionem
1012 5633 1320 5700 decimam,
1372 5650 1499 5704 quae
1551 5634 1882 5689 Graecorum
1917 5647 2078 5688 more

427 5740 460 5779 a
491 5723 763 5780 Kalendis
821 5723 1172 5794 Septembris
1221 5723 1359 5780 anni
1410 5723 1548 5778 1266
1599 5723 1916 5792 inceperat.
1953 5722 2078 5777 Hac

2187 4740 2470 4812 Georgius
2530 4736 2887 4809 Acropolita,
2939 4751 3190 4806 magnus
3247 4732 3563 4805 logotheta.
3597 4733 3662 4788 In
3709 4733 3842 4802 ejus

2187 4829 2562 4901 disciplinam
2594 4825 2869 4890 traditus,
2901 4823 3253 4896 proprioque
3289 4822 3542 4878 maxime
3573 4820 3842 4879 excultus

2186 4919 2381 4974 labore
2412 4915 2694 4987 Georgius
2725 4913 2990 4986 Cyprius,
3023 4929 3126 4983 pro
3169 4927 3405 4967 summa
3441 4928 3558 4982 qua
3588 4909 3845 4980 pollebat

2184 5007 2403 5080 ingenii
2461 5005 2538 5073 vi,
2573 5005 2643 5058 ad
2703 5002 2933 5057 culmen
2996 5000 3295 5072 sapientia
3355 4999 3634 5072 pervenit,
3668 5003 3732 5053 ut
3762 4998 3848 5054 ait

2185 5095 2551 5168 Ephrmmius
2603 5089 3306 5161 Constantinopolitanus.
3338 5089 3483 5144 Vide
3536 5091 3706 5144 notas
3751 5087 3842 5157 21,

2184 5187 2256 5240 22
2307 5189 2365 5240 et
2419 5185 2509 5238 23.
2577 5181 2797 5237 Fractis
2861 5178 3085 5234 viribus
3143 5178 3436 5234 fatiscenti
3501 5175 3848 5249 Acropolitaa

2188 5274 2548 5330 substitutus
2579 5275 2668 5326 est
2708 5269 2905 5324 rhetor
2949 5267 3285 5333 Holobolus,
3321 5270 3526 5338 agente
3554 5265 3848 5321 Germano

2187 5361 2538 5436 patriarcha.
2590 5359 2734 5414 Rem
2784 5361 2981 5412 narrat
3029 5356 3412 5428 Pachymeres
3460 5354 3611 5410 libro
3643 5371 3717 5422 ιν,
3749 5371 3846 5410 ca-

2189 5453 2307 5525 pite
2380 5452 2468 5505 15.
2530 5448 2880 5504 Litterarum
2956 5445 3307 5502 commercia
3375 5461 3510 5500 cum
3569 5443 3683 5499 isto
3739 5443 3848 5500 ha-

2187 5541 2387 5595 buisse
2445 5537 2744 5611 Cyprium,
2801 5553 2868 5591 ex
2924 5534 3186 5608 epistolis
3244 5537 3422 5605 patet,
3456 5550 3584 5605 qua:
3641 5537 3842 5588 nostro

2187 5633 2419 5686 exstant
2473 5628 2531 5682 in
2585 5625 2920 5700 apographo
2967 5623 3184 5681 codicis
3243 5623 3839 5695 Lugduno-Bataven-

2188 5736 2291 5775 SIS.
