4090 6458
307 443 382 506 5'1
1538 440 1750 504 VITA.
1785 473 1862 486 --
1891 437 2414 502 DISSERTATIO
2455 437 2505 500 Ι.
3645 430 3726 494 58

381 575 531 632 Idem
575 571 994 645 Pachymeres,
1041 572 1112 628 de
1159 573 1476 645 patriarohi
1535 574 1816 647 dignitate
1854 574 1964 645 Cy-
1996 574 2043 640 Α
2081 571 2268 643 Pauli,
2344 588 2491 643 quas
2573 568 2981 642 praelegebant,
3050 567 3190 624 dicti
3254 567 3428 625 etiam
3492 571 3722 641 aposto-

313 664 429 738 prio
457 661 670 719 collata
701 677 885 734 agens
915 661 977 716 in
1009 662 1340 718 Andronico
1373 663 1723 734 imperatore
1746 662 1893 718 libro
1926 679 1967 732 ι,

314 753 490 824 capite
542 751 632 819 14,
685 751 769 806 sic
820 750 903 806 ait
958 768 972 807 :
1027 747 1332 825 Ἐκλὲγεται
1370 750 1463 822 μὲν
1503 749 1579 812 εἷς
1627 749 1968 824 πατριάρχην

311 841 395 895 τὸν
443 838 504 894 ὲκ
551 837 773 914 Κύπρου
825 839 1121 914 Γεώργιον,
1175 836 1339 914 ἄνδρα
1384 838 1576 914 λόγοις
1626 837 1967 915 ἐντραφέντα,

2077 661 2230 717 larii.

2147 752 2302 806 Inter
2359 747 2655 820 simplices
2711 747 2954 804 lectores
3011 751 3113 804 aut
3166 746 3549 820 apostolarios
3610 762 3725 802 non

2079 840 2236 896 steiit
2266 838 2566 912 Georgius.
2597 838 2805 893 Narrat
2841 837 3204 910 Ephrsemius
3239 835 3727 907 Constantinopo-

313 927 396 982 καὶ
455 923 726 1004 σφραγῖδα
776 931 875 980 τοῦ
930 928 1272 1002 πατριάρχου
1342 928 1541 1005 Ἰωσὴφ
1600 928 1849 1004 φέροντα,
1909 925 1971 979 τὸ

2091 928 2300 983 litanus
2349 928 2504 1000 apud
2551 925 2831 982 Allatium
2877 931 2934 982 et
2965 927 3326 981 Bandurium
3358 943 3371 980 :
3409 924 3535 979 Εἶτα
3562 943 3725 977 κατα-

314 1020 407 1071 τοῦ
448 1013 1052 1090 πρωτοαποστολαρίοο
1100 1015 1174 1077 εἰς
1221 1010 1529 1092 ἀνακτόρων
1582 1010 1968 1093 ἐπιφερόμενον

2083 1015 2209 1078 στὰς
2255 1016 2534 1090 γνώριμος
2577 1015 2922 1092 στεφηφόρῳ,
2971 1014 3060 1068 καὶ
3112 1013 3384 1088 crevsa-fair;
3424 1010 3621 1088 κλήρῳ
3666 1032 3730 1086 γε

316 1102 604 1176 σέμνωμα.
657 1108 796 1172 Quae
844 1107 1021 1162 verba
1071 1106 1151 1162 ita
1196 1108 1369 1162 vertit
1416 1106 1695 1162 Possinus
1746 1121 1759 1160 :
1804 1107 1976 1176 Eligit

2091 1109 2176 1160 τοῦ
2205 1103 2495 1176 παλατίου,
2526 1106 2724 1177 ipsum
2756 1105 3007 1176 denique
3037 1105 3333 1178 Cyprium,
3385 1109 3449 1159 ut
3489 1105 3729 1175 impera-

318 1195 498 1264 igitur
526 1197 587 1250 in
612 1195 1006 1266 patriarcham
1056 1196 1352 1251 oriundum
1380 1212 1408 1251 e
1441 1195 1614 1268 Cypro
1664 1195 1972 1266 Georgium,

312 1286 496 1340 virum
563 1283 832 1340 doctrinis
907 1286 1267 1355 innutritum,
1339 1301 1501 1357 quem
1575 1284 1976 1340 commendaret

308 1373 607 1445 Josephthis
638 1390 671 1427 a
697 1374 922 1445 Josepho
965 1373 1286 1445 patriarcha
1334 1373 1637 1429 benedictio
1692 1379 1924 1441 accepta
1956 1390 1975 1426 :

307 1465 512 1536 quippe
579 1461 753 1517 illum
810 1463 881 1517 ad
936 1465 1275 1534 [unctionem
1335 1464 1603 1529 primarii
1650 1463 1978 1518 eccleszaslis

301 1553 573 1624 palatina:
616 1552 916 1619 concioms,
959 1562 1220 1607 consueta
1266 1554 1440 1607 sacris
1486 1551 1687 1606 ritibus
1733 1552 1839 1606 tali
1887 1565 1977 1606 oc-

307 1642 534 1697 casione
565 1641 697 1695 bene
727 1641 1003 1711 precandi
1047 1641 1291 1708 formula
1333 1641 1526 1712 palam
1583 1657 1617 1694 a
1663 1656 1718 1694 se
1764 1639 1977 1708 delega-

313 1734 457 1796 tum,
489 1739 635 1786 certo
662 1729 986 1786 charactere
1028 1745 1146 1787 suae
1196 1730 1614 1802 approbationis
1658 1745 1722 1784 ac
1775 1729 1980 1799 favoris

315 1820 601 1891 Josephus,
651 1819 780 1874 dum
828 1821 1052 1889 viveret,
1092 1820 1468 1890 insigniverat.
1503 1819 1604 1875 42
1639 1819 1697 1872 ld
1731 1835 1914 1873 unum
1947 1834 1981 1873 a

317 1907 579 1980 Josepho
609 1907 733 1962 haec
764 1907 994 1963 Possini
1025 1905 1426 1978 interpretatio
1471 1905 1690 1961 factum
1739 1905 1977 1976 indicat,
2011 1940 2056 2005 Β

325 1997 482 2069 quod
535 1995 886 2068 primarium
935 1995 998 2050 in
1048 2011 1216 2051 sacra
1253 1995 1372 2050 aede
1405 1994 1667 2067 palatina
1707 1993 1980 2050 ecclesia-

324 2089 478 2152 sten,
523 2100 631 2139 seu
698 2085 1170 2140 concionatorem
1227 2083 1617 2155 designaverit
1679 2083 1977 2156 Cyprium.

322 2173 467 2229 Hinc
496 2174 590 2228 vir
623 2173 1007 2229 doctissimus
1032 2173 1093 2227 in
1123 2172 1439 2238 Glossario,
1475 2173 1546 2228 ad
1577 2187 1776 2228 vocem
1807 2191 1980 2248 σφρα-

317 2261 427 2336 γίς,
481 2263 571 2318 sic
632 2262 767 2316 ait:
811 2284 839 2312 ‹‹
881 2262 1001 2334 Ego
1058 2261 1151 2316 hic
1209 2257 1499 2337 σφραγῖδα,
1557 2261 1982 2318 benedictionem

315 2353 482 2408 verti.
517 2350 785 2407 Intellexi
845 2351 1005 2407 enim
1060 2353 1279 2422 signum
1324 2353 1505 2406 crucis
1535 2367 1712 2406 manu
1744 2367 1977 2423 expres-

315 2457 449 2497 sum
483 2457 519 2495 a
548 2439 885 2512 patriarcha
913 2439 1172 2510 Josepho
1199 2455 1378 2510 super
1420 2438 1602 2494 istum
1641 2440 1975 2512 Georgium,

318 2547 434 2586 una
473 2529 860 2602 pronuntiata
912 2534 1069 2583 certa
1115 2528 1427 2583 verborum
1473 2527 1745 2595 formula,
1780 2544 1896 2599 qua
1926 2528 1978 2584 is

314 2617 539 2673 electus
605 2618 680 2672 ad
749 2615 1010 2673 ofﬁcium
1075 2617 1258 2688 primi
1321 2617 1652 2672 ecclesiastis
1712 2615 1978 2688 palatinas

312 2706 614 2762 concionis
685 2705 819 2776 (hoc
895 2704 1055 2760 enim
1129 2709 1301 2760 sonat
1373 2701 1979 2780 πρωτοαποστολάριο),

311 2796 421 2851 rite
469 2796 544 2850 ad
593 2792 963 2866 {ungendum
1011 2793 1068 2848 id
1119 2793 1516 2849 ministerium
1565 2796 1786 2850 missus
1835 2794 1976 2850 fuis-

313 2887 420 2940 set.
443 2905 472 2933 ι)

381 2973 502 3028 Hac
555 2970 951 3043 praetermissa
997 2970 1285 3038 versione,
1338 2988 1463 3042 quea
1512 2971 1763 3028 nimium
1815 2989 1980 3044 para-

311 3061 638 3135 phrastica,
692 3075 913 3133 proque
975 3060 1144 3130 genio
1211 3061 1559 3116 concinnata
1607 3061 1856 3130 videtur,
1918 3061 1977 3117 id

311 3167 513 3223 presse
542 3166 611 3206 ac
643 3166 778 3205 vere
807 3149 1146 3222 signiﬁcant
1191 3150 1388 3205 Graeca
1438 3149 1810 3222 Pachymeris
1852 3167 1977 3206 ver-

308 3241 428 3295 ba:
463 3239 875 3294 Andronicum
926 3242 1262 3310 Augustum
1313 3239 1372 3293 in
1423 3238 1814 3310 patriarcham
1864 3239 1978 3295 ele-

2084 1198 2192 1252 tori
2233 1195 2490 1264 innotuit,
2538 1196 2686 1252 clero
2737 1195 2934 1267 palatii
2989 1196 3290 1265 ascriptum
3335 1195 3523 1264 fuisse.
3563 1196 3731 1247 Hunc

2084 1285 2494 1356 imperatorem
2525 1283 2806 1340 libentius
2836 1282 3222 1356 intelligerem
3255 1281 3598 1338 Michaelem
3629 1280 3732 1335 Pa-

2084 1374 2411 1446 laiologum,
2463 1373 2562 1444 qui
2610 1372 2885 1446 Cyprium
2935 1373 3269 1428 ordinatum
3315 1371 3591 1427 lectorem
3633 1371 3734 1425 aut

2086 1465 2185 1519 43
2217 1461 2634 1533 apostolarium
2666 1479 2700 1517 a
2727 1462 3001 1533 Josepho,
3053 1461 3204 1517 clero
3256 1460 3516 1532 palatino
3548 1460 3734 1516 ascri-

2087 1551 2288 1623 pserit,
2340 1551 2666 1622 dixeritque
2713 1548 3320 1622 Protoapostolarium.
3381 1549 3734 1604 Primarium

2087 1641 2370 1697 Palatinae
2414 1642 2689 1696 concionis
2736 1641 3095 1696 Ecclesiasten
3135 1637 3406 1710 intelligit
3438 1637 3735 1694 Possinus.

2089 1729 2415 1802 Intelligam
2470 1745 2574 1801 ego
2622 1727 3013 1800 Epistolarum
3063 1733 3122 1784 et
3178 1727 3621 1799 Prophetiarum
3677 1728 3737 1783 in

2087 1835 2241 1874 sacro
2285 1818 2404 1875 wde
2453 1817 2705 1889 palatina
2752 1819 3025 1874 lectorem.
3079 1816 3357 1884 Codinus,
3409 1817 3486 1871 De
3541 1818 3740 1888 ofﬁciis

2091 1909 2298 1963 Palatii
2355 1905 2968 1978 Constantinopolitani,
3020 1905 3208 1978 capite
3274 1923 3351 1972 v1,
3424 1921 3606 1978 agens
3669 1906 3740 1962 de

2089 1997 2290 2065 Feriis,
2324 2011 2451 2068 quae
2479 1997 2537 2050 in
2569 1995 2786 2050 Palatio
2813 1997 3015 2066 feriari
3064 1995 3260 2062 solent,
3293 2011 3358 2050 ac
3401 1996 3649 2063 primum
3677 1995 3741 2051 de

2089 2086 2238 2141 Festo
2265 2085 2582 2141 Nativitatis
2617 2085 2856 2150 Domini,
2891 2083 2980 2139 sic
3025 2083 3106 2139 ait
3149 2100 3312 2139 num.
3349 2084 3414 2138 14
3449 2101 3462 2140 :
3495 2084 3743 2139 Psalmos

2089 2176 2361 2229 Horarum
2414 2172 2544 2244 legit
2586 2173 3005 2229 archidiaconus
3050 2191 3068 2226 :
3117 2171 3496 2244 Propheliam,
3529 2181 3581 2229 et
3610 2173 3744 2243 Apo-

2087 2265 2284 2320 stolum
2336 2263 2870 2334 Protoapostolarius
2929 2281 2947 2317 :
2995 2278 3063 2318 ea:
3119 2263 3441 2334 Evangeliis
3489 2263 3744 2333 primum

2089 2352 2308 2423 quidem
2353 2353 2482 2424 legit
2524 2356 2855 2424 protopapa,
2900 2351 3122 2423 reliqua
3171 2353 3278 2408 alii
3321 2351 3640 2408 sacerdotes.
3675 2350 3741 2405 In

2087 2441 2249 2497 Notis
2272 2443 2342 2497 ad
2366 2441 2521 2496 hunc
2545 2441 2738 2497 locum
2764 2442 3019 2498 Jacobus
3041 2441 3351 2497 Gretserus
3380 2441 3502 2496 haec
3523 2439 3701 2496 habet
3725 2441 3740 2480 τ

2091 2553 2113 2580 ιι
2149 2531 2704 2602 Protoapostolarius.
2736 2530 2914 2586 Vides
2962 2535 3018 2586 et
3063 2530 3160 2585 hic
3199 2547 3412 2585 nomen
3451 2528 3740 2585 Graecani-

2088 2636 2166 2675 cze
2211 2619 2550 2675 ambitionis
2602 2637 2615 2675 :
2668 2619 2823 2690 quod
2878 2618 3032 2674 inter
3080 2618 3236 2685 illos,
3284 2618 3385 2690 qui
3438 2618 3745 2689 apostolum

2086 2709 2327 2764 Paul-um
2353 2707 2587 2779 publice
2634 2707 2922 2778 legebant,
2973 2707 3082 2763 hoc
3129 2711 3218 2763 est
3259 2706 3413 2762 inter
3454 2706 3741 2778 Apostula-

2086 2798 2218 2864 rios,
2306 2795 2616 2852 voluerunt
2699 2797 2916 2852 habere
2990 2796 3578 2866 Protoapostolarium.
3655 2795 3739 2850 Ab

2086 2886 2262 2942 hocce
2293 2901 2534 2941 munere
2578 2885 2875 2941 diversum
2924 2901 3060 2958 ergo
3097 2885 3328 2941 videtur
3374 2900 3592 2940 munus
3638 2887 3740 2940 Ec-

2086 2976 2374 3045 clesiaslis,
2401 2973 2501 3047 qui
2529 2973 2649 3030 sive
2676 2973 3044 3046 Apostolum,
3077 2973 3198 3029 sive
3226 2972 3550 3046 Evangelia
3571 2989 3744 3045 expo-

2087 3065 2279 3120 nebat.
2324 3063 2800 3134 Codinus,capite
2849 3081 2896 3132 1,
2957 3063 3018 3117 in
3067 3061 3238 3118 tertio
3280 3061 3558 3128 Quinario
3618 3079 3738 3116 me-

2087 3157 2277 3209 morat
2307 3148 2629 3205 διδάσκαλον
2677 3153 2774 3204 τοῦ
2822 3148 3177 3226 Εὗαγγελίου,
3219 3151 3526 3207 Doctorem
3570 3155 3746 3207 Evan-

2093 3245 2245 3314 gelii,
2307 3245 2406 3313 qui
2460 3243 2862 3310 interpretatur
2911 3241 3062 3296 illud
3099 3258 3117 3295 .·
3166 3243 3220 3296 et
3269 3235 3590 3294 διδάσκαλον
3649 3241 3746 3292 τοῖ’)

308 3331 470 3402 gisse
505 3328 813 3397 Georgium
844 3309 1133 3399 Cyprium,
1163 3329 1352 3382 virum
1380 3309 1719 3383 sermonibus
1738 3329 1984 3383 innutrz-
2016 3309 2058 3375 ί)
2093 3309 2456 3400 ἷΑποστᾶλου,
2499 3309 2776 3385 doctorem
2821 3328 3083 3400 Apostoli,
3133 3329 3230 3398 qui
3276 3327 3432 3382 illius
3479 3329 3748 3399 interpres

304 3422 444 3479 tum,
506 3425 558 3473 et
608 3415 927 3473 ordinatum
971 3433 1006 3471 a
1053 3417 1375 3487 patriarcha
1418 3416 1675 3488 Josepho,
1705 3422 1984 3489 protoapo-

303 3507 535 3562 statarii
563 3505 836 3574 dignitate
883 3506 946 3559 in
988 3506 1197 3576 palatio
1237 3505 1674 3561 condecoratum.
1710 3505 1841 3561 Haec
1887 3523 1982 3562 ea-

308 3596 450 3650 dem
481 3595 675 3650 versio
709 3600 796 3649 est
828 3594 1036 3649 Leonis
1067 3593 1267 3649 Allatii
1298 3593 1358 3648 in
1388 3593 1653 3650 Diatriba
1697 3595 1768 3651 de
1815 3594 1985 3650 Geor-

308 3700 443 3756 gus.

383 3771 887 3838 Existimaverim,
934 3770 1130 3826 verbis
1179 3770 1320 3838 illis,
1376 3771 1693 3827 ordinatum
1737 3789 1772 3828 a
1816 3775 1984 3844 patri-

308 3861 489 3917 archo
554 3861 806 3930 Josepho,
868 3855 1138 3937 σφραγῖδα
1200 3863 1299 3913 τοῦ
1365 3860 1711 3935 πατριάρχου
1781 3861 1980 3938 Ἰωσὴφ

310 3948 571 4026 φέροντα,
604 3949 1034 4005 ordinationem
1093 3949 1433 4021 signiﬁcari,
1468 3966 1584 4022 qua
1614 3950 1888 4022 Cyprium
1919 3951 1980 4008 in

307 4040 596 4096 lectorem
629 4037 945 4093 initiaverit
991 4038 1306 4111 Josephus.
1350 4039 1498 4094 Hinc
1545 4055 1744 4094 vocem
1793 4039 1977 4107 illam,

307 4125 608 4206 σφραγῖδα,
642 4143 867 4182 meram
902 4126 1332 4183 benedictionem
1373 4127 1532 4183 haud
1572 4127 1977 4195 intellexerim,

306 4217 409 4274 sed
442 4232 725 4272 manuum
753 4215 919 4272 illam
949 4218 1376 4288 impositionem,
1402 4233 1518 4286 qua
1546 4217 1791 4272 lectores
1825 4216 1980 4288 apud

304 4308 542 4364 Grmcos
613 4304 1024 4361 initiabantur.
1092 4305 1306 4361 Vocem
1365 4305 1633 4361 eamdem
1686 4321 1982 4377 exponens

299 4397 392 4453 Jo.
425 4395 660 4467 Caspar
686 4394 964 4450 Suicerus
987 4395 1249 4465 adnotat,
1281 4399 1554 4451 Mannum
1575 4396 1983 4466 impositionem

305 4482 639 4556 designari,
671 4497 798 4555 qua?
824 4484 988 4554 [iebat
1032 4483 1102 4538 ad
1150 4483 1580 4550 ordinationem,
1610 4488 1663 4538 et
1691 4486 1978 4556 consigna-

305 4576 379 4630 tio
413 4572 741 4634 dicebatur;
791 4574 922 4644 quia
970 4580 1088 4627 tum
1125 4589 1357 4627 manum
1402 4575 1742 4644 imponerent
1784 4575 1975 4645 capiti,

2092 3423 2189 3476 est.
2238 3419 2383 3474 Hinc
2428 3435 2584 3489 vero,
2637 3419 2951 3473 adnotante
3009 3416 3308 3488 Ducangio
3357 3417 3419 3472 in
3472 3417 3746 3473 Glossario

2093 3508 2274 3564 erco
2306 3526 2325 3563 :
2353 3502 2643 3576 διδάσκειν,
2681 3508 2911 3578 proprie
2954 3514 3031 3562 est
3083 3507 3400 3562 concionem
3447 3505 3647 3561 habere
3675 3505 3746 3561 ad

2085 3598 2354 3670 populum
2413 3597 2474 3651 in
2529 3597 2769 3652 Ecclesia
2825 3612 2845 3650 :
2901 3612 2969 3651 ac
3024 3594 3316 3666 ejusmodi
3376 3595 3746 3650 concionato-

2091 3702 2184 3742 res
2241 3686 2314 3742 ab
2373 3684 2644 3757 episcopo
2694 3683 3094 3756 seligebantur
3139 3700 3208 3739 ex
3257 3683 3450 3740 ordine
3491 3683 3744 3740 sacerdo-

2093 3783 2226 3831 tum.

2159 3863 2350 3936 Cyprii
2403 3879 2620 3919 munus
2672 3866 2850 3935 patet,
2905 3879 3022 3934 quo
3079 3862 3432 3936 fungebatur
3485 3862 3547 3918 in
3592 3861 3744 3919 clero

2089 3953 2370 4025 palatino.
2419 3952 2566 4008 Huic
2621 3952 2693 4008 ab
2750 3953 3095 4024 imperatore,
3130 3949 3479 4029 πεφηφόρῳ,
3524 3951 3742 4022 ascrip-

2088 4046 2214 4096 tum
2249 4042 2450 4108 luisse,
2487 4040 2666 4096 tradit
2695 4040 3065 4113 Ephrasmius
3115 4057 3128 4094 ε
3182 4056 3372 4112 neque
3414 4044 3613 4095 tamen
3642 4039 3746 4094 ab-

2090 4132 2341 4194 nuerim,
2392 4129 2645 4185 formula
2692 4130 2948 4200 quadam
2997 4128 3420 4184 benedictionis
3458 4127 3743 4195 adhibita,

2091 4220 2162 4274 ad
2194 4218 2340 4274 illud
2388 4218 2497 4274 rite
2547 4218 2884 4274 obeundum
2942 4233 3183 4284 munus,
3216 4217 3466 4272 missum
3494 4216 3675 4272 fuisse
3711 4233 3746 4273 a

2089 4307 2345 4380 Josepha
2376 4306 2729 4379 patriarcha.
2783 4306 2913 4362 Haec
2947 4307 3029 4362 ita
3059 4321 3190 4361 sese
3232 4305 3282 4361 si
3333 4305 3610 4376 habeant,
3643 4306 3741 4361 de-

2090 4396 2460 4467 relinquendi
2492 4400 2633 4450 sunt
2663 4395 3016 4467 Spondanus
3046 4396 3117 4450 ad
3150 4411 3372 4450 annum
3402 4393 3736 4464 4283,num.

2087 4486 2206 4556 9,et
2234 4484 2560 4540 Gulielmus
2595 4485 2754 4552 Cave,
2793 4484 3013 4540 aientes
3061 4500 3074 4540 :
3124 4483 3397 4556 Cyprium
3445 4500 3479 4537 a
3525 4484 3742 4539 Latinis

2088 4575 2343 4630 lectorem
2389 4573 2713 4629 ordinatum
2765 4575 2953 4644 fuisse.
3015 4571 3114 4628 His
3170 4571 3346 4627 etiam
3397 4571 3744 4627 adversatur

303 4665 423 4716 tum
453 4663 685 4732 signum
723 4661 906 4715 crucis
958 4661 1022 4715 in
1076 4661 1255 4732 capite
1298 4660 1654 4716 consecrandi
1685 4662 1984 4731 faciebant.
2016 4675 2063 4740 D
2093 4662 2459 4735 Nicephorus
2519 4662 2826 4734 Gregoras,
2885 4661 3203 4733 datamque
3244 4659 3595 4732 suspicionis
3633 4660 3744 4715 hu-

303 4751 527 4806 Pavent
583 4747 794 4804 Isaacii
864 4747 1125 4804 Habertii
1197 4749 1654 4821 observationes,
1713 4749 1774 4805 in
1832 4749 1982 4806 libro

304 4835 646 4894 PontiﬁcaJi
697 4837 970 4892 Ecclesia:
1017 4836 1249 4893 Graecas.
1296 4837 1476 4894 Docet
1530 4854 1741 4910 nempe
1787 4839 1980 4895 obser-

304 4933 420 4983 vat.
488 4927 545 4981 II
590 4927 662 4982 ad
697 4929 925 4996 partem
969 4942 1026 4980 1v
1056 4926 1324 4998 Liturgise
1355 4926 1652 4998 ordinum,
1693 4943 1808 4983 non
1849 4943 1978 4983 esse

305 5016 559 5073 solitum
591 5015 752 5087 apud
781 5014 1011 5071 Grmcos
1059 5015 1399 5087 quempiam
1429 5019 1675 5072 tonsura
1704 5017 1976 5088 insigniri

303 5113 442 5161 ante
501 5104 790 5160 lectorum
851 5103 1118 5159 ordinem
1173 5121 1186 5160 :
1237 5104 1391 5160 hanc
1437 5110 1746 5161 tonsuram
1785 5106 1977 5161 vocari

305 5189 580 5272 σφραγῖδα
644 5197 746 5261 τῆς
813 5188 1190 5268 ἐπικουρίδος’
1254 5193 1515 5249 ordinari
1579 5193 1822 5250 lectores
1875 5212 1979 5266 per

301 5300 580 5341 mnum
623 5283 1035 5354 impositionem
1083 5301 1103 5338 :
1148 5281 1271 5338 illis
1323 5282 1502 5339 etiam
1559 5284 1712 5339 tradi
1758 5283 1975 5339 librum

303 5371 727 5448 apostolicum,
759 5371 819 5427 id
850 5375 942 5427 est
971 5369 1137 5427 Pauli
1187 5370 1435 5443 apostoli
1482 5371 1760 5444 epistolas
1792 5372 1975 5428 conti-

305 5468 550 5519 nentem
599 5477 613 5517 :
661 5477 988 5532 eorumque
1034 5461 1274 5516 demum
1321 5460 1581 5516 ofﬁcium
1613 5461 1975 5533 praecipuum

305 5553 487 5609 situm
529 5551 716 5607 fuisse
766 5551 831 5606 in
877 5550 1230 5621 praelectione
1285 5548 1563 5621 Apostoli,
1612 5549 1978 5621 aliarumque

304 5657 487 5700 sacrae
522 5641 845 5714 Scriptum
875 5637 1136 5712 partium
1181 5653 1379 5695 coram
1422 5639 1638 5710 populo
1702 5639 1762 5694 in
1811 5655 1980 5695 sacra

302 5731 532 5806 synaxi.
581 5730 726 5788 Hinc
774 5729 1032 5787 lectores
1077 5727 1232 5801 apud
1285 5727 1511 5784 Griecos
1561 5728 1633 5784 ab
1696 5727 1976 5800 Epistolis

2086 4754 2254 4823 jusce
2283 4750 2649 4807 occasionem
2681 4751 2869 4822 aperit
2896 4750 3044 4805 libro
3071 4767 3149 4819 v1,
3181 4748 3374 4821 capite
3403 4749 3446 4817 Ι,
3475 4766 3640 4804 num.
3681 4750 3740 4805 7.

2088 4843 2162 4896 Eo
2198 4844 2491 4912 praetextu,
2540 4840 2835 4910 inquiens,
2883 4838 3090 4911 Cyprio
3144 4836 3413 4894 nonnulli
3458 4839 3736 4894 adversa-

2086 4931 2317 4996 bantur,
2369 4929 2509 4999 quod
2551 4929 2751 4998 viginti
2793 4932 2958 4982 natus
3004 4943 3199 4996 annos,
3231 4943 3262 4982 e
3289 4927 3466 4998 Cypro
3515 4928 3590 4982 ad
3635 4931 3741 4982 Ro-

2084 5033 2274 5074 manos
2301 5033 2478 5074 mores
2504 5033 2559 5073 se
2586 5017 2920 5082 contulisset,
2952 5020 3004 5071 et
3033 5016 3367 5087 quibusdam
3411 5016 3736 5071 Latinorum

2085 5107 2287 5162 ritibus
2342 5122 2526 5162 secum
2580 5106 2788 5171 allatis,
2849 5106 3025 5160 locum
3070 5105 3306 5161 dedisset
3359 5105 3520 5174 vulgo
3567 5104 3743 5175 suspi-

2085 5197 2274 5266 candi,
2309 5195 2523 5251 lectoris
2562 5194 2810 5250 ordinem
2838 5195 2891 5250 ei
2917 5195 3178 5250 collatum
3201 5196 3377 5266 fuisse
3406 5211 3441 5249 a
3479 5195 3692 5250 Latinis
3719 5210 3741 5257 ,-

2085 5287 2200 5339 sive
2252 5283 2310 5339 id
2362 5284 2662 5339 malevolus
2728 5285 3006 5355 quispiam
3062 5290 3194 5338 ante
3258 5285 3570 5355 sparsisset,
3629 5284 3744 5339 sive

2085 5372 2397 5429 zelatorum
2437 5372 2764 5441 improbitas
2810 5389 2879 5427 ea:
2924 5375 3166 5444 tempore
3201 5374 3578 5442 conﬁnxisset.
3613 5374 3736 5437 Quo

2086 5463 2323 5517 demum
2358 5459 2588 5516 circiter
2617 5478 2768 5517 anno
2799 5461 3072 5534 Cyprium
3126 5462 3184 5516 in
3236 5461 3508 5517 lectorem
3551 5460 3742 5516 initia-

2083 5549 2234 5605 verit
2261 5548 2579 5619 Josephus,
2614 5553 2751 5606 nota
2781 5549 3056 5606 chronica
3098 5548 3261 5605 nulla
3307 5535 3578 5614 occurrit,
3611 5564 3740 5619 qua

2085 5639 2145 5693 id
2177 5637 2320 5693 satis
2350 5637 2587 5693 indicet.

2160 5727 2228 5782 Il.
2277 5731 2486 5784 Annus
2544 5741 2668 5785 sares
2717 5726 2978 5800 vulgaris
3026 5727 3162 5784 4271
3213 5725 3568 5797 volvebatur,
3619 5743 3737 5801 quo
