4090 6474
320 393 401 454 59
1347 404 1662 470 GEORGII
1707 408 1968 471 CYPBII
2013 407 2130 470 GP.
2177 409 2710 472 PATRIABCILE
3649 405 3729 468 60

321 531 635 601 Thealdus,
685 534 1003 594 vicecomes
1061 537 1456 609 Placentinus,
1517 541 1966 597 archidiaconus
1992 542 2044 608 Α
2079 541 2237 614 Opus
2269 547 2585 614 utrumque
2618 545 2903 598 memorat
2932 541 3028 599 45
3065 539 3469 613 Pachymeres,
3502 537 3605 596 lib.
3646 557 3724 604 v1,

323 621 682 692 Leodiensis,
733 627 820 680 vir
876 633 1117 683 sanctus
1173 635 1230 684 et
1277 629 1606 702 religiosus,
1683 631 1740 684 in
1801 632 1968 703 Syria

319 727 690 769 commorans
719 715 778 769 in
812 716 1157 788 obsequium
1207 718 1440 788 Christi,
1496 720 1695 775 audito
1749 737 1866 774 suae
1906 719 1966 774 in

321 801 650 858 Romanum
685 806 1017 875 pontiﬁcem
1049 806 1348 864 electionis
1379 809 1747 880 nuntio,quze
1764 810 1966 864 eodem

321 907 474 946 anno
506 893 638 946 1271
674 899 908 964 peracta
953 901 1042 951 est
1088 897 1182 952 die
1229 899 1298 952 23
1353 899 1601 970 Augusti
1635 899 1772 953 dum
1807 915 1834 953 e
1865 897 1964 970 Sy-

320 981 413 1034 ria
469 981 540 1036 ad
587 982 685 1038 hoc
733 985 954 1040 Romam
1002 988 1381 1056 proﬁsceretur
1432 993 1533 1043 44
1589 989 1785 1059 (verba
1829 991 1968 1042 sunt

321 1068 712 1142 Pachymeris,
769 1072 918 1128 libro
965 1092 1021 1138 ν,
1071 1077 1258 1147 capite
1290 1077 1400 1146 11),
1433 1093 1463 1130 e
1494 1093 1555 1131 re
1583 1094 1691 1131 sua
1742 1075 1968 1130 censuit

319 1159 538 1213 mittere
567 1160 636 1214 ad
665 1163 1061 1232 imperatorem
1090 1169 1258 1220 certos
1293 1167 1533 1221 homines
1579 1182 1702 1220 cum
1748 1165 1962 1232 litteris,

320 1248 417 1317 qui
447 1247 806 1316 declararent,
855 1254 1073 1326 ingenti
1116 1270 1177 1309 se
1218 1255 1411 1309 ardere
1452 1254 1722 1309 desiderio
1763 1269 1963 1323 procu-

322 1336 509 1391 ναηάεε
536 1340 688 1408 Ραϐἰις
735 1342 1122 1413 Ecclesiarum,
1153 1349 1202 1398 et
1232 1346 1416 1414 ﬁrmae
1463 1347 1604 1399 inter
1649 1361 1736 1399 eos
1781 1343 1965 1396 conci-

322 1424 530 1482 liandg
574 1429 894 1485 concordiae.
928 1433 1054 1502 Ipse
1103 1449 1356 1504 namque
1402 1433 1718 1498 Thealdus,
1766 1435 1966 1504 postea

322 1513 635 1585 Gregorius
686 1517 729 1570 X
780 1519 838 1572 in
895 1521 1235 1590 pontiﬁcatu
1291 1522 1638 1594 appellatus,
1690 1525 1961 1580 audierat.

320 1603 452 1672 quid
479 1604 547 1658 ab
578 1606 691 1675 ipso
720 1607 1113 1681 (imperatore)
1144 1615 1351 1666 moveri
1397 1621 1632 1682 emptum
1661 1614 1724 1668 de
1755 1614 1851 1669 hoc
1874 1630 1964 1682 ge-

318 1708 446 1747 nere
474 1696 712 1762 fuisset:
739 1698 933 1768 quidve
972 1700 1097 1768 jam
1140 1717 1304 1772 super
1342 1720 1406 1758 ea
1452 1719 1514 1757 re
1559 1703 1829 1759 decessori
1869 1719 1966 1758 suo

319 1781 531 1852 (ipsius
566 1783 847 1856 Gregorii)
892 1803 1054 1858 papae
1106 1789 1369 1846 Clementi
1405 1793 1780 1848 nuntiandum
1829 1810 1862 1846 a
1911 1809 1968 1848 se

315 1879 562 1926 curasset
591 1872 751 1928 Idem
773 1880 1098 1946 Augustus.

390 1960 704 2017 Summum
773 1966 1110 2035 pontiﬁcem
1169 1968 1524 2026 Clementem
1580 1973 1653 2026 ιν
1705 1971 1966 2044 intelligo

319 2066 472 2106 anno
500 2052 640 2107 1265
673 2052 943 2120 electum,
976 2057 1342 2132 maximeque
1391 2078 1798 2133 praecessorem
1839 2063 1966 2134 ejus

318 2138 618 2195 Urbanum
654 2141 745 2209 IV,
782 2147 846 2197 ut
892 2145 1019 2215 ejus
1066 2162 1135 2200 ex
1186 2145 1396 2203 litteris
1427 2135 1602 2220 patet,
1633 2150 1786 2206 datis
1815 2167 1967 2206 anno

318 2229 480 2299 1263,
513 2235 569 2284 et
599 2247 751 2286 anno
783 2232 1110 2304 insequenti
1154 2237 1312 2291 1264.
1365 2239 1474 2294 Eas
1523 2239 1781 2294 referunt
1829 2240 1966 2295 Wa-

321 2318 559 2391 dingus,
607 2324 664 2374 et
711 2322 1068 2393 Raynaldus,
1119 2329 1175 2380 et
1225 2327 1573 2384 Laurentius
1617 2333 1814 2399 Cozza,
1867 2329 1967 2400 qui

321 2423 431 2461 sua
457 2406 517 2462 in
540 2408 798 2464 Historia
829 2411 1114 2483 polemica
1157 2414 1228 2470 de
1279 2415 1610 2472 Graecorum
1654 2417 1970 2473 schismate

321 2513 444 2552 rem
478 2497 628 2552 hanc
654 2498 1104 2570 diligentissime
1136 2507 1468 2575 pertractat.
1520 2510 1705 2561 Hocce
1753 2505 1870 2561 imo
1899 2507 1970 2561 de

321 2587 552 2658 negotio
583 2588 677 2661 agi
708 2589 856 2644 votis
890 2591 1319 2648 ardentioribus
1349 2599 1604 2666 emptum
1636 2595 1825 2650 fuerat
1860 2596 1968 2650 sub

317 2676 544 2732 Joanne
574 2676 754 2742 Duca,
788 2679 941 2735 dicto
970 2680 1255 2748 Vatatzio,
1305 2683 1404 2754 qui
1454 2683 1745 2739 Orientale
1787 2683 1969 2755 impe-

321 2765 476 2820 rium
508 2783 660 2821 anno
692 2768 830 2822 1222
861 2771 1248 2841 capessiverat
1298 2789 1310 2826 :
1358 2773 1676 2845 sedemque
1713 2774 1968 2841 tenebat,

322 2859 492 2926 capta
521 2872 555 2910 a
582 2855 803 2912 Latinis
835 2858 1360 2932 Constantinopoli,
1411 2863 1612 2917 Nicaeae
1661 2863 1720 2917 in
1773 2862 1968 2933 Bithy-

321 2944 437 2998 nia.
486 2944 678 2998 Vitam
737 2947 944 3016 agabat
987 2946 1096 3002 hoc
1146 2952 1410 3019 tempore
1439 2949 1526 3004 vir
1554 2948 1972 3004 celeberrimus

323 3032 686 3104 Nicephorus
717 3033 1062 3100 Blemmida,
1095 3037 1197 3107 qui
1230 3036 1486 3108 plurima
1531 3056 1634 3110 pro
1685 3037 1972 3094 catholico

325 3122 396 3175 de
445 3122 819 3192 processione
868 3123 1121 3194 Spiritus
1179 3126 1366 3181 sancti
1411 3127 1684 3198 dogmate
1737 3127 1974 3199 scripsit

326 3209 554 3280 Scripta
583 3210 708 3279 ejus
739 3209 1176 3282 elegantissima
1212 3215 1439 3286 vulgari
1485 3221 1691 3288 empta,
1735 3217 1974 3271 adnotat

1997 1918 2044 1982 B

2078 631 2266 700 capite
2311 632 2379 684 28
2435 649 2446 686 :
2497 632 2814 687 Inciderunt
2862 633 3020 702 forte,
3074 630 3366 700 inquiens,
3418 631 3479 684 in
3528 645 3727 683 manus

2075 720 2232 776 Becci
2308 719 2605 790 (Michaele
2672 720 3018 790 imperatore
3087 717 3542 788 transmittente)
3603 732 3726 789 qua

2073 811 2511 880 sapientissimus
2541 809 2872 864 Blemmidas
2919 809 2992 862 ad
3035 808 3419 878 imperatorem
3473 806 3726 862 Theodo-

2076 915 2199 953 rum
2230 900 2588 970 scripserat...
2638 903 2691 954 et
2737 898 2806 953 ad
2849 897 3104 953 Iacobum
3145 896 3442 967 Bulgarize.
3489 894 3726 950 Gravis-

2076 988 2292 1042 simum
2323 988 2535 1052 virum,
2586 987 2796 1044 litteris
2845 1004 2910 1043 ac
2959 986 3221 1042 moribus
3251 984 3721 1049 ornatissimum,

2076 1093 2250 1147 quam
2287 1095 2460 1132 suum
2499 1077 2775 1132 laudatus
2805 1077 3147 1132 Theodorus
3195 1075 3460 1130 Lascaris
3507 1090 3720 1145 praece-

2076 1171 2298 1238 ptorem
2329 1167 2632 1230 habuerat,
2687 1168 2757 1221 ad
2802 1163 3513 1236 Constantinopolitanum
3561 1163 3722 1217 thro-

2075 1271 2216 1309 num
2249 1272 2400 1310 anno
2435 1257 2572 1310 1255
2601 1256 3024 1327 designaverat,
3056 1259 3204 1309 teste
3235 1252 3492 1325 Gregora
3523 1269 3536 1306 :
3569 1251 3723 1323 quod

2072 1343 2199 1415 ipse
2229 1345 2480 1414 recipere
2511 1344 3055 1416 splendidissimum
3089 1358 3306 1396 munus
3339 1340 3548 1395 renuit.
3573 1339 3724 1394 Mor-

2075 1437 2194 1486 tem
2221 1434 2472 1504 denique
2505 1434 2651 1488 obiit
2680 1450 2830 1488 anno
2863 1434 3020 1487 1272.
3073 1431 3299 1486 Laudes
3320 1431 3448 1498 ejus
3479 1427 3721 1499 amplis-

2077 1521 2244 1578 simis
2275 1523 2466 1578 verbis
2497 1524 2753 1578 celebrat
2782 1521 3056 1577 laudatus
3088 1517 3646 1592 PachymeresJibro
3666 1533 3722 1584 v,

2076 1613 2264 1684 capite
2293 1616 2347 1667 2.

2148 1701 2515 1772 Propositum
2575 1717 2609 1755 a
2667 1698 2923 1755 Thealdo
2985 1699 3056 1753 de
3115 1713 3256 1770 pace
3316 1694 3726 1752 constituenda

2076 1789 2387 1845 consilium
2421 1789 2829 1845 lubentissime
2859 1789 2930 1843 ab
2959 1788 3312 1859 imperatore
3362 1787 3724 1855 susceptum.

2075 1879 2324 1935 Causam
2356 1879 2740 1952 Pachymeres
2770 1895 2887 1933 non
2918 1876 3093 1932 aliam
3135 1875 3319 1945 affert,
3351 1874 3499 1929 libro
3538 1889 3592 1938 ν,
3644 1871 3724 1926 ci-

2074 1973 2214 2039 tato,
2275 1985 2400 2041 cap.
2461 1968 2550 2038 11,
2610 1967 2721 2023 nisi
2776 1967 3286 2040 pusillinimitatem
3367 1963 3515 2033 ejus.
3587 1961 3727 2015 Metu

2074 2075 2310 2130 namque
2337 2061 2711 2113 consternatus
2740 2064 3117 2128 apparatuum
3153 2053 3360 2122 Caroli,
3409 2049 3624 2121 inquit,
3655 2048 3726 2102 ad

2075 2148 2219 2203 istud
2241 2146 2614 2220 procuranda?
2660 2148 2814 2217 pacis
2861 2145 3157 2200 consilium
3192 2142 3408 2214 appulit
3451 2140 3726 2204 animum,

2074 2238 2292 2292 nullam
2336 2253 2580 2308 unquam
2608 2235 2828 2307 (absque
2856 2235 2953 2290 hoc
2975 2235 3156 2305 foret),
3205 2233 3295 2287 rei
3342 2231 3472 2286 talis
3521 2229 3726 2298 cogita-

2076 2329 2279 2382 tionem
2306 2334 2681 2398 suscepturus.
2709 2324 2980 2381 Carolum
3027 2323 3503 2391 Andegavensem
3555 2314 3728 2370 intel-

2076 2415 2428 2489 lige,Siciliaa
2459 2430 2677 2486 regem,
2702 2429 2876 2486 quem
2907 2429 3042 2468 cum
3075 2411 3206 2467 aliis
3236 2407 3602 2482 principibus
3625 2406 3732 2460 Ro-

2078 2505 2238 2560 mani
2265 2505 2541 2575 nominis,
2575 2519 2746 2559 cruce
2789 2503 2965 2558 etiam
2991 2501 3544 2573 praedicata,magno
3574 2493 3732 2550 exci-

2078 2598 2298 2649 taverat
2327 2593 2520 2649 studio
2552 2593 2819 2648 Urbanus
2866 2591 2940 2645 IV
2989 2595 3188 2645 contra
3234 2585 3596 2654 Michaelem,
3631 2584 3732 2638 La-

2079 2684 2186 2740 tini
2263 2679 2891 2753 Constantinopolitani
2976 2676 3208 2749 imperii
3282 2676 3732 2730 destructorem.

2083 2773 2225 2827 Hinc
2254 2789 2405 2827 anno
2451 2772 2609 2836 1262,
2660 2785 2725 2824 ac
2774 2769 2985 2824 iterum
3031 2783 3182 2822 anno
3234 2764 3394 2829 1264,
3426 2763 3498 2817 ab
3528 2761 3733 2817 eodem

2079 2861 2428 2933 imperatore
2459 2859 2626 2915 missi
2658 2859 2730 2914 ad
2763 2857 3064 2913 Urbanum
3099 2854 3315 2926 Legati,
3362 2851 3461 2924 qui
3502 2850 3733 2905 Graeco-

2080 2968 2211 3006 rum
2245 2967 2378 3006 cum
2411 2949 2631 3005 Latinis
2654 2948 2930 3003 unionem
2962 2947 3246 3017 peterent.
3281 2941 3427 2997 Hinc
3453 2939 3630 2994 etiam
3661 2939 3734 2994 de

2081 3056 2151 3095 ea
2179 3040 2289 3095 sub
2319 3039 2612 3094 Clemente
2644 3037 2717 3091 IV
2748 3041 2945 3091 actum
2981 3050 2993 3089 :
3029 3050 3094 3088 ac
3121 3033 3360 3087 demum
3394 3026 3641 3084 Thealdi
3671 3026 3734 3081 in

2084 3129 2414 3184 Romanum
2447 3126 2780 3199 pontiﬁcem
2803 3124 2970 3180 electi
2992 3120 3430 3178 adhortationes
3461 3119 3733 3188 exceptae;

2085 3219 2260 3273 rebus
2310 3218 2512 3289 utique
2559 3216 2686 3271 suis
2740 3219 2805 3269 ut
2865 3211 3194 3268 consuleret
3241 3209 3583 3281 imperator,
3632 3205 3735 3260 sed

327 3298 679 3368 Spondanus
708 3316 859 3355 anno
893 3301 1052 3368 1233,
1088 3303 1187 3358 sed
1218 3320 1285 3358 ea
1316 3282 1386 3358 ad
1420 3282 1639 3360 annu-m
1679 3282 1840 3372 1261,
1886 3303 1977 3358 vel
2007 3282 2050 3350 Ο
2087 3308 2269 3363 animi
2301 3282 2534 3378 quoque
2558 3303 2943 3376 propensione
2972 3302 3271 3356 inductus.

326 3387 524 3459 potius
554 3388 626 3442 ad
658 3404 843 3444 annos
874 3389 1251 3462 insequentes
1298 3393 1407 3448 sub
1457 3393 1738 3449 Michaele
1776 3392 1975 3448 Paleo-

327 3476 459 3548 logo
493 3477 830 3542 differenda,
861 3484 1030 3550 putat
1073 3480 1393 3538 Casimirus
1424 3483 1688 3538 Oudinus
1736 3483 1796 3537 in
1846 3482 1978 3538 Elo-

329 3565 422 3638 gio
453 3565 790 3621 Blemmidas
823 3569 894 3623 ad
928 3586 1145 3624 annum
1181 3572 1336 3627 1250.
1372 3573 1615 3627 Fallitur
1644 3573 1768 3628 sine
1800 3572 1977 3627 dubio

329 3655 506 3710 homo
555 3660 841 3727 aposta'ta,
875 3658 1430 3733 imperitissimeque
1474 3663 1739 3717 abutitur
1781 3666 1976 3717 aucto-

330 3744 502 3799 ritate
539 3744 843 3815 Nicephori
891 3747 1174 3818 Gregorae,
1219 3750 1319 3821 qui
1366 3752 1754 3807 disertissime
1785 3751 1868 3806 sic
1901 3750 1982 3806 ait

332 3833 482 3888 libro
509 3849 564 3896 ν,
597 3849 724 3905 cap.
750 3837 803 3901 2,
838 3853 1001 3892 num.
1033 3838 1108 3891 6:
1150 3859 1171 3887 α
1207 3840 1269 3894 Ιη
1301 3845 1558 3896 mentem
1593 3841 1747 3896 venit
1795 3841 1978 3912 impe-

332 3919 511 3974 ratori
543 3919 667 3991 (qui
705 3921 991 3979 Joannem
1043 3929 1290 3982 Beccum
1345 3929 1543 3984 unioni
1592 3929 1980 3985 Ecclesiarum

334 4013 756 4080 repugnantem
788 4028 1012 4068 carcere
1041 4013 1334 4071 inclusum
1359 4018 1654 4073 detinebat
1669 4035 1821 4073 anno
1842 4017 1984 4072 1273

335 4103 392 4153 et
420 4097 658 4154 ineunte
689 4101 999 4172 sequenti),
1031 4105 1296 4160 eamdem
1330 4123 1451 4161 rem
1508 4125 1542 4162 a
1589 4107 1813 4162 Latinis
1860 4114 1986 4162 ante

334 4203 513 4242 annos
543 4189 785 4259 quinque
803 4193 855 4244 et
880 4191 1075 4260 viginti
1101 4193 1383 4266 (adeoque
1403 4202 1535 4251 ante
1557 4213 1778 4251 annum
1801 4196 1983 4265 4246),

335 4275 560 4332 Joanne
607 4277 768 4333 Duca
797 4294 990 4334 rerum
1025 4281 1299 4353 potiente,
1333 4285 1612 4356 agitatam
1663 4285 1844 4340 fuisse
1877 4301 1890 4338 :
1921 4299 1987 4338 ac

339 4373 465 4422 tum
499 4369 733 4424 doctum
766 4371 1058 4426 exstitisse
1087 4372 1301 4441 virum,
1353 4374 1745 4446 Nicephorum
1794 4374 1985 4429 Blem-

342 4457 586 4525 midam,
633 4457 964 4514 divinarum
1012 4459 1341 4518 litterarum
1390 4464 1838 4534 peritissimum,
1886 4462 1988 4535 qui

341 4562 476 4600 cum
525 4562 588 4602 se
634 4547 693 4601 in
740 4549 925 4604 otium
975 4551 1340 4619 contulisset,
1383 4555 1799 4609 multaesacra
1847 4552 1991 4608 Scri-

2161 3396 2358 3451 Romae
2406 3395 2767 3466 pontiﬁciam
2815 3393 3068 3448 thiaram
3118 3406 3270 3446 anno
3320 3387 3477 3457 1272,
3528 3385 3623 3439 die
3667 3383 3740 3437 27

2085 3484 2278 3540 Martii
2309 3483 2532 3555 accepit
2572 3481 2885 3548 Thealdus,
2926 3481 3117 3536 dictus
3163 3476 3475 3549 Gregorius
3505 3473 3571 3528 X.
3605 3477 3740 3544 Ipso

2087 3573 2460 3647 pontiﬁcatus
2529 3573 2715 3638 initio,
2775 3571 3050 3627 Kalendis
3114 3566 3356 3640 Aprilis,
3425 3561 3740 3619 concilium

2087 3661 2355 3736 generale
2404 3660 2630 3728 indixit,
2680 3659 2950 3732 Lugduni
2999 3657 3431 3714 celebrandum.
3477 3653 3559 3707 Ex
3588 3650 3742 3706 Urbe

2086 3752 2278 3809 Veteri
2309 3751 2400 3807 die
2429 3752 2499 3805 24
2529 3749 2792 3806 Octobris
2840 3751 2911 3805 ad
2960 3749 3380 3820 imperatorum
3409 3746 3740 3798 Graecorum

2090 3860 2156 3898 ac
2182 3843 2504 3913 Josepbum
2533 3839 2924 3912 patriarcham
2955 3837 3122 3892 missi
3150 3834 3348 3906 legati,
3381 3831 3482 3904 qui
3528 3846 3627 3885 eos
3667 3827 3740 3882 ad

2091 3932 2369 3989 unionem
2409 3930 2740 3996 invitarent,
2796 3928 3132 3998 indictoque
3188 3924 3472 3979 interesse
3527 3917 3743 3972 vellent

2091 4020 2356 4086 concilio,
2388 4023 2490 4075 aut
2536 4035 2762 4091 magnae
2806 4017 3015 4073 saltem
3062 4015 3219 4070 viros
3264 4007 3629 4066 auctoritatis
3660 4005 3744 4060 di-

2093 4111 2364 4182 rigerent.
2398 4109 2642 4164 Litteras
2689 4107 2949 4164 referunt
2995 4103 3326 4175 Wadingus
3369 4104 3426 4156 et
3477 4094 3746 4154 concilio-

2093 4215 2227 4254 rum
2289 4196 2648 4253 collectores.
2716 4196 2832 4251 Hos
2904 4196 3055 4250 inter
3127 4189 3459 4266 pontiﬁcios
3523 4187 3746 4258 legatos

2093 4291 2380 4346 Joannem
2412 4287 2729 4359 quemdam
2762 4289 3076 4340 Parastron
3108 4283 3395 4337 memorat
3423 4275 3746 4347 Pachyme—

2095 4395 2208 4449 res,
2260 4376 2407 4431 libro
2457 4393 2510 4446 v,
2560 4375 2749 4445 capite
2800 4373 2890 4443 11,
2945 4372 3046 4444 qui
3092 4369 3153 4425 in
3202 4369 3479 4424 Tractatu
3510 4364 3580 4417 de
3608 4375 3749 4432 pace

2096 4465 2506 4522 constituenda
2562 4463 2761 4518 habito
2813 4477 2882 4517 ea
2928 4461 3108 4518 verba
3153 4455 3462 4530 protulerit
3520 4450 3668 4508 :‘Ut
3713 4466 3749 4504 a

2097 4555 2321 4612 Latinis
2351 4554 2596 4621 dimisso,
2630 4559 2917 4622 amotoque
2961 4548 3270 4605 additionis
3308 4543 3379 4600 ad
3427 4539 3748 4614 Symbolum

337 4639 505 4707 ptura
535 4638 878 4714 testimonia,
898 4654 1024 4710 qua?
1051 4638 1251 4709 dogma
1288 4643 1615 4698 Latinorum
1662 4645 1989 4715 conﬁrmare
2020 4654 2066 4718 D
2097 4647 2154 4717 (a
2176 4643 2388 4699 Graecis
2417 4642 2683 4698 videlicet
2712 4640 3028 4713 exigendae)
3059 4636 3318 4694 seandalo
3348 4638 3507 4703 (voce
3537 4644 3750 4718 nempe

341 4726 676 4793 viderentur,
704 4727 962 4797 colligere
993 4731 1254 4800 ccepisset,
1289 4747 1355 4784 ac
1386 4737 1586 4802 postea
1614 4733 1789 4788 etiam
1813 4734 1883 4788 de
1913 4732 1986 4788 iis
2021 4717 2029 4718 ί
2096 4737 2400 4806 usurpata,
2435 4749 2611 4804 quam
2661 4748 2774 4802 prae
2824 4746 2920 4785 ore
2970 4727 3150 4785 Grani
3191 4723 3535 4793 habebant);
3569 4717 3749 4774 simul

343 4815 696 4886 scripsisset.
733 4839 753 4867 ι
789 4817 918 4872 Jam
952 4823 1109 4889 patet
1137 4822 1248 4876 sub
1269 4821 1492 4876 Joanne
1527 4824 1680 4877 Duca
1726 4822 1987 4878 Vatatzio

343 4921 448 4976 pro
481 4905 817 4960 Latinorum
853 4907 1123 4978 dogmate
1152 4909 1538 4966 Blemmidam
1569 4911 1886 4968 laborasse.
1919 4914 1991 4966 At

343 4994 562 5066 scripta
585 4995 770 5050 edidit
795 4996 972 5051 etiam
1001 4998 1150 5053 clam
1171 5001 1388 5069 quidem
1408 5001 1506 5056 ille
1526 5002 1630 5073 (ait
1660 5002 1992 5074 Gregoras),

338 5088 564 5157 prOpter
615 5085 899 5140 vitandam
955 5089 1251 5144 multorum
1307 5093 1694 5162 suspicionem.
1754 5087 1842 5144 διὰ
1892 5091 1991 5158 τήν

341 5177 450 5227 τῶν
501 5171 727 5227 πολλῶν
783 5172 1081 5247 ὑπόληψιν.
1133 5180 1430 5243 Quomodo
1460 5196 1592 5236 vero
1640 5180 1697 5235 id
1746 5182 1892 5235 clam
1922 5180 1994 5236 ab

344 5265 473 5336 ipso
517 5265 735 5319 factum
785 5266 978 5335 fuerit,
1013 5283 1148 5321 cum
1193 5285 1301 5323 sua
1347 5269 1624 5341 dirigeret
1663 5269 1881 5341 scripta
1924 5269 1994 5323 ad

345 5353 719 5408 Theodorum
777 5354 1073 5409 Lascarim
1112 5356 1409 5426 juniorem
1469 5358 1570 5429 qui
1625 5375 1777 5413 anno
1833 5357 1994 5428 1255,

347 5448 658 5515 paternum
709 5447 1047 5514 susceperat
1096 5445 1429 5516 imperium,
1480 5454 1535 5502 et
1584 5448 1653 5502 ad
1713 5446 1996 5501 Jacchum

350 5531 632 5603 Bulgariae
659 5533 1207 5605 archiepiscopum?
1243 5535 1472 5590 Directze
1507 5537 1576 5590 ad
1601 5553 1698 5592 eos
1731 5540 1999 5607 prostant

349 5621 652 5677 Orationes
700 5625 828 5678 duae
877 5624 933 5678 in
984 5623 1198 5681 Greecia
1243 5626 1568 5693 orthodoxa,
1631 5630 1787 5680 tomo
1837 5625 1880 5695 I,
1940 5629 1998 5680 et

351 5711 506 5784 apud
549 5712 940 5785 Raynoldum,
990 5717 1147 5769 tomo
1192 5714 1310 5770 XII.
1365 5715 1663 5770 Annalium
1711 5716 1774 5769 In
1819 5713 1993 5771 calce.

2097 4823 2275 4880 etiam
2324 4821 2503 4877 Graeci
2551 4823 2787 4877 rationes
2834 4835 2946 4874 non
2991 4818 3444 4890 aspernarentur,
3474 4826 3610 4883 quas
3650 4821 3750 4880 pro

2099 4913 2469 4968 additamento
2498 4912 2685 4966 Latini
2708 4910 3014 4980 allegarent
3034 4925 3052 4960 :
3077 4909 3351 4961 caeterum
3381 4917 3514 4957 vero
3536 4900 3753 4970 dogma

2102 5003 2253 5056 idem
2290 4998 2564 5055 omnibus
2587 5013 2898 5054 commune
2918 4990 3469 5066 foret.Imperatoris
3489 5002 3749 5061 Operam,

2102 5090 2632 5159 studia,curasque,
2666 5087 2738 5142 ad
2771 5101 2975 5158 pacem
3005 5101 3144 5140 suos
3175 5087 3240 5139 ut
3269 5081 3572 5137 induceret
3597 5076 3752 5133 Grae-

2103 5197 2223 5245 cos,
2253 5178 2499 5234 inferius
2531 5176 2923 5232 narrabimus.

2176 5269 2271 5324 Ill.
2306 5266 2606 5322 Genuinus
2654 5263 3078 5329 controversiae,
3129 5278 3260 5335 quas
3303 5265 3445 5317 tunc
3493 5257 3754 5332 agitaba-

2103 5362 2218 5430 tur,
2253 5361 2441 5412 status
2471 5354 2847 5426 exponendus
2879 5354 2980 5409 46
3010 5357 3117 5410 est.
3151 5353 3260 5417 Qui
3289 5349 3574 5406 Photiano
3613 5346 3753 5402 olim

2104 5447 2328 5502 invecto
2359 5443 2684 5511 schismati,
2718 5443 3162 5515 instauratoque
3191 5459 3226 5497 a
3271 5438 3551 5497 Michaele
3579 5437 3756 5493 Ceru-

2106 5536 2250 5591 lario
2294 5534 2688 5599 adharebant,
2720 5533 3004 5607 Spiritum
3045 5536 3314 5589 sanctum
3360 5528 3673 5601 procedere
3723 5543 3758 5583 a

2105 5625 2246 5680 Filio
2303 5623 2717 5679 inﬁciabantur
2763 5639 2775 5679 :
2825 5623 3023 5696 ipsum
3070 5639 3203 5678 vero
3247 5620 3377 5675 dari
3420 5626 3472 5674 et
3517 5618 3666 5673 mitti
3717 5632 3758 5672 α

2106 5715 2268 5781 Filio,
2319 5713 2633 5786 ipsumque
2675 5729 2776 5784 per
2821 5713 3026 5770 Filium
3065 5709 3356 5783 procedere
3383 5724 3422 5765 a
3449 5713 3638 5774 Patre,
3684 5706 3758 5761 de
