4090 6462
356 435 428 496 61
1593 439 1805 502 VITA.
1837 473 1916 486 —
1944 441 2000 502 D'

2112 441 2459 505 ERTATIO
2501 441 2553 503 ι.
3679 413 3770 506 ea

353 568 764 642 temporalium
837 571 1130 629 donorum
1187 573 1528 647 elargitione
1574 575 1997 647 intelligebant.
2029 575 2084 642 Α
2113 591 2240 647 (Ιυῶ
2271 592 2404 631 cum
2435 576 2603 630 Patre
2630 575 2806 631 habet
2834 574 3038 648 Filius,
3066 575 3260 631 locum
3287 574 3502 632 habere
3542 576 3769 648 spiran-

355 664 500 714 Mota
543 659 761 716 iterum
813 660 926 717 hoc
977 679 1092 718 aevo
1138 665 1533 719 controversia
1568 683 1580 720 :
1614 665 2007 735 disputatum—

354 764 461 820 que
491 749 562 804 de
592 754 834 815 aeterna,
864 767 932 805 ac
963 752 1360 821 substantiali,
1395 758 1451 807 et
1481 753 1844 825 hypostatica
1875 753 2002 825 Spi-

355 838 502 894 ritus
529 841 907 910 processione
939 857 1056 895 non
1085 841 1274 896 solum
1327 859 1360 896 a
1392 846 1582 910 Patre,
1614 843 1716 898 sed
1767 842 1942 897 etiam
1973 859 2009 897 a

355 927 516 994 Filio,
551 928 674 983 sive
701 945 806 1000 per
835 928 1070 985 Filium.

419 1019 583 1072 Hanc
631 1017 886 1088 Spiritus
930 1020 1115 1074 sancti
1167 1019 1450 1092 originem
1483 1021 1566 1076 ita
1614 1021 1796 1076 Latini
1830 1038 2002 1092 expo-

350 1105 590 1174 nebant,
629 1123 696 1161 ac
729 1107 836 1161 viri
888 1108 1210 1164 doctissimi
1242 1109 1396 1164 inter
1443 1110 1692 1166 Graecos.
1726 1111 1895 1166 Pater
1927 1129 2001 1166 a3-

348 1199 575 1259 ternus,
610 1195 970 1267 principium
1005 1196 1127 1252 sine
1159 1199 1466 1270 principio,
1500 1216 1866 1271 quaecunque
1899 1199 2002 1255 ha-

349 1283 446 1338 bet
476 1301 512 1337 a
543 1300 606 1339 se
637 1285 856 1354 omnia,
892 1303 1003 1341 sua
1043 1291 1280 1358 excepta
1310 1288 1601 1358 personati
1636 1289 2001 1359 paternitatis

344 1372 724 1443 proprietate,
758 1374 1126 1430 divinitatem
1159 1375 1400 1443 scilicet,
1425 1376 1671 1448 ejusque
1699 1377 1998 1448 attributa,

344 1461 610 1534 adeoque
667 1468 726 1518 et
779 1463 898 1518 vim
948 1465 1233 1536 spirandi,
1281 1482 1384 1520 seu
1433 1465 1812 1537 spirationem
1864 1467 2002 1521 acti-

341 1566 499 1619 vam,
555 1551 699 1608 Filio
744 1553 1145 1608 communicat
1192 1555 1486 1626 gignendo
1529 1554 1726 1626 ipsum
1764 1573 1777 1610 :
1822 1555 2002 1628 igitur

343 1642 853 1711 quemadmodum
897 1643 1088 1708 Pater,
1117 1647 1173 1698 et
1204 1642 1385 1698 Filius
1434 1644 1549 1699 duo
1599 1648 1739 1698 sunt
1790 1661 2002 1716 suppo-

343 1730 484 1796 sita,
518 1747 646 1802 quas
689 1747 871 1786 unam
917 1730 1134 1787 habent
1161 1732 1546 1804 divinitatem,
1588 1733 1669 1787 ita
1697 1734 1813 1788 duo
1863 1737 2002 1788 sunt

342 1819 676 1890 supposita,
708 1837 836 1892 quae
869 1837 988 1876 una
1016 1820 1319 1892 potiuntur
1347 1820 1557 1876 virtute
1587 1821 1868 1893 spirandi,
1901 1828 2001 1878 aut

341 1907 671 1979 spiratione
729 1909 934 1966 activa.
989 1909 1495 1976 Quemadmodum
1555 1928 1762 1966 rursus
1804 1915 1997 1978 Pater,

344 2001 404 2052 et
432 1997 620 2053 Filius
653 1998 727 2053 ob
758 1998 1043 2054 unitatem
1095 1998 1436 2069 divinitatis,
1469 2000 1708 2056 tametsi
1739 2000 1854 2056 duo
1887 2001 2006 2055 sint

343 2087 678 2158 supposita,
713 2092 854 2143 sunt
900 2088 1287 2144 nihilominus
1335 2106 1488 2144 unus
1543 2091 1695 2144 Deus
1735 2106 1748 2144 :
1801 2090 1883 2145 ita
1930 2090 2003 2144 ob

346 2175 636 2232 unitatem
669 2176 934 2248 spirandi
963 2177 1218 2245 virtutis,
1244 2181 1344 2232 aut
1381 2177 1741 2249 spirationis,
1766 2180 2001 2234 tametsi

343 2265 460 2320 duo
491 2264 614 2320 sint
663 2265 991 2337 supposita,
1027 2270 1168 2321 sunt
1215 2283 1398 2321 unum
1445 2272 1703 2322 attamen
1747 2268 2004 2339 Spiritus

343 2355 533 2410 sancti
586 2354 970 2428 principium.
1005 2359 1211 2428 Itaque
1240 2355 1414 2411 sicuti
1466 2355 1720 2428 Spiritus
1761 2363 2000 2414 sanctus

340 2443 606 2515 procedit
634 2460 670 2498 a
699 2448 890 2510 Patre,
926 2443 1065 2516 quia
1085 2444 1143 2499 in
1172 2445 1339 2500 Patre
1369 2445 1632 2517 spirandi
1652 2445 1838 2502 virtus
1869 2451 1993 2502 est:

346 2533 425 2587 ita
453 2533 652 2604 ipsum
685 2534 999 2604 procedere
1031 2551 1063 2588 a
1091 2533 1234 2589 Filio
1264 2534 1578 2589 dicendum
1625 2539 1734 2606 est,
1769 2535 1908 2608 quia
1936 2535 1997 2591 in

339 2620 480 2676 Filio
536 2639 654 2676 una
700 2626 758 2676 et
805 2622 1033 2690 eadem,
1087 2623 1199 2678 sibi
1249 2623 1681 2679 communicata
1731 2641 1764 2680 a
1805 2629 1996 2695 Patre,

339 2710 605 2781 spirandi
635 2710 821 2767 virtus
874 2711 1180 2783 reperitur.
1214 2711 1344 2768 Sive
1372 2717 1613 2768 sanctus
1644 2729 1780 2786 ergo
1824 2714 2000 2786 Spiri-

337 2804 433 2854 tus
474 2817 510 2854 a
559 2805 731 2855 Patre
777 2801 1084 2872 procedere
1131 2801 1362 2856 dicatur
1410 2808 1463 2856 et
1502 2819 1542 2858 α
1589 2803 1748 2874 Filio,
1797 2803 1915 2858 sive
1958 2821 1998 2860 a

332 2890 497 2943 Patre
534 2905 642 2960 per
690 2889 919 2957 Filium,
961 2889 1398 2961 aaquipollentes
1444 2889 1692 2962 intelligi
1740 2892 1997 2962 proposi-

332 2978 522 3033 tiones
555 2978 795 3045 debent,
813 2977 1092 3033 virtutem
1110 2979 1372 3050 spirandi
1403 2979 1692 3050 Spiritum
1725 2985 1994 3036 sanctum

2118 665 2176 719 di
2205 665 2344 720 vim.
2377 665 2472 720 Ait
2519 681 2652 720 vero
2686 664 2866 720 Filius
2900 683 2912 720 :
2947 666 3022 720 De
3066 682 3187 721 meo
3227 666 3460 736 accipiet
3490 665 3765 738 Spiritus.

2116 753 2263 819 Quid
2320 770 2451 809 vero
2503 755 2572 809 de
2621 753 2762 808 Filio
2814 754 3109 827 accipiat?
3157 753 3370 826 Utique
3419 755 3766 810 scientiam:

2114 843 2232 898 Non
2261 844 2407 898 enim
2457 844 2708 916 loquetur
2737 860 2773 898 a
2823 845 3131 915 semetipso,
3161 843 3254 898 sed
3301 858 3641 916 quaecunque
3670 860 3768 898 au-

2112 931 2243 997 diet,
2271 933 2538 1003 loquetur.
2572 933 2871 996 Quomodo
2900 937 3097 987 autem
3139 931 3445 986 scientiam
3478 931 3766 1004 accipiat?

2113 1021 2462 1091 Aocipiendo
2513 1019 2738 1076 scilicet
2785 1021 2857 1075 ab
2921 1021 3050 1092 ipso
3099 1024 3370 1076 naturam
3423 1025 3526 1076 aut
3573 1037 3767 1077 essen-

2113 1111 2279 1164 tiam.

2183 1198 2337 1254 Num
2370 1215 2640 1270 reponas,
2674 1199 2744 1253 de
2792 1197 2936 1253 Filio
2965 1197 3274 1253 scientiam
3325 1198 3589 1268 accipere
3635 1198 3763 1270 Spi-

2112 1286 2291 1342 ritum
2323 1291 2613 1354 sanctum,
2639 1286 2775 1358 quia
2798 1286 2945 1341 nihil
2974 1286 3047 1342 iis
3080 1288 3388 1342 adversum
3415 1287 3599 1353 docet,
3633 1303 3760 1358 quae

2112 1376 2312 1430 docuit
2345 1376 2571 1432 Filius?
2601 1376 3030 1443 Animadverte,
3065 1375 3214 1431 illud
3262 1376 3437 1431 etiam
3468 1376 3606 1441 dici,
3650 1393 3763 1432 non

2111 1467 2366 1537 loquetur
2414 1484 2454 1521 α
2500 1469 2790 1537 semetipso
2837 1486 2854 1520 :
2904 1467 3057 1538 quod
3091 1468 3195 1534 {est
3241 1468 3436 1537 aperte
3482 1465 3760 1534 indicare,

2112 1555 2420 1611 scientiam
2471 1555 2714 1627 Spiritui
2764 1560 2969 1612 sancto
3019 1553 3442 1610 communicari
3491 1571 3524 1609 a
3568 1558 3759 1623 Patre,

2111 1643 2392 1714 Filioque.
2448 1648 2599 1699 Num
2646 1645 2791 1700 illud
2843 1649 3140 1717 praeterea,
3189 1645 3266 1698 De
3301 1660 3450 1714 meo,
3503 1659 3760 1716 exponas

2108 1734 2172 1789 de
2214 1750 2330 1790 meo
2383 1735 2650 1801 thesauro,
2687 1735 2788 1806 qui
2832 1738 2922 1790 est
2952 1735 3164 1789 Pater?
3193 1735 3272 1788 Ac
3301 1733 3351 1788 si
3383 1733 3565 1788 Filius
3609 1734 3760 1790 dice-

2108 1825 2196 1878 ret
2257 1839 2269 1878 :
2325 1823 2454 1879 Inde
2500 1824 2744 1896 Spiritus
2810 1826 3057 1895 accipiet,
3108 1823 3251 1878 unde
3305 1829 3359 1878 et
3407 1839 3503 1892 ego
3553 1824 3758 1894 accepi.

2113 1911 2282 1967 Erras
2313 1929 2489 1984 quam
2543 1914 2816 1968 maxime.
2849 1912 3109 1968 Sciant-ias
3158 1928 3414 1984 namque
3442 1911 3758 1968 thesaurus

2115 2017 2231 2055 non
2279 2005 2367 2056 est
2421 2018 2667 2072 persona
2713 2002 2902 2057 Patris
2953 2001 3192 2073 praecise
3242 2005 3308 2055 ut
3354 2017 3625 2072 persona,
3657 2001 3759 2056 sed

2112 2090 2369 2145 essentia
2415 2091 2630 2157 divina,
2681 2108 2808 2162 quae
2861 2095 2950 2146 est
3002 2091 3064 2145 in
3114 2091 3300 2146 Patre.
3349 2089 3759 2146 Verumenim-

2110 2195 2244 2233 vero
2275 2179 2394 2234 haec
2438 2179 2592 2234 inest
2621 2179 2777 2234 Patri
2829 2197 2862 2234 a
2908 2196 2992 2245 se,
3024 2179 3176 2234 inest
3205 2179 3380 2234 etiam
3431 2178 3573 2234 Filio
3607 2195 3761 2234 com-

2112 2266 2410 2322 municata
2455 2285 2488 2322 a
2535 2268 2702 2322 Patre
2753 2286 2766 2322 :
2826 2268 2982 2322 unde
3033 2267 3282 2339 Spiritus
3345 2273 3606 2339 sanctus,
3658 2267 3756 2340 qui

2111 2357 2182 2410 de
2238 2355 2348 2410 hoc
2405 2352 2682 2411 thesauro
2736 2356 2966 2429 accipit,
3027 2356 3240 2428 accipit
3295 2373 3330 2412 a
3383 2356 3572 2425 Patre,
3617 2361 3674 2412 et
3725 2373 3760 2412 a

2112 2444 2274 2500 Pilio.

2179 2533 2278 2588 Ait
2309 2551 2545 2589 rursum
2597 2533 2778 2590 Filius
2807 2551 2820 2588 :
2861 2538 2945 2590 De
2973 2549 3090 2589 meo
3120 2535 3350 2605 accipiet
3371 2551 3392 2597 ;
3440 2534 3578 2606 quia
3624 2551 3757 2608 pro-

2108 2623 2322 2678 cedens
2379 2623 2450 2678 de
2499 2622 2642 2677 Filio
2696 2622 2972 2693 Spiritus,
3025 2640 3142 2678 non
3204 2627 3395 2678 totum
3444 2623 3653 2695 accipit
3696 2623 3756 2680 id

2109 2710 2263 2782 quod
2313 2714 2400 2766 est
2446 2709 2504 2764 in
2553 2709 2718 2778 Filio,
2761 2727 2876 2766 non
2929 2711 3088 2766 enim
3139 2711 3360 2782 accepit
3390 2711 3753 2781 ﬁliationem,

2107 2799 2206 2854 sed
2257 2799 2597 2870 essentiam,
2631 2816 2698 2854 ex
2745 2815 2862 2869 qua
2892 2804 2949 2855 et
2977 2799 3278 2868 ﬁliatione,
3311 2803 3510 2855 nostro
3560 2801 3752 2856 conci-

2105 2887 2301 2959 piendi
2330 2889 2524 2956 modo,
2558 2888 2935 2944 constituitur
2963 2888 3167 2943 Filius.
3195 2890 3358 2954 Quod
3392 2889 3596 2960 utique
3625 2890 3755 2962 ipse

2105 2976 2286 3032 Filius
2314 2976 2535 3032 indicat
2566 2994 2580 3032 :
2616 2977 2814 3033 Omnia
2860 2993 2982 3048 quae
3034 2977 3195 3032 habet
3241 2981 3426 3045 Pater,
3459 2977 3754 3050 inquiens,

334 3066 735 3136 enuntiantes,
788 3083 914 3138 quis
962 3083 1082 3122 una
1131 3067 1456 3139 eademque
1505 3068 1663 3124 Patri
1712 3067 1884 3137 inest,
1929 3085 1995 3125 ac
2102 3082 2225 3121 mea
2250 3070 2382 3120 sunt
2411 3083 2429 3120 :
2462 3065 2583 3120 ideo
2612 3066 2736 3121 dixi
2783 3067 2953 3131 vobis,
2981 3082 3116 3137 quia
3161 3065 3225 3121 de
3267 3082 3385 3122 meo
3415 3069 3666 3139 accipiet,
3697 3068 3757 3123 id

333 3154 499 3211 Pilio.

401 3243 697 3310 Quoniam
726 3260 862 3299 vero
912 3243 1116 3300 eadem
1147 3245 1332 3299 virtus
1364 3244 1516 3301 inest
1563 3246 1719 3301 Patri
1750 3263 1784 3302 a
1814 3263 1895 3313 se,
1925 3263 1991 3302 ac

2102 3159 2190 3210 est
2238 3154 2501 3225 accipiet,
2535 3171 2662 3226 quae
2712 3155 2857 3209 mihi
2902 3159 2960 3210 et
3004 3155 3158 3210 Patri
3210 3159 3350 3210 sunt
3399 3156 3756 3213 communia.

2103 3243 2337 3299 Dixerat
2364 3243 2540 3299 Jesus
2571 3243 3067 3316 Christus,capite
3097 3262 3170 3299 xv
3197 3244 3466 3313 Joannis,
3487 3261 3638 3300 vers.
3657 3246 3754 3301 26:

328 3332 481 3388 inest
528 3332 673 3389 Filio
719 3332 1154 3389 communicata
1204 3350 1238 3388 a
1288 3334 1479 3402 Patre,
1539 3334 1659 3389 sive
1713 3335 1991 3407 quoniam
2023 3318 2066 3386 C
2105 3333 2374 3405 Spiritum
2433 3334 2812 3403 Paracletum,
2867 3349 3028 3404 quem
3074 3334 3188 3405 ipse
3252 3335 3426 3389 mittet
3481 3351 3518 3389 a
3569 3339 3756 3402 Patre,

324 3422 483 3477 inest
532 3422 693 3477 Patri
744 3427 1034 3494 tanquam
1083 3422 1371 3494 principio
1419 3423 1546 3479 sine
1601 3423 1908 3496 principio,
1943 3430 2001 3480 et

328 3511 488 3566 inest
519 3510 668 3566 Pilio
718 3513 1008 3583 tanquam
1057 3511 1345 3582 principio
1377 3512 1446 3567 de
1495 3512 1786 3584 principio
1823 3532 1834 3569 :
1871 3514 1998 3569 ideo

327 3600 444 3655 duo
475 3599 657 3655 veluti
688 3600 748 3654 in
781 3601 968 3671 Patre,
1001 3605 1060 3655 et
1088 3599 1148 3655 in
1180 3600 1323 3656 Filio
1360 3601 1780 3674 distinguenda
1813 3607 1950 3657 sunt
1984 3621 1996 3659 :

337 3688 472 3760 ipsa
505 3705 723 3761 nempe
773 3689 1038 3761 spirandi
1085 3689 1293 3756 virtus,
1326 3706 1500 3761 quam
1553 3689 1773 3745 habent
1802 3691 1996 3758 ambo,

333 3794 400 3832 ac
431 3778 649 3834 modus
699 3794 829 3834 eam
878 3777 1155 3844 habendi,
1191 3795 1316 3848 quae
1365 3779 1520 3834 Patri
1573 3779 1727 3834 inest
1767 3797 1800 3834 a
1831 3797 1912 3851 se,
1945 3784 2001 3835 et

331 3868 492 3922 inest
523 3866 669 3922 Filio
699 3867 1384 3923 communicataaPatre.
1419 3868 1578 3922 Hanc
1607 3871 1810 3940 utique
1840 3868 1999 3924 inex-

332 3956 647 4011 sistentem
703 3956 856 4010 Patri
892 3955 1152 4028 Filioque
1199 3956 1500 4024 virtutem,
1537 3956 1682 4012 illia
1713 3973 1794 4023 se,
1828 3957 1924 4012 isti
1969 3975 2002 4014 a

335 4045 531 4112 Patre,
562 4045 900 4117 signiﬁcant
928 4061 1098 4100 voces
1131 4044 1242 4101 illae
1271 4049 1400 4100 tum
1433 4063 1466 4101 a
1494 4048 1660 4102 Patre
1688 4049 1741 4102 et
1769 4064 1803 4101 a
1831 4048 1998 4116 Filio,

335 4139 466 4189 tum
498 4151 533 4189 a
563 4135 736 4189 Patre
781 4150 877 4206 per
903 4135 1113 4190 Filium
1147 4153 1165 4188 :
1196 4135 1297 4190 sed
1351 4135 1700 4206 posteriores
1729 4136 2002 4192 videntur

336 4238 577 4294 quoque
610 4227 757 4294 apta;
789 4223 861 4278 ad
893 4223 1158 4294 ejusdem
1192 4223 1784 4280 communicationem
1815 4226 2002 4280 virtu-

331 4313 411 4367 tis
441 4310 917 4382 exprimendam,
969 4328 1149 4384 quam
1185 4329 1217 4368 a
1246 4317 1417 4367 Patre
1469 4315 1763 4369 nascendo
1795 4314 2005 4387 accipit

331 4399 544 4454 Filius.

403 4488 569 4543 Hanc
619 4486 946 4544 doctrinam
994 4487 1228 4560 eloquia
1279 4488 1474 4544 divina
1522 4489 1668 4544 satis
1719 4489 2001 4545 indicant.

330 4577 527 4633 Verba
546 4581 692 4633 sunt
713 4575 959 4632 Joannis
981 4576 1566 4649 evangelistm,capite
1584 4595 1701 4644 xvx,
1723 4595 1874 4634 vers.
1904 4580 2000 4635 13:

2106 3422 2398 3494 procedere
2424 3439 2458 3476 a
2505 3427 2693 3477 Patre.
2724 3423 2822 3477 Ait
2868 3438 3004 3477 vero
3053 3422 3240 3493 capite
3285 3439 3400 3488 xv1,
3449 3439 3600 3478 vers.
3644 3424 3757 3478 14τ

2108 3512 2210 3567 Ille
2259 3511 2532 3584 (Spiritus
2579 3510 2864 3582 veritatis)
2893 3511 2960 3565 de
2985 3527 3103 3568 meo
3153 3512 3401 3583 accipiet.
3436 3513 3564 3566 llaec
3609 3511 3763 3567 inter

2109 3601 2224 3656 duo
2256 3599 2410 3655 dicta
2449 3599 2899 3672 repugnantiam
2952 3601 3156 3656 adesse
3187 3599 3436 3666 nullam,
3469 3601 3637 3655 docet
3665 3599 3762 3656 ille

2109 3689 2379 3760 sequenti
2419 3706 2571 3744 vers.
2606 3690 2673 3743 15
2705 3707 2718 3743 :
2756 3688 2954 3744 Omnia
3000 3704 3341 3761 quaecunque
3389 3689 3547 3745 habet
3575 3691 3759 3756 Pater,

2107 3775 2406 3847 inquiens,
2455 3792 2579 3831 mea
2624 3781 2794 3845 sunt;
2822 3785 3118 3848 propterea
3164 3776 3308 3844 dixi,
3355 3779 3488 3848 quia
3537 3777 3602 3832 de
3645 3793 3762 3832 meo

2109 3868 2362 3936 accipiet.
2413 3865 2561 3920 Hinc
2612 3865 2739 3920 sine
2788 3866 2969 3920 dubio
3018 3865 3290 3932 efﬁcitur,
3341 3866 3581 3938 perinde
3611 3883 3760 3938 esse,

2107 3954 2391 4025 Spiritum
2446 3958 2718 4009 sanctum
2769 3954 3080 4024 procedere
3109 3972 3144 4010 a
3188 3955 3376 4022 Patre,
3408 3959 3465 4010 et
3503 3955 3765 4027 accipere

2110 4044 2182 4098 de
2212 4042 2286 4098 iis
2308 4060 2438 4114 qua:
2479 4048 2621 4099 sunt
2665 4043 2816 4111 Filii,
2841 4059 2906 4098 ac
2937 4043 3135 4115 ipsum
3166 4046 3476 4116 procedere
3500 4045 3571 4100 ab
3603 4049 3764 4100 utro-

2112 4149 2244 4203 que,
2279 4133 2391 4186 sibi
2420 4133 2491 4187 ab
2543 4137 2792 4203 utroque
2822 4135 3034 4187 natura
3081 4133 3278 4187 divina
3308 4132 3761 4201 communicata,

2110 4225 2170 4276 et
2216 4220 2289 4276 iis
2337 4220 2790 4275 communicatis
2843 4219 3140 4290 omnibus,
3192 4237 3319 4291 quae
3369 4220 3603 4276 relative
3648 4238 3764 4276 non

2079 4352 2081 4354 -
2112 4313 2512 4382 opponuntur.
2546 4308 2806 4364 Tametsi
2836 4326 2971 4364 vero
3016 4308 3137 4364 haec
3168 4308 3421 4380 Spiritus
3451 4309 3640 4364 sancti
3671 4325 3765 4364 ac-

2113 4398 2300 4469 ceptio
2350 4399 2427 4454 sit
2474 4402 2708 4464 aeterna,
2765 4402 2820 4453 et
2864 4398 2936 4452 ab
2983 4401 3195 4453 aeterno
3230 4415 3242 4453 :
3275 4397 3503 4469 accipiet
3546 4403 3768 4466 tamen,

2113 4489 2184 4543 de
2213 4487 2314 4543 illo
2365 4487 2599 4555 dicitur,
2633 4492 2940 4560 propterea
2969 4487 3123 4559 quod
3173 4502 3378 4542 omnes
3407 4487 3766 4543 differentias

2109 4580 2442 4648 temporum
2489 4576 2955 4632 eminentissime
3007 4575 3264 4631 includit
3293 4575 3393 4632 48
3425 4576 3715 4631 mternitas
3749 4595 3764 4630 :

333 4668 471 4722 Cum
518 4671 735 4722 venerit
773 4666 869 4721 ille
915 4665 1162 4738 Spiritus
1209 4669 1472 4731 veritatis,
1508 4667 1720 4723 docebit
1768 4683 1859 4722 vos
1887 4683 2000 4724 om-
2033 4687 2080 4753 ι)
2111 4682 2178 4721 ac
2221 4665 2381 4720 varia
2435 4670 2698 4737 tempora
2754 4664 3030 4738 exprimit
3084 4669 3238 4720 Deus
3307 4666 3365 4719 in
3425 4664 3764 4736 Scripturis,

333 4771 463 4810 nem
513 4755 809 4810 veritatem
827 4771 849 4816 ;
877 4770 994 4811 non
1023 4757 1177 4811 enim
1225 4757 1477 4827 loquetur
1504 4773 1538 4811 a
1577 4757 1880 4828 semetipso,
1912 4758 2004 4813 sed

331 4859 682 4916 quaecunque
727 4844 916 4899 audiet
965 4846 1233 4916 loquetur.
1284 4845 1449 4901 Vers.
1487 4847 1572 4902 15.
1623 4847 1724 4901 [lle
1753 4863 1844 4901 me
1883 4848 2003 4902 cla-

327 4933 597 5004 riﬁcabit,
629 4934 727 4987 47
761 4934 894 5006 quia
921 4933 986 4989 de
1014 4949 1134 4990 meo
1163 4935 1396 5006 accipiet
1442 4931 1525 5006 (ἐκ
1571 4937 1668 4987 τοῦ
1718 4933 1900 5008 ἐμοῦ),
1948 4940 2000 4992 et

326 5022 708 5078 annuntz’abit
761 5023 933 5078 vobis.
972 5022 1172 5078 Omnia
1217 5038 1557 5095 quaecunque
1607 5023 1769 5079 habet
1816 5025 2004 5095 Pater,

324 5127 450 5168 mea
476 5114 612 5166 sunt
641 5129 661 5166 :
693 5113 980 5182 propterea
1028 5111 1158 5166 dixi
1202 5113 1382 5181 vobis,
1433 5115 1569 5184 quia
1595 5112 1661 5168 de
1713 5129 1830 5168 meo
1861 5115 2003 5168 acci-

319 5204 464 5274 piet.
508 5201 580 5256 Et
629 5199 818 5272 capite
863 5217 1010 5268 xvn,
1055 5218 1206 5258 vers.
1243 5203 1354 5256 1οε
1408 5204 1473 5256 Et
1502 5219 1627 5257 mea
1673 5204 1865 5258 omnia
1909 5207 2004 5259 tua

323 5295 474 5360 sunt,
511 5293 565 5345 et
594 5296 693 5344 tua
730 5305 852 5344 mea
899 5293 1049 5345 sunt.
1085 5289 1369 5346 Veterum
1420 5291 1657 5346 Patrum
1709 5292 1779 5346 ab
1812 5290 2000 5347 Eccle-

325 5379 425 5434 siae
458 5379 632 5434 initio
661 5377 978 5433 traditione
1027 5378 1326 5446 discussa,
1361 5395 1601 5435 sensum
1653 5395 2000 5452 germanum

324 5469 574 5524 eliciunt
619 5467 878 5540 theologi
933 5485 946 5522 :
1002 5467 1290 5539 quidquid
1361 5472 1534 5524 Pater
1583 5469 1778 5537 habet,
1836 5486 2000 5540 expo-

325 5563 555 5624 nentes,
590 5557 808 5612 habere
859 5556 1038 5612 etiam
1072 5558 1306 5629 Filium,
1340 5558 1466 5614 sola
1523 5564 1763 5630 excepta
1812 5563 2000 5630 pater-

324 5646 532 5703 nitatis
585 5645 890 5715 relatione,
935 5662 1056 5718 qua
1100 5650 1274 5703 Pater
1325 5648 1644 5719 opponitur
1697 5646 1864 5719 Filio,
1924 5649 1996 5704 ab

321 5753 512 5810 eoque
555 5735 971 5811 distinguitur,
1024 5752 1090 5791 ac
1137 5735 1266 5793 ideo
1315 5737 1468 5792 inter
1517 5742 1722 5793 caetera
1773 5737 1995 5806 omnia,

2112 4760 2283 4825 prout
2313 4772 2405 4810 res
2437 4754 2716 4827 postulat.
2747 4756 2953 4827 Agitur
2981 4754 3092 4810 hoc
3122 4753 3247 4810 loco
3277 4754 3348 4810 de
3378 4753 3600 4826 Spiritu
3632 4771 3768 4809 san-

2117 4849 2229 4911 cto,
2263 4849 2542 4915 tanquam
2571 4843 2782 4916 legato,
2817 4845 2888 4899 ad
2935 4843 3258 4916 discipulos
3289 4843 3574 4899 mittendo
3604 4860 3637 4898 a
3667 4843 3771 4898 Pa-

2113 4939 2201 4988 tre
2234 4940 2289 4989 et
2325 4933 2464 4989 Filio
2498 4950 2511 4988 :
2546 4935 2702 4988 unde
2752 4933 2802 4988 si
2850 4933 3140 4989 donorum
3173 4932 3405 5006 largitio
3455 4936 3768 5004 spectetur,

2114 5038 2240 5093 quae
2285 5028 2488 5094 postea
2533 5021 2840 5093 discipulis
2891 5022 3113 5077 effundi
3167 5023 3505 5093 debueram,
3538 5022 3771 5092 accipiet

2115 5112 2319 5183 utique
2349 5111 2602 5183 Spiritus
2653 5115 2917 5179 sanctus,
2950 5127 3078 5182 qua:
3134 5109 3605 5167 substantialiter
3632 5127 3767 5180 pro-

2112 5201 2367 5256 cedendo
2398 5201 2470 5255 ab
2517 5204 2766 5271 utroque
2813 5204 3114 5272 acceperat
3145 5200 3203 5256 in
3258 5205 3474 5256 zeterna
3503 5215 3612 5254 sua
3642 5215 3770 5270 pro-

2111 5289 2390 5345 cessione.
2428 5289 2544 5344 Hoc
2576 5305 2753 5345 sensu
2786 5289 3153 5362 frequentius
3183 5289 3241 5344 in
3265 5287 3586 5360 Scripturis
3616 5287 3762 5344 dici:

2111 5378 2381 5450 Spiritum
2427 5381 2675 5434 sanctum
2725 5379 2873 5444 dari,
2903 5388 2954 5435 et
2997 5380 3153 5434 mitti
3199 5396 3239 5434 a
3286 5378 3471 5440 Filio;
3521 5377 3770 5448 ejusque

2108 5472 2548 5539 temporaneam
2607 5467 2950 5525 missionem
3003 5473 3218 5523 aeterna
3247 5466 3418 5522 inniti
3466 5467 3594 5538 ejus
3637 5483 3766 5538 pro-

2108 5557 2372 5613 cessione
2402 5573 2435 5611 a
2467 5557 2632 5612 Patre
2663 5557 2923 5629 Filioque
2963 5559 3089 5628 jam
3139 5561 3387 5623 constat,
3423 5573 3490 5611 ac
3520 5555 3763 5611 uberius

2106 5647 2262 5702 infra
2302 5647 2549 5702 dicetur.
2573 5649 2646 5701 Ac
2668 5647 2846 5703 etiam
2888 5648 3204 5702 innotescit
3227 5663 3240 5700 :
3266 5647 3545 5718 Spiritum
3577 5659 3764 5716 proce-

2105 5737 2230 5794 dere
2253 5753 2291 5793 a
2318 5736 2480 5808 Filio,
2513 5737 2643 5792 dari
2669 5738 2864 5806 etiam,
2892 5744 2943 5794 et
2972 5738 3122 5792 mitti
3149 5738 3216 5792 ab
3246 5751 3307 5793 eo
3336 5734 3575 5807 perinde
3606 5750 3756 5802 esse,
