4090 6452
329 401 408 464 63
1352 402 1669 468 GEORGII
1715 401 1978 465 CYPPJI
2023 399 2139 461 GP.
2186 401 2716 466 PATRIABCHE
3657 400 3737 462 64

330 551 396 592 ac
426 535 623 608 ipsum
655 551 757 609 per
793 535 1004 592 Filium
1052 538 1385 610 procedere,
1419 555 1484 594 ac
1515 539 1662 609 dari,
1695 543 1751 594 et
1797 538 1973 603 mitti,
2005 535 2058 600 Α
2087 536 2156 591 de
2186 535 2495 591 locutionis
2546 536 2717 591 modo
2765 534 2995 607 litigare
3042 533 3206 590 nolit.
3239 531 3489 591 Consule
3535 532 3737 606 ipsum

332 625 449 680 Cur
500 641 636 697 ergo
694 643 808 681 non
858 627 1127 682 dicamus
1184 627 1376 697 (obvia
1431 633 1494 683 ut
1542 633 1976 700 praoccupetur

333 713 674 785 difficultas)
702 714 916 770 Filium
959 716 1254 787 producere
1283 717 1557 788 Spiritum
1604 727 1852 773 sanctum
1880 734 1977 790 per

333 807 586 871 Patrem,
618 805 1116 876 quemadmodum
1157 805 1215 860 in
1249 806 1460 862 creatis
1507 807 1619 862 dici
1650 807 1818 873 solet,
1849 812 1974 863 tum

334 907 517 962 regem
563 910 726 964 agere
767 909 867 966 per
911 896 1251 964 ministrum,
1285 904 1403 951 tum
1451 897 1773 952 ministrum
1819 912 1977 967 agere

328 997 433 1053 per
461 999 637 1054 regem
659 987 683 1036 .9
709 983 1022 1056 Utrobique
1054 1001 1306 1056 namque
1354 986 1655 1056 particula,
1701 1003 1818 1057 per,
1852 1003 1978 1041 sen-

335 1088 405 1126 su
436 1071 617 1127 activo
645 1073 946 1144 accipitur.
980 1073 1289 1129 Latissimo
1324 1079 1530 1142 praesto
1562 1079 1651 1130 est
1681 1075 1978 1130 discrimi-

336 1160 430 1216 nis
461 1161 606 1216 ratio
655 1162 807 1233 apud
858 1166 1125 1217 sanctum
1159 1163 1462 1233 Thomam,
1496 1181 1513 1218 ι
1545 1181 1600 1234 ρ.
1648 1169 1852 1234 quaest.
1885 1165 1974 1229 36,

337 1252 446 1303 art.
479 1250 530 1315 3,
566 1249 637 1304 ad
671 1251 721 1318 4,
755 1253 880 1304 tum
913 1267 982 1306 ea:
1008 1253 1229 1306 unitate
1261 1254 1476 1307 virtutis
1507 1252 1976 1323 desumpta,quaa

336 1337 490 1392 inest
521 1337 773 1410 utrique,
808 1339 986 1403 Patri,
1009 1345 1065 1394 et
1096 1339 1239 1394 Filio
1265 1344 1426 1395 :tum
1456 1341 1630 1396 etiam
1661 1357 1730 1395 ex
1758 1343 1975 1408 ordine,

333 1430 431 1499 qui
457 1429 765 1483 attenditur
791 1429 940 1483 inter
967 1430 1207 1494 Patrem,
1242 1433 1292 1484 et
1321 1430 1551 1495 Filium,
1573 1446 1684 1486 non
1715 1439 1981 1501 quantum

335 1516 407 1572 ad
433 1519 694 1572 virtutem
723 1519 874 1588 (quae
906 1535 1023 1573 una
1054 1521 1143 1573 est
1173 1518 1233 1573 in
1285 1519 1451 1573 Patre
1482 1536 1516 1574 a
1545 1536 1626 1586 se,
1661 1520 1719 1574 in
1772 1519 1914 1575 Filio
1946 1537 1980 1574 a

335 1605 544 1676 Patre),
576 1607 674 1661 sed
709 1607 889 1661 solum
937 1615 1201 1677 quantum
1231 1608 1311 1662 ad
1357 1609 1636 1678 supposita
1665 1607 1813 1679 (quae
1863 1611 1978 1663 duo

337 1697 518 1760 sunt).
548 1695 878 1765 Superiora,
907 1712 1032 1767 quae
1061 1712 1238 1770 sacrae
1261 1695 1569 1767 Scriptura;
1589 1696 1978 1753 indicavimus

336 1782 484 1848 loca,
516 1783 744 1856 egregie
776 1783 1032 1839 illustrat
1055 1800 1120 1839 ac
1149 1783 1511 1841 validissime
1540 1785 1796 1842 vindicat
1820 1786 1979 1842 Peta-

335 1872 485 1941 vius,
518 1871 664 1928 libro
695 1889 756 1928 ιιι
789 1877 871 1929 De
900 1875 1246 1929 sanctissima
1281 1875 1566 1941 Trinitate,
1591 1874 1779 1947 capite
1807 1875 1979 1942 8,ad-
2011 1900 2060 1966 Β
2090 1874 2320 1945 piemus
2369 1872 2521 1927 hanc
2567 1887 2767 1966 vocem
2821 1889 2834 1926 :

334 1977 566 2018 versum
594 1961 954 2018 Socinianos.

406 2051 576 2105 Paria
623 2051 884 2120 omnino,
935 2067 1062 2123 quas
1112 2051 1182 2106 de
1230 2050 1449 2122 Spiritu
1500 2057 1723 2121 sancto,
1784 2052 1981 2110 habito

334 2144 605 2211 respectu
635 2140 706 2195 ad
740 2141 967 2195 Patrem
999 2145 1058 2195 et
1087 2141 1158 2195 ad
1210 2140 1493 2212 seipsum,
1527 2141 1831 2198 docentem
1884 2160 1983 2198 au-

337 2228 592 2284 divimus
616 2228 819 2284 Jesum
873 2229 1192 2296 Christum,
1229 2229 1300 2284 de
1343 2230 1534 2302 seipso
1566 2247 1798 2302 quoque
1828 2231 1983 2286 affir-

339 2321 460 2372 mat
489 2315 607 2384 ille,
640 2320 914 2372 aiternam
948 2317 1208 2388 suipsius
1236 2319 1667 2390 generationem
1715 2336 1784 2375 ex
1812 2324 1982 2374 Patre

337 2405 700 2477 significans,
761 2423 826 2461 ac
902 2406 1241 2462 missionem
1301 2423 1370 2462 ex
1426 2408 1826 2479 consequenti.
1887 2408 1981 2462 Ait

337 2511 548 2566 nempe
575 2496 728 2565 apud
761 2496 1072 2560 Joannem,
1103 2495 1292 2567 capite
1315 2513 1441 2561 VIII,
1488 2513 1636 2552 vers.
1686 2499 1756 2551 26
1809 2515 1821 2552 :
1877 2499 1983 2566 Qui

336 2601 425 2640 me
451 2586 624 2655 misit,
656 2601 830 2640 verax
875 2588 990 2646 est;
1019 2592 1069 2641 et
1097 2601 1193 2656 ego
1237 2601 1356 2657 quae
1383 2585 1571 2640 audivi
1623 2587 1692 2642 ab
1733 2603 1812 2653 eo,
1864 2586 1983 2644 hac

337 2673 524 2744 loquor
551 2673 613 2727 in
642 2673 868 2728 mundo.
901 2673 970 2729 Et
1014 2689 1164 2728 vers.
1196 2676 1266 2729 28
1299 2691 1312 2729 :
1347 2678 1386 2728 Α
1442 2690 1528 2730 me
1559 2675 1673 2745 ipso
1718 2676 1863 2744 facio
1890 2677 1980 2730 ni-

336 2761 420 2816 hil
437 2776 459 2824 :
486 2761 579 2817 sed
606 2763 747 2818 sicut
795 2761 977 2817 docuit
1003 2777 1092 2816 me
1141 2762 1320 2823 Pater.
1353 2762 1468 2817 hac
1514 2763 1718 2835 loquor.
1755 2768 1822 2819 Et
1850 2780 1977 2834 cap.

333 2866 436 2916 xu,
465 2866 616 2906 vers.
648 2852 717 2905 49
750 2866 762 2904 :
796 2851 903 2922 Ego
943 2867 1013 2906 ex
1041 2853 1247 2923 meipso
1293 2867 1404 2906 non
1431 2868 1555 2907 sum
1603 2853 1812 2908 locutus
1842 2871 1860 2907 :
1889 2854 1982 2909 sed

333 2955 427 3012 qui
456 2941 612 2995 misit
635 2955 722 2994 me
748 2945 934 3010 Pater,
966 2941 1085 3008 ipse
1111 2939 1437 2996 mandatum
1477 2942 1619 2996 mihi
1647 2941 1818 3010 dedit,
1849 2943 1983 3013 quid

327 3027 530 3098 dicam,
590 3031 640 3082 et
688 3029 824 3099 quid
872 3029 1088 3099 loquar.
1143 3033 1208 3083 Et
1263 3029 1454 3100 capite
1500 3047 1592 3097 xv,
1643 3047 1792 3086 vers.
1845 3033 1913 3086 15
1965 3049 1977 3087 :

330 3118 535 3174 Omnia
565 3133 904 3189 quaecunque
931 3117 1126 3172 audivi
1156 3133 1197 3172 a
1227 3118 1392 3173 Patre
1433 3134 1570 3184 meo,
1598 3127 1726 3175 nota
1753 3122 1860 3191 feci
1888 3137 1981 3176 vo-

330 3207 434 3262 bis.
493 3210 623 3261 Haec
672 3205 876 3278 utique
921 3206 1119 3261 omnia
1163 3208 1302 3263 Jesu
1355 3207 1567 3262 Christi
1627 3209 1979 3265 documenta

327 3295 621 3363 evincunt,
655 3295 850 3367 ipsum
878 3312 1006 3351 esse
1039 3299 1219 3350 Deum
1255 3296 1325 3351 de
1354 3296 1490 3363 Deo,
1523 3297 1595 3353 ab
1638 3302 1852 3354 aeterno
1881 3315 1976 3368 ge-

328 3382 519 3438 nitum
567 3399 602 3438 a
648 3387 832 3451 Patre,
879 3385 1312 3440 communicata
1358 3385 1546 3440 eidem
1591 3402 1693 3458 per
1739 3403 1978 3458 genera-

326 3472 544 3529 tionem
577 3475 807 3539 natura,
840 3477 898 3528 et
944 3473 1249 3545 sapientia,
1284 3490 1349 3528 ac
1402 3475 1627 3530 caeteris
1687 3475 1986 3533 attributis

329 3561 641 3629 omnibus;
675 3578 740 3617 ac
771 3562 1009 3618 demum
1041 3563 1112 3618 ab
1152 3566 1364 3618 esterno
1393 3565 1678 3635 genitum,
1713 3581 1984 3639 assump-

334 3655 535 3706 turum
587 3650 884 3706 hominem
938 3651 998 3706 in
1046 3655 1326 3723 tempore,
1361 3668 1427 3707 ac
1474 3652 1741 3710 homines
1780 3655 1982 3711 doctu-

333 3755 466 3795 rum
495 3739 707 3795 divinas
735 3740 1032 3811 sapientiae
1083 3740 1380 3812 mysteria.
1413 3742 1557 3797 Cum
1589 3742 1753 3814 paria
1799 3745 1984 3799 omni-

331 3845 405 3884 no
434 3829 553 3884 sint
580 3829 649 3884 de
699 3829 919 3901 Spiritu
948 3833 1148 3885 sancto
1193 3829 1368 3895 dicta,
1402 3831 1749 3902 procedente
1797 3849 1832 3888 a
1883 3834 1980 3888 Pa-

331 3922 442 3990 tre,
477 3935 593 3973 non
623 3917 898 3990 loquente
928 3935 962 3973 a
990 3918 1204 3991 seipso,
1230 3919 1551 3991 accipiente
1581 3937 1614 3976 a
1644 3920 1810 3989 Filio,
1843 3922 1984 3994 quia

331 4006 530 4062 omnia
558 4023 685 4078 quas
713 4010 853 4062 sunt
883 4006 1092 4074 Patris,
1123 4007 1249 4062 Filii
1281 4007 1460 4063 etiam
1494 4009 1594 4064 49
1627 4014 1790 4076 sunt,
1821 4026 1982 4066 exce-

331 4101 430 4168 pta
484 4096 850 4168 paternitatis
903 4095 1238 4163 relatione;
1297 4098 1629 4152 necessaria
1675 4098 1983 4155 ratiocina-

333 4185 492 4241 tione
541 4183 934 4258 colligendum
966 4189 1077 4250 est,
1111 4201 1144 4240 a
1192 4185 1357 4240 Patre
1391 4186 1651 4258 Filioque
1697 4187 1979 4259 Spiritum

334 4277 604 4330 sanctum
653 4274 965 4346 procedere
1010 4289 1211 4329 verum
1261 4274 1467 4341 Deum,
1519 4275 1873 4348 largiturum
1920 4278 1979 4332 in

333 4367 593 4434 tempore
622 4362 964 4418 hominibus
991 4362 1144 4418 dona
1171 4363 1394 4434 gratia.
1429 4363 1546 4419 Hoc
1577 4364 1702 4421 loco
1734 4365 1856 4421 haec
1885 4384 1978 4423 sa-

331 4451 429 4506 tis.

406 4538 498 4594 IV.
532 4538 662 4594 Haec
693 4555 833 4594 sane
879 4555 1161 4612 germana
1190 4539 1336 4594 ratio
1383 4540 1677 4612 dogmatis
1712 4559 1722 4597 :
1759 4543 1830 4598 de
1861 4560 1976 4615 quo

2085 625 2232 682 libro
2266 643 2330 691 ιι,
2362 642 2527 680 num.
2559 626 2614 692 4,
2643 625 2744 681 ubi
2787 626 2993 680 Filium
3035 623 3290 697 appellat
3336 624 3578 696 Spiritus
3605 640 3737 679 san-

2083 719 2159 771 cti
2189 716 2512 784 largitorem
2541 718 2591 770 et
2623 720 2918 772 auctorem.

2156 805 2341 860 Litem
2400 805 2594 861 acrius
2652 805 2971 860 intentasse
3019 803 3250 859 videtur
3307 803 3734 870 Theodoretus,

2085 893 2217 965 Cyri
2246 893 2304 947 in
2339 893 2728 964 Euphratesia
2757 894 3087 965 episcopus.
3123 893 3239 948 Suo
3285 909 3539 964 namque
3575 899 3735 948 Ana-

2086 983 2439 1038 thematismo
2455 984 2537 1049 IX,
2557 999 2731 1053 quem
2762 999 2895 1037 cum
2914 981 3044 1037 aliis
3075 997 3228 1037 anno
3255 982 3358 1036 430
3388 998 3457 1036 ex
3484 981 3735 1037 Alexan-

2087 1072 2254 1127 drino
2287 1072 2528 1128 concilio
2562 1072 2632 1126 ad
2666 1071 2999 1126 Nestorium
3048 1070 3460 1126 transmiserat
3488 1070 3736 1142 Cyrillus

2088 1161 2530 1227 Alexandrinus,
2581 1160 2885 1232 inquiebat
2939 1178 2951 1215 :
3004 1160 3274 1231 Spiritum
3319 1165 3594 1226 sanctum,
3639 1177 3742 1231 per

2088 1268 2245 1323 quem
2275 1252 2465 1306 divina
2485 1252 2645 1319 signa
2673 1249 2843 1304 edidit
2855 1252 3008 1305 Iesus
3027 1250 3292 1316 Christus,
3314 1249 3554 1321 ejusdem
3575 1249 3627 1317 (J
3634 1265 3739 1304 esu

2087 1340 2324 1411 Christi)
2352 1341 2641 1411 pr0prium
2681 1355 2813 1394 esse.
2847 1339 2976 1393 Haac
3024 1339 3202 1394 verba
3231 1338 3633 1393 Theodoretus
3679 1338 3739 1392 in

2087 1428 2236 1484 libro
2267 1429 2337 1483 de
2367 1427 2566 1500 Cyrilli
2613 1427 3137 1482 Anathematismis
3183 1427 3255 1482 ad
3302 1427 3590 1482 Joannem
3623 1428 3737 1481 An-

2088 1517 2448 1582 tiochenum,
2497 1517 2680 1571 nimia
2724 1515 3018 1588 excipiens
3067 1515 3405 1572 morositate
3457 1531 3470 1568 :
3523 1538 3550 1565 ‹‹
3604 1517 3740 1571 Ρνο-

2084 1608 2274 1678 prium
2334 1610 2529 1660 autem
2576 1603 2846 1675 Spiritum
2892 1604 3045 1670 Filii,
3099 1604 3312 1676 inquit,
3372 1605 3421 1660 si
3474 1604 3739 1676 ejusdem

2089 1696 2326 1767 quidem
2357 1710 2491 1749 cum
2521 1709 2587 1748 eo
2632 1698 2874 1762 naturae,
2907 1697 2963 1749 et
3011 1709 3078 1748 ex
3110 1696 3278 1749 Patre
3328 1695 3739 1765 procedentem

2089 1785 2252 1853 dixit,
2286 1782 2464 1838 simul
2513 1783 2946 1848 conﬁtebimur,
2977 1787 3036 1838 et
3081 1786 3365 1854 tanquam
3396 1783 3554 1854 piam
3586 1781 3740 1838 exci-

2886 1872 2935 1927 si
2982 1887 3139 1939 vero,
3173 1869 3248 1932 ὡς
3280 1870 3330 1940 ἐξ
3369 1871 3521 1940 Υἳοῦ,
3551 1869 3641 1924 καὶ
3673 1867 3741 1924 δι’

2090 1961 2218 2016 Υἱοῦ
2265 1961 2364 2028 τὴν
2424 1958 2644 2036 ὕπαρξιν
2691 1957 2840 2034 ἔχον,
2890 1969 3152 2032 tanquam
3198 1977 3267 2017 ea:
3311 1962 3473 2032 Filio,
3515 1965 3608 2016 aut
3642 1976 3742 2033 per

2091 2053 2298 2108 Filium
2325 2052 2701 2106 assistentium
2738 2050 3042 2121 habentem,
3077 2049 3184 2105 hoc
3232 2055 3298 2106 ut
3325 2050 3741 2122 blasphemum

2093 2145 2149 2196 et
2178 2141 2425 2212 impium
2459 2139 2778 2210 rejicimus.
2814 2160 2842 2189 »
2890 2139 3257 2208 Durioribus,
3289 2156 3418 2211 quae
3448 2139 3740 2205 videntur,

2091 2227 2434 2287 Theodoreti
2462 2229 2656 2283 verbis
2687 2245 2758 2283 ne
2809 2232 3008 2284 tamen
3062 2227 3303 2284 haereas.
3337 2230 3629 2284 Adnotare
3679 2227 3742 2284 in

2092 2323 2460 2375 antecessum
2505 2316 2695 2385 liceat,
2728 2333 2797 2372 ea
2823 2317 3251 2372 Theodoretum
3303 2317 3527 2372 ratione
3567 2317 3740 2371 dene-

2091 2423 2283 2481 gasse,
2314 2405 2594 2479 Spiritum
2644 2409 2916 2462 sanctum
2963 2406 3200 2472 habere,
3232 2422 3266 2460 a
3294 2405 3460 2472 Filio,
3493 2411 3595 2460 aut
3645 2421 3748 2477 per

2091 2497 2302 2553 Filium
2333 2495 2733 2551 exsistentiam
2758 2513 2771 2563 ;
2805 2495 2945 2566 quia
2975 2495 3296 2551 Macedonii
3321 2499 3379 2551 et
3407 2482 3748 2568 Apollinarii

2091 2586 2274 2658 impia
2302 2588 2635 2640 commenta
2678 2584 2752 2638 iis
2801 2584 3047 2655 exprimi
3078 2584 3270 2640 verbis
3324 2584 3742 2639 arbitrabatur.

2091 2675 2342 2730 Mentem
2375 2673 2525 2728 hanc
2557 2689 2725 2728 suam
2759 2672 2945 2744 aperit
2974 2673 3034 2728 in
3069 2672 3331 2745 Epistola
3361 2674 3432 2728 ad
3456 2676 3748 2728 monaste-

2091 2765 2200 2830 ria,
2256 2780 2381 2836 quas
2429 2761 2645 2834 legitur
2691 2761 2997 2817 collatione
3046 2779 3099 2832 v,
3132 2763 3193 2816 in
3242 2763 3464 2835 synodo
3506 2781 3541 2818 ν
3589 2778 3744 2817 oscu-

2091 2851 2449 2908 menica.Ait
2477 2851 2633 2906 enim
2663 2850 2992 2920 Ayrillianie
3016 2851 3316 2907 sententiae
3345 2852 3541 2907 inesse
3574 2849 3748 2923 Apol-

2089 2941 2287 2998 linarii
2331 2942 2607 2997 seminum
2648 2942 2895 3010 fructum
2939 2958 2959 2996 :
3011 2941 3112 3011 qui
3165 2942 3417 2996 adducto
3477 2939 3744 3012 exemplo

2091 3031 2252 3102 solis,
2305 3031 2474 3101 radii,
2507 3035 2564 3086 et
2617 3029 2969 3102 splendoris,
3001 3029 3169 3101 quia
3219 3032 3330 3086 sole
3378 3046 3478 3102 per
3524 3029 3748 3084 radium

2089 3120 2382 3184 emittitur,
2436 3118 2718 3189 Spiritum
2779 3121 3050 3172 sanctum
3101 3134 3366 3188 magnum
3423 3117 3742 3184 asserebat,

2091 3207 2303 3264 Filium
2332 3208 2624 3278 majorem,
2650 3211 2707 3261 et
2735 3210 2966 3261 Patrem
2996 3208 3314 3261 maximum
3335 3224 3358 3272 ;
3388 3210 3447 3261 et
3467 3206 3747 3278 quemad-

2096 3297 2336 3351 modum
2370 3294 2551 3350 Filius
2574 3293 2766 3349 minor
2793 3297 2950 3349 esset
2979 3299 3169 3361 Patre,
3204 3294 3343 3366 quia
3370 3298 3545 3350 natus
3575 3311 3610 3348 a
3638 3294 3742 3349 Pa-

2091 3389 2199 3452 tre,
2225 3385 2307 3439 ita
2336 3399 2568 3455 quoque
2599 3382 2852 3454 Spiritus
2884 3387 3122 3438 sanctus
3173 3383 3367 3439 minor
3395 3383 3545 3439 foret
3575 3382 3743 3449 Filio,

2093 3473 2232 3546 quia
2261 3473 2579 3545 procedens
2609 3488 2678 3528 ex
2701 3471 2867 3528 Filio.
2888 3471 3006 3528 Hac
3022 3473 3094 3528 de
3114 3490 3175 3528 re
3205 3471 3545 3545 diligentius
3570 3488 3746 3544 agen-

2093 3565 2235 3619 dum
2267 3579 2396 3634 cap.
2430 3563 2484 3629 8,
2518 3577 2660 3616 num
2690 3562 2745 3616 5.

2165 3653 2265 3709 50
2298 3652 2479 3707 Fuere
2527 3649 2938 3720 Monothelitm,
2989 3651 3089 3722 qui
3137 3667 3381 3706 sensum
3429 3651 3745 3722 dogmatis,

2093 3758 2209 3814 quo
2240 3742 2310 3796 de
2356 3740 2610 3813 agimus,
2643 3739 2820 3811 primi
2868 3745 3303 3812 oppugnarunt.
3335 3741 3629 3796 Eternam
3680 3757 3747 3796 ac

2095 3828 2546 3886 substantialem
2579 3828 2829 3900 Spiritus
2859 3830 3046 3884 sancti
3076 3828 3507 3901 processionem
3527 3845 3561 3884 a
3583 3828 3744 3894 Filio,

2095 3923 2198 3974 aut
2229 3934 2331 3990 per
2357 3916 2570 3972 Filium
2598 3916 2836 3972 inﬁciati
2872 3921 3032 3984 sunt,
3055 3919 3301 3989 ejusque
3328 3919 3744 3989 processionem,

2091 4025 2126 4064 a
2154 4007 2430 4062 Patribus
2459 4005 2652 4062 omnis
2683 4006 2784 4060 sevi
2817 4004 3041 4077 passim
3073 4011 3360 4062 assertum
3390 4023 3489 4078 per
3517 4008 3745 4076 Filium,

2090 4097 2424 4154 intellexere
2472 4096 2898 4168 temporalem;
2933 4097 3088 4168 quod
3139 4095 3266 4168 ipse
3314 4096 3596 4153 nimirum
3646 4114 3750 4169 per

2092 4187 2304 4243 Filium
2334 4187 2730 4242 innotesceret
2751 4185 3116 4256 hominibus,
3136 4203 3202 4241 ac
3234 4187 3387 4242 dona
3417 4184 3751 4258 spiritualia

2090 4277 2453 4332 concederet.
2513 4279 2656 4330 Rem
2732 4273 2947 4329 evincit
3002 4274 3249 4332 Michael
3298 4275 3630 4348 Lequienus
3687 4275 3749 4330 in

2094 4365 2514 4421 Dissertatione
2545 4364 2566 4419 Ι
2618 4363 3057 4434 Damascenica,
3092 4380 3256 4420 num.
3289 4365 3377 4433 48,
3411 4381 3477 4420 ex
3527 4363 3752 4419 confes-

2090 4455 2253 4510 sione
2317 4452 2556 4508 Macarii
2610 4451 2983 4520 Antiocheni,
3032 4452 3287 4508 haeretici
3332 4451 3746 4508 Monothelitie.

2089 4543 2316 4598 Prostat
2364 4558 2433 4596 ea
2479 4542 2538 4595 in
2571 4540 2727 4596 Actis
2777 4539 3010 4596 concilii
3060 4541 3210 4596 sexti
3259 4539 3604 4596 cecumenici
3651 4557 3753 4596 an-

337 4627 588 4682 nimium
615 4644 777 4682 acres
814 4631 986 4683 mota)
1015 4631 1157 4683 sunt
1200 4628 1436 4684 Latinos
1465 4629 1616 4684 inter
1643 4634 1701 4686 et
1749 4632 1975 4688 Graecos
2006 4637 2053 4701 D
2087 4649 2159 4687 no
2186 4631 2288 4686 681
2347 4630 2643 4698 celebrati,
2677 4629 2903 4686 actione
2934 4631 2990 4698 8,
3023 4629 3125 4684 ubi
3177 4630 3247 4685 de
3275 4629 3496 4702 Spiritu
3546 4635 3751 4687 sancto

333 4715 782 4787 disputationes,
806 4716 965 4772 edita
985 4717 1349 4788 frequentius
1376 4734 1478 4789 pro
1501 4717 1723 4775 Latinis
1745 4719 1975 4777 decreta

334 4804 467 4858 fidei
518 4803 578 4858 in
621 4803 880 4860 conciliis
930 4821 942 4858 :
993 4805 1252 4876 unioque
1301 4810 1521 4862 statuta
1565 4823 1698 4862 cum
1749 4808 1981 4878 Graacis,

333 4893 435 4948 sed
467 4893 539 4947 ab
572 4892 665 4947 his
691 4893 867 4948 etiam
910 4893 1238 4950 instaurata
1267 4894 1532 4950 dissidia.
1560 4896 1656 4952 Lis
1693 4900 1824 4952 acta
1852 4914 1988 4954 vero

332 4981 509 5037 variis
552 4983 939 5053 temporibus.
972 4983 1170 5038 Prima
1218 4983 1464 5056 hujusce
1505 4984 1737 5040 videtur
1766 4991 1989 5043 contro-

332 5070 534 5125 versias
584 5071 800 5127 mentio
831 5073 986 5144 apud
1022 5071 1311 5128 Hilarium
1347 5089 1652 5129 occurrere
1701 5074 1849 5130 libro
1880 5093 1987 5133 VIII

337 5164 416 5216 De
447 5161 732 5228 Trim'tate,
774 5177 948 5231 quem
983 5162 1041 5214 in
1087 5160 1289 5216 exsilio
1322 5165 1456 5216 ante
1487 5179 1708 5217 annum
1740 5164 1847 5217 360
1891 5164 1989 5219 ab-

334 5248 603 5305 solverat.
634 5249 726 5303 Sic
773 5250 929 5305 enim
961 5251 1042 5304 ait
1077 5266 1241 5304 num.
1282 5252 1389 5304 20:
1415 5252 1596 5321 Neque
1625 5253 1688 5305 in
1716 5252 1814 5308 hoc
1840 5269 1989 5307 nunc

333 5340 642 5394 calumnior
698 5339 955 5394 libertati
1013 5338 1110 5410 (al.
1171 5339 1504 5410 libertatem)
1577 5341 1984 5411 intelligentiae,

332 5439 523 5484 utrum
564 5444 636 5483 ex
680 5431 867 5498 Patre,
902 5445 979 5484 an
1027 5445 1099 5482 ex
1127 5428 1268 5483 Filio
1315 5428 1584 5498 Spiritum
1632 5430 1987 5486 Paracletum

333 5521 522 5589 putent
552 5534 665 5572 esse
694 5535 712 5572 :
743 5532 852 5571 non
883 5519 1036 5572 enim
1071 5519 1131 5571 in
1183 5517 1390 5572 incerto
1425 5520 1693 5574 Dominus
1736 5521 1984 5590 reliquit.

335 5610 548 5678 Aperta
580 5623 749 5661 mens
772 5607 899 5675 ejus
921 5611 1009 5662 est
1043 5622 1055 5660 :
1090 5605 1378 5662 incertum
1406 5606 1517 5661 sibi
1541 5623 1655 5663 non
1679 5608 1986 5679 esse,quin

333 5711 365 5750 a
412 5698 584 5752 Patre
642 5693 903 5766 Filioque
961 5694 1038 5751 sit
1092 5694 1349 5766 Spiritus
1406 5700 1668 5767 sanctus,
1716 5697 1985 5768 quamvis

2090 4719 2209 4775 hec
2241 4719 2535 4775 habentur
2583 4735 2595 4773 :
2649 4715 2749 4770 Καὶ
2780 4716 2858 4777 εἰς
2908 4715 2970 4770 τὸ
3021 4720 3241 4789 Πνεῦμα
3285 4717 3348 4772 τὸ
3381 4716 3531 4792 ἅγιον
3582 4717 3644 4771 τὸ
3693 4717 3753 4772 ἐκ

2090 4810 2187 4862 τοῦ
2245 4805 2455 4882 ΙΙατρὸς
2516 4804 2971 4881 ἐκπορευόμενον,
3028 4804 3118 4858 καὶ
3178 4801 3247 4858 δι’
3301 4805 3432 4859 Υἱοῦ
3487 4806 3748 4882 πεφηνὸς,

2098 4891 2312 4965 δηλαδὴ
2362 4899 2481 4956 τοῖς
2530 4893 2860 4970 ἀνθρώποις,
2892 4897 2957 4950 Et
2985 4896 3047 4949 in
3091 4895 3359 4967 Spiritum
3403 4899 3654 4952 sanctum
3683 4912 3754 4952 ea:

2096 4992 2264 5042 Patre
2285 4985 2684 5058 procedentem,
2706 4989 2761 5040 et
2787 5001 2887 5056 per
2915 4983 3126 5039 Filium
3155 4987 3474 5057 micantem,
3506 5002 3609 5041 seu
3631 5002 3752 5040 ma-

2097 5076 2443 5146 nifestatum,
2475 5073 2724 5130 videlicet
2753 5073 3088 5129 hominibus.

2173 5164 2384 5218 Motam
2415 5162 2594 5218 etiam
2626 5179 2659 5218 a
2706 5160 3104 5219 Monothelitis
3150 5160 3336 5231 litem,
3365 5162 3636 5220 novimus
3683 5180 3755 5220 ex

2095 5257 2296 5308 sancto
2343 5253 2616 5319 Maximo,
2650 5251 2750 5324 qui
2801 5251 2860 5306 in
2891 5249 3142 5323 epistola
3171 5252 3243 5307 ad
3295 5251 3588 5308 Marinum
3619 5269 3754 5325 pre-

2096 5343 2397 5415 sbyterum
2448 5341 2532 5398 sic
2585 5340 2667 5396 ait
2720 5357 2734 5395 :
2787 5339 3024 5396 Latinos
3073 5340 3579 5413 reprehendebant
3608 5343 3756 5400 Con-

2095 5429 2631 5503 stantinopolitani,
2685 5429 2905 5486 scilicet
2950 5429 3362 5498 Monothelitae,
3415 5431 3554 5501 quia
3600 5431 3755 5489 dice-

2095 5524 2242 5589 rent,
2292 5519 2588 5592 procedere
2633 5521 2802 5576 etiam
2848 5536 2918 5575 ex
2958 5519 3098 5575 Filio
3154 5520 3424 5590 Spiritum
3479 5530 3753 5577 sanctum.

2093 5609 2310 5665 Verum
2364 5609 2548 5665 Latini
2582 5632 2610 5661 «
2645 5609 3029 5666 consonantia
3077 5607 3453 5680 protulerunt
3495 5611 3758 5667 testimo-

2095 5699 2194 5756 nia
2223 5698 2562 5756 Latinorum
2610 5701 2872 5767 Patrum,
2908 5713 3134 5755 necnon
3185 5700 3244 5754 et
3269 5696 3470 5772 Cyrilli
3498 5699 3758 5758 Alexan-
