4090 6436
319 392 392 450 65

1567 387 1774 449 VITA.
1809 420 1886 430 —
1915 384 2432 447 DISSEBTATIO
2476 385 2525 443 Ι.
3665 381 3744 438 66

329 520 471 576 drini
521 520 596 574 de
664 535 833 575 sacro
883 517 1071 590 ipsius
1133 533 1324 588 Opere,
1379 519 1534 590 quod
1581 519 1642 574 in
1713 522 1983 574 sanctum
2013 519 2144 586 Aet
2172 516 2466 573 secundum
2518 515 2776 587 quiddam
2829 529 2940 568 non
2968 514 3259 584 procedere
3315 514 3590 582 Spiritum
3618 530 3744 569 san-

330 607 749 680 evangelistam
783 607 923 662 fecit
955 607 1239 662 Joannem
1266 623 1278 660 :
1305 623 1374 661 ex
1397 607 1610 676 quibus
1643 624 1758 663 non
1789 605 1987 676 αἰτίαν,

329 715 554 754 causam
604 697 856 768 Spiritus
884 697 1065 751 sancti
1111 696 1319 750 Filium
1347 711 1402 751 se
1431 697 1612 767 facere
1649 703 1988 752 monstra-ve-

334 796 478 844 runt.
528 786 723 842 Unam
754 785 913 841 enim
965 788 1182 839 norunt
1210 800 1436 839 causam
1479 787 1629 853 Filii,
1662 795 1712 842 et
1755 784 1994 856 Spiritus

336 894 448 934 esse
496 877 766 930 Patrem:
814 873 1060 930 alterius
1110 874 1432 928 secundum
1489 873 1921 946 generationem
1976 890 1990 928 :

337 971 394 1022 et
448 963 696 1020 alterius
751 963 1057 1019 secundum
1115 958 1454 1036 ἐκπόρευσιν,
1516 965 1925 1032 processionem
1977 979 1996 1023 ,-

340 1050 500 1108 Ἀλλ’
518 1049 613 1105 ’ἕνα
642 1050 706 1105 τὸ
747 1047 819 1104 δι’
846 1048 1014 1104 αὐτοῦ
1047 1047 1294 1125 προϊέναι
1347 1046 1664 1122 δηλώσωσι,
1694 1048 1784 1104 καὶ
1831 1048 1998 1122 ταύτῃ

337 1142 401 1198 τὸ
450 1140 676 1218 συναφὲς
727 1141 826 1207 τῆς
875 1137 1056 1200 οὐσίας
1105 1137 1194 1192 καὶ
1251 1137 1668 1212 ἀπαράλλακτον
1718 1139 1995 1213 παραστή-

341 1252 478 1286 σωσι
504 1248 519 1300 ;
551 1231 646 1287 sed
692 1234 757 1285 ut
785 1229 933 1285 hunc
958 1245 1058 1300 per
1080 1245 1206 1284 eum
1251 1229 1478 1299 prodire
1512 1231 1866 1285 insinuarent
1894 1247 1913 1282 :
1944 1231 2000 1284 et

339 1321 453 1378 hac
487 1320 824 1393 (locutione)
877 1319 1210 1376 substantiae
1237 1319 1697 1387 communionem,
1732 1322 1784 1374 et
1824 1317 1998 1373 indis-

339 1411 788 1467 similitudinem
830 1408 1291 1465 demonstrarent.
1341 1429 1371 1458 »
1411 1407 1840 1478 Animadverte,
1892 1406 2000 1462 La-

341 1499 490 1556 tinis
533 1515 794 1555 consona
845 1497 1066 1554 sentire
1113 1495 1413 1569 Cyrillum,
1455 1495 1840 1568 inquientem,
1871 1495 2002 1567 Spi-

340 1593 529 1646 ritum
573 1597 831 1644 sanctum
857 1603 896 1642 α
923 1587 1100 1643 Patre
1135 1602 1236 1658 per
1257 1586 1472 1642 Filium
1516 1584 1762 1658 prodire,
1799 1588 1866 1640 ut
1891 1585 2002 1640 hac

340 1677 644 1735 locutione
709 1675 1042 1733 substantiae
1095 1675 1406 1732 communio
1481 1675 1998 1731 demonstraretur.

344 1766 612 1838 Insignia
661 1765 937 1821 dabimus
984 1762 1137 1820 infra
1175 1763 1362 1820 Patris
1415 1762 1787 1820 Alexandrini
1837 1762 2003 1818 testi-

345 1855 569 1912 monia.
600 1854 900 1954 Agebatur
937 1868 1074 1953 ergo
1106 1853 1176 1908 de
1193 1851 1462 1958 'naturali
1510 1868 1576 1958 ac
1605 1855 1823 1958 interna
1868 1850 2003 1923 Spi-
2033 1893 2082 1958 Β

343 1945 504 2001 ritus
547 1942 737 2000 sancti
771 1942 1162 2015 processione.
1193 1941 1449 1998 Rursum
1505 1940 1722 1997 adnota
1771 1941 2001 1996 Patrem

347 2034 464 2090 dici
494 2049 722 2089 causam
767 2030 918 2101 Filii,
948 2033 1007 2087 et
1035 2029 1287 2102 Spiritus
1335 2029 1544 2099 sancti,
1576 2029 1736 2086 illius
1777 2045 1879 2101 per
1914 2045 2005 2099 ge-

348 2124 723 2190 nerationem,
782 2124 841 2176 et
894 2119 1069 2176 istius
1126 2136 1225 2192 per
1272 2121 1722 2192 processionem:
1765 2134 2003 2174 causam

349 2212 597 2280 scilicet,
629 2210 812 2267 veluti
844 2209 1186 2282 primariam
1217 2214 1274 2264 et
1325 2209 1692 2281 originalem,
1726 2225 1852 2280 quae
1902 2208 2004 2262 ha-

349 2303 447 2358 bet
476 2319 512 2357 a
542 2317 604 2357 se
647 2299 766 2354 vim
795 2297 1113 2371 generandi
1159 2297 1393 2368 Filium,
1425 2301 1484 2354 et
1512 2297 1775 2369 spirandi
1824 2295 2004 2369 Spiri-

348 2395 475 2447 tum
529 2393 805 2446 sanctum
840 2404 853 2443 :
886 2403 1072 2459 eoque
1109 2403 1289 2442 sensu
1337 2387 1542 2442 Filium
1568 2403 1679 2443 non
1730 2403 1844 2442 esse
1872 2401 2005 2441 cau-

347 2496 468 2534 sam
540 2478 782 2550 Spiritus
856 2477 1050 2531 sancti.
1125 2475 1534 2532 Animadverte
1608 2475 1864 2545 tandem,
1924 2475 2008 2529 ita

349 2571 620 2624 sanctum
679 2565 1070 2622 nihilominus
1143 2565 1453 2637 procedere
1510 2581 1544 2620 a
1602 2564 1770 2619 Patre
1826 2562 2006 2635 Spiri-

351 2661 497 2727 tum,
562 2659 627 2710 ut
685 2654 862 2710 etiam
917 2669 1021 2725 per
1073 2653 1282 2709 Filium
1336 2652 1581 2724 prodeat,
1645 2651 1788 2707 Filio
1846 2651 2006 2707 scili-

345 2751 436 2801 cet
492 2745 707 2799 virtute
765 2742 1032 2815 spirandi
1079 2742 1516 2798 communicata
1564 2759 1599 2797 a
1653 2746 1844 2808 Patre,
1903 2756 2005 2796 eo-

346 2835 603 2906 demque
651 2833 711 2888 in
744 2847 931 2887 unum
980 2847 1117 2886 cum
1168 2831 1338 2886 Patre
1383 2829 1744 2886 coalescente
1792 2827 2008 2901 princi-

346 2924 539 2996 pium.

420 3011 618 3067 Sancti
673 3009 912 3065 Maximi
963 3013 1220 3064 mentem
1269 3008 1472 3064 eodem
1521 3006 1789 3079 exposuit
1833 3007 2008 3062 modo

347 3099 705 3157 Anastasius
735 3097 1224 3153 Bibliothecarius
1254 3096 1316 3152 in
1347 3095 1594 3167 epistola
1622 3097 1694 3151 ad
1723 3096 2008 3151 Joannem

349 3191 691 3258 diaconum,
724 3191 882 3242 tomo
925 3185 1023 3242 XII
1057 3186 1313 3242 Biblioth.
1352 3186 1447 3242 51
1482 3190 1721 3240 Patrum
1745 3186 2005 3254 Lugdun.

2099 615 2266 661 ctum.
2303 628 2330 654 ››
2389 606 2513 660 Non
2573 604 2880 675 procedere
2936 621 2970 658 a
3027 602 3190 668 Filio,
3249 606 3314 656 ut
3372 620 3404 658 a
3461 603 3744 674 principio

2101 695 2226 750 sine
2315 693 2622 766 principio.
2692 710 2724 747 a
2789 709 2851 747 se
2915 691 3186 746 virtutem
3285 692 3547 762 spirandi
3639 691 3744 746 ha-

2102 784 2310 849 bente;
2346 783 2656 854 procedere
2708 781 2778 836 ab
2811 781 2959 852 ipso,
2996 784 3120 834 uta
3150 779 3434 850 principio
3467 780 3537 835 de
3585 780 3746 851 priu-

2102 873 2275 944 cipio,
2331 889 2364 926 a
2410 871 2577 925 Patre
2625 887 2727 941 per
2782 868 3215 941 generationem
3271 868 3588 939 accipiente
3635 868 3745 923 vir~

2102 966 2308 1015 tutem.

2173 1049 2399 1117 Acrius,
2428 1051 2744 1120 apertoque
2785 1050 2986 1114 marte,
3020 1047 3234 1118 dogma
3261 1045 3418 1101 istud
3469 1045 3748 1117 impetere

2106 1142 2404 1209 coeperunt
2462 1134 2854 1201 lconorriachi,
2912 1136 3281 1206 maximeque
3334 1134 3443 1189 sub
3501 1134 3747 1206 imperio

2106 1224 2470 1284 Constantini
2527 1223 2896 1296 Copronymi,
2955 1227 3156 1282 octavo
3229 1223 3440 1279 saeculo
3496 1223 3745 1278 labente.

2107 1319 2248 1370 Cum
2282 1314 2567 1370 haereseos
2597 1312 2710 1384 ipsi
2740 1313 2810 1368 ab
2842 1311 3311 1368 Occidentalibus
3342 1311 3754 1368 insimularen-

2105 1409 2223 1470 tur,
2281 1401 2678 1460 Occidentales
2734 1401 2914 1474 ipsos,
2974 1402 3156 1456 vicem
3214 1405 3279 1456 ut
3343 1402 3750 1473 rependerent,

2107 1492 2408 1549 haereticos
2479 1491 2784 1556 vocabant,
2860 1491 3133 1560 Spiritum
3205 1497 3460 1546 sanctum
3509 1507 3548 1545 a
3602 1491 3750 1546 Filio

2103 1582 2395 1655 procedere
2440 1583 2789 1636 asserentes.
2839 1578 2988 1633 Tum
3043 1594 3162 1651 ero,
3195 1595 3261 1634 ac
3310 1578 3585 1650 deinceps
3610 1594 3750 1651 pro-

2109 1673 2277 1728 cessio
2316 1688 2350 1726 a
2379 1671 2542 1725 Patre
2583 1684 2682 1740 per
2730 1668 2954 1738 Filium,
2988 1683 3115 1738 quae
3136 1666 3466 1722 innumeris
3513 1668 3750 1724 Patrum

2109 1758 2464 1816 testimoniis
2511 1756 2812 1826 asseritur,
2844 1756 2916 1812 de
2953 1754 3262 1828 temporali
3313 1755 3594 1812 missione
3623 1757 3756 1829 Spi-

2111 1850 2260 1904 ritus
2292 1845 2499 1917 sancti,
2533 1846 2778 1917 ejusque
2807 1843 3115 1916 temporali
3147 1844 3615 1900 manifestatione
3654 1861 3758 1916 per

2111 1939 2401 1993 donorum
2431 1934 2786 2008 spiritalium
2828 1932 3220 2005 largitionem,
3255 1933 3476 2005 passim
3529 1932 3755 1990 intelle-

2112 2031 2205 2082 cta
2255 2043 2291 2082 a
2335 2023 2561 2092 Photio,
2613 2026 2669 2078 et
2712 2022 2987 2077 Michaele
3049 2021 3366 2089 Cerulario,
3417 2022 3757 2094 ceterisque

2113 2113 2531 2172 schismaticis.
2564 2111 2618 2166 Is
2667 2127 2803 2183 ergo
2833 2111 2944 2167 sub
2991 2111 3216 2166 Joanne
3265 2113 3422 2167 Duca
3468 2111 3753 2180 Vatatzio,

2115 2204 2482 2274 maximeque
2514 2201 2623 2257 sub
2655 2199 2936 2256 Michaele
2967 2199 3284 2273 Palaaologo
3315 2201 3756 2257 contentionum

2114 2293 2287 2348 cardo
2337 2296 2479 2361 erat,
2527 2308 2603 2346 an
2633 2289 2876 2360 Spiritus
2927 2305 2967 2344 α
3014 2289 3184 2344 Patre
3224 2307 3325 2361 per
3369 2288 3581 2345 Filium
3624 2290 3758 2344 sub-

2113 2381 2456 2437 stantialiter
2511 2379 2846 2450 procederet
2903 2394 2916 2432 :
2976 2393 3093 2449 quo
3150 2378 3410 2434 admisso
3466 2379 3758 2451 dogmate,

2115 2485 2479 2540 consequens
2509 2470 2632 2522 erat
2659 2465 2897 2538 perinde
2925 2482 3146 2534 esse,ac
3175 2467 3458 2538 Spiritum
3489 2472 3758 2522 sanctum

2116 2576 2150 2614 a
2180 2561 2344 2613 Patre
2367 2556 2672 2628 procedere,
2707 2557 2758 2610 et
2787 2571 2822 2609 a
2851 2555 3013 2609 Filio.

2186 2646 2254 2699 V.
2287 2646 2445 2701 Hanc
2494 2642 2965 2713 substantialem,
3017 2659 3084 2698 ac
3131 2647 3432 2710 aeternam,
3468 2649 3526 2700 et
3575 2643 3756 2717 hypo-

2117 2735 2385 2792 staticam
2433 2732 2687 2805 Spiritus
2735 2731 2922 2786 sancti
2953 2749 2986 2786 a
3015 2735 3182 2787 Patre
3230 2748 3333 2803 per
3368 2731 3578 2787 Filium
3629 2749 3760 2804 pro-

2117 2826 2453 2880 ductionem
2503 2821 2877 2893 promovebat
2908 2820 3244 2892 imperator,
3279 2825 3344 2875 ut
3387 2821 3488 2878 52
3523 2838 3631 2892 pax
3661 2822 3761 2876 de-

2118 2929 2282 2969 mum
2305 2910 2692 2968 Ecclesiarum
2721 2908 2857 2964 iniri
2887 2909 3289 2981 posset.Suam
3321 2911 3582 2982 Augusto
3615 2927 3759 2982 prae-

2117 3002 2351 3058 stabant
2398 3014 2636 3071 Operam
2666 2997 2772 3052 viri
2813 2998 2993 3054 Graeci
3041 2998 3388 3066 doctissimi,
3420 2997 3762 3054 Theodorus

2119 3089 2496 3157 Meliteniota,
2560 3087 2842 3158 Georgius
2907 3086 3236 3156 Metochita,
3304 3087 3501 3143 rhetor
3583 3089 3760 3144 etiam

2117 3177 2454 3248 Holobolus,
2486 3176 2770 3248 Georgius
2800 3175 3043 3247 Cyprius
3078 3194 3090 3231 :
3122 3175 3337 3247 quibus
3368 3181 3572 3248 postea
3601 3176 3760 3233 aliis-

349 3301 377 3329 ‹‹
409 3279 660 3334 Frustra
689 3275 918 3332 causari
967 3281 1171 3331 contra
1198 3290 1305 3330 nos
1333 3273 1528 3329 innuit
1568 3277 1794 3330 Graecos
1826 3289 1839 3328 :
1874 3289 2007 3328 cum
2039 3253 2081 3320 (ἶ
2121 3285 2233 3340 que
2280 3283 2408 3323 sese
2457 3265 2724 3336 adjunxit
2763 3265 3018 3320 Joannes
3067 3265 3303 3332 Beccus,
3335 3265 3602 3321 catholici
3657 3267 3760 3321 do-

347 3385 456 3424 nos
504 3383 619 3422 non
668 3381 912 3434 causam,
943 3363 1030 3419 vel
1081 3364 1425 3435 principium
1478 3361 1691 3418 Filium
1741 3362 2008 3418 dicamus

347 3456 612 3530 Spiritus
643 3453 853 3521 sancti,
887 3457 953 3509 ut
982 3456 1296 3508 autumant
1342 3452 1605 3524 (causam
1635 3449 1876 3517 scilicet,
1909 3453 2012 3506 aut

345 3543 732 3618 principium,
765 3542 860 3598 cui
910 3559 944 3597 a
992 3558 1054 3597 se
1105 3541 1246 3596 insit
1316 3541 1504 3596 virtus
1554 3540 1860 3612 spirandi),
1911 3539 2011 3596 sed

345 3637 634 3692 unitatem
688 3631 1017 3687 substantiae
1072 3631 1260 3685 Patris
1296 3638 1349 3685 et
1404 3629 1534 3684 Filii
1591 3629 1672 3700 (et
1729 3627 2012 3683 unitatem

345 3722 622 3798 spirandi
680 3719 916 3776 virtutis
973 3718 1034 3774 in
1093 3719 1366 3790 utroque)
1429 3734 1441 3771 :
1501 3734 1617 3773 non
1687 3717 2016 3772 nescientes

347 3815 492 3884 (imo
554 3809 892 3866 rectissime
950 3807 1390 3879 intelligentes),
1450 3807 1606 3862 sicut
1663 3805 1928 3877 procedit
1983 3822 2018 3860 a

344 3902 543 3967 Patre,
578 3899 666 3955 ita
713 3915 848 3953 eum
880 3898 1192 3970 procedere
1242 3895 1532 3953 fateamur
1573 3911 1642 3951 ex
1686 3894 1850 3963 Filio,
1882 3894 2017 3949 mis-

344 3993 564 4046 sionem
617 3987 901 4042 nimirum
949 3985 1100 4057 (lege
1143 3984 1570 4056 emissionem),
1619 3984 2021 4055 processionem

350 4076 772 4149 intelligentes.
829 4094 860 4126 ι
919 4077 1042 4131 Vox
1101 4072 1224 4138 illa,
1284 4074 1529 4139 emissio,
1590 4071 1650 4126 in
1723 4069 2020 4126 Anastasii

351 4172 587 4223 textum
621 4165 891 4220 restituta
939 4163 1269 4218 immunem
1303 4162 1498 4218 reddit
1526 4177 1777 4217 censura
1806 4159 2021 4216 Biblio-

355 4254 717 4324 thecarium,
750 4269 868 4325 qua
913 4253 1108 4324 ipsum
1160 4251 1363 4306 acerbe
1412 4253 1576 4306 notat
1624 4249 1918 4316 Petavius,
1951 4247 2021 4303 li-

351 4345 459 4400 bro
491 4360 577 4398 vn
631 4343 706 4396 De
745 4342 1033 4408 Trinitate,
1086 4356 1213 4412 cap.
1268 4340 1360 4410 17,
1393 4355 1559 4394 num.
1612 4339 1698 4394 11.
1729 4337 2023 4393 Combe-ii-

352 4432 517 4488 sium
578 4429 826 4487 consule
883 4434 1042 4487 tomo
1103 4429 1151 4482 Il
1210 4431 1466 4499 Operum
1515 4425 1704 4482 sancti
1761 4425 2025 4495 Maximi,

354 4538 494 4595 pag.
528 4521 725 4587 69;et
785 4519 1149 4591 Lequienum
1209 4517 1270 4572 in
1330 4515 1754 4572 Dissertatione
1813 4515 2024 4570 Dama-

2119 3356 2330 3430 gmatis
2377 3355 2590 3410 vindex
2637 3353 2899 3409 omnium
2949 3352 3375 3410 nobilissimus.
3416 3375 3445 3405 «
3495 3355 3758 3421 Quadam

2118 3445 2297 3517 igitur
2322 3445 2414 3499 die
2445 3441 2838 3515 (Pachymeris
2866 3443 3041 3498 verba
3070 3448 3210 3497 sunt
3236 3441 3386 3498 libro
3416 3460 3470 3513 v,
3487 3459 3612 3515 cap.
3649 3442 3760 3514 12,)

2122 3552 2253 3591 cum
2313 3533 2719 3589 convenissent
2746 3535 2923 3601 (anno
2957 3531 3116 3601 1273)
3145 3533 3299 3602 apud
3351 3532 3762 3604 imperatorem

2123 3621 2456 3696 patriarcha
2501 3619 2858 3692 (Josephus),
2911 3621 3175 3691 antistes,
3208 3625 3267 3675 et
3313 3636 3382 3675 ex
3434 3620 3586 3676 clero
3635 3621 3765 3693 qui-

2127 3713 2302 3779 dam;
2354 3709 2675 3766 instantius
2728 3709 2798 3764 iis
2847 3710 2919 3764 de
2967 3709 3126 3781 pacis
3174 3710 3404 3781 negotio
3451 3709 3772 3782 imperator

2126 3799 2470 3858 disseruit...
2519 3799 2912 3870 Adjungebat,
2946 3797 3094 3854 nihil
3143 3815 3270 3854 esse
3301 3799 3544 3871 periculi
3582 3799 3642 3854 in
3675 3815 3774 3854 as-

2130 3890 2434 3946 sentiendo
2465 3887 2686 3943 Latinis
2735 3888 2889 3958 quod
2925 3893 3226 3959 cuperent,
3259 3887 3463 3945 multis
3493 3889 3552 3942 id
3600 3887 3773 3944 ratio-

2130 3979 2305 4035 nibus
2352 3979 2784 4032 demonstrans.
2819 3975 3082 4032 Habebat
3125 3977 3302 4045 enim,
3335 3977 3435 4048 qui
3486 3976 3692 4032 talium
3725 3977 3778 4033 ei

2130 4071 2610 4140 argumentorum
2643 4065 2871 4138 capiam
2922 4070 3320 4137 suggererent,
3354 4069 3619 4121 auctores
3651 4069 3779 4121 stu-

2131 4158 2328 4213 diosos
2386 4156 2514 4227 ejus
2571 4154 2750 4226 pacis,
2808 4154 3282 4210 archidiaconum
3343 4153 3775 4222 Meliteniotem,

2132 4243 2721 4319 protoapostolarium
2768 4243 3082 4316 Georgium
3132 4243 3429 4316 Cyprium,
3473 4247 3532 4299 et
3580 4243 3778 4300 minus

2134 4335 2409 4391 ardentor
2455 4349 2521 4388 ac
2551 4331 2949 4405 superﬁciaria
2999 4332 3290 4389 rhetorem
3345 4331 3609 4387 Ecclesiae
3665 4333 3779 4388 Ho-

2134 4422 2409 4480 lobolum.
2444 4444 2474 4472 »
2509 4421 2936 4489 Animadverte,
2969 4421 3241 4492 Cyprium
3291 4421 3398 4476 hoc
3445 4437 3598 4476 anno
3643 4421 3781 4476 1273

2128 4515 2254 4586 jam
2297 4511 2450 4567 clero
2495 4509 2752 4582 palatino
2801 4510 3144 4581 ascriptum,
3197 4511 3536 4581 dictumque
3584 4515 3781 4582 proto-

355 4611 598 4668 scenica
633 4610 676 4676 Ι,
709 4625 873 4663 num.
909 4609 996 4678 10,
1030 4611 1088 4662 et
1119 4607 1180 4661 in
1211 4604 1495 4677 Panoplia
1527 4609 1730 4660 contra
1769 4603 2029 4659 schisma
2058 4624 2105 4690 Ι)
2136 4601 2578 4674 apostolarium,
2657 4616 2724 4655 ac
2789 4599 3081 4672 dogmatis
3168 4598 3510 4654 Latinorum
3594 4599 3782 4654 vindi-

355 4700 728 4764 Grecorum,
784 4696 993 4753 saeculo
1041 4713 1168 4766 xm,
1223 4695 1413 4767 capite
1460 4695 1512 4762 4,
1560 4709 1725 4749 num.
1773 4693 1879 4760 l6;
1914 4708 2029 4763 quo

355 4791 539 4846 etiam
571 4787 722 4852 loco,
757 4803 859 4858 pro
893 4803 958 4842 eo
1008 4802 1124 4856 quo
1157 4783 1414 4856 pollebat
1459 4782 1680 4855 ingenii
1731 4781 2025 4849 acumine,

357 4893 566 4934 vocem
655 4876 808 4931 hanc
892 4876 1239 4931 emissionem
1305 4870 1736 4938 animadvertit,
1816 4870 2028 4942 passivo

360 4984 552 5034 sensu,
587 4982 701 5021 non
732 4965 907 5020 activo
945 4964 1242 5035 usurpari,
1274 4970 1334 5017 ut
1362 4962 1596 5017 emersio
1629 4975 1695 5016 ac
1742 4961 2028 5015 emanatio

358 5054 792 5129 signiﬁcaretur
825 5071 840 5122 ;
872 5054 1116 5125 ipseque
1165 5050 1348 5106 Filius
1379 5048 1805 5121 intelligeretur
1849 5047 2028 5103 veluti

363 5147 625 5212 medius,
687 5160 757 5199 ex
821 5159 960 5215 quo,
1018 5145 1077 5197 et
1127 5157 1232 5212 per
1288 5156 1464 5211 quem
1523 5137 1776 5210 Spiritus
1850 5135 2030 5193 veluti

362 5235 616 5306 emergit
677 5237 735 5288 et
787 5234 1044 5287 emanat.
1105 5229 1264 5286 Hanc
1323 5227 1540 5300 Cyrilli,
1583 5232 1641 5282 et
1697 5225 1918 5297 Basilii,
1975 5230 2034 5281 et

361 5322 628 5398 Gregorii
680 5321 955 5395 Nysseni,
1001 5319 1370 5390 aliorumque
1423 5317 1661 5373 Patrum
1710 5315 2030 5389 genuinam

361 5431 492 5471 esse
543 5413 900 5482 doctrinam,
934 5425 1042 5464 suo
1090 5407 1215 5464 loco
1259 5407 1594 5463 dicendum.
1628 5405 1823 5476 Pergit
1867 5407 2025 5459 Ana-

363 5504 588 5560 stasius
619 5520 634 5558 :
670 5522 698 5552 ‹‹
739 5501 836 5557 Pis
885 5499 1303 5569 interpretans,
1351 5500 1408 5552 et
1457 5495 1768 5565 utriusque
1817 5492 2033 5564 linguis

364 5610 584 5668 gnaros
615 5592 688 5648 ad
720 5605 928 5664 pacem
974 5585 1268 5657 erudiens,
1300 5586 1443 5641 dum
1473 5589 1530 5640 et
1560 5601 1667 5640 nos
1698 5587 1755 5638 et
1803 5583 2033 5639 Graecos

366 5684 571 5742 edocet
619 5677 967 5757 (Maximus)
1005 5693 1019 5734 :
1059 5675 1363 5734 secundum
1408 5674 1672 5749 quiddam
1717 5671 2032 5747 procedere,

2143 4707 2290 4746 cem.

2205 4778 2498 4850 Josephus
2531 4778 2860 4850 patriarcha
2907 4777 3301 4849 exspectabat,
3333 4782 3398 4833 ut
3446 4777 3785 4849 chartophy-

2137 4869 2239 4924 lux
2266 4867 2412 4922 dicta
2436 4885 2542 4939 pro
2583 4868 2802 4923 Latinis
2829 4867 3120 4937 refelleret.
3154 4872 3210 4922 Is
3239 4869 3328 4922 est
3357 4866 3612 4922 Joannes
3644 4865 3787 4922 Bec-

2138 4974 2263 5028 cus,
2297 4956 2396 5028 qui
2448 4956 2598 5011 hanc
2651 4971 2799 5010 anno
2852 4956 2992 5010 1264
3038 4955 3372 5011 obtinuerat
3418 4956 3785 5029 dignitatem,

2140 5047 2266 5118 ipso
2295 5045 2649 5118 Pachymere
2693 5048 2840 5100 teste
2869 5043 3017 5100 libro
3050 5061 3135 5116 ιιι,
3169 5045 3355 5116 capite
3401 5045 3491 5100 24.
3524 5045 3788 5117 Dignita-

2138 5135 2215 5190 tis
2246 5135 2439 5191 officia
2485 5151 2551 5190 ac
2583 5150 2830 5188 munera
2875 5133 3004 5188 vide
3036 5134 3189 5205 apud
3236 5134 3490 5189 Goarum
3533 5133 3595 5188 in
3625 5133 3788 5189 Notis

2141 5225 2214 5280 ad
2273 5225 2530 5293 primum
2588 5222 2789 5278 Codini
2849 5227 3044 5294 caput.
3102 5227 3312 5280 Jussus
3353 5223 3451 5279 ille
3501 5225 3786 5279 demum:

2139 5313 2384 5384 Aliquos,
2436 5311 2538 5380 ait,
2580 5327 2696 5366 esse
2740 5312 3048 5380 Iwreticos,
3098 5313 3228 5368 licet
3278 5327 3390 5367 non
3449 5311 3578 5382 dici,
3628 5320 3678 5367 et
3730 5313 3790 5366 in

2142 5407 2283 5457 hanc
2309 5401 2539 5457 classem
2577 5400 2899 5470 redigendos
2927 5403 3110 5457 Italos.
3139 5400 3394 5473 Josepho
3445 5400 3790 5473 patriarchae

2145 5506 2420 5562 magnam
2453 5488 2666 5560 adjecit
2694 5489 3109 5545 confidentiam
3141 5506 3206 5545 ea
3237 5490 3410 5546 libera
3439 5506 3564 5557 vox,
3595 5506 3795 5562 percu-

2143 5579 2210 5636 lit
2240 5583 2433 5636 autem
2464 5578 2895 5651 imperatorem.
2917 5583 3126 5634 Verum
3152 5579 3573 5636 archidiaconus
3603 5577 3791 5652 (Meli-

2143 5668 2410 5741 teniota),
2439 5671 2495 5726 et
2535 5671 3061 5742 protoapostolarius
3109 5668 3422 5744 (Cyprius),
3477 5671 3538 5727 in
3594 5684 3652 5725 os
3699 5668 3792 5729 illi
