4090 6454
330 387 405 446 67
1359 379 1673 440 GEORGII
1721 380 1982 440 CYPltll
2027 380 2146 440 CP.
2191 380 2718 440 PA'l‘ltlARGlltE
3655 384 3734 444 68

327 515 680 572 vehementer
708 513 983 568 obstitere.
1015 510 1162 566 Hinc
1191 527 1326 566 vero
1355 512 1571 567 carceri
1603 512 1971 584 mancipatus
2000 514 2055 580 Α
2085 513 2358 567 nimirum
2414 529 2481 566 ac
2538 518 2708 568 Patre
2761 530 2857 584 per
2933 511 3132 567 Filium
3188 514 3416 584 proﬂuit
3467 513 3729 584 Spiritus.

323 605 452 677 ipse
481 604 718 658 Beccus.

397 693 594 766 Caepto
625 690 902 764 pergebat
930 690 1266 761 imperator.
1301 690 1587 762 Scriptus,
1619 691 1973 763 inscriptus-

327 799 441 855 que
469 783 597 853 ejus
648 780 884 835 nomine
923 778 1177 846 libellus,
1230 778 1449 834 missus
1480 780 1551 834 ad
1604 779 1921 835 Ecclesiam
1956 798 1969 835 :

323 872 386 927 in
419 888 534 943 quo
566 886 637 924 ex
677 870 849 924 variis
879 869 1127 923 historiis
1153 871 1207 923 et
1238 869 1566 923 testimoniis
1595 869 1975 924 demonstrare

322 961 642 1028 conabatur,
695 957 919 1013 nullam
965 959 1138 1013 inesse
1183 959 1400 1013 Latinis
1437 958 1708 1014 haereseos
1767 957 1970 1014 labem.

327 1049 600 1107 Studium
681 1063 1034 1119 operamque
1091 1047 1466 1103 conferebant
1522 1048 1663 1103 docti
1727 1048 1973 1102 homines

325 1139 413 1211 (ut
441 1140 520 1193 ait
549 1137 936 1208 Pachymeres
983 1136 1085 1190 lib.
1119 1154 1171 1207 v,
1207 1153 1333 1208 cap.
1370 1137 1480 1207 14),
1514 1154 1748 1208 quorum
1794 1138 1974 1206 primi

325 1227 800 1297 valentissimique
827 1230 985 1281 erant
1010 1227 1173 1296 prius
1221 1229 1519 1281 memorati
1547 1226 1973 1282 archidiaconus

322 1324 374 1371 et
395 1316 948 1387 protoapostolarius.
983 1319 1047 1368 ln
1081 1314 1276 1369 studio
1307 1330 1442 1386 ergo
1473 1315 1632 1384 pacis
1691 1314 1970 1386 persiste-

322 1404 425 1460 bat
452 1403 732 1476 Georgius
763 1402 1499 1476 Cyprius,vindicabatque
1530 1403 1742 1474 dogma
1771 1404 1970 1458 catho-

318 1493 524 1549 licum.
558 1500 648 1547 An
679 1492 799 1546 haec
831 1491 1006 1547 fuerit
1036 1491 1264 1546 sincera
1293 1492 1508 1547 mentis
1538 1491 1862 1563 persuasio,
1897 1509 1971 1547 an

323 1581 644 1649 simulatio,
677 1598 792 1638 non
843 1580 925 1636 ita
973 1579 1142 1636 facile
1190 1579 1370 1635 dictu.
1421 1580 1891 1652 Simulationem,
1923 1580 1971 1636 si

326 1671 521 1739 fuerit,
554 1671 654 1726 diu
704 1669 989 1726 sustinuit
1021 1687 1033 1725 :
1067 1669 1426 1741 mutavitque
1459 1671 1697 1725 demum
1739 1675 1972 1726 senten-

323 1761 490 1821 tiam,
522 1763 624 1815 aut
656 1758 1093 1814 simulationem
1125 1759 1358 1830 abjecit.

396 1849 694 1922 Synodum
770 1847 1082 1903 celebravit
1136 1847 1424 1918 losephus
1498 1848 1851 1919 patriarcha,
1911 1851 1975 1902 ut

327 1940 469 2013 quid
502 1940 595 2011 agi
645 1942 936 2009 oporteret
964 1939 1111 1992 circa
1150 1940 1417 2008 scriptum
1464 1940 1838 2008 imperatoris,
1875 1938 1974 1992 de-

325 2033 680 2086 cerneretur.
712 2028 911 2098 Adfuit
937 2030 987 2082 et
1025 2042 1185 2081 soror
1210 2026 1453 2098 ejusdem
1482 2029 1837 2098 imperatoris
1867 2028 1974 2080 Eu-

325 2118 692 2188 logia,quam
725 2133 1050 2171 memorare
1080 2120 1318 2187 praestat
1342 2133 1354 2171 :
1382 2121 1581 2187 utpote
1613 2134 1738 2187 qua:
1772 2133 1973 2188 pacem

324 2225 360 2263 a
389 2208 564 2262 fratre
612 2205 819 2260 initam
850 2204 1053 2260 violari
1106 2204 1176 2259 ab
1233 2205 1566 2261 Andronico
1617 2222 1974 2271 successore,

326 2295 706 2368 persuaserit.
738 2294 980 2366 Negotio
1011 2294 1070 2348 in
1103 2293 1324 2365 synodo
1355 2294 1644 2361 discusso,
1680 2293 1973 2366 repulsam

330 2387 403 2442 ab
434 2383 648 2457 optatis
678 2381 812 2437 tulit
843 2383 1180 2452 imperator.

901 2491 1002 2546 53
1043 2488 1275 2544 CAPUT
1317 2488 1410 2544 ΙΙΙ.

331 2582 570 2637 Joannes
626 2583 852 2646 Beccus,
897 2578 1191 2648 diligenter
1243 2581 1492 2649 expensis
1539 2579 1772 2632 Patrum
1824 2583 1975 2633 testi-

403 2653 621 2716 moniis,
652 2655 830 2705 mutat
857 2651 1205 2718 sententiam,
1235 2655 1561 2720 pugnatque
1587 2666 1684 2720 pro
1714 2650 1976 2705 catholico

399 2723 648 2792 dogmate
682 2738 695 2778 :
726 2720 1127 2777 nonnullorum
1158 2727 1388 2776 Patrum
1435 2722 1767 2776 testimonia.
1810 2722 1978 2776 Initia

399 2795 752 2850 conventione
797 2795 1058 2864 quadam,
1109 2793 1364 2863 Iosephus
1408 2793 1731 2864 patriarcha
1785 2795 1977 2848 tantis-

398 2882 496 2936 per
536 2865 734 2920 secedit
778 2866 836 2920 in
881 2866 1303 2919 monasterium.
1369 2863 1520 2918 Missi
1569 2863 1977 2936 adiconcilium

402 2935 764 3005 Lugdunense
842 2937 1017 3005 legati
1074 2953 1092 2989 :
1150 2937 1408 2990 Petavius
1480 2935 1821 2990 emendatur.
1883 2937 1977 2990 Ec-

398 3009 706 3064 clesiarum
761 3008 894 3061 unio
945 3007 1316 3062 constituitur.
1382 3012 1676 3062 Decretum
1703 3007 1832 3076 ﬁdei
1885 3024 1976 3062 ex-

396 3081 642 3152 ponitur.

397 3187 441 3244 Ι.
473 3187 558 3240 Ad
608 3186 892 3241 Joannem
944 3185 1212 3252 Beccum,
1250 3185 1348 3255 qui
1389 3201 1616 3240 carcere
1673 3185 1972 3240 detineba-

2083 601 2447 672 Temporalis
2479 601 2716 657 emissio
2760 602 3013 674 Spiritus
3045 601 3254 667 sancti,
3287 618 3390 657 seu
3441 603 3730 658 donorum

2082 697 2139 746 et
2167 691 2587 746 charismatum
2622 691 2876 763 largitio,
2910 691 3023 746 dici
3056 691 3260 763 nequit
3288 687 3582 762 οὐσιώδης,
3605 693 3730 747 sub-

2082 780 2392 834 stantialis.
2445 780 2575 851 Agit
2620 796 2754 852 ergo
2785 779 3032 852 Cyrillus
3062 781 3134 836 de
3163 785 3400 851 aeterna,
3436 797 3501 834 ac
3549 781 3730 853 hypo-

2081 869 2290 924 statica
2321 869 2714 940 processione,
2749 886 2850 941 per
2897 886 3074 940 quam
3106 869 3360 942 Spiritus
3392 874 3632 924 sanctus
3663 885 3732 924 ex

2080 962 2272 1029 Patre,
2305 963 2363 1012 et
2392 975 2460 1013 ex
2490 958 2628 1013 Filio
2661 976 2828 1014 suam
2878 959 3089 1030 accipit
3120 959 3535 1021 substantiam,
3567 975 3730 1028 aeque

2079 1046 2534 1114 immutabilem,
2570 1047 2724 1102 sicut
2771 1052 2860 1102 est
2904 1048 3095 1103 Patris
3125 1053 3183 1103 et
3216 1047 3344 1103 Filii
3376 1048 3727 1103 substantia.

2079 1141 2170 1191 Ita
2217 1153 2348 1191 vero
2395 1132 2673 1196 οὐσιωδῶς
2723 1153 2793 1192 ex
2843 1137 3101 1192 ambobus
3133 1135 3394 1208 procedit
3442 1136 3560 1205 ille,
3612 1137 3733 1192 sive

2080 1226 2458 1297 profunditur
2509 1243 2521 1280 :
2575 1231 2639 1280 ut
2684 1227 2861 1281 etiam
2911 1243 2980 1282 ea:
3024 1228 3212 1295 Patre,
3266 1226 3558 1298 procedat,
3612 1226 3732 1281 sive

2081 1315 2335 1386 proﬂuat
2387 1330 2487 1382 per
2563 1315 2788 1385 Filium,
2847 1315 3110 1386 spirandi
3170 1319 3269 1370 aut
3340 1314 3733 1386 profundendi

2079 1403 2292 1458 virtute
2354 1403 2496 1459 Filio
2564 1405 2998 1460 communicata
3044 1421 3078 1458 a
3125 1404 3312 1476 Patre,
3381 1404 3578 1476 ipsum
3645 1403 3730 1476 gi-

2082 1493 2335 1564 gnendo.

2153 1582 2257 1638 54
2315 1582 2657 1637 Addebatur
2711 1583 3080 1638 testimonium
3133 1584 3316 1638 sancti
3370 1583 3614 1637 Maximi
3670 1583 3731 1636 in

2081 1670 2327 1740 Epistola
2371 1671 2439 1724 ad
2483 1671 2742 1740 Ruﬁnum
2793 1671 2888 1742 (ad
2951 1671 3233 1726 Marinum
3276 1670 3731 1742 presbyterum):

2083 1759 2182 1814 ubi
2230 1775 2340 1814 non
2388 1761 2734 1831 principium
2791 1761 2915 1830 (seu
2965 1759 3228 1830 causam)
3271 1776 3325 1816 se
3377 1761 3735 1827 Unigenitum

2083 1848 2326 1919 Spiritus
2357 1848 2712 1904 ostenderunt
2739 1849 2930 1904 Latini
2959 1849 3155 1915 dicere,
3188 1848 3283 1906 sed
3338 1852 3398 1903 ut
3424 1864 3523 1917 per
3552 1851 3735 1920 ipsum

2078 1937 2367 2009 procedere
2425 1937 2823 2007 signiﬁcarent,
2872 1946 2926 1993 et
2971 1953 3036 1992 ea
3081 1939 3296 1993 ratione
3365 1939 3736 1995 cohazsionem

2085 2027 2482 2097 inseparabilis
2537 2027 2855 2083 substantia
2919 2030 3339 2083 constituerunt.
3390 2027 3548 2083 Idem
3597 2044 3734 2099 ergo

2085 2115 2308 2171 Latinis
2355 2120 2498 2186 erat,
2532 2117 2805 2187 Spiritum
2828 2132 2900 2171 ea:
2927 2118 3096 2171 Patre
3139 2118 3388 2188 Filioque
3410 2116 3730 2188 procedere,

2084 2221 2150 2259 ac
2183 2204 2374 2274 ipsum
2395 2205 2684 2275 procedere
2713 2222 2786 2260 ea:
2813 2207 2977 2260 Patre
2994 2222 3093 2277 per
3112 2207 3464 2261 Filium.Hac
3496 2223 3736 2262 rursum

2082 2291 2336 2364 Spiritus
2368 2310 2398 2347 a
2433 2293 2596 2348 Patre
2627 2294 3001 2364 processione
3031 2311 3133 2365 per
3161 2293 3372 2349 Filium
3404 2296 3736 2366 exponeba-

2082 2385 2180 2436 tur
2207 2382 2472 2452 ejusdem
2520 2381 2770 2453 Spiritus
2802 2383 2990 2438 sancti
3037 2385 3278 2440 cohzsio
3334 2383 3739 2454 inseparabilis

2084 2488 2217 2526 cum
2271 2475 2520 2542 utroque
2546 2472 2867 2528 substantia
2901 2490 2913 2527 :
2948 2472 3210 2543 adeoque
3255 2473 3325 2528 de
3356 2473 3735 2529 substantiali

2084 2577 2150 2616 ac
2181 2565 2394 2616 aeterna
2438 2561 2721 2632 agebatur
2750 2562 2878 2632 ejus
2929 2562 3300 2633 processione
3330 2563 3401 2617 ad
3441 2563 3735 2619 exsisten-

2083 2649 2247 2703 tiam.
2315 2649 2612 2705 Attentius
2686 2650 2892 2720 recole,
2953 2667 3081 2722 quae
3140 2651 3440 2722 superiore
3520 2652 3734 2722 capite,

2084 2755 2250 2793 num.
2299 2738 2354 2809 3,
2409 2737 2527 2793 lato
2581 2756 2848 2795 sermone
2895 2739 3356 2811 explanavimus.
3411 2741 3732 2813 Georgium

2085 2826 2459 2882 Metocbitam
2508 2827 2679 2882 addo.
2716 2829 3056 2900 Imperatori
3105 2828 3374 2884 Michaeli
3415 2829 3736 2901 Palazologo

2083 2915 2134 2970 is
2182 2915 2533 2970 adhaerebat.
2597 2916 3016 2988 Fragmentum
3066 2934 3135 2972 ex
3182 2919 3312 2988 ejus
3367 2917 3516 2974 libro
3565 2935 3621 2973 ιν
3661 2920 3740 2974 De

2079 3007 2421 3076 processione
2467 3005 2710 3076 Spiritus
2757 3008 2936 3060 sancti
2966 3011 3193 3078 prostat
3241 3007 3396 3078 apud
3443 3008 3736 3063 Combeﬁ-

2084 3095 2262 3162 sium,
2296 3098 2428 3165 post
2459 3095 2772 3150 Historiam
2801 3095 3338 3160 Monothelitarum,
3372 3095 3470 3151 ubi
3513 3097 3597 3151 sic
3630 3097 3737 3152 ha-

2084 3183 2226 3240 bet:
2259 3183 2406 3248 Quia
2457 3184 2750 3254 universa,
2786 3201 2913 3255 quae
2966 3185 3172 3240 insunt
3223 3184 3459 3241 Filio....
3511 3187 3651 3258 quin
3679 3192 3741 3242 et

325 3280 444 3343 tur,
513 3273 823 3346 Nicephori
892 3273 1228 3327 Blemmidw
1305 3274 1542 3345 scripta,
1602 3273 1970 3346 imperatoris
2003 3259 2044 3325 C
2084 3272 2206 3343 ipse
2255 3273 2530 3343 Spiritus,
2583 3290 2758 3344 quem
2808 3273 2872 3328 de
2919 3275 3033 3344 ipso
3082 3273 3267 3345 (Filio)
3299 3278 3356 3329 et
3397 3291 3500 3346 per
3551 3276 3738 3346 ipsum

319 3365 516 3436 jussu,
547 3361 900 3418 transmissa
946 3366 1103 3416 sunt.
1139 3367 1213 3416 De
1245 3361 1337 3416 his
1385 3363 1614 3434 egimus
1645 3363 1833 3434 capite
1874 3381 1972 3418 su-

324 3453 573 3526 periore,
618 3468 782 3506 num.
829 3451 898 3506 Il.
952 3450 1053 3506 His
1125 3452 1222 3506 ille
1271 3455 1448 3506 multa
1493 3468 1619 3508 cum
1680 3453 1976 3521 sagacitate

321 3543 590 3616 perfectis
640 3540 837 3612 (verba
885 3543 1023 3594 sunt
1067 3539 1331 3612 Gregoraa
1379 3539 1528 3595 libro
1576 3559 1630 3608 v,
1681 3541 1869 3613 capite
1915 3545 1970 3609 2,

324 3648 490 3687 num.
519 3632 598 3698 6),
645 3637 962 3685 sanctorum
1009 3628 1248 3694 libros,e
1277 3629 1478 3699 quibus
1534 3632 1865 3686 Blemmides
1910 3647 1976 3686 ea

324 3719 636 3776 testimonia
706 3718 1015 3789 collegerat,
1086 3718 1403 3788 postulavit.
1467 3719 1708 3786 Quorum
1762 3720 1976 3790 capiam

321 3825 448 3864 cum
477 3810 781 3880 imperator
827 3807 1190 3862 libentissime
1226 3809 1280 3862 ei
1307 3808 1547 3881 fecisset,
1578 3810 1640 3863 in
1675 3825 1736 3864 eo
1783 3807 1977 3864 deinde

322 3898 711 3970 occupabatur,
743 3899 806 3950 ut
852 3896 1158 3966 diligenter
1198 3897 1326 3951 illos
1372 3897 1594 3967 legeret,
1626 3898 1972 3969 expenderet,

321 3987 396 4041 ad
453 3985 678 4041 verbum
743 3987 1031 4056 conferret.
1091 3986 1282 4055 Itaque
1339 3985 1487 4040 brevi
1558 3994 1794 4057 tempore
1849 4003 1976 4041 eum

322 4075 758 4130 testimoniorum
802 4089 1058 4128 acervum
1120 4076 1312 4144 coegit,
1366 4090 1492 4145 quae
1554 4078 1776 4145 integra
1822 4077 1976 4132 volu-

323 4165 479 4220 mina
535 4165 803 4235 complere
875 4171 1111 4233 possent.
1174 4168 1241 4219 Et
1315 4166 1414 4236 qui
1489 4164 1694 4219 dudum
1769 4167 1974 4220 acerri-

325 4269 416 4308 me
495 4254 710 4308 Latinis
785 4251 1193 4323 adversabatur,
1256 4259 1472 4309 mutata
1545 4255 1833 4322 sententia,
1893 4255 1975 4308 vi-

324 4344 554 4398 ctoriam
615 4343 819 4413 faceret
875 4341 1197 4413 ambiguam
1253 4341 1361 4413 (vel
1400 4342 1472 4397 ad
1528 4343 1656 4398 illos
1709 4345 1976 4414 transfer-

324 4434 450 4501 ret).

399 4519 567 4576 Paria
596 4524 796 4576 narrat
841 4519 1253 4593 Pachymeres,
1286 4519 1436 4575 libro
1484 4522 1683 4589 citato,
1716 4539 1843 4593 cap.
1888 4523 1973 4593 16,

2081 3363 2290 3416 docent
2316 3378 2386 3416 ex
2415 3363 2580 3418 Patre
2610 3367 2770 3430 sunt,
2803 3366 3087 3433 tanquam
3117 3379 3187 3417 ea:
3214 3364 3419 3420 radice
3448 3381 3521 3420 ac
3544 3366 3737 3436 prima

2081 3467 2285 3517 causa;
2318 3451 2677 3522 minimeque
2720 3468 2825 3522 per
2870 3469 2997 3507 eum
3034 3453 3253 3508 modum
3284 3457 3423 3509 sunt
3454 3470 3522 3509 ex
3567 3455 3730 3522 Filio,

2083 3541 2238 3611 quod
2273 3540 2322 3594 is
2354 3557 2467 3595 non
2499 3541 2576 3595 sit
2622 3541 2805 3605 radix,
2839 3558 2948 3596 nex
2976 3558 3155 3597 causa
3183 3543 3422 3597 omnino
3469 3543 3730 3614 prima...

2074 3630 2243 3701 juxta
2312 3630 2430 3686 haec
2503 3630 2704 3701 utique
2760 3630 3092 3703 (Maximus)
3149 3635 3282 3702 apte
3358 3648 3734 3704 congrueque

2081 3719 2294 3775 Filium
2341 3718 2560 3784 docuit,
2593 3735 2704 3773 non
2753 3734 2863 3774 esse
2889 3736 3134 3785 causam,
3169 3737 3234 3774 ac
3291 3720 3500 3792 reliqui
3553 3721 3739 3776 divini

2085 3808 2349 3862 doctores
2393 3807 2595 3862 crebro
2626 3808 2685 3863 in
2737 3812 2956 3863 Patrem
2986 3810 3245 3864 referunt
3291 3826 3531 3864 causam
3566 3827 3578 3865 :
3613 3827 3735 3866 non

2083 3912 2170 3962 eo,
2205 3901 2271 3950 ut
2325 3913 2396 3950 ea:
2424 3896 2589 3962 Filio,
2622 3913 2692 3952 ac
2717 3912 2816 3967 per
2862 3899 3071 3952 Filium
3113 3899 3346 3970 Spiritus
3373 3901 3552 3954 sancti
3597 3900 3749 3955 divi-

2082 4002 2214 4039 nam
2248 3987 2643 4056 processionem
2690 3986 2953 4041 tollant...
2986 3986 3268 4050 Quocirca
3313 3988 3542 4059 propria
3591 3990 3744 4044 ratio

2084 4077 2190 4142 est,
2219 4075 2389 4143 juxta
2440 4090 2617 4144 quam
2645 4076 2816 4130 Filius
2867 4091 2979 4131 non
3005 4079 3084 4130 est
3129 4092 3294 4131 causa
3325 4095 3344 4131 :
3373 4093 3739 4148 rursumque

2081 4163 2326 4234 propria,
2350 4163 2522 4232 juxta
2570 4179 2748 4224 quam
2803 4163 3042 4232 Spiritus
3089 4174 3314 4220 sanctus
3357 4166 3436 4219 est
3466 4180 3536 4218 ex
3583 4171 3739 4220 utro-

2084 4268 2204 4322 que,
2239 4251 2348 4306 hoc
2392 4256 2580 4307 estea:
2631 4253 2795 4308 Patre
2832 4269 2936 4324 per
2981 4251 3192 4308 Filium
3245 4253 3411 4325 (quia
3458 4269 3670 4325 nempe
3703 4271 3739 4309 a

2084 4341 2252 4396 Patre
2303 4339 2484 4397 Filius
2536 4342 2730 4411 habet,
2786 4343 2939 4413 quod
2992 4341 3070 4398 sit
3115 4344 3429 4414 productor
3480 4343 3740 4413 Spiritus

2085 4429 2315 4501 sancti).
2350 4452 2377 4481 »
2411 4429 2571 4485 Hanc
2617 4434 2800 4486 totam
2833 4431 3032 4498 tradit,
3065 4436 3123 4486 et
3166 4431 3602 4504 elegantissime
3631 4431 3742 4487 do—

2087 4520 2333 4574 ctrinam
2383 4519 2656 4590 explanat
2686 4524 2926 4575 sanctus
2974 4519 3361 4592 Augustinus,
3396 4520 3548 4575 libro
3579 4537 3636 4574 1v
3665 4521 3743 4576 De

328 4609 705 4665 schismatico
736 4609 1007 4681 scriptori
1039 4610 1089 4664 si
1121 4609 1267 4664 ﬁdes
1314 4609 1667 4677 adhibenda,
1698 4627 1977 4666 summam
2008 4629 2055 4694 D
2088 4610 2376 4674 Trinitate,
2437 4625 2565 4678 cap.
2619 4610 2708 4676 27,
2767 4613 2824 4663 et
2887 4614 3138 4665 tractatu
3196 4610 3266 4662 99
3325 4611 3387 4664 in
3441 4611 3741 4676 Joannem,

327 4699 550 4754 demum
594 4700 810 4769 peccati
877 4700 1219 4768 Latinorum,
1274 4699 1453 4754 Becco
1501 4699 1692 4755 visum
1743 4700 1871 4770 fuit,
1920 4702 1979 4755 in

329 4788 700 4843 additamenta
747 4788 900 4842 verbi
949 4789 1122 4843 unius
1167 4788 1237 4842 ad
1281 4788 1598 4859 Symbolum
1662 4791 1974 4844 consistere.

330 4879 446 4932 Hac
494 4876 566 4931 de
615 4892 675 4930 re
725 4874 786 4930 in
847 4875 1255 4932 dissertatione
1305 4878 1570 4950 sequenti
1637 4878 1979 4950 diligentius

329 4965 476 5020 mihi
527 4964 840 5035 agendum.
893 4966 979 5020 Ad
1027 4965 1222 5038 ipsum
1278 4967 1432 5039 quod
1485 4968 1695 5022 attinet
1744 4969 1976 5039 dogma,

330 5051 659 5110 consentire
724 5052 1012 5109 Ecclesiae
1062 5072 1164 5126 pro
1215 5063 1370 5111 certo
1424 5057 1639 5111 Beccus
1706 5057 1976 5111 habebat.

327 5140 625 5199 Nonnulla
702 5142 875 5197 refert
930 5143 1256 5199 Historicus
1311 5145 1652 5200 testimonia
1717 5145 1980 5212 Patrum,

331 5231 548 5303 quibus
596 5231 750 5301 quod
785 5231 976 5286 aiebat
1021 5232 1147 5304 ipse
1178 5231 1414 5305 Beccus,
1461 5235 1851 5289 conﬁrmaret.
1888 5237 1982 5288 ln-

332 5320 516 5393 siguis
551 5319 804 5374 occurrit
852 5320 1014 5376 locus
1049 5321 1236 5376 sancti
1270 5322 1465 5394 Cyrilli
1508 5323 1655 5379 libro
1690 5341 1706 5377 1
1740 5329 1818 5379 De
1848 5325 1981 5378 ado-

331 5411 547 5464 ratione
577 5409 638 5462 in
681 5409 883 5477 spiritu
914 5419 965 5464 et
1015 5412 1245 5465 veritate
1272 5428 1291 5466 :
1319 5412 1597 5467 Mutabttis
1641 5414 1800 5468 nullo
1826 5412 1982 5469 modo

333 5499 570 5568 Spiritus
617 5502 760 5551 est...
811 5499 1083 5568 siquidem
1127 5504 1205 5554 cst
1236 5502 1350 5570 Dei,
1403 5510 1451 5555 et
1499 5505 1703 5566 Patris,
1737 5507 1786 5556 et
1830 5504 1981 5564 Filii,

333 5587 450 5653 ille,
480 5587 579 5658 qui
626 5582 905 5647 οὐσιωδῶς
955 5584 1003 5657 ἐξ
1048 5585 1272 5662 ἀμφοῖν,
1324 5586 1495 5663 ἤγουν
1550 5587 1610 5642 ἐκ
1657 5589 1867 5663 ΙΙατρὸς
1919 5585 1985 5641 δι’

332 5674 460 5736 rios
506 5672 910 5751 προχεόμενον,
957 5680 1056 5751 qui
1113 5679 1557 5736 substantialiter
1602 5696 1672 5736 ex
1736 5688 1983 5752 utroque,

2089 4715 2253 4754 num.
2285 4699 2339 4766 8,
2374 4713 2490 4766 quo
2538 4696 2663 4752 loco
2694 4698 3014 4770 posteriore
3061 4699 3145 4753 sic
3175 4698 3256 4752 ait
3288 4715 3302 4752 :
3336 4721 3363 4747 «
3397 4697 3513 4752 Cur
3558 4697 3739 4753 Filius

2087 4787 2252 4854 dixit,
2307 4785 2370 4840 de
2417 4788 2582 4840 Patre
2622 4787 2861 4858 procedit
2909 4786 3184 4858 (Spiritus
3242 4789 3507 4854 sanctus)
3548 4786 3575 4840 ?
3623 4787 3744 4842 Cur

2088 4881 2281 4947 putas,
2317 4875 2431 4930 nisi
2461 4875 2960 4946 quemadmodum
2992 4876 3062 4930 ad
3095 4892 3228 4931 eum
3262 4875 3410 4932 solet
3442 4875 3655 4930 referre
3685 4880 3746 4930 et

2090 4965 2243 5035 quod
2298 4963 2484 5034 ipsius
2512 4968 2622 5030 est,
2655 4965 2726 5018 de
2779 4981 2892 5036 quo
2942 4968 2998 5018 et
3045 4965 3171 5036 ipse
3224 4965 3360 5019 est?
3387 4963 3552 5019 Unde
3596 4963 3742 5019 illud

2090 5058 2198 5123 est,
2232 5053 2387 5123 quod
2419 5051 2499 5106 ait
2530 5070 2542 5107 :
2576 5053 2687 5107 Mea
2735 5054 2983 5108 doctrina
3029 5070 3143 5107 non
3183 5056 3261 5108 est
3308 5069 3450 5118 mea,
3482 5052 3576 5107 sed
3621 5054 3743 5123 ejus

2090 5144 2183 5212 qui
2211 5143 2365 5197 misit
2394 5159 2499 5196 me.
2517 5141 2574 5196 Si
2606 5142 2785 5214 igitur
2816 5141 3162 5213 intelligitur
3190 5142 3285 5197 hic
3315 5143 3436 5210 ejus
3469 5141 3742 5210 doctrina,

2091 5248 2268 5304 quam
2317 5235 2512 5286 tamen
2562 5231 2710 5286 dixit
2756 5247 2866 5286 non
2905 5247 3084 5298 suam,
3121 5232 3212 5287 sed
3259 5233 3469 5299 Patris,
3519 5234 3743 5302 quanto

2093 5320 2281 5391 magis
2310 5319 2430 5374 illic
2477 5319 2894 5392 intelligendus
2927 5325 3033 5388 est,
3066 5325 3122 5376 et
3152 5322 3223 5376 de
3253 5321 3381 5393 ipso
3430 5320 3743 5391 procedere

2094 5409 2346 5481 Spiritus
2386 5414 2645 5478 sanctus,
2679 5409 2779 5464 ubi
2809 5409 2892 5464 sic
2938 5409 3037 5477 ait,
3069 5409 3135 5466 de
3181 5411 3347 5479 Pptre
3373 5407 3641 5481 procedit,
3677 5410 3744 5462 ut

2096 5517 2210 5554 non
2245 5499 2463 5554 diceret
2508 5499 2572 5554 de
2599 5514 2686 5553 me
2713 5515 2826 5554 non
2867 5500 3114 5570 procedit
3140 5503 3164 5553 .9
3188 5506 3231 5552 Α
3266 5515 3380 5570 quo
3412 5503 3607 5553 autem
3641 5497 3749 5552 ha-

2096 5589 2193 5643 bet
2220 5587 2398 5643 Filius
2452 5594 2515 5642 ut
2543 5589 2618 5643 sit
2649 5589 2822 5658 Deus,
2855 5596 2940 5646 est
2972 5591 3127 5645 enim
3177 5591 3248 5644 de
3279 5594 3392 5643 Deo
3443 5593 3594 5642 Deus
3625 5605 3637 5654 ;
3670 5587 3742 5640 ab

2095 5677 2196 5734 illo
2220 5677 2398 5734 habet
2444 5678 2668 5751 utique,
2703 5685 2768 5736 ut
2798 5681 2973 5737 etiam
3006 5682 3076 5737 de
3107 5679 3205 5735 illo
3253 5677 3532 5751 procedat
3561 5675 3745 5750 Spiri-
