4090 6440
319 392 396 448 69
1560 399 1771 460 VITA.
1806 434 1882 444 -—
1913 401 2430 467 DISSEltTATIO
2476 409 2525 469 Ι.
3668 434 3746 490 70

323 527 414 576 tus
444 527 688 578 sanctus
709 540 730 585 ,'
762 540 828 579 ac
861 541 963 595 per
993 525 1101 581 hoc
1131 527 1384 598 Spiritus
1434 534 1673 586 sanctus
1705 535 1769 586 ut
1797 533 1974 588 etiam
2006 535 2060 600 Α
2090 541 2266 593 eunte
2298 556 2496 597 mense
2530 542 2708 615 legati
2751 545 2996 602 Romani
3028 552 3739 630 navigassent.S|quidem

327 611 394 666 de
421 611 562 665 Fiiio
595 613 904 683 procedat,
967 614 1119 670 sicut
1167 618 1430 688 procedit
1485 637 1516 674 a
1546 619 1735 688 Patre,
1768 622 1839 677 ab
1869 623 1985 692 ipso

333 700 480 754 ’iabet
506 702 770 756 Patre....
795 703 867 756 Et
896 702 1073 759 simul
1106 705 1171 760 de
1199 710 1434 777 utraque
1447 709 1693 778 procedit
1713 710 1985 782 (num.9),

330 789 589 860 quamvis
622 790 740 846 hoc
770 793 916 847 Filio
947 793 1159 849 dederit
1184 797 1366 866 Pater,
1393 802 1454 850 ut
1485 799 1984 868 quemadmodum

329 877 390 934 de
417 895 492 943 se,
529 878 611 934 ita
667 880 735 935 de
792 879 898 936 illo
959 899 1193 954 quoque
1254 885 1552 955 procedat.
1609 909 1635 936 »
1696 887 1824 942 Haec
1854 905 1986 943 vero

321 967 442 1038 jam
489 967 634 1023 satis
662 968 776 1024 hoc
809 968 957 1025 loco.
1016 971 1143 1026 Alia
1200 978 1340 1028 sunt
1371 974 1464 1030 55
1512 991 1675 1046 aeque
1704 977 1892 1032 solida
1921 994 1987 1032 ac

325 1055 604 1126 praeclara
633 1060 846 1114 Graecae
877 1059 1134 1116 nationis
1166 1060 1404 1116 Patrum
1454 1064 1814 1132 testimonia,
1859 1083 1986 1138 qua:

326 1160 428 1215 pro
457 1145 603 1200 data
661 1163 696 1201 a
742 1146 1098 1220 Pachymere
1150 1151 1475 1219 occasione,
1529 1153 1774 1210 inferius
1803 1156 1987 1210 addu-

325 1233 511 1288 cenda
540 1249 607 1288 ac
641 1233 995 1291 illustranda
1023 1244 1182 1293 sunt.

393 1320 465 1376 ΙΙ.
497 1325 731 1394 Anceps
770 1328 895 1378 erat
949 1326 1287 1396 patriarcha
1345 1329 1656 1401 Iosephus.
1709 1331 1991 1387 Firmavit

322 1409 524 1480 ipsum
557 1411 619 1465 in
648 1412 976 1484 pervicacia
1008 1416 1335 1472 monachus
1385 1418 1574 1474 Jobus
1602 1419 1807 1475 Jasita.
1846 1421 1987 1476 Rem

319 1504 525 1553 narrat
553 1499 968 1573 Pacbymeres,
1021 1501 1171 1559 libro
1228 1521 1283 1567 ν,
1346 1506 1534 1577 capite
1589 1508 1678 1563 l2.
1721 1509 1805 1563 Ad
1838 1509 1990 1565 hanc

318 1604 457 1643 vero
487 1587 774 1644 inductus
804 1589 904 1645 ille
942 1595 1030 1646 est
1069 1588 1202 1647 eum
1253 1593 1602 1666 imperatore
1657 1599 1989 1654 conventio-

319 1693 506 1732 nem:
546 1679 612 1734 Ut
656 1679 1041 1749 patriarchali
1083 1679 1296 1751 palatio
1342 1699 1592 1754 egressus
1638 1686 1848 1758 (capite
1876 1688 1988 1759 l7),

319 1765 754 1822 diversarentur
784 1784 844 1821 in
874 1768 1180 1841 Periblepti
1207 1775 1558 1829 monasterio.
1610 1773 1760 1842 Quod
1788 1778 1840 1830 si
1866 1791 1992 1848 quae

319 1870 408 1908 res
440 1854 683 1910 obstaret
711 1872 780 1910 ne
836 1857 1012 1926 legati
1051 1858 1146 1929 (ad
1208 1861 1522 1916 concilium
1566 1863 1792 1935 delecti)
1824 1882 1988 1936 nego-

323 1946 469 1998 tium
499 1943 849 2013 conﬁcerent,
883 1946 1100 2001 rediret
1138 1949 1234 2004 ille
1273 1953 1333 2004 in
1369 1952 1769 2022 patriarchales
1821 1955 1985 2011 mdes.

322 2033 424 2086 Sin
470 2037 654 2104 saepta
683 2050 753 2088 ex
780 2038 897 2090 voto
923 2047 1341 2107 peragerentur,
1383 2048 1499 2095 tum
1548 2058 1678 2097 sane
1707 2044 1989 2099 obsisteret

323 2120 555 2188 honore,
587 2123 870 2195 locumque
895 2126 1063 2180 alteri
1107 2128 1450 2185 concederet.
1510 2130 1592 2185 De
1633 2133 1985 2188 monasterio

322 2211 613 2278 virorum,
672 2212 845 2268 titulo
929 2213 1032 2282 τῆς
1088 2210 1487 2290 ΙΙεριϐλὲπτου,
1552 2223 1816 2289 Deiparw
1869 2224 1985 2292 for-

321 2317 490 2355 mosae
559 2308 937 2372 nuncupato,
1018 2304 1137 2376 agit
1218 2306 1556 2380 Ducangius
1622 2309 1682 2364 in
1772 2310 1986 2366 Consti-

324 2390 561 2460 tin0poli
620 2391 968 2460 Christiana,
1056 2391 1204 2449 libro
1272 2411 1344 2463 iv,
1431 2397 1687 2453 sectione
1758 2400 1813 2467 2,
1875 2417 1982 2454 nu-

328 2494 494 2534 mero
523 2479 615 2534 36.

395 2567 674 2638 Migravit
725 2585 863 2642 ergo
921 2570 1276 2642 patriarcha,
1325 2570 1576 2648 ἑνδεκάτῃ
1629 2576 1798 2648 μηνὸς
1830 2577 1983 2631 Ἑκα-

324 2649 699 2727 τομϐαιῶνος,
753 2654 1005 2733 δευτέρας
1055 2659 1446 2734 ἐπινεμήσεως,
1493 2668 1591 2717 τοῦ
1622 2666 1803 2740 βψηβ
1831 2661 1981 2728 ἔτους

324 2745 412 2800 die
469 2746 771 2802 undecima
820 2749 1100 2820 Januarii,
1150 2752 1408 2809 secundae
1435 2755 1813 2823 indicationis,
1847 2758 1987 2812 anni

322 2835 485 2890 6782.
518 2845 732 2892 Annus
761 2841 852 2892 est
879 2855 1004 2894 teras
1035 2837 1292 2912 vulgaris
1326 2843 1482 2910 1274,
1518 2844 1757 2900 secunda
1802 2847 1982 2902 indic-

322 2925 470 2978 tione
502 2923 854 2997 insignitus.

391 3013 754 3085 IlI.Legatos
793 3015 865 3069 ad
915 3014 1230 3071 concilium
1257 3033 1290 3072 a
1321 3017 1602 3075 Michaele
1631 3021 1981 3094 imperatore

329 3101 576 3158 directos
632 3107 924 3158 memorat
981 3103 1363 3176 Pachymeres
1421 3109 1624 3164 eodem
1673 3112 1860 3182 capite
1891 3113 1976 3183 17,

331 3192 680 3262 Germanum,
715 3193 815 3262 qui
838 3193 1164 3264 patriarcha
1191 3194 1402 3266 fuerat.
1437 3197 1842 3272 abdiravitque
1891 3203 1976 3256 di-

323 3279 610 3351 gnitatem
664 3297 820 3336 anno
869 3281 1031 3349 4266,
1081 3284 1393 3355 episcopum
1443 3289 1650 3343 Nicaea
1700 3290 1978 3360 Theopha-
2008 3279 2052 3343 C

321 3385 482 3438 nem;
514 3369 782 3441 itemque
837 3387 912 3426 ex
965 3374 1254 3428 senatoriis
1311 3374 1469 3442 viris,
1528 3393 1796 3447 magnum
1841 3380 1982 3450 logo-

323 3458 531 3514 thetam
573 3459 975 3530 AcrOpolitam,
1001 3461 1296 3532 praesidem
1322 3467 1584 3520 vestiario
1612 3469 1979 3536 Panaretum,

325 3555 375 3602 et
401 3563 673 3618 magnum
716 3549 1071 3620 interpretem
1129 3551 1529 3610 Berrhwotam.
1589 3556 1690 3610 His
1724 3555 1823 3611 alii
1857 3575 1984 3614 sese

324 3637 718 3706 adjunxerant
774 3636 1154 3695 ecclesiastici
1187 3640 1316 3696 viri.
1377 3642 1490 3698 lter
1529 3660 1730 3700 eorum
1763 3647 1846 3701 ita
1873 3652 1982 3703 Pa-

328 3726 638 3794 chymeres
688 3726 991 3793 describit,
1051 3731 1237 3801 capite
1294 3733 1385 3798 21,
1449 3738 1514 3788 ut
1576 3733 1722 3808 παρὰ
1773 3737 1982 3810 καιρὸν,

329 3815 514 3870 aliedo
546 3822 786 3886 tempore
834 3818 1100 3886 navigare
1129 3821 1240 3874 orsi
1292 3821 1424 3888 sint,
1457 3823 1555 3877 sub
1585 3825 1813 3880 initium
1839 3828 1986 3882 vide-

326 3905 454 3960 licet
515 3904 731 3975 Martii,
791 3904 1018 3979 Κρονίου
1085 3907 1188 3982 γὰρ
1245 3908 1557 3984 ἀρχομένω
1619 3912 1787 3982 μηνός
1841 3916 1984 3971 Hor-

323 3994 516 4048 renda
573 3993 832 4064 procella
878 3995 1084 4065 jactati
1143 4001 1302 4068 sunt,
1368 4001 1436 4070 τῇ
1497 3997 1809 4075 ἐνισταμὲνῃ
1863 4003 1987 4060 τότε

327 4079 551 4155 μεγάλῃ
609 4080 830 4153 πέμπτῃ
887 4080 1132 4156 ἑσπέρας,
1189 4088 1379 4157 quinta
1434 4089 1523 4144 die
1567 4092 1798 4162 Majoris
1852 4096 1985 4150 heb-

323 4171 586 4228 domadas
616 4189 635 4224 :
668 4173 1070 4244 comitumque
1129 4176 1397 4231 nonnulli
1436 4179 1770 4237 miserabile
1799 4183 1984 4240 facere

324 4261 733 4332 naufragium.
779 4261 1062 4317 Currebat
1102 4281 1294 4320 annus
1326 4267 1488 4334 4274,
1537 4269 1855 4342 insignitus
1887 4274 1983 4329 lit-

323 4359 440 4405 tera
473 4351 815 4405 Dominicali
845 4350 912 4420 G,
973 4355 1031 4406 et
1067 4354 1216 4423 eyclo
1253 4355 1399 4410 lunae
1426 4357 1479 4411 2.
1514 4359 1729 4423 Quarta
1758 4361 1985 4420 decima

319 4439 650 4508 Paschalis,
711 4456 745 4494 a
801 4440 894 4494 die
952 4440 1023 4494 42
1054 4441 1246 4496 Martii
1304 4451 1628 4517 numerata,
1661 4449 1868 4505 incidit
1922 4453 1982 4508 in

319 4529 480 4584 diem
507 4529 582 4581 25
610 4529 876 4598 ejusdem
911 4529 1103 4584 Martii
1128 4531 1494 4589 Dominicam
1520 4551 1532 4590 :
1571 4520 1727 4592 unde
1748 4555 1981 4597 sacrum

2094 625 2341 696 Κρόνιος,
2386 630 2540 686 idem
2605 638 2694 688 est
2751 651 2883 690 cum
2944 640 3375 699 Heatombzeone.
3437 625 3546 703 Sed
3608 667 3741 706 cum

2094 714 2269 770 iidem
2303 717 2388 772 illi
2419 718 2594 791 legati
2649 723 2717 776 ad
2752 725 3064 782 concilium
3119 730 3535 803 Lugdunense,
3585 742 3737 810 quod

2095 820 2245 859 anno
2279 806 2376 861 illo
2407 809 2606 863 eodem
2660 811 2798 866 4274
2847 814 3208 873 celebratum
3267 827 3374 893 est,
3427 806 3748 884 missi—sint

2095 894 2166 947 ab
2242 895 2593 966 imperatore
2669 901 2966 974 Michaele,
3047 924 3162 962 non
3218 910 3364 967 bene
3441 930 3575 970 cum
3655 917 3743 972 hi-

2097 984 2280 1038 storia
2343 990 2400 1040 et
2463 987 2616 1043 Actis
2688 989 2846 1046 illius
2928 996 3134 1065 synodi
3203 998 3542 1073 Pachymeri
3601 1022 3743 1061 con-

2096 1072 2271 1126 venit.
2299 1095 2328 1122 »

2170 1188 2290 1242 Imo
2347 1205 2480 1244 cum
2534 1192 2902 1266 Pachymeris
2933 1198 3185 1257 Historia
3215 1220 3329 1259 non
3361 1207 3507 1264 bene
3537 1226 3742 1268 conve-

2097 1275 2183 1328 nit
2238 1280 2511 1333 mensium
2567 1283 2887 1355 assignatio
2948 1304 2981 1342 a
3037 1290 3380 1350 doctissimo
3413 1301 3470 1352 et
3529 1315 3742 1372 magno

2095 1365 2216 1418 viro
2249 1366 2419 1422 facta.
2481 1373 2779 1435 Quomodo
2831 1375 2986 1430 enim
3048 1380 3335 1452 navigatio
3394 1365 3739 1458 legatorum,

2099 1469 2224 1524 quae
2255 1461 2439 1527 coepta
2498 1458 2715 1514 dicitur
2767 1463 3030 1535 Augusto
3061 1484 3260 1525 mense
3291 1472 3547 1542 ineunte,
3605 1494 3742 1534 con-

2097 1543 2289 1598 veniat
2318 1561 2450 1600 cum
2484 1550 2811 1621 naufragio,
2845 1555 2999 1623 quod
3030 1557 3203 1627 paulo
3252 1566 3386 1632 post
3416 1566 3741 1638 navigatio-

2098 1648 2232 1686 nem
2261 1632 2554 1706 inceptam
2613 1639 2895 1696 accidisse
2945 1644 3160 1700 dicitur
3188 1648 3279 1704 die
3317 1655 3514 1721 qainta
3543 1632 3740 1712 liede-

2097 1721 2273 1775 madw
2326 1739 2563 1794 magnae,
2621 1742 2748 1796 quas
2795 1747 3005 1802 nempe
3051 1741 3319 1792 sanctum
3363 1740 3585 1799 Pascha
3616 1763 3742 1816 pro-

2099 1810 2252 1865 xime
2282 1813 2601 1880 prrecedit?
2662 1815 2857 1888 Neque
2914 1819 3135 1894 Κρόνιον
3171 1842 3433 1884 mensem
3467 1810 3741 1890 eumdem

2017 1913 2065 1976 Β
2096 1915 2224 1952 esse
2256 1899 2591 1972 Pachymeri
2625 1908 2799 1974 atque
2858 1905 3324 1982 Ἑκατομϐαιῶνα,
3366 1936 3555 1992 neque
3588 1923 3742 1980 hunc

2096 1987 2368 2042 eumdem
2402 2005 2532 2044 cum
2566 1998 2854 2063 Augusto,
2877 1997 3003 2066 jam
3037 2007 3192 2056 certo
3223 2009 3281 2058 et
3311 1987 3616 2080 perspicue
3647 2013 3742 2068 de-

2097 2077 2443 2130 monstravit
2474 2078 2676 2134 Petrus
2707 2082 2988 2142 Possinus
3019 2087 3076 2142 in
3112 2091 3389 2150 Michaele
3421 2077 3739 2172 Palaeologo

2096 2164 2447 2236 imperatorc
2476 2166 2533 2220 in
2570 2169 3090 2232 Observationibus
3133 2179 3282 2237 libro
3335 2201 3398 2238 III
3459 2164 3738 2245 chonolo-

2096 2253 2240 2325 gico,
2275 2255 2460 2326 capite
2492 2258 2542 2312 1.
2575 2258 2838 2332 Namque
2896 2263 3038 2320 iilud
3102 2269 3290 2338 primo
3334 2280 3584 2348 constat,
3634 2278 3740 2334 Pa-

2095 2341 2426 2413 cbymerem
2452 2349 2654 2415 prater
2689 2366 2895 2406 morem
2953 2371 3217 2428 usumque
3247 2369 3591 2434 caeterorum,
3623 2368 3741 2424 sive

2093 2435 2375 2497 veterum,
2411 2434 2529 2488 sive
2569 2439 2913 2512 recentium,
2945 2445 3004 2498 in
3049 2449 3334 2504 mensibus
3391 2454 3740 2524 appellandis

2092 2535 2317 2575 novasse
2346 2538 2463 2612 :ac
2497 2522 2639 2579 illud
2695 2533 2941 2598 praetera
2999 2539 3176 2602 patet.
3213 2536 3398 2594 facem
3421 2522 3740 2612 preferen-

2093 2608 2255 2664 tibus
2285 2610 2572 2682 codicum,
2619 2616 2835 2684 quibus
2868 2618 2963 2674 ille
3022 2639 3165 2678 usus
3197 2631 3284 2680 est
3315 2608 3741 2702 marginalibus

2093 2697 2366 2768 postillis,
2426 2705 2936 2761 Hecatambaeonem
2984 2713 3258 2768 eumdem
3307 2697 3614 2776 esse'cum
3642 2728 3741 2780 Ja-

2091 2791 2312 2852 nuario,
2345 2793 2402 2844 et
2433 2790 2694 2847 Cronium
2723 2811 2855 2850 cum
2914 2798 3134 2856 Martio.
3167 2802 3297 2858 Haec
3337 2822 3469 2862 vero
3500 2811 3742 2868 nomina

2092 2876 2354 2932 Romana
2385 2878 2599 2936 Graecis
2656 2881 2868 2939 litteris
2900 2885 3117 2943 ibidem
3173 2891 3392 2963 scripta
3430 2895 3491 2950 in
3523 2902 3739 2971 margi-

2088 2965 2260 3020 nibus
2317 2966 2592 3039 leguntur
2631 2969 2739 3026 hoc
2772 2975 2945 3030 modo
2979 2992 2991 3032 :
3030 2976 3356 3054 Ἰανουαρίου
3387 2988 3443 3039 et
3471 2965 3734 3061 Map-tiou.

2090 3054 2216 3116 Qua
2248 3055 2436 3126 posita
2482 3058 2776 3148 mensium
2828 3064 2984 3134 apud
3034 3065 3448 3140 Pachymere'n
3507 3054 3737 3148 notitia,

2090 3143 2398 3215 positoque
2430 3162 2562 3211 usu,
2597 3147 2726 3202 bene
2753 3155 3086 3210 conveniunt
3111 3159 3302 3214 omnia
3322 3177 3446 3216 cum
3475 3143 3732 3223 historia;

2089 3232 2371 3303 Superius
2401 3234 2532 3289 vide
2562 3242 2738 3308 caput
2770 3239 2821 3308 l,
2849 3258 3012 3296 num.
3045 3245 3098 3298 3.

2163 3357 2251 3411 IV.
2309 3357 2505 3413 Prima
2561 3361 2789 3416 concilii
2847 3364 3254 3438 Lugdunensis
3312 3373 3515 3432 habita
3544 3378 3736 3437 fuerat

2092 3447 2279 3503 sessio
2309 3448 2512 3503 eodem
2570 3467 2722 3506 anno
2761 3453 2920 3521 1274,
2961 3456 3056 3512 die
3088 3459 3123 3510 7
3153 3461 3311 3531 Maii,
3371 3465 3429 3519 in
3489 3468 3736 3527 ecclesia

2092 3537 2286 3592 Sancti
2327 3536 2587 3594 Joannis.
2639 3540 2725 3594 Ad
2773 3541 3111 3602 vicesimam
3161 3555 3424 3609 octavam
3469 3557 3734 3627 ejusdem

2095 3625 2318 3681 mensis
2375 3626 2594 3682 indicta
2651 3635 2775 3684 erat
2833 3633 3015 3690 sessio
3073 3641 3350 3695 secunda.
3398 3625 3544 3700 Ante
3572 3646 3734 3705 illam

2098 3716 2323 3770 litteras
2353 3714 2696 3786 legatorum,
2732 3735 2878 3790 quos
2909 3724 3163 3792 pontifex
3193 3729 3432 3786 miserat
3454 3732 3737 3792 Constan-

2094 3802 2425 3875 tin0polim,
2474 3806 2696 3876 accepit
2727 3810 3088 3885 nuntiantes,
3129 3816 3255 3886 jam
3288 3836 3350 3874 se
3380 3837 3558 3894 prope
3587 3841 3735 3895 esse,

2095 3897 2273 3963 atque
2304 3892 2362 3946 in
2390 3893 2672 3948 comitatu
2704 3894 2918 3954 habere
2946 3899 3167 3972 legatos
3208 3892 3558 3968 Graecorum.
3594 3892 3743 3971 Hinc

2097 3981 2281 4037 sessio
2303 3979 2485 4037 dilata
2506 3981 2564 4036 in
2598 3983 2750 4040 diem
2777 3988 3088 4058 septimam
3115 3993 3514 4055 Junii.Eodem
3541 4019 3743 4061 mense

2095 4070 2188 4125 die
2216 4070 2286 4124 24
2347 4077 2736 4140 pervenerunt
2793 4074 3166 4148 Lugdunum,
3225 4087 3534 4145 redeuntes
3592 4091 3739 4148 Con-

2094 4158 2440 4230 tantinopoli
2473 4161 2662 4215 nuntii
2686 4165 2990 4233 pontiﬁcii,
3025 4186 3091 4225 ac
3125 4172 3291 4228 missi
3322 4177 3394 4230 ad
3426 4179 3741 4238 concilium

2094 4247 2274 4303 Graeci
2305 4247 2686 4319 apocrisiarii.

2166 4363 2408 4419 Summo
2439 4366 2700 4436 pontifici
2731 4367 2936 4426 litteris
2995 4375 3220 4445 oblatae,
3277 4395 3423 4450 quas
3453 4383 3743 4443 dederunt

2093 4452 2340 4508 Michael
2361 4453 2718 4546 Paleaologus
2743 4459 3043 4531 Augustus
3075 4470 3132 4519 et
3161 4468 3528 4527 Andronicus
3560 4474 3740 4546 ﬁlius,

2094 4558 2268 4613 quem
2324 4541 2606 4615 collegam
2663 4546 2893 4619 imperii
2947 4568 3100 4608 anno
3133 4555 3274 4610 4272
3306 4541 3743 4633 nuncupaverat

317 4618 554 4673 Pascha
587 4616 833 4672 dilatum
896 4617 1005 4672 fuit
1035 4619 1106 4674 ad
1137 4619 1283 4676 diem
1344 4623 1367 4676 1
1428 4624 1652 4695 Aprilis.
1685 4626 1818 4682 Fuit
1845 4646 1981 4702 ergo
2013 4643 2061 4708 D
2093 4635 2277 4701 pater,
2309 4635 2367 4686 et
2396 4631 2492 4686 alii
2524 4632 2722 4705 plures
2752 4616 3167 4698 tEcclesiarum
3199 4645 3379 4701 Graeci
3424 4616 3739 4708 antistites:

315 4705 418 4762 illo
451 4723 616 4762 anno
647 4707 847 4776 quinta
875 4707 994 4762 dies
1024 4709 1287 4779 majoris,
1320 4715 1423 4765 aut
1447 4729 1666 4782 magnae
1695 4714 1984 4775 hebdoma-

316 4795 406 4852 dae
438 4796 570 4850 dies
599 4795 673 4848 29
700 4795 914 4851 Martii.

400 4883 726 4956 Dionysius
757 4885 1050 4950 Petavius,
1080 4885 1228 4942 libro
1263 4903 1338 4941 vn
1362 4889 1440 4943 De
1489 4891 1751 4951 Trinitate
1775 4894 1844 4949 de
1893 4895 1988 4950 his

315 4973 812 5042 Hecatombaeonis,
846 4977 902 5029 et
933 4973 1161 5030 Chronii
1189 4978 1514 5046 mensibus,
1548 4996 1696 5051 quos
1725 4984 1991 5046 nominat

314 5062 736 5134 Pachymeres,
778 5061 900 5116 hac
935 5062 1108 5118 habet
1139 5063 1326 5135 capite
1350 5065 1402 5131 l,
1431 5083 1594 5124 num.
1626 5069 1662 5122 9
1690 5086 1702 5124 :
1738 5093 1766 5120 «
1790 5072 1988 5145 Legati

313 5153 586 5223 Augusto
632 5167 836 5206 mense
874 5151 1113 5207 ineunte
1142 5151 1432 5209 solventes
1487 5157 1989 5233 Constantinopoli

317 5239 402 5295 ita
459 5241 627 5295 enim
691 5239 916 5313 Κρὸνιον
953 5257 1215 5296 mensem
1275 5241 1628 5315 interpretor
1674 5251 1825 5318 apud
1882 5250 1988 5307 Pa-

316 5328 708 5401 chymerem),
769 5330 959 5384 aliena
1023 5332 1164 5384 anni
1218 5337 1550 5402 tempestate,
1611 5337 1985 5410 naufragium

312 5420 636 5488 fecerunt...
697 5419 833 5474 Hzcc
888 5435 1036 5474 anno
1093 5419 1289 5474 mundi
1343 5421 1504 5492 6782,
1538 5423 1844 5482 indictione
1900 5445 1986 5484 se-

309 5508 520 5575 cunda,
554 5509 1025 5565 Hecatombwonis
1081 5507 1390 5576 undecima,
1422 5519 1586 5582 gesta
1633 5530 1763 5571 esse
1809 5518 1987 5575 refert

311 5595 725 5671 Pacbymeres,
783 5598 887 5670 qui
929 5613 1123 5653 annus
1175 5602 1329 5654 esset
1360 5599 1530 5656 debet
1577 5602 1790 5660 Christi
1821 5607 1982 5679 ⁴1274,

314 5686 414 5743 56
444 5694 504 5744 et
530 5689 806 5762 Augusti,
839 5687 930 5745 vel
959 5686 1103 5746 Julii
1159 5687 1284 5744 dies
1341 5689 1673 5766 undecima,
1726 5711 1860 5754 cum
1893 5698 1980 5755 in-

2089 4719 2275 4774 Simul
2303 4737 2506 4776 omnes
2537 4722 2630 4778 die
2658 4724 2729 4777 29
2756 4724 2940 4793 Junii,
2973 4731 3252 4800 apostolis
3284 4735 3454 4792 Petro
3488 4743 3544 4793 et
3565 4739 3742 4797 Paulo

2097 4825 2282 4874 sacra,
2316 4810 2387 4864 ad
2421 4812 2698 4882 mysteria
2758 4815 2952 4870 divina
2982 4829 3392 4879 convenerunt.
3452 4827 3600 4884 Tum
3635 4830 3740 4886 La-

2098 4897 2220 4952 tine
2250 4898 2402 4952 inter
2458 4899 2745 4956 misarum
2804 4904 3091 4962 solemnia
3147 4911 3485 4982 Symbolum
3533 4919 3741 4974 recita-

2098 4990 2223 5042 tum
2258 5004 2273 5042 :
2306 5004 2372 5042 ac
2403 4987 2597 5044 Graece
2655 5007 2688 5045 a
2726 4991 3015 5050 Germano
3049 4997 3188 5053 olim
3221 5003 3573 5077 patriarcha,
3607 5024 3740 5064 cum

2099 5077 2467 5147 processione
2499 5077 2752 5150 Spiritus
2804 5084 2990 5139 sancti
3049 5104 3083 5141 α
3136 5090 3300 5145 Patre
3325 5095 3592 5165 Filioque.
3627 5098 3741 5152 Lit-

2097 5169 2230 5220 terae
2263 5182 2296 5220 ο.
2344 5166 2556 5222 Grecis
2599 5168 2766 5238 datas,
2821 5188 3014 5229 coram
3064 5177 3378 5252 palamque
3433 5183 3592 5240 lectas
3651 5187 3743 5244 die

2097 5258 2257 5309 sexta
2307 5254 2468 5320 Julii,
2520 5257 2582 5311 In
2614 5256 2686 5312 iis
2717 5276 2860 5327 quas
2892 5264 3209 5336 scripserat
3239 5268 3576 5342 imperator,
3608 5292 3741 5347 pro-

2097 5343 2273 5398 fessio
2297 5343 2429 5398 fidei
2458 5347 2790 5403 continetur
2809 5366 2942 5406 cum
2976 5356 3159 5410 sancti
3193 5357 3445 5429 Spiritus
3476 5361 3572 5417 67
3607 5343 3741 5435 pro-

2095 5433 2356 5489 cessione
2382 5430 2440 5486 ἐκ
2470 5433 2680 5508 ΙΙατρὸς
2713 5441 2838 5491 Υιοῦ
2867 5459 2944 5494 τε.
2975 5443 3239 5516 Rogabat
3273 5447 3369 5503 ille
3400 5466 3534 5506 vero
3584 5430 3741 5508 sum-

2094 5537 2258 5576 mum
2291 5523 2628 5580 Pontiﬁcem
2665 5541 2677 5580 :
2711 5535 2772 5582 ut
2824 5529 3065 5588 Ecclesia
3111 5533 3310 5593 Graeca
3359 5538 3565 5597 diceret
3614 5559 3741 5598 san-

2090 5614 2238 5666 ctum
2264 5612 2591 5682 symbolum,
2619 5621 2785 5684 prout
2804 5617 3015 5678 dicebat
3040 5624 3137 5680 hoc
3164 5635 3290 5682 ante
3308 5629 3544 5688 schisma
3573 5649 3740 5707 usque

2089 5703 2147 5756 in
2177 5703 2504 5759 hodiernum
2531 5703 2697 5764 diem.
