4090 6444
220 405 286 463 73
1441 399 1650 459 Vl'l‘A.
1685 431 1761 441 -—
1791 398 2312 459 DISSERTATIU
2360 401 2405 460 Ι.
3551 406 3628 464 74

225 535 500 608 splendide,
534 547 665 605 qua
691 531 1038 586 mendaciter
1065 532 1532 603 afﬁrmabantur.
1565 573 1576 584 .
1614 573 1625 584 .
1659 530 1753 585 sed
1784 539 1860 586 te—
1892 533 1946 597 Α
1974 531 2107 585 dem
2141 548 2294 586 anno
2328 528 2486 600 1276,
2519 534 2736 590 electus
2777 535 2868 590 die
2919 535 2985 588 15
3034 535 3412 605 Septembris,
3445 537 3628 590 dena-

226 626 422 682 nebatur
450 638 524 678 ne
568 623 630 676 id
677 623 889 692 faceret
936 636 1029 687 ea,
1061 637 1225 692 quam
1278 621 1420 685 dixi,
1464 626 1696 675 ratione.
1732 623 1857 689 Qua

224 723 377 770 tamen
401 727 664 769 excussus
697 710 773 787 ad
818 719 1136 766 extremum
1179 718 1277 775 est,
1308 712 1499 765 venire
1543 718 1757 765 coactus
1787 710 1857 764 ad

220 805 638 876 experimentum
696 800 903 867 scripto
967 798 1286 870 disputandi
1347 800 1614 853 adversus
1669 805 1858 854 contra

219 893 507 948 sententia.
547 890 696 944 Hinc
730 904 762 942 a
794 888 976 942 Becco
1021 887 1238 957 scripta
1268 886 1439 958 plura
1485 887 1594 944 hoc
1627 891 1853 958 tempo-

219 997 350 1037 reac
392 979 677 1050 deinceps
719 975 1011 1048 prodiere,
1052 993 1179 1046 quae
1212 973 1605 1047 bibliographi
1654 990 1853 1030 recen-

216 1074 343 1125 sent.
383 1067 560 1123 Edita
607 1069 880 1136 prostant
927 1062 1212 1119 nonnulla
1263 1064 1418 1136 apud
1469 1063 1751 1118 Allatium
1791 1063 1851 1116 in

217 1159 400 1215 Gracia
428 1155 765 1219 orthodoxa,
799 1152 982 1208 tomis
1011 1152 1032 1206 Ι
1063 1158 1121 1207 et
1156 1153 1226 1206 ΙΙ.

273 1245 470 1302 Paucis
528 1241 844 1315 complecti
910 1240 1085 1297 liceat
1136 1243 1481 1312 Epigraphas
1539 1242 1690 1312 ejus,
1744 1258 1853 1296 seu

207 1335 641 1406 Praescriptiones
673 1333 733 1387 in
763 1331 915 1387 dicta
960 1347 1024 1385 ac
1051 1331 1356 1385 sententias
1401 1339 1716 1386 sanctorum
1745 1333 1851 1385 Pa-

203 1431 354 1491 trum,
386 1440 540 1495 quas
571 1422 700 1494 ipse
731 1419 1063 1491 collegerat.
1097 1419 1295 1474 Prima
1333 1419 1535 1474 Patres
1566 1420 1736 1474 offert
1764 1419 1854 1473 di-

199 1521 381 1570 centes
423 1513 706 1583 Spiritum
751 1517 1009 1564 sanctum
1040 1525 1079 1563 a
1127 1508 1286 1573 Filio,
1321 1507 1583 1579 aliosque
1631 1525 1734 1579 per
1758 1510 1852 1563 Fi-

196 1605 328 1659 lium
368 1621 388 1658 :
444 1601 668 1673 quibus
721 1598 1033 1664 evincitur,
1062 1599 1476 1668 praepositiones
1525 1613 1592 1652 ex
1649 1602 1702 1651 et
1752 1614 1855 1668 per

1967 625 2182 690 tusque
2212 638 2328 675 xvu
2374 622 2496 677 Kal.
2527 623 2688 679 Junii
2738 639 2890 678 anno
2921 623 3260 694 insequenti
3294 625 3454 680 1277.
3487 625 3627 680 Suc-

1966 711 2143 764 cessit
2171 711 2445 766 Nicolaus
2489 712 2587 779 III,
2620 713 2713 768 die
2740 713 2812 766 25
2841 712 3186 768 Novembris
3219 728 3232 765 :
3269 729 3384 784 quo
3417 714 3623 769 seden-

1965 801 2042 866 te,
2077 798 2254 853 Graeci
2286 798 2461 871 legati
2495 805 2887 872 pervenerunt
2915 817 3050 856 cum
3081 801 3291 857 litteris
3322 801 3622 858 Michaelis

1965 891 2023 940 et
2065 887 2382 943 Andronici
2431 889 2876 960 imperatorum,
2909 895 2966 944 et
3011 890 3258 946 Joannis
3309 889 3470 946 Becci
3526 907 3623 962 pa-

1963 975 2230 1030 triarcha
2265 993 2277 1031 :
2312 977 2528 1048 quibus
2571 983 2764 1034 ratum
2812 978 3160 1048 habebatur,
3212 979 3499 1051 quidquid
3542 980 3617 1036 ab

1963 1065 2050 1120 eis
2077 1064 2138 1118 in
2172 1066 2404 1138 negotio
2447 1067 2609 1138 pacis
2662 1069 2982 1139 expetitum
3033 1068 3242 1124 fuerat.
3277 1068 3474 1125 Refert
3517 1085 3615 1124 eas

1965 1153 2314 1211 Laurentius
2363 1156 2542 1212 Cozza
2580 1173 2650 1212 ex
2695 1158 2924 1224 Bzovio,
2972 1162 3030 1212 et
3083 1158 3402 1231 Raynaldo,
3452 1163 3616 1230 parte

1965 1258 2042 1306 ιν,
2101 1243 2172 1299 de
2221 1243 2553 1300 Graecorum
2603 1245 2944 1311 schismate,
2992 1248 3179 1318 capite
3225 1249 3315 1319 33,
3365 1265 3399 1303 a
3447 1264 3612 1304 num.

1964 1329 2122 1385 1416.
2157 1331 2310 1386 Datis
2342 1339 2481 1388 sunt
2521 1336 2729 1389 mensis
2776 1333 3009 1406 Aprilis,
3035 1338 3250 1407 quintae
3302 1337 3620 1394 indictionis

1961 1424 2116 1474 sexto
2159 1421 2394 1478 milleno
2431 1425 2663 1494 septimo
2696 1432 2919 1480 centeno
2949 1427 3264 1496 octogesimo
3294 1429 3490 1498 quinto
3517 1444 3619 1482 an-

1962 1524 2053 1575 no,
2083 1509 2299 1564 Christi
2325 1510 2591 1566 videlicet
2622 1513 2780 1567 1277.

2035 1599 2096 1652 In
2129 1614 2196 1652 ea
2245 1615 2423 1671 quam
2476 1588 2688 1656 Beccus
2737 1603 3071 1673 patriarcha
3120 1603 3454 1676 scripserat,
3488 1607 3623 1674 ﬁdei

195 1696 325 1749 vires
354 1691 566 1746 habere
614 1689 874 1759 zquales.
912 1689 974 1741 In
1009 1685 1192 1741 altera
1222 1685 1582 1757 colliguntur
1612 1685 1850 1740 Patrum
1959 1689 2226 1758 professio
2300 1688 2651 1744 continetur.
2705 1691 2788 1744 Ad
2861 1690 3294 1763 processionem
3369 1695 3622 1765 Spiritus

195 1779 548 1846 testimonia,
583 1795 712 1848 quae
744 1777 1089 1832 continenter
1116 1778 1165 1829 et
1198 1775 1514 1830 immediate
1547 1775 1754 1829 Filium
1783 1791 1854 1830 ea:

199 1873 352 1928 Patre
397 1884 521 1924 esse
567 1873 1043 1925 commonstrant;
1075 1865 1230 1918 unde
1277 1863 1545 1929 infertur,
1579 1864 1850 1934 Spiritum

199 1963 436 2015 sanctum
469 1972 588 2012 esse
617 1971 718 2027 per
746 1954 974 2009 Filium.
1007 1952 1322 2008 Sententiae
1361 1957 1762 2024 congeruntur
1789 1952 1849 2007 in

204 2048 373 2113 tertia,
409 2062 546 2117 quae
577 2045 792 2099 Filium
821 2046 1030 2097 vocant
1058 2043 1356 2110 imaginem
1401 2042 1607 2108 Patris,
1642 2045 1698 2096 et
1728 2040 1851 2112 Spi-

202 2140 353 2192 ritum
408 2138 677 2191 sanctum
728 2133 1031 2202 imaginem
1074 2131 1208 2185 Filii
1247 2149 1263 2184 :
1306 2130 1463 2185 hunc
1511 2132 1737 2201 faciem,
1799 2133 1854 2184 et

195 2227 570 2297 Operationem
629 2223 833 2286 Patris,
886 2219 1057 2274 illum
1114 2220 1489 2288 operationem
1545 2223 1598 2274 et
1649 2220 1855 2289 faciem

193 2315 331 2370 Filii.
377 2313 611 2378 Quarta
657 2307 1000 2365 testimonia
1044 2307 1323 2374 continet,
1356 2307 1570 2379 quibus
1616 2307 1854 2379 Spiritus

191 2403 535 2459 enuntiatur
578 2415 682 2472 per
736 2399 947 2454 Filium
999 2398 1152 2452 Patri
1195 2397 1472 2469 conjungi
1522 2414 1540 2450 :
1600 2413 1665 2452 ac
1722 2396 1856 2452 ordo

192 2493 467 2548 statuitur
498 2492 564 2544 in
615 2490 910 2554 Trznitate,
943 2486 1379 2557 Scripturarum
1429 2485 1792 2555 testimonia,
1825 2503 1858 2542 α

191 2581 457 2653 patribus
489 2577 782 2650 exposita,
816 2576 878 2630 in
931 2576 1136 2646 quinta
1187 2574 1521 2646 Epigrapha
1551 2574 1853 2629 contineno

190 2678 301 2726 tur.
338 2669 593 2724 Exhibet
623 2671 789 2720 sexta
813 2664 1159 2734 sententias,
1191 2680 1320 2733 quae
1359 2662 1855 2735 mquipollentiam

189 2760 628 2822 demonstrant,
662 2755 783 2808 sive
815 2753 1045 2808 dicatur
1090 2753 1332 2823 Spiritus
1357 2768 1426 2806 ex
1473 2756 1641 2807 Patre
1667 2767 1856 2823 proce-

191 2849 332 2913 dere,
359 2849 479 2902 sive
510 2862 588 2900 ea:
617 2844 766 2899 Filio
813 2843 1082 2912 accipere.
1120 2841 1178 2895 In
1210 2841 1464 2912 septima
1496 2845 1762 2912 prostant
1791 2857 1862 2896 ea

194 2938 365 2999 dicta,
399 2952 535 3007 quae
586 2932 907 2999 decernunt,
939 2946 1008 2986 ea:
1043 2931 1210 2984 Patre
1253 2929 1528 3001 progredi,
1570 2929 1856 3000 profundi,

200 3027 372 3080 emitti
399 3025 688 3095 Spiritum
715 3023 969 3076 sanctum
1003 3019 1064 3073 in
1101 3019 1218 3076 illis
1244 3020 1535 3089 pericopis,
1570 3020 1628 3072 in
1661 3017 1860 3090 quibus

204 3115 362 3169 illum
388 3131 455 3170 ex
492 3116 667 3169 Patre
710 3110 1003 3182 procedere
1044 3108 1345 3164 dicendum
1372 3113 1521 3164 erat.
1561 3109 1771 3180 Agitur
1799 3108 1859 3163 in

205 3209 400 3259 octava
426 3205 640 3259 contra
671 3216 771 3256 eos
801 3199 923 3270 qui,
955 3197 1261 3254 audientes
1306 3197 1578 3268 Spiritum
1607 3206 1861 3252 sanctum

1965 1775 2154 1830 sancti
2187 1778 2341 1847 quod
2374 1778 2600 1845 attinet,
2637 1779 2721 1834 sic
2754 1780 2945 1835 aiebat
2977 1799 2990 1836 :
3025 1803 3053 1830 ‹‹
3091 1781 3464 1852 Profunditur
3495 1783 3621 1856 Spi-

1966 1863 2114 1918 ritus
2146 1870 2384 1921 sanctus
2430 1867 2606 1937 (quod
2662 1868 2817 1922 enim
2867 1868 3065 1941 idem),
3097 1870 3362 1938 procedit,
3409 1888 3620 1944 quem-

1965 1953 2283 2007 admodum
2317 1970 2350 2007 a
2379 1955 2526 2022 fonte
2553 1957 2658 2012 Deo
2687 1963 2740 2011 et
2767 1958 2939 2012 Patre
2969 1976 2987 2012 :
3013 1959 3381 2030 profunditur
3415 1965 3613 2016 autem

1962 2045 2020 2095 et
2047 2040 2118 2096 ab
2147 2043 2260 2112 ipso
2289 2044 2454 2114 Filio,
2489 2045 2989 2114 quemadmodum
3038 2064 3074 2102 (ι
3102 2050 3276 2120 fonte,
3305 2048 3462 2104 velut
3493 2050 3614 2106 uti—

1963 2145 2075 2200 que
2105 2145 2173 2184 ex
2202 2129 2329 2200 ipso
2359 2131 2475 2187 Deo
2508 2136 2564 2187 et
2593 2133 2782 2189 Patre.
2823 2135 2929 2190 Sed
2959 2134 3095 2191 licet
3121 2137 3291 2192 Pater
3320 2138 3450 2194 fons
3481 2139 3613 2210 Spi-

1963 2217 2112 2273 ritus
2159 2219 2346 2273 sancti
2395 2220 2492 2285 sit,
2527 2225 2583 2276 et
2631 2222 2811 2278 Filius
2860 2223 2990 2280 fons
3037 2225 3290 2296 Spiritus
3335 2227 3414 2283 sit
3450 2243 3610 2284 :non

1961 2311 2158 2363 tamen
2206 2307 2312 2364 duo
2359 2311 2532 2379 fontes
2583 2311 2836 2382 Spiritus
2888 2318 3028 2369 sunt
3077 2314 3262 2384 Pater,
3307 2321 3366 2372 et
3413 2317 3609 2391 Filius,

1969 2397 2148 2452 Unum
2205 2397 2359 2454 enim
2415 2402 2622 2470 fontem
2677 2401 2949 2473 Spiritus,
2999 2404 3220 2460 Patrem
3278 2410 3331 2460 et
3381 2407 3610 2476 Filium,

1966 2485 2157 2542 fidelis
2205 2491 2262 2542 et
2311 2487 2408 2557 pia
2454 2487 2842 2561 intelligentia
2888 2495 3065 2547 tenet.
3099 2493 3168 2547 Et
3215 2497 3452 2565 propter
3502 2495 3612 2551 hoc

1963 2590 2308 2631 communem
2338 2579 2548 2641 Patris,
2580 2582 2632 2633 et
2659 2579 2796 2633 Filii
2841 2578 3115 2650 Spiritum
3143 2586 3398 2638 sanctum
3426 2584 3618 2640 Eccle-

1968 2662 2066 2716 sia;
2125 2662 2442 2719 luminaria
2489 2670 2546 2718 et
2602 2666 2870 2721 doctores
2916 2659 3403 2742 theolOgizarunt.
3450 2672 3616 2728 Sicut

1966 2752 2122 2806 enim
2152 2751 2218 2806 de
2257 2753 2560 2807 substantia
2589 2755 2778 2809 Patris
2823 2757 3154 2812 naturaliter
3182 2758 3439 2830 Spiritus
3470 2765 3560 2815 est
3600 2779 3612 2816 :

1969 2840 2052 2895 sic
2083 2845 2140 2894 et
2168 2841 2262 2894 61
2318 2857 2386 2895 ea:
2430 2845 2740 2898 substantia
2791 2844 2927 2898 Filii
2970 2847 3313 2902 naturaliter
3360 2849 3617 2919 Spiritus

1969 2933 2098 2996 est;
2130 2929 2284 2985 sicut
2308 2932 2633 2987 secundum
2685 2933 3082 2990 substantiam
3125 2935 3253 2990 Filii
3284 2937 3530 3004 exsistit,
3562 2943 3621 2995 et

1967 3019 2096 3090 (sic)
2146 3019 2417 3090 proprius
2469 3024 2558 3075 est
2614 3022 2880 3076 essentia;
2924 3024 3134 3093 Patris,
3186 3029 3243 3080 et
3290 3043 3406 3081 non
3459 3031 3621 3083 extra

1969 3106 2120 3162 hanc
2158 3108 2420 3179 procedit
2448 3108 2508 3162 in
2557 3125 2703 3165 esse.
2737 3112 3097 3166 Naturalium
3125 3113 3280 3168 enim
3332 3116 3619 3172 bonorum

1970 3196 2068 3252 Dei
2102 3200 2159 3250 et
2187 3197 2376 3251 Patris
2420 3200 2788 3255 essentialiter
2835 3199 3119 3256 exsistens
3152 3202 3334 3258 Filius
3380 3220 3621 3261 commu-

201 3311 271 3350 ιτ
313 3297 480 3349 Patre
529 3307 648 3348 esse
695 3289 776 3361 (et
823 3304 894 3343 ex
941 3287 1082 3342 Filio
1132 3288 1235 3341 60
1291 3291 1394 3342 aut
1449 3303 1553 3358 per
1602 3285 1862 3354 Filium),
1893 3271 1936 3339 C
1973 3286 2207 3354 nicator,
2240 3285 2400 3342 habet
2446 3286 2751 3358 Spiritum.
2788 3310 2816 3338 »
2852 3289 2935 3344 Ad
2986 3289 3178 3361 operis
3224 3292 3623 3365 complemen-

196 3398 486 3451 emanare,
517 3385 595 3450 ζει
639 3377 866 3448 egredi;
893 3393 1004 3432 non
1033 3376 1282 3432 divinam
1327 3376 1574 3446 Spiritus
1601 3381 1867 3431 naturam

189 3490 260 3530 ac
285 3473 496 3529 divina
527 3470 772 3526 essentia
797 3471 850 3522 et
877 3477 1086 3521 natura
1105 3466 1240 3521 Filii
1267 3481 1534 3521 emanare
1561 3469 1613 3520 et
1641 3465 1869 3535 efﬂuere

189 3563 496 3618 enuntiarit
543 3576 564 3612 :
618 3557 714 3612 sed
767 3556 1020 3622 spiritale
1059 3555 1268 3610 donum
1314 3554 1496 3625 dignis
1543 3555 1862 3610 adveniens.

187 3649 575 3708 Testimonia
632 3645 990 3717 colliguntur
1043 3645 1102 3700 in
1161 3661 1335 3711 nona,
1396 3643 1563 3716 queis
1620 3645 1866 3700 essentia!

180 3740 379 3794 Patris
433 3745 488 3793 et
541 3737 681 3791 Filii
725 3736 983 3807 qualitas,
1030 3734 1180 3804 odor,
1229 3735 1416 3803 ﬂatus,
1467 3734 1676 3789 halitus
1719 3733 1864 3788 dici-

183 3835 284 3884 tur
313 3826 591 3899 Spiritus
628 3828 868 3880 sanctus
902 3841 915 3879 :
948 3823 1211 3895 itemque
1239 3824 1405 3879 Pater
1449 3826 1573 3894 fons
1602 3822 1862 3894 Spiritus,

184 3921 232 3973 et
286 3917 476 3973 Filias
523 3914 654 3984 fons
702 3912 984 3984 Spiritus;
1033 3913 1262 3967 decima
1304 3911 1628 3967 sententias
1677 3912 1864 3983 oﬂ'ert,

187 4024 320 4078 qua
354 4002 706 4067 enuntiant,
740 4004 799 4056 in
829 4002 1032 4057 Filium
1058 4002 1306 4057 transire
1352 4016 1472 4072 quae
1499 4004 1626 4057 sunt
1656 4003 1861 4070 Patris,

188 4099 440 4166 excepta
491 4091 866 4164 paternitate.
901 4091 1013 4147 Eas
1041 4106 1175 4146 vero
1225 4089 1540 4147 undecima
1580 4090 1862 4162 continet,

188 4183 246 4237 in
291 4183 528 4254 quibus
581 4179 1082 4251 quemadmodum
1123 4179 1386 4250 proprius
1431 4179 1621 4235 Patris
1650 4179 1868 4236 dicitur

187 4273 391 4340 Filius,
431 4271 523 4325 ita
568 4270 708 4324 Filii
736 4269 976 4340 Spiritus
1023 4273 1268 4325 sanctus.
1300 4268 1506 4341 Agitur
1536 4270 1596 4324 in
1647 4270 1866 4325 duode-

190 4362 348 4417 cimo
379 4365 600 4416 contra
628 4357 763 4414 illos
792 4359 914 4429 qui,
945 4358 1252 4414 audientes
1298 4357 1570 4429 Spiritum
1599 4374 1669 4414 ea:
1696 4374 1869 4414 essen-

192 4452 271 4505 tia
300 4451 447 4505 Filii
497 4463 635 4517 esse,
688 4447 1027 4502 contendunt
1070 4447 1229 4503 aliud
1268 4463 1381 4503 esse
1408 4463 1478 4502 ea:
1524 4450 1783 4514 essentia,
1817 4455 1868 4503 et

193 4540 359 4595 aliud
387 4556 466 4595 ea:
508 4539 811 4609 hypostasz.
845 4537 982 4608 Agit
1027 4537 1268 4592 demum
1301 4537 1472 4591 tertia
1518 4537 1746 4592 decima
1774 4537 1871 4592 ad-

1974 3378 2101 3430 tum
2126 3391 2306 3430 novos
2323 3375 2596 3431 Nicolaus
2615 3377 2691 3431 Ill
2713 3377 2876 3432 misit
2900 3378 3464 3453 Constantinopolim
3487 3399 3622 3438 cum

1973 3463 2184 3520 litteris
2223 3464 2462 3520 nuntios
2510 3482 2663 3520 anno
2723 3467 2881 3520 1278.
2931 3468 3206 3532 Quaenam
3249 3469 3559 3527 instructio
3591 3489 3627 3528 a

1974 3552 2110 3608 sede
2139 3551 2459 3623 apostolica
2486 3553 2707 3609 eisdem
2730 3555 2866 3610 data
2895 3555 3090 3622 fuerit,
3115 3574 3359 3614 numero
3377 3575 3626 3631 sequen-

1973 3641 2016 3694 ti
2047 3641 2382 3696 dicendum.

2046 3729 2138 3783 IV.
2173 3729 2335 3785 Becci
2367 3730 2711 3801 patriarchas
2740 3736 2969 3788 erectus
2998 3733 3058 3789 in
3099 3738 3495 3806 promovendo
3526 3739 3622 3794 fir-

1975 3818 2308 3888 mandaque
2365 3818 2525 3890 pacis
2573 3821 2807 3892 negotio
2871 3822 3104 3880 animus
3158 3826 3388 3883 animos
3440 3827 3624 3900 pluri-

1974 3924 2208 3963 morum
2234 3907 2292 3961 in
2327 3924 2390 3964 se
2439 3908 2844 3965 concitaverat.
2881 3915 3012 3983 Ipse
3053 3914 3352 3985 imperator
3380 3917 3623 3990 (Pachy-

1975 3997 2154 4054 meris
2206 3995 2400 4053 verbis
2457 4001 2610 4068 utor,
2664 3997 2813 4055 libro
2862 4017 2939 4068 v1,
2991 4003 3180 4073 capite
3239 4006 3346 4072 10),
3378 4006 3626 4063 studebat

1973 4088 2224 4143 nancisci
2250 4085 2471 4142 modum
2513 4087 2803 4144 hebetandi
2831 4091 3003 4144 aciem
3049 4093 3233 4158 nimii,
3266 4109 3368 4164 quo
3418 4094 3626 4150 dudum

1975 4175 2369 4249 offendebatur,
2401 4176 2510 4230 zeli
2549 4177 2908 4246 patriarchae.
2942 4200 2969 4227 «
3004 4177 3205 4250 Itaque
3245 4183 3479 4238 evolutis
3527 4199 3630 4238 an-

1974 4282 2064 4321 nis
2092 4269 2344 4338 quatuor,
2377 4281 2446 4320 ex
2475 4282 2590 4337 quo
2634 4265 2892 4322 Joannes
2923 4267 3352 4338 patriarcbatus
3406 4271 3627 4328 honore

1977 4353 2364 4426 praecellebat,
2418 4370 2602 4409 mense
2647 4354 2963 4428 Februario,
2995 4356 3132 4410 κατὰ
3183 4363 3330 4428 μῆνα
3371 4362 3628 4429 Ληναιῶ-

1977 4463 2063 4511 να,
2092 4447 2340 4511 septtmae
2369 4441 2709 4516 incitationis,
2743 4461 2950 4516 graves
2972 4445 3030 4501 in
3062 4462 3195 4502 eum
3228 4449 3634 4504 accusationes

1979 4548 2014 4586 a
2052 4531 2407 4603 quibusdam
2462 4549 2496 4586 a
2544 4531 2696 4588 clero
2745 4534 3122 4591 conﬂantur:
3159 4537 3469 4593 mendaces
3515 4537 3632 4592 illis

190 4644 437 4685 vel-gum
472 4643 599 4693 eos,
635 4626 737 4698 qui
788 4627 1008 4682 audent
1053 4626 1245 4682 dicere
1280 4643 1293 4682 :
1327 4627 1620 4696 Emanare,
1651 4630 1702 4682 et
1740 4643 1867 4698 pro-
1901 4647 1947 4710 D
1979 4619 2218 4692 quidem
2247 4636 2313 4674 ac
2343 4621 2515 4690 plane
2545 4620 2771 4710 inanes,
2799 4639 2915 4678 non
2943 4627 3138 4680 tamen
3171 4625 3462 4695 ejusmodi
3486 4643 3634 4699 quas

183 4720 381 4789 gredi,
427 4723 488 4774 et
539 4716 825 4788 effulgere,
877 4724 930 4771 et
973 4731 1240 4787 apparere
1289 4732 1359 4771 ea:
1405 4716 1546 4771 Filio
1577 4717 1868 4787 Spiritum,

187 4824 306 4863 non
340 4807 602 4863 indicare
632 4806 798 4860 illum
839 4821 951 4860 esse
978 4805 1448 4871 substantialiter,
1479 4813 1530 4859 et
1559 4807 1620 4860 in
1651 4821 1753 4860 sua
1780 4805 1877 4878 hy-

185 4900 409 4969 postasi
457 4912 534 4952 ex
578 4895 744 4960 Filio,
775 4893 872 4949 sed
917 4895 1301 4965 spiritualium
1350 4893 1618 4949 donorum
1661 4910 1731 4950 ea:
1761 4895 1876 4965 ipso

1983 4724 2132 4780 aegre
2170 4708 2491 4780 imperator
2539 4709 2890 4767 admitteret.
2929 4733 2955 4760 ››
3008 4713 3244 4768 Annum
3293 4715 3431 4769 1279
3456 4715 3639 4771 afﬁcit

1986 4796 2220 4852 indictzo
2246 4801 2503 4868 septima.
2559 4799 2746 4870 Hujus
2794 4799 2935 4855 anni
2985 4800 3078 4857 die
3122 4803 3158 4855 2
3205 4803 3426 4858 mensis
3476 4803 3639 4860 Junii

1991 4889 2242 4957 quatuor
2272 4885 2485 4958 integri
2538 4887 2970 4958 patriarcbatus
3018 4889 3158 4944 anni
3205 4891 3638 4962 explebantur:

188 4986 681 5042 distributionem.
744 4984 923 5038 Cedro
979 4983 1181 5055 utique
1227 4983 1474 5054 dignum
1529 4999 1698 5055 opus.
1752 4983 1880 5040 Hinc

185 5077 413 5132 eadem
446 5089 609 5140 vero,
646 5089 776 5144 quae
827 5072 886 5126 in
939 5072 1044 5128 hoc
1077 5071 1262 5144 Opere
1314 5076 1598 5143 prostant,
1646 5072 1884 5128 adhibet

188 5182 469 5238 magnus
512 5162 793 5218 Petavius
843 5166 1212 5234 argumenta,
1252 5161 1584 5227 confirmat,
1618 5165 1674 5216 et
1721 5160 1884 5218 illus-

188 5260 318 5310 trat
353 5255 516 5310 libro
543 5269 650 5309 vm
687 5252 758 5306 De
792 5251 1076 5306 Trinitate.

267 5346 376 5401 ΙΙΙ.
415 5345 527 5400 Pro
559 5341 1012 5397 conﬁrmatione
1042 5339 1279 5395 unionis
1326 5355 1461 5395 cum
1494 5339 1702 5396 Latina
1731 5339 1884 5396 Grai-

191 5450 270 5489 caa
305 5432 617 5499 Ecclesiae,
656 5430 886 5503 legatos
935 5430 1007 5485 ad
1055 5429 1402 5485 Michaelem
1451 5429 1884 5501 imperatorem,

191 5529 249 5578 et
311 5522 756 5592 Andronicum,
823 5536 892 5575 ac
935 5518 1220 5574 Joannem
1280 5519 1674 5590 patriarcham
1734 5535 1886 5576 anno
1994 5519 2332 5591 patriarchae
2388 5537 2489 5575 uni
2555 5523 2817 5595 subjecta,
2873 5527 3097 5580 eatenus
3152 5526 3534 5596 censebantur,
3590 5542 3658 5582 ea

193 5614 344 5668 1276
379 5613 803 5685 designaverat
851 5607 1235 5664 Innocentius
1278 5606 1349 5662 V.
1385 5607 1562 5662 Adire
1611 5608 1889 5664 Constan-
2001 5612 2259 5682 deinceps
2307 5627 2570 5684 episcopis
2601 5629 2834 5684 quorum
2880 5631 3122 5686 propria
3172 5614 3418 5674 ἀπωσθείς
3467 5619 3658 5682 essent,

190 5702 522 5778 tinopolim
553 5699 748 5776 jussit
776 5715 880 5759 eos
926 5697 1187 5754 Joannes
1218 5695 1335 5770 XX,
1370 5696 1563 5755 dictus
1612 5696 1756 5768 XXI,
1788 5715 1888 5756 eo-
1991 5701 2120 5776 jure
2177 5699 2479 5760 ordinario
2535 5702 2898 5778 subjacerent.
2960 5703 3039 5761 De
3094 5705 3272 5761 hocce
3325 5706 3662 5779 stauropegii

538 5834 813 5892 Peraea.
865 5826 976 5887 Gn.
1025 5823 1258 5890 CXLII.
3288 5833 3325 5904 3

1993 4986 2052 5037 at
2077 4998 2264 5038 mense
2314 4983 2610 5040 Februario
2660 4983 3038 5056 praecedente,
3072 4990 3473 5046 accusationes
3503 5006 3643 5046 con-

1991 5075 2082 5127 tra
2111 5077 2358 5128 Beccum
2387 5072 2610 5128 delatae.

2064 5161 2663 5233 patriarchalia,jura
2713 5180 2840 5235 qua
2890 5164 3314 5242 σταυροπηγίου,
3360 5177 3648 5242 staurope-

1993 5251 2078 5319 gii
2106 5249 2496 5322 appellantur,
2533 5251 2800 5308 minuere
2831 5257 3079 5311 tentavit
3122 5256 3369 5312 Michael
3397 5257 3649 5330 impera-

1995 5345 2109 5406 tor,
2143 5340 2368 5397 Novella
2397 5341 2559 5408 data,
2591 5358 2708 5413 qua
2759 5345 3182 5402 decernebatur
3214 5363 3226 5402 :
3257 5356 3321 5402 ut
3370 5362 3497 5420 qua"
3527 5347 3654 5402 ubi-

1995 5445 2230 5501 cunque,
2278 5430 2359 5485 vel
2407 5433 2779 5505 cujuscunque
2827 5434 2974 5490 modi
3024 5435 3159 5503 loca,
3189 5436 3273 5491 vel
3318 5439 3656 5493 monasteria
