  <div class='ocr_page' id='page_1' title='image "/cluster/home/n/w/nwhite01/storage/ocr_20150623/142/coo.31924054870476/045.png"; bbox 0 0 4090 6436; ppageno 0'>
   <div class='ocr_carea' id='block_1_1' title="bbox 439 369 2088 442">
    <p class='ocr_par' dir='ltr' id='par_1_1' title="bbox 439 372 2088 442">
     <span class='ocr_line' id='line_1_1' title="bbox 439 372 2088 442; baseline -0.005 -2"><span class='ocrx_word' id='word_1_1' title='bbox 439 385 512 442; x_wconf 79' lang='grc'><strong>75</strong></span> <span class='ocrx_word' id='word_1_2' title='bbox 1467 375 1784 436; x_wconf 82' lang='lat' dir='ltr'><strong>GEORGII</strong></span> <span class='ocrx_word' id='word_1_3' title='bbox 1831 372 2088 434; x_wconf 81' lang='lat' dir='ltr'><strong>CYPRII</strong></span> 
     </span>
    </p>
   </div>
   <div class='ocr_carea' id='block_1_2' title="bbox 2210 369 3862 442">
    <p class='ocr_par' dir='ltr' id='par_1_2' title="bbox 2210 369 3862 432">
     <span class='ocr_line' id='line_1_2' title="bbox 2210 369 3862 432; baseline 0.001 -2"><span class='ocrx_word' id='word_1_4' title='bbox 2210 374 2258 430; x_wconf 60' lang='grc' dir='ltr'><strong>Ρ.</strong></span> <span class='ocrx_word' id='word_1_5' title='bbox 2308 369 2837 431; x_wconf 71' lang='grc' dir='ltr'><strong>ΡΑΤΒΙΛΒΟΗΑΞ</strong></span> <span class='ocrx_word' id='word_1_6' title='bbox 3781 373 3862 432; x_wconf 86' lang='lat'><strong>76</strong></span> 
     </span>
    </p>
   </div>
   <div class='ocr_carea' id='block_1_3' title="bbox 427 501 3863 587">
    <p class='ocr_par' dir='ltr' id='par_1_3' title="bbox 427 501 3863 587">
     <span class='ocr_line' id='line_1_3' title="bbox 427 501 3863 587; baseline -0.004 -16"><span class='ocrx_word' id='word_1_7' title='bbox 427 510 564 580; x_wconf 88' lang='lat' dir='ltr'><strong>jure</strong></span> <span class='ocrx_word' id='word_1_8' title='bbox 595 514 716 587; x_wconf 90' lang='lat' dir='ltr'><strong>agit</strong></span> <span class='ocrx_word' id='word_1_9' title='bbox 735 511 1134 568; x_wconf 79' lang='lat' dir='ltr'><strong>eruditissime</strong></span> <span class='ocrx_word' id='word_1_10' title='bbox 1162 509 1415 565; x_wconf 89' lang='lat' dir='ltr'><strong>Jaeobus</strong></span> <span class='ocrx_word' id='word_1_11' title='bbox 1443 507 1595 563; x_wconf 90' lang='lat' dir='ltr'><strong>Goar</strong></span> <span class='ocrx_word' id='word_1_12' title='bbox 1619 507 1678 561; x_wconf 92' lang='lat' dir='ltr'><strong>in</strong></span> <span class='ocrx_word' id='word_1_13' title='bbox 1707 506 2081 577; x_wconf 89' lang='lat' dir='ltr'><strong>Euchologio,</strong></span> <span class='ocrx_word' id='word_1_14' title='bbox 2119 507 2173 572; x_wconf 80' lang='grc' dir='ltr'><strong>Α</strong></span> <span class='ocrx_word' id='word_1_15' title='bbox 2279 503 2594 587; x_wconf 57' lang='grc' dir='ltr'><strong>(Σαγηαιιτζξζ</strong></span> <span class='ocrx_word' id='word_1_16' title='bbox 2652 501 2950 587; x_wconf 69' lang='lat' dir='ltr'><strong>Genuimus</strong></span> <span class='ocrx_word' id='word_1_17' title='bbox 2969 574 2983 587; x_wconf 46' lang='lat'><em>.</em></span> <span class='ocrx_word' id='word_1_18' title='bbox 3004 503 3601 587; x_wconf 75' lang='lat' dir='ltr'><strong>anathematismorum</strong></span> <span class='ocrx_word' id='word_1_19' title='bbox 3649 519 3863 587; x_wconf 76' lang='lat' dir='ltr'><strong>sensus,</strong></span> 
     </span>
    </p>
   </div>
   <div class='ocr_carea' id='block_1_4' title="bbox 439 596 2096 664">
    <p class='ocr_par' dir='ltr' id='par_1_4' title="bbox 439 596 2096 664">
     <span class='ocr_line' id='line_1_4' title="bbox 439 596 2096 664; baseline -0.006 -5"><span class='ocrx_word' id='word_1_20' title='bbox 439 604 540 660; x_wconf 92' lang='lat' dir='ltr'><strong>ubi</strong></span> <span class='ocrx_word' id='word_1_21' title='bbox 569 608 694 658; x_wconf 90' lang='lat' dir='ltr'><strong>tum</strong></span> <span class='ocrx_word' id='word_1_22' title='bbox 727 601 1043 657; x_wconf 90' lang='lat' dir='ltr'><strong>Martinum</strong></span> <span class='ocrx_word' id='word_1_23' title='bbox 1095 598 1389 664; x_wconf 90' lang='lat' dir='ltr'><strong>Crusium,</strong></span> <span class='ocrx_word' id='word_1_24' title='bbox 1424 596 1559 652; x_wconf 89' lang='lat' dir='ltr'><strong>licet</strong></span> <span class='ocrx_word' id='word_1_25' title='bbox 1612 596 2028 663; x_wconf 89' lang='lat' dir='ltr'><strong>Lutheranum,</strong></span> <span class='ocrx_word' id='word_1_26' title='bbox 2062 611 2096 649; x_wconf 91' lang='lat' dir='ltr'><strong>a</strong></span> 
     </span>
    </p>
   </div>
   <div class='ocr_carea' id='block_1_5' title="bbox 435 685 2094 757">
    <p class='ocr_par' dir='ltr' id='par_1_5' title="bbox 435 685 2094 757">
     <span class='ocr_line' id='line_1_5' title="bbox 435 685 2094 757; baseline -0.008 -7"><span class='ocrx_word' id='word_1_27' title='bbox 435 692 637 749; x_wconf 85' lang='lat' dir='ltr'><strong>Jacobi</strong></span> <span class='ocrx_word' id='word_1_28' title='bbox 667 690 918 746; x_wconf 87' lang='lat' dir='ltr'><strong>Gretseri</strong></span> <span class='ocrx_word' id='word_1_29' title='bbox 965 689 1168 744; x_wconf 88' lang='lat' dir='ltr'><strong>critica</strong></span> <span class='ocrx_word' id='word_1_30' title='bbox 1215 686 1538 757; x_wconf 84' lang='lat' dir='ltr'><strong>ulciscitur,</strong></span> <span class='ocrx_word' id='word_1_31' title='bbox 1573 690 1700 740; x_wconf 91' lang='lat' dir='ltr'><strong>tum</strong></span> <span class='ocrx_word' id='word_1_32' title='bbox 1751 685 1926 740; x_wconf 89' lang='lat' dir='ltr'><strong>etiam</strong></span> <span class='ocrx_word' id='word_1_33' title='bbox 1960 701 2094 756; x_wconf 89' lang='lat' dir='ltr'><strong>per-</strong></span> 
     </span>
    </p>
   </div>
   <div class='ocr_carea' id='block_1_6' title="bbox 441 771 2091 852">
    <p class='ocr_par' dir='ltr' id='par_1_6' title="bbox 441 771 2091 852">
     <span class='ocr_line' id='line_1_6' title="bbox 441 771 2091 852; baseline -0.007 -15"><span class='ocrx_word' id='word_1_34' title='bbox 441 780 679 852; x_wconf 86' lang='lat' dir='ltr'><strong>stringit</strong></span> <span class='ocrx_word' id='word_1_35' title='bbox 709 778 948 834; x_wconf 88' lang='lat' dir='ltr'><strong>Meursii</strong></span> <span class='ocrx_word' id='word_1_36' title='bbox 998 776 1392 832; x_wconf 88' lang='lat' dir='ltr'><strong>oscitantiam.</strong></span> <span class='ocrx_word' id='word_1_37' title='bbox 1428 777 1572 831; x_wconf 87' lang='lat' dir='ltr'><strong>Cum</strong></span> <span class='ocrx_word' id='word_1_38' title='bbox 1607 774 1816 830; x_wconf 90' lang='lat' dir='ltr'><strong>Goario</strong></span> <span class='ocrx_word' id='word_1_39' title='bbox 1848 771 2091 828; x_wconf 82' lang='lat' dir='ltr'><strong>Michael</strong></span> 
     </span>
    </p>
   </div>
   <div class='ocr_carea' id='block_1_7' title="bbox 439 862 2092 941">
    <p class='ocr_par' dir='ltr' id='par_1_7' title="bbox 439 862 2092 941">
     <span class='ocr_line' id='line_1_7' title="bbox 439 862 2092 941; baseline -0.007 -15"><span class='ocrx_word' id='word_1_40' title='bbox 439 869 770 941; x_wconf 88' lang='lat' dir='ltr'><strong>Lequienus</strong></span> <span class='ocrx_word' id='word_1_41' title='bbox 851 867 910 921; x_wconf 92' lang='lat' dir='ltr'><strong>in</strong></span> <span class='ocrx_word' id='word_1_42' title='bbox 982 865 1380 938; x_wconf 87' lang='lat' dir='ltr'><strong>patriarchatu</strong></span> <span class='ocrx_word' id='word_1_43' title='bbox 1451 862 2092 934; x_wconf 82' lang='lat' dir='ltr'><strong>Constantinopolitano</strong></span> 
     </span>
    </p>
   </div>
   <div class='ocr_carea' id='block_1_8' title="bbox 439 950 2094 1030">
    <p class='ocr_par' dir='ltr' id='par_1_8' title="bbox 439 950 2094 1030">
     <span class='ocr_line' id='line_1_8' title="bbox 439 950 2094 1030; baseline -0.007 -16"><span class='ocrx_word' id='word_1_44' title='bbox 439 959 626 1030; x_wconf 87' lang='lat' dir='ltr'><strong>capite</strong></span> <span class='ocrx_word' id='word_1_45' title='bbox 659 958 746 1028; x_wconf 82' lang='grc'><strong>16,</strong></span> <span class='ocrx_word' id='word_1_46' title='bbox 777 975 810 1011; x_wconf 89' lang='lat' dir='ltr'><strong>a</strong></span> <span class='ocrx_word' id='word_1_47' title='bbox 859 972 1025 1010; x_wconf 89' lang='lat' dir='ltr'><strong>num.</strong></span> <span class='ocrx_word' id='word_1_48' title='bbox 1083 956 1118 1006; x_wconf 88' lang='grc'><strong>7</strong></span> <span class='ocrx_word' id='word_1_49' title='bbox 1163 955 1376 1010; x_wconf 88' lang='lat' dir='ltr'><strong>docet:</strong></span> <span class='ocrx_word' id='word_1_50' title='bbox 1430 951 1792 1024; x_wconf 82' lang='lat' dir='ltr'><strong>patriarchas</strong></span> <span class='ocrx_word' id='word_1_51' title='bbox 1841 950 2094 1005; x_wconf 86' lang='lat' dir='ltr'><strong>Orientis</strong></span> 
     </span>
    </p>
   </div>
   <div class='ocr_carea' id='block_1_9' title="bbox 440 1039 2096 1116">
    <p class='ocr_par' dir='ltr' id='par_1_9' title="bbox 440 1039 2096 1116">
     <span class='ocr_line' id='line_1_9' title="bbox 440 1039 2096 1116; baseline -0.007 -13"><span class='ocrx_word' id='word_1_52' title='bbox 440 1063 668 1116; x_wconf 91' lang='lat' dir='ltr'><strong>omnes,</strong></span> <span class='ocrx_word' id='word_1_53' title='bbox 699 1058 1188 1116; x_wconf 88' lang='lat' dir='ltr'><strong>unumquemque</strong></span> <span class='ocrx_word' id='word_1_54' title='bbox 1220 1043 1279 1097; x_wconf 90' lang='lat' dir='ltr'><strong>in</strong></span> <span class='ocrx_word' id='word_1_55' title='bbox 1313 1058 1420 1096; x_wconf 87' lang='lat' dir='ltr'><strong>suo</strong></span> <span class='ocrx_word' id='word_1_56' title='bbox 1453 1039 1873 1112; x_wconf 85' lang='lat' dir='ltr'><strong>patriarchatu,</strong></span> <span class='ocrx_word' id='word_1_57' title='bbox 1905 1056 1972 1094; x_wconf 90' lang='lat' dir='ltr'><strong>ea</strong></span> <span class='ocrx_word' id='word_1_58' title='bbox 2001 1055 2096 1093; x_wconf 88' lang='lat' dir='ltr'><strong>au-</strong></span> 
     </span>
    </p>
   </div>
   <div class='ocr_carea' id='block_1_10' title="bbox 441 1127 2091 1205">
    <p class='ocr_par' dir='ltr' id='par_1_10' title="bbox 441 1127 2091 1205">
     <span class='ocr_line' id='line_1_10' title="bbox 441 1127 2091 1205; baseline -0.007 -14"><span class='ocrx_word' id='word_1_59' title='bbox 441 1135 708 1191; x_wconf 88' lang='lat' dir='ltr'><strong>ctoritate</strong></span> <span class='ocrx_word' id='word_1_60' title='bbox 741 1133 937 1205; x_wconf 88' lang='lat' dir='ltr'><strong>potiri,</strong></span> <span class='ocrx_word' id='word_1_61' title='bbox 969 1137 1034 1187; x_wconf 93' lang='lat' dir='ltr'><strong>ut</strong></span> <span class='ocrx_word' id='word_1_62' title='bbox 1061 1132 1444 1202; x_wconf 82' lang='lat' dir='ltr'><strong>staurOpegio,</strong></span> <span class='ocrx_word' id='word_1_63' title='bbox 1478 1129 1631 1200; x_wconf 92' lang='lat' dir='ltr'><strong>quod</strong></span> <span class='ocrx_word' id='word_1_64' title='bbox 1662 1133 1751 1183; x_wconf 88' lang='lat' dir='ltr'><strong>est</strong></span> <span class='ocrx_word' id='word_1_65' title='bbox 1778 1127 1966 1183; x_wconf 84' lang='lat' dir='ltr'><strong>crucis</strong></span> <span class='ocrx_word' id='word_1_66' title='bbox 1994 1127 2091 1181; x_wconf 87' lang='lat' dir='ltr'><strong>de-</strong></span> 
     </span>
    </p>
   </div>
   <div class='ocr_carea' id='block_1_11' title="bbox 437 1217 2090 1297">
    <p class='ocr_par' dir='ltr' id='par_1_11' title="bbox 437 1217 2090 1297">
     <span class='ocr_line' id='line_1_11' title="bbox 437 1217 2090 1297; baseline -0.007 -16"><span class='ocrx_word' id='word_1_67' title='bbox 437 1225 611 1297; x_wconf 70' lang='lat' dir='ltr'><strong>fixio,</strong></span> <span class='ocrx_word' id='word_1_68' title='bbox 640 1241 747 1280; x_wconf 90' lang='lat' dir='ltr'><strong>suo</strong></span> <span class='ocrx_word' id='word_1_69' title='bbox 799 1222 1032 1294; x_wconf 67' lang='lat' dir='ltr'><strong>praevio,</strong></span> <span class='ocrx_word' id='word_1_70' title='bbox 1063 1221 1392 1276; x_wconf 84' lang='lat' dir='ltr'><strong>condantur</strong></span> <span class='ocrx_word' id='word_1_71' title='bbox 1439 1217 1716 1282; x_wconf 68' lang='lat' dir='ltr'><strong>ecclesiae,</strong></span> <span class='ocrx_word' id='word_1_72' title='bbox 1747 1233 1812 1272; x_wconf 91' lang='lat' dir='ltr'><strong>ac</strong></span> <span class='ocrx_word' id='word_1_73' title='bbox 1852 1233 2090 1288; x_wconf 59' lang='lat' dir='ltr'><strong>praeser-</strong></span> 
     </span>
    </p>
   </div>
   <div class='ocr_carea' id='block_1_12' title="bbox 439 1303 2090 1381">
    <p class='ocr_par' dir='ltr' id='par_1_12' title="bbox 439 1303 2090 1381">
     <span class='ocr_line' id='line_1_12' title="bbox 439 1303 2090 1381; baseline -0.007 -12"><span class='ocrx_word' id='word_1_74' title='bbox 439 1314 547 1369; x_wconf 85' lang='lat' dir='ltr'><strong>tim</strong></span> <span class='ocrx_word' id='word_1_75' title='bbox 581 1310 974 1378; x_wconf 88' lang='lat' dir='ltr'><strong>monasteria;</strong></span> <span class='ocrx_word' id='word_1_76' title='bbox 1008 1326 1190 1381; x_wconf 91' lang='lat' dir='ltr'><strong>eaque</strong></span> <span class='ocrx_word' id='word_1_77' title='bbox 1228 1313 1535 1379; x_wconf 90' lang='lat' dir='ltr'><strong>propterea</strong></span> <span class='ocrx_word' id='word_1_78' title='bbox 1582 1322 1785 1361; x_wconf 89' lang='lat' dir='ltr'><strong>eorum</strong></span> <span class='ocrx_word' id='word_1_79' title='bbox 1818 1303 2090 1377; x_wconf 84' lang='lat' dir='ltr'><strong>regimini</strong></span> 
     </span>
    </p>
   </div>
   <div class='ocr_carea' id='block_1_13' title="bbox 441 1392 2089 1470">
    <p class='ocr_par' dir='ltr' id='par_1_13' title="bbox 441 1392 2089 1470">
     <span class='ocr_line' id='line_1_13' title="bbox 441 1392 2089 1470; baseline -0.008 -11"><span class='ocrx_word' id='word_1_80' title='bbox 441 1401 677 1460; x_wconf 88' lang='lat' dir='ltr'><strong>subsint</strong></span> <span class='ocrx_word' id='word_1_81' title='bbox 707 1399 968 1467; x_wconf 89' lang='lat' dir='ltr'><strong>omnino,</strong></span> <span class='ocrx_word' id='word_1_82' title='bbox 1000 1399 1070 1454; x_wconf 90' lang='lat' dir='ltr'><strong>ab</strong></span> <span class='ocrx_word' id='word_1_83' title='bbox 1105 1397 1359 1470; x_wconf 89' lang='lat' dir='ltr'><strong>episcopi</strong></span> <span class='ocrx_word' id='word_1_84' title='bbox 1399 1394 1678 1451; x_wconf 85' lang='lat' dir='ltr'><strong>ordinarii</strong></span> <span class='ocrx_word' id='word_1_85' title='bbox 1711 1398 1996 1468; x_wconf 84' lang='lat' dir='ltr'><strong>potestate</strong></span> <span class='ocrx_word' id='word_1_86' title='bbox 2023 1392 2089 1447; x_wconf 90' lang='lat' dir='ltr'><strong>li-</strong></span> 
     </span>
    </p>
   </div>
   <div class='ocr_carea' id='block_1_14' title="bbox 440 1484 2087 1560">
    <p class='ocr_par' dir='ltr' id='par_1_14' title="bbox 440 1484 2087 1560">
     <span class='ocr_line' id='line_1_14' title="bbox 440 1484 2087 1560; baseline -0.007 -13"><span class='ocrx_word' id='word_1_87' title='bbox 440 1493 600 1548; x_wconf 87' lang='lat' dir='ltr'><strong>bera.</strong></span> <span class='ocrx_word' id='word_1_88' title='bbox 626 1492 732 1547; x_wconf 91' lang='lat' dir='ltr'><strong>Jus</strong></span> <span class='ocrx_word' id='word_1_89' title='bbox 763 1489 920 1545; x_wconf 82' lang='lat' dir='ltr'><strong>istud</strong></span> <span class='ocrx_word' id='word_1_90' title='bbox 961 1486 1312 1560; x_wconf 88' lang='lat' dir='ltr'><strong>patriarchis</strong></span> <span class='ocrx_word' id='word_1_91' title='bbox 1344 1503 1376 1540; x_wconf 85' lang='lat' dir='ltr'><strong>a</strong></span> <span class='ocrx_word' id='word_1_92' title='bbox 1407 1484 1685 1540; x_wconf 92' lang='lat' dir='ltr'><strong>Michaele</strong></span> <span class='ocrx_word' id='word_1_93' title='bbox 1737 1485 2087 1549; x_wconf 89' lang='lat' dir='ltr'><strong>detractum,</strong></span> 
     </span>
    </p>
   </div>
   <div class='ocr_carea' id='block_1_15' title="bbox 437 1572 2089 1653">
    <p class='ocr_par' dir='ltr' id='par_1_15' title="bbox 437 1572 2089 1653">
     <span class='ocr_line' id='line_1_15' title="bbox 437 1572 2089 1653; baseline -0.007 -15"><span class='ocrx_word' id='word_1_94' title='bbox 437 1582 544 1638; x_wconf 89' lang='lat' dir='ltr'><strong>soli</strong></span> <span class='ocrx_word' id='word_1_95' title='bbox 574 1583 777 1653; x_wconf 89' lang='lat' dir='ltr'><strong>postea</strong></span> <span class='ocrx_word' id='word_1_96' title='bbox 792 1577 1410 1646; x_wconf 75' lang='lat' dir='ltr'><strong>Constantinopolitano</strong></span> <span class='ocrx_word' id='word_1_97' title='bbox 1440 1576 1700 1645; x_wconf 87' lang='lat' dir='ltr'><strong>episcopo</strong></span> <span class='ocrx_word' id='word_1_98' title='bbox 1723 1574 1781 1628; x_wconf 90' lang='lat' dir='ltr'><strong>in</strong></span> <span class='ocrx_word' id='word_1_99' title='bbox 1814 1572 2089 1628; x_wconf 90' lang='lat' dir='ltr'><strong>omnibus</strong></span> 
     </span>
    </p>
   </div>
   <div class='ocr_carea' id='block_1_16' title="bbox 439 1663 2088 1742">
    <p class='ocr_par' dir='ltr' id='par_1_16' title="bbox 439 1663 2088 1742">
     <span class='ocr_line' id='line_1_16' title="bbox 439 1663 2088 1742; baseline -0.006 -17"><span class='ocrx_word' id='word_1_100' title='bbox 439 1670 532 1726; x_wconf 91' lang='lat' dir='ltr'><strong>sui</strong></span> <span class='ocrx_word' id='word_1_101' title='bbox 562 1668 994 1742; x_wconf 88' lang='lat' dir='ltr'><strong>patriarchatus</strong></span> <span class='ocrx_word' id='word_1_102' title='bbox 1025 1665 1339 1738; x_wconf 88' lang='lat' dir='ltr'><strong>provinciis</strong></span> <span class='ocrx_word' id='word_1_103' title='bbox 1392 1665 1685 1720; x_wconf 90' lang='lat' dir='ltr'><strong>redditum</strong></span> <span class='ocrx_word' id='word_1_104' title='bbox 1719 1663 1900 1718; x_wconf 86' lang='lat' dir='ltr'><strong>fuisse</strong></span> <span class='ocrx_word' id='word_1_105' title='bbox 1930 1663 2088 1718; x_wconf 88' lang='lat' dir='ltr'><strong>evin-</strong></span> 
     </span>
    </p>
   </div>
   <div class='ocr_carea' id='block_1_17' title="bbox 439 1751 2087 1815">
    <p class='ocr_par' dir='ltr' id='par_1_17' title="bbox 439 1751 2087 1815">
     <span class='ocr_line' id='line_1_17' title="bbox 439 1751 2087 1815; baseline -0.006 0"><span class='ocrx_word' id='word_1_106' title='bbox 439 1763 581 1815; x_wconf 88' lang='lat' dir='ltr'><strong>ount</strong></span> <span class='ocrx_word' id='word_1_107' title='bbox 628 1757 733 1813; x_wconf 88' lang='lat' dir='ltr'><strong>viri</strong></span> <span class='ocrx_word' id='word_1_108' title='bbox 784 1757 937 1812; x_wconf 91' lang='lat' dir='ltr'><strong>docti</strong></span> <span class='ocrx_word' id='word_1_109' title='bbox 987 1772 1056 1810; x_wconf 83' lang='lat' dir='ltr'><strong>ex</strong></span> <span class='ocrx_word' id='word_1_110' title='bbox 1087 1755 1355 1811; x_wconf 75' lang='lat' dir='ltr'><strong>Matthsao</strong></span> <span class='ocrx_word' id='word_1_111' title='bbox 1406 1753 1666 1809; x_wconf 87' lang='lat' dir='ltr'><strong>Blastare</strong></span> <span class='ocrx_word' id='word_1_112' title='bbox 1713 1753 1783 1808; x_wconf 87' lang='lat' dir='ltr'><strong>ad</strong></span> <span class='ocrx_word' id='word_1_113' title='bbox 1833 1751 2087 1807; x_wconf 86' lang='lat' dir='ltr'><strong>litteram</strong></span> 
     </span>
    </p>
   </div>
   <div class='ocr_carea' id='block_1_18' title="bbox 438 1840 2163 1945">
    <p class='ocr_par' dir='ltr' id='par_1_18' title="bbox 438 1840 2163 1945">
     <span class='ocr_line' id='line_1_18' title="bbox 438 1840 2163 1945; baseline -0.005 -42"><span class='ocrx_word' id='word_1_114' title='bbox 438 1849 508 1916; x_wconf 90' lang='grc' dir='ltr'><strong>ΙΙ,</strong></span> <span class='ocrx_word' id='word_1_115' title='bbox 543 1864 668 1920; x_wconf 89' lang='lat' dir='ltr'><strong>cap.</strong></span> <span class='ocrx_word' id='word_1_116' title='bbox 701 1848 755 1914; x_wconf 89' lang='lat'><strong>3,</strong></span> <span class='ocrx_word' id='word_1_117' title='bbox 789 1844 890 1917; x_wconf 90' lang='lat' dir='ltr'><strong>qui</strong></span> <span class='ocrx_word' id='word_1_118' title='bbox 939 1861 1092 1900; x_wconf 90' lang='lat' dir='ltr'><strong>anno</strong></span> <span class='ocrx_word' id='word_1_119' title='bbox 1125 1845 1264 1899; x_wconf 85' lang='grc'><strong>1335</strong></span> <span class='ocrx_word' id='word_1_120' title='bbox 1293 1843 1472 1898; x_wconf 88' lang='lat' dir='ltr'><strong>vitam</strong></span> <span class='ocrx_word' id='word_1_121' title='bbox 1525 1842 1735 1914; x_wconf 86' lang='lat' dir='ltr'><strong>agebat</strong></span> <span class='ocrx_word' id='word_1_122' title='bbox 1766 1840 2085 1896; x_wconf 89' lang='lat' dir='ltr'><strong>scribebat-</strong></span> <span class='ocrx_word' id='word_1_123' title='bbox 2116 1880 2163 1945; x_wconf 79' lang='grc' dir='ltr'><strong>Β</strong></span> 
     </span>
    </p>
   </div>
   <div class='ocr_carea' id='block_1_19' title="bbox 439 1953 2092 2095">
    <p class='ocr_par' dir='ltr' id='par_1_19' title="bbox 439 1953 2092 2095">
     <span class='ocr_line' id='line_1_19' title="bbox 439 1953 2092 2095; baseline -0.004 -15"><span class='ocrx_word' id='word_1_124' title='bbox 439 1953 576 2080; x_wconf 49' lang='lat' dir='ltr'><strong>qus:</strong></span> <span class='ocrx_word' id='word_1_125' title='bbox 609 2022 1178 2095; x_wconf 87' lang='lat' dir='ltr'><strong>Constantinopolim</strong></span> <span class='ocrx_word' id='word_1_126' title='bbox 1210 2021 1413 2077; x_wconf 91' lang='lat' dir='ltr'><strong>eodem</strong></span> <span class='ocrx_word' id='word_1_127' title='bbox 1448 2037 1601 2075; x_wconf 89' lang='lat' dir='ltr'><strong>anno</strong></span> <span class='ocrx_word' id='word_1_128' title='bbox 1644 2019 1787 2074; x_wconf 79' lang='lat' dir='ltr'><strong>I279</strong></span> <span class='ocrx_word' id='word_1_129' title='bbox 1816 2034 2092 2090; x_wconf 87' lang='lat' dir='ltr'><strong>pervene-</strong></span> 
     </span>
    </p>
   </div>
   <div class='ocr_carea' id='block_1_20' title="bbox 440 2107 2092 2184">
    <p class='ocr_par' dir='ltr' id='par_1_20' title="bbox 440 2107 2092 2184">
     <span class='ocr_line' id='line_1_20' title="bbox 440 2107 2092 2184; baseline -0.006 -13"><span class='ocrx_word' id='word_1_130' title='bbox 440 2118 572 2172; x_wconf 86' lang='lat' dir='ltr'><strong>rant</strong></span> <span class='ocrx_word' id='word_1_131' title='bbox 619 2113 835 2180; x_wconf 85' lang='lat' dir='ltr'><strong>nuntii,</strong></span> <span class='ocrx_word' id='word_1_132' title='bbox 886 2129 1034 2184; x_wconf 91' lang='lat' dir='ltr'><strong>quos</strong></span> <span class='ocrx_word' id='word_1_133' title='bbox 1083 2127 1238 2166; x_wconf 92' lang='lat' dir='ltr'><strong>anno</strong></span> <span class='ocrx_word' id='word_1_134' title='bbox 1290 2110 1647 2182; x_wconf 70' lang='lat' dir='ltr'><strong>praecedente</strong></span> <span class='ocrx_word' id='word_1_135' title='bbox 1695 2107 1970 2163; x_wconf 91' lang='lat' dir='ltr'><strong>Nicolaus</strong></span> <span class='ocrx_word' id='word_1_136' title='bbox 2020 2107 2092 2162; x_wconf 90' lang='grc' dir='ltr'><strong>ΙΙΙ</strong></span> 
     </span>
    </p>
   </div>
   <div class='ocr_carea' id='block_1_21' title="bbox 438 2196 2092 2271">
    <p class='ocr_par' dir='ltr' id='par_1_21' title="bbox 438 2196 2092 2271">
     <span class='ocr_line' id='line_1_21' title="bbox 438 2196 2092 2271; baseline -0.005 -12"><span class='ocrx_word' id='word_1_137' title='bbox 438 2203 866 2259; x_wconf 86' lang='lat' dir='ltr'><strong>transmiserat.</strong></span> <span class='ocrx_word' id='word_1_138' title='bbox 910 2205 974 2255; x_wconf 91' lang='lat' dir='ltr'><strong>In</strong></span> <span class='ocrx_word' id='word_1_139' title='bbox 1024 2217 1111 2267; x_wconf 90' lang='lat' dir='ltr'><strong>ea,</strong></span> <span class='ocrx_word' id='word_1_140' title='bbox 1145 2215 1321 2271; x_wconf 90' lang='lat' dir='ltr'><strong>quam</strong></span> <span class='ocrx_word' id='word_1_141' title='bbox 1374 2216 1406 2254; x_wconf 91' lang='lat' dir='ltr'><strong>a</strong></span> <span class='ocrx_word' id='word_1_142' title='bbox 1455 2199 1554 2254; x_wconf 71' lang='lat'><strong>62</strong></span> <span class='ocrx_word' id='word_1_143' title='bbox 1588 2198 1724 2253; x_wconf 83' lang='lat' dir='ltr'><strong>sede</strong></span> <span class='ocrx_word' id='word_1_144' title='bbox 1774 2196 2092 2268; x_wconf 89' lang='lat' dir='ltr'><strong>apostolica</strong></span> 
     </span>
    </p>
   </div>
   <div class='ocr_carea' id='block_1_22' title="bbox 443 2286 2088 2365">
    <p class='ocr_par' dir='ltr' id='par_1_22' title="bbox 443 2286 2088 2365">
     <span class='ocr_line' id='line_1_22' title="bbox 443 2286 2088 2365; baseline -0.006 -17"><span class='ocrx_word' id='word_1_145' title='bbox 443 2294 785 2365; x_wconf 89' lang='lat' dir='ltr'><strong>acceperant</strong></span> <span class='ocrx_word' id='word_1_146' title='bbox 838 2289 1243 2357; x_wconf 88' lang='lat' dir='ltr'><strong>instructione,</strong></span> <span class='ocrx_word' id='word_1_147' title='bbox 1303 2287 1423 2342; x_wconf 73' lang='lat' dir='ltr'><strong>haec</strong></span> <span class='ocrx_word' id='word_1_148' title='bbox 1491 2286 1667 2342; x_wconf 88' lang='lat' dir='ltr'><strong>etiam</strong></span> <span class='ocrx_word' id='word_1_149' title='bbox 1727 2286 2017 2340; x_wconf 88' lang='lat' dir='ltr'><strong>habentur</strong></span> <span class='ocrx_word' id='word_1_150' title='bbox 2074 2300 2088 2338; x_wconf 89' lang='lat'>:</span> 
     </span>
    </p>
   </div>
   <div class='ocr_carea' id='block_1_23' title="bbox 442 2375 2089 2453">
    <p class='ocr_par' dir='ltr' id='par_1_23' title="bbox 442 2375 2089 2453">
     <span class='ocr_line' id='line_1_23' title="bbox 442 2375 2089 2453; baseline -0.005 -16"><span class='ocrx_word' id='word_1_151' title='bbox 442 2403 472 2431; x_wconf 86' lang='lat'>«</span> <span class='ocrx_word' id='word_1_152' title='bbox 521 2382 709 2453; x_wconf 89' lang='lat' dir='ltr'><strong>Super</strong></span> <span class='ocrx_word' id='word_1_153' title='bbox 765 2396 851 2448; x_wconf 92' lang='lat' dir='ltr'><strong>eo,</strong></span> <span class='ocrx_word' id='word_1_154' title='bbox 905 2379 1061 2450; x_wconf 91' lang='lat' dir='ltr'><strong>quod</strong></span> <span class='ocrx_word' id='word_1_155' title='bbox 1111 2378 1303 2433; x_wconf 89' lang='lat' dir='ltr'><strong>dictus</strong></span> <span class='ocrx_word' id='word_1_156' title='bbox 1359 2377 1678 2449; x_wconf 88' lang='lat' dir='ltr'><strong>imperator</strong></span> <span class='ocrx_word' id='word_1_157' title='bbox 1725 2376 1784 2430; x_wconf 91' lang='lat' dir='ltr'><strong>in</strong></span> <span class='ocrx_word' id='word_1_158' title='bbox 1835 2375 2089 2446; x_wconf 59' lang='lat' dir='ltr'><strong>praefatis</strong></span> 
     </span>
    </p>
   </div>
   <div class='ocr_carea' id='block_1_24' title="bbox 439 2464 2090 2540">
    <p class='ocr_par' dir='ltr' id='par_1_24' title="bbox 439 2464 2090 2540">
     <span class='ocr_line' id='line_1_24' title="bbox 439 2464 2090 2540; baseline -0.005 -15"><span class='ocrx_word' id='word_1_159' title='bbox 439 2471 564 2526; x_wconf 89' lang='lat' dir='ltr'><strong>suis</strong></span> <span class='ocrx_word' id='word_1_160' title='bbox 597 2468 807 2525; x_wconf 87' lang='lat' dir='ltr'><strong>litteris</strong></span> <span class='ocrx_word' id='word_1_161' title='bbox 835 2468 1000 2540; x_wconf 90' lang='lat' dir='ltr'><strong>petit,</strong></span> <span class='ocrx_word' id='word_1_162' title='bbox 1034 2470 1098 2520; x_wconf 88' lang='lat' dir='ltr'><strong>ut</strong></span> <span class='ocrx_word' id='word_1_163' title='bbox 1129 2467 1380 2523; x_wconf 81' lang='lat' dir='ltr'><strong>Ecclesia</strong></span> <span class='ocrx_word' id='word_1_164' title='bbox 1411 2465 1718 2521; x_wconf 63' lang='lat' dir='ltr'><strong>Graecorum</strong></span> <span class='ocrx_word' id='word_1_165' title='bbox 1769 2464 1929 2518; x_wconf 86' lang='lat' dir='ltr'><strong>dicat</strong></span> <span class='ocrx_word' id='word_1_166' title='bbox 1956 2480 2090 2517; x_wconf 86' lang='lat' dir='ltr'><strong>san-</strong></span> 
     </span>
    </p>
   </div>
   <div class='ocr_carea' id='block_1_25' title="bbox 435 2553 2088 2630">
    <p class='ocr_par' dir='ltr' id='par_1_25' title="bbox 435 2553 2088 2630">
     <span class='ocr_line' id='line_1_25' title="bbox 435 2553 2088 2630; baseline -0.004 -15"><span class='ocrx_word' id='word_1_167' title='bbox 435 2569 587 2615; x_wconf 90' lang='lat' dir='ltr'><strong>ctum</strong></span> <span class='ocrx_word' id='word_1_168' title='bbox 635 2559 983 2630; x_wconf 84' lang='lat' dir='ltr'><strong>Symbolum,</strong></span> <span class='ocrx_word' id='word_1_169' title='bbox 1034 2557 1183 2611; x_wconf 80' lang='lat' dir='ltr'><strong>sicut</strong></span> <span class='ocrx_word' id='word_1_170' title='bbox 1231 2557 1461 2611; x_wconf 80' lang='lat' dir='ltr'><strong>dicebat</strong></span> <span class='ocrx_word' id='word_1_171' title='bbox 1512 2559 1611 2610; x_wconf 84' lang='lat' dir='ltr'><strong>hoc</strong></span> <span class='ocrx_word' id='word_1_172' title='bbox 1638 2559 1767 2608; x_wconf 83' lang='lat' dir='ltr'><strong>ante</strong></span> <span class='ocrx_word' id='word_1_173' title='bbox 1815 2553 2088 2618; x_wconf 78' lang='lat' dir='ltr'><strong>schisma,</strong></span> 
     </span>
    </p>
   </div>
   <div class='ocr_carea' id='block_1_26' title="bbox 433 2641 2092 2721">
    <p class='ocr_par' dir='ltr' id='par_1_26' title="bbox 433 2641 2092 2721">
     <span class='ocr_line' id='line_1_26' title="bbox 433 2641 2092 2721; baseline -0.005 -17"><span class='ocrx_word' id='word_1_174' title='bbox 433 2647 910 2721; x_wconf 90' lang='lat' dir='ltr'><strong>respondendum</strong></span> <span class='ocrx_word' id='word_1_175' title='bbox 960 2649 1068 2713; x_wconf 90' lang='lat' dir='ltr'><strong>est,</strong></span> <span class='ocrx_word' id='word_1_176' title='bbox 1104 2645 1257 2716; x_wconf 92' lang='lat' dir='ltr'><strong>quod</strong></span> <span class='ocrx_word' id='word_1_177' title='bbox 1307 2645 1503 2700; x_wconf 90' lang='lat' dir='ltr'><strong>unitas</strong></span> <span class='ocrx_word' id='word_1_178' title='bbox 1536 2643 1670 2699; x_wconf 83' lang='lat' dir='ltr'><strong>ﬁdei</strong></span> <span class='ocrx_word' id='word_1_179' title='bbox 1722 2659 1837 2697; x_wconf 90' lang='lat' dir='ltr'><strong>non</strong></span> <span class='ocrx_word' id='word_1_180' title='bbox 1871 2641 2092 2713; x_wconf 90' lang='lat' dir='ltr'><strong>patitur</strong></span> 
     </span>
    </p>
   </div>
   <div class='ocr_carea' id='block_1_27' title="bbox 432 2731 2089 2806">
    <p class='ocr_par' dir='ltr' id='par_1_27' title="bbox 432 2731 2089 2806">
     <span class='ocr_line' id='line_1_27' title="bbox 432 2731 2089 2806; baseline -0.004 -13"><span class='ocrx_word' id='word_1_181' title='bbox 432 2737 830 2794; x_wconf 87' lang='lat' dir='ltr'><strong>diversitatem</strong></span> <span class='ocrx_word' id='word_1_182' title='bbox 864 2735 924 2789; x_wconf 90' lang='lat' dir='ltr'><strong>in</strong></span> <span class='ocrx_word' id='word_1_183' title='bbox 957 2732 1422 2806; x_wconf 86' lang='lat' dir='ltr'><strong>professionibus</strong></span> <span class='ocrx_word' id='word_1_184' title='bbox 1453 2733 1578 2788; x_wconf 89' lang='lat' dir='ltr'><strong>suis</strong></span> <span class='ocrx_word' id='word_1_185' title='bbox 1613 2775 1626 2787; x_wconf 96' lang='lat'><strong>.</strong></span> <span class='ocrx_word' id='word_1_186' title='bbox 1655 2774 1666 2786; x_wconf 96' lang='lat'><strong>.</strong></span> <span class='ocrx_word' id='word_1_187' title='bbox 1695 2770 1710 2788; x_wconf 93' lang='lat'><strong>.</strong></span> <span class='ocrx_word' id='word_1_188' title='bbox 1747 2737 1806 2786; x_wconf 90' lang='lat' dir='ltr'><strong>et</strong></span> <span class='ocrx_word' id='word_1_189' title='bbox 1837 2731 2089 2786; x_wconf 85' lang='lat' dir='ltr'><strong>maxime</strong></span> 
     </span>
    </p>
   </div>
   <div class='ocr_carea' id='block_1_28' title="bbox 431 2821 2088 2895">
    <p class='ocr_par' dir='ltr' id='par_1_28' title="bbox 431 2821 2088 2895">
     <span class='ocr_line' id='line_1_28' title="bbox 431 2821 2088 2895; baseline -0.004 -14"><span class='ocrx_word' id='word_1_190' title='bbox 431 2826 490 2882; x_wconf 89' lang='lat' dir='ltr'><strong>in</strong></span> <span class='ocrx_word' id='word_1_191' title='bbox 523 2827 911 2883; x_wconf 86' lang='lat' dir='ltr'><strong>decantatione</strong></span> <span class='ocrx_word' id='word_1_192' title='bbox 940 2822 1200 2895; x_wconf 83' lang='lat' dir='ltr'><strong>Symboli</strong></span> <span class='ocrx_word' id='word_1_193' title='bbox 1233 2864 1246 2876; x_wconf 93' lang='lat'><strong>.</strong></span> <span class='ocrx_word' id='word_1_194' title='bbox 1266 2864 1278 2876; x_wconf 95' lang='lat'><strong>.</strong></span> <span class='ocrx_word' id='word_1_195' title='bbox 1308 2863 1320 2876; x_wconf 95' lang='lat'><strong>.</strong></span> <span class='ocrx_word' id='word_1_196' title='bbox 1353 2823 1424 2876; x_wconf 89' lang='lat' dir='ltr'><strong>Et</strong></span> <span class='ocrx_word' id='word_1_197' title='bbox 1455 2822 1582 2877; x_wconf 91' lang='lat' dir='ltr'><strong>ideo</strong></span> <span class='ocrx_word' id='word_1_198' title='bbox 1623 2821 1964 2876; x_wconf 89' lang='lat' dir='ltr'><strong>deliberavit</strong></span> <span class='ocrx_word' id='word_1_199' title='bbox 1994 2836 2088 2875; x_wconf 89' lang='lat' dir='ltr'><strong>ea-</strong></span> 
     </span>
    </p>
   </div>
   <div class='ocr_carea' id='block_1_29' title="bbox 432 2910 2087 2981">
    <p class='ocr_par' dir='ltr' id='par_1_29' title="bbox 432 2910 2087 2981">
     <span class='ocr_line' id='line_1_29' title="bbox 432 2910 2087 2981; baseline -0.005 -10"><span class='ocrx_word' id='word_1_200' title='bbox 432 2916 566 2971; x_wconf 90' lang='lat' dir='ltr'><strong>dem</strong></span> <span class='ocrx_word' id='word_1_201' title='bbox 610 2916 877 2970; x_wconf 82' lang='lat' dir='ltr'><strong>Romana</strong></span> <span class='ocrx_word' id='word_1_202' title='bbox 923 2911 1197 2978; x_wconf 87' lang='lat' dir='ltr'><strong>Ecclesia,</strong></span> <span class='ocrx_word' id='word_1_203' title='bbox 1231 2915 1289 2966; x_wconf 90' lang='lat' dir='ltr'><strong>et</strong></span> <span class='ocrx_word' id='word_1_204' title='bbox 1318 2910 1460 2981; x_wconf 87' lang='lat' dir='ltr'><strong>vult,</strong></span> <span class='ocrx_word' id='word_1_205' title='bbox 1492 2911 1687 2981; x_wconf 91' lang='lat' dir='ltr'><strong>ipsum</strong></span> <span class='ocrx_word' id='word_1_206' title='bbox 1729 2927 1862 2965; x_wconf 91' lang='lat' dir='ltr'><strong>cum</strong></span> <span class='ocrx_word' id='word_1_207' title='bbox 1896 2910 2087 2981; x_wconf 88' lang='lat' dir='ltr'><strong>adjec-</strong></span> 
     </span>
    </p>
   </div>
   <div class='ocr_carea' id='block_1_30' title="bbox 432 2999 2087 3074">
    <p class='ocr_par' dir='ltr' id='par_1_30' title="bbox 432 2999 2087 3074">
     <span class='ocr_line' id='line_1_30' title="bbox 432 2999 2087 3074; baseline -0.002 -15"><span class='ocrx_word' id='word_1_208' title='bbox 432 3004 592 3060; x_wconf 90' lang='lat' dir='ltr'><strong>tione</strong></span> <span class='ocrx_word' id='word_1_209' title='bbox 622 3002 742 3071; x_wconf 88' lang='lat' dir='ltr'><strong>illa,</strong></span> <span class='ocrx_word' id='word_1_210' title='bbox 773 3003 1054 3074; x_wconf 82' lang='lat' dir='ltr'><strong>Filioque,</strong></span> <span class='ocrx_word' id='word_1_211' title='bbox 1077 3005 1198 3056; x_wconf 88' lang='lat' dir='ltr'><strong>tam</strong></span> <span class='ocrx_word' id='word_1_212' title='bbox 1229 3017 1262 3054; x_wconf 91' lang='lat' dir='ltr'><strong>a</strong></span> <span class='ocrx_word' id='word_1_213' title='bbox 1299 2999 1544 3066; x_wconf 85' lang='lat' dir='ltr'><strong>Latinis,</strong></span> <span class='ocrx_word' id='word_1_214' title='bbox 1578 3016 1754 3070; x_wconf 82' lang='lat' dir='ltr'><strong>quam</strong></span> <span class='ocrx_word' id='word_1_215' title='bbox 1805 3017 1837 3054; x_wconf 91' lang='lat' dir='ltr'><strong>a</strong></span> <span class='ocrx_word' id='word_1_216' title='bbox 1868 2999 2087 3055; x_wconf 84' lang='lat' dir='ltr'><strong>Graecis</strong></span> 
     </span>
    </p>
   </div>
   <div class='ocr_carea' id='block_1_31' title="bbox 436 3089 1212 3147">
    <p class='ocr_par' dir='ltr' id='par_1_31' title="bbox 436 3089 1212 3147">
     <span class='ocr_line' id='line_1_31' title="bbox 436 3089 1212 3147; baseline -0.006 0"><span class='ocrx_word' id='word_1_217' title='bbox 436 3092 807 3147; x_wconf 84' lang='lat' dir='ltr'><strong>uniformiter</strong></span> <span class='ocrx_word' id='word_1_218' title='bbox 837 3089 1156 3144; x_wconf 90' lang='lat' dir='ltr'><strong>decantari.</strong></span> <span class='ocrx_word' id='word_1_219' title='bbox 1193 3112 1212 3136; x_wconf 74' lang='grc' dir='ltr'><strong><em>η</em></strong></span> 
     </span>
    </p>
   </div>
   <div class='ocr_carea' id='block_1_32' title="bbox 508 3175 2089 3249">
    <p class='ocr_par' dir='ltr' id='par_1_32' title="bbox 508 3175 2089 3249">
     <span class='ocr_line' id='line_1_32' title="bbox 508 3175 2089 3249; baseline -0.001 -14"><span class='ocrx_word' id='word_1_220' title='bbox 508 3181 747 3235; x_wconf 89' lang='lat' dir='ltr'><strong>Munere</strong></span> <span class='ocrx_word' id='word_1_221' title='bbox 777 3194 883 3234; x_wconf 92' lang='lat' dir='ltr'><strong>suo</strong></span> <span class='ocrx_word' id='word_1_222' title='bbox 917 3179 1224 3249; x_wconf 89' lang='lat' dir='ltr'><strong>fungentes</strong></span> <span class='ocrx_word' id='word_1_223' title='bbox 1255 3175 1451 3248; x_wconf 86' lang='lat' dir='ltr'><strong>legati,</strong></span> <span class='ocrx_word' id='word_1_224' title='bbox 1477 3177 1629 3232; x_wconf 89' lang='lat' dir='ltr'><strong>serio</strong></span> <span class='ocrx_word' id='word_1_225' title='bbox 1662 3177 1998 3249; x_wconf 88' lang='lat' dir='ltr'><strong>imperatori</strong></span> <span class='ocrx_word' id='word_1_226' title='bbox 2031 3182 2089 3234; x_wconf 88' lang='lat' dir='ltr'><strong>et</strong></span> 
     </span>
    </p>
   </div>
   <div class='ocr_carea' id='block_1_33' title="bbox 2275 574 3866 646">
    <p class='ocr_par' dir='ltr' id='par_1_33' title="bbox 2275 574 3866 646">
     <span class='ocr_line' id='line_1_33' title="bbox 2275 574 3866 646; baseline 0.001 -17"><span class='ocrx_word' id='word_1_227' title='bbox 2275 592 2406 646; x_wconf 87' lang='lat' dir='ltr'><strong>quos</strong></span> <span class='ocrx_word' id='word_1_228' title='bbox 2433 574 2653 646; x_wconf 84' lang='lat' dir='ltr'><strong>publice</strong></span> <span class='ocrx_word' id='word_1_229' title='bbox 2681 591 2740 627; x_wconf 70' lang='grc' dir='ltr'><strong>τη</strong></span> <span class='ocrx_word' id='word_1_230' title='bbox 2772 574 3031 646; x_wconf 15' lang='lat' dir='ltr'><strong>Ecclesia,</strong></span> <span class='ocrx_word' id='word_1_231' title='bbox 3064 574 3313 641; x_wconf 87' lang='lat' dir='ltr'><strong>legendos</strong></span> <span class='ocrx_word' id='word_1_232' title='bbox 3357 576 3710 630; x_wconf 72' lang='lat' dir='ltr'><strong>instruxerat</strong></span> <span class='ocrx_word' id='word_1_233' title='bbox 3740 578 3866 645; x_wconf 87' lang='lat' dir='ltr'><strong>ipse</strong></span> 
     </span>
    </p>
   </div>
   <div class='ocr_carea' id='block_1_34' title="bbox 2277 645 3862 716">
    <p class='ocr_par' dir='ltr' id='par_1_34' title="bbox 2277 645 3862 716">
     <span class='ocr_line' id='line_1_34' title="bbox 2277 645 3862 716; baseline 0 -15"><span class='ocrx_word' id='word_1_234' title='bbox 2277 645 2498 701; x_wconf 86' lang='lat' dir='ltr'><strong>Beccus.</strong></span> <span class='ocrx_word' id='word_1_235' title='bbox 2555 645 2776 700; x_wconf 84' lang='lat' dir='ltr'><strong>Mortem</strong></span> <span class='ocrx_word' id='word_1_236' title='bbox 2821 645 2936 700; x_wconf 89' lang='lat' dir='ltr'><strong>obit</strong></span> <span class='ocrx_word' id='word_1_237' title='bbox 2982 645 3218 700; x_wconf 78' lang='lat' dir='ltr'><strong>Michael</strong></span> <span class='ocrx_word' id='word_1_238' title='bbox 3261 647 3565 716; x_wconf 74' lang='lat' dir='ltr'><strong>imperator</strong></span> <span class='ocrx_word' id='word_1_239' title='bbox 3597 664 3615 700; x_wconf 91' lang='lat'><strong><em>:</em></strong></span> <span class='ocrx_word' id='word_1_240' title='bbox 3645 646 3744 701; x_wconf 89' lang='lat' dir='ltr'><strong>ubi</strong></span> <span class='ocrx_word' id='word_1_241' title='bbox 3793 647 3862 702; x_wconf 83' lang='lat' dir='ltr'><strong>de</strong></span> 
     </span>
    </p>
   </div>
   <div class='ocr_carea' id='block_1_35' title="bbox 2273 717 3864 790">
    <p class='ocr_par' dir='ltr' id='par_1_35' title="bbox 2273 717 3864 790">
     <span class='ocr_line' id='line_1_35' title="bbox 2273 717 3864 790; baseline 0.001 -18"><span class='ocrx_word' id='word_1_242' title='bbox 2273 734 2415 772; x_wconf 88' lang='lat' dir='ltr'><strong>anno</strong></span> <span class='ocrx_word' id='word_1_243' title='bbox 2468 719 2757 772; x_wconf 78' lang='lat' dir='ltr'><strong>emortuali</strong></span> <span class='ocrx_word' id='word_1_244' title='bbox 2803 719 3012 788; x_wconf 89' lang='lat' dir='ltr'><strong>agitur.</strong></span> <span class='ocrx_word' id='word_1_245' title='bbox 3061 717 3316 772; x_wconf 79' lang='lat' dir='ltr'><strong>Succedit</strong></span> <span class='ocrx_word' id='word_1_246' title='bbox 3361 718 3724 784; x_wconf 74' lang='lat' dir='ltr'><strong>Andronicus,</strong></span> <span class='ocrx_word' id='word_1_247' title='bbox 3764 719 3864 790; x_wconf 88' lang='lat' dir='ltr'><strong>qui</strong></span> 
     </span>
    </p>
   </div>
   <div class='ocr_carea' id='block_1_36' title="bbox 2274 790 3862 861">
    <p class='ocr_par' dir='ltr' id='par_1_36' title="bbox 2274 790 3862 861">
     <span class='ocr_line' id='line_1_36' title="bbox 2274 790 3862 861; baseline 0.001 -17"><span class='ocrx_word' id='word_1_248' title='bbox 2274 794 2537 845; x_wconf 81' lang='lat' dir='ltr'><strong>statutam</strong></span> <span class='ocrx_word' id='word_1_249' title='bbox 2588 791 2965 861; x_wconf 82' lang='lat' dir='ltr'><strong>Eccleszarum</strong></span> <span class='ocrx_word' id='word_1_250' title='bbox 3013 805 3204 859; x_wconf 88' lang='lat' dir='ltr'><strong>pacem</strong></span> <span class='ocrx_word' id='word_1_251' title='bbox 3256 791 3517 861; x_wconf 87' lang='lat' dir='ltr'><strong>rumpit:</strong></span> <span class='ocrx_word' id='word_1_252' title='bbox 3549 790 3862 861; x_wconf 83' lang='lat' dir='ltr'><strong>iterumque</strong></span> 
     </span>
    </p>
   </div>
   <div class='ocr_carea' id='block_1_37' title="bbox 2270 859 3240 916">
    <p class='ocr_par' dir='ltr' id='par_1_37' title="bbox 2270 859 3240 916">
     <span class='ocr_line' id='line_1_37' title="bbox 2270 859 3240 916; baseline -0.002 0"><span class='ocrx_word' id='word_1_253' title='bbox 2270 861 2470 916; x_wconf 85' lang='lat' dir='ltr'><strong>secedit</strong></span> <span class='ocrx_word' id='word_1_254' title='bbox 2499 862 2699 916; x_wconf 86' lang='lat' dir='ltr'><strong>Beccus</strong></span> <span class='ocrx_word' id='word_1_255' title='bbox 2727 859 2788 914; x_wconf 88' lang='lat' dir='ltr'><strong>in</strong></span> <span class='ocrx_word' id='word_1_256' title='bbox 2816 863 3240 915; x_wconf 81' lang='lat' dir='ltr'><strong>monasterium.</strong></span> 
     </span>
    </p>
   </div>
   <div class='ocr_carea' id='block_1_38' title="bbox 2275 949 3860 1024">
    <p class='ocr_par' dir='ltr' id='par_1_38' title="bbox 2275 949 3860 1024">
     <span class='ocr_line' id='line_1_38' title="bbox 2275 949 3860 1024; baseline 0.001 -20"><span class='ocrx_word' id='word_1_257' title='bbox 2275 951 2316 1004; x_wconf 93' lang='grc' dir='ltr'><strong>Ι.</strong></span> <span class='ocrx_word' id='word_1_258' title='bbox 2359 973 2378 998; x_wconf 76' lang='grc' dir='ltr'>ι</span> <span class='ocrx_word' id='word_1_259' title='bbox 2421 950 2657 1004; x_wconf 90' lang='lat' dir='ltr'><strong>Duobus</strong></span> <span class='ocrx_word' id='word_1_260' title='bbox 2710 949 3013 1004; x_wconf 88' lang='lat' dir='ltr'><strong>mensibus</strong></span> <span class='ocrx_word' id='word_1_261' title='bbox 3045 949 3242 1020; x_wconf 90' lang='lat' dir='ltr'><strong>(verba</strong></span> <span class='ocrx_word' id='word_1_262' title='bbox 3289 953 3430 1005; x_wconf 87' lang='lat' dir='ltr'><strong>sunt</strong></span> <span class='ocrx_word' id='word_1_263' title='bbox 3462 949 3860 1024; x_wconf 86' lang='lat' dir='ltr'><strong>Pachymeris,</strong></span> 
     </span>
    </p>
   </div>
   <div class='ocr_carea' id='block_1_39' title="bbox 2201 1038 3862 1110">
    <p class='ocr_par' dir='ltr' id='par_1_39' title="bbox 2201 1038 3862 1110">
     <span class='ocr_line' id='line_1_39' title="bbox 2201 1038 3862 1110; baseline 0 -16"><span class='ocrx_word' id='word_1_264' title='bbox 2201 1039 2392 1110; x_wconf 89' lang='lat' dir='ltr'><strong>capite</strong></span> <span class='ocrx_word' id='word_1_265' title='bbox 2426 1040 2512 1110; x_wconf 89' lang='grc'><strong>13)</strong></span> <span class='ocrx_word' id='word_1_266' title='bbox 2545 1038 2764 1110; x_wconf 89' lang='lat' dir='ltr'><strong>agitata</strong></span> <span class='ocrx_word' id='word_1_267' title='bbox 2793 1038 3141 1110; x_wconf 72' lang='lat' dir='ltr'><strong>patriarchae</strong></span> <span class='ocrx_word' id='word_1_268' title='bbox 3169 1040 3449 1094; x_wconf 80' lang='lat' dir='ltr'><strong>accusatio</strong></span> <span class='ocrx_word' id='word_1_269' title='bbox 3482 1039 3671 1094; x_wconf 81' lang='lat' dir='ltr'><strong>fuerat</strong></span> <span class='ocrx_word' id='word_1_270' title='bbox 3705 1056 3717 1093; x_wconf 93' lang='lat'><strong>:</strong></span> <span class='ocrx_word' id='word_1_271' title='bbox 3752 1055 3862 1094; x_wconf 91' lang='lat' dir='ltr'><strong>nec</strong></span> 
     </span>
    </p>
   </div>
   <div class='ocr_carea' id='block_1_40' title="bbox 2202 1127 3862 1199">
    <p class='ocr_par' dir='ltr' id='par_1_40' title="bbox 2202 1127 3862 1199">
     <span class='ocr_line' id='line_1_40' title="bbox 2202 1127 3862 1199; baseline 0.001 -17"><span class='ocrx_word' id='word_1_272' title='bbox 2202 1129 2526 1199; x_wconf 88' lang='lat' dir='ltr'><strong>quidquam</strong></span> <span class='ocrx_word' id='word_1_273' title='bbox 2561 1127 3041 1198; x_wconf 83' lang='lat' dir='ltr'><strong>proﬁciebatur...</strong></span> <span class='ocrx_word' id='word_1_274' title='bbox 3089 1127 3263 1183; x_wconf 77' lang='lat' dir='ltr'><strong>Mense</strong></span> <span class='ocrx_word' id='word_1_275' title='bbox 3292 1128 3518 1196; x_wconf 83' lang='lat' dir='ltr'><strong>Martio,</strong></span> <span class='ocrx_word' id='word_1_276' title='bbox 3549 1130 3708 1185; x_wconf 83' lang='lat' dir='ltr'><strong>circa</strong></span> <span class='ocrx_word' id='word_1_277' title='bbox 3735 1146 3862 1184; x_wconf 87' lang='lat' dir='ltr'><strong>me-</strong></span> 
     </span>
    </p>
   </div>
   <div class='ocr_carea' id='block_1_41' title="bbox 2201 1215 3865 1290">
    <p class='ocr_par' dir='ltr' id='par_1_41' title="bbox 2201 1215 3865 1290">
     <span class='ocr_line' id='line_1_41' title="bbox 2201 1215 3865 1290; baseline -0.001 -18"><span class='ocrx_word' id='word_1_278' title='bbox 2201 1219 2363 1272; x_wconf 84' lang='lat' dir='ltr'><strong>dium</strong></span> <span class='ocrx_word' id='word_1_279' title='bbox 2397 1217 2859 1286; x_wconf 86' lang='lat' dir='ltr'><strong>Quadragenarii</strong></span> <span class='ocrx_word' id='word_1_280' title='bbox 2887 1218 3111 1290; x_wconf 76' lang='lat' dir='ltr'><strong>iejumi,</strong></span> <span class='ocrx_word' id='word_1_281' title='bbox 3159 1215 3332 1288; x_wconf 84' lang='grc' dir='ltr'>μηνὸς</span> <span class='ocrx_word' id='word_1_282' title='bbox 3383 1215 3633 1290; x_wconf 74' lang='grc' dir='ltr'><strong>Κρονίου,</strong></span> <span class='ocrx_word' id='word_1_283' title='bbox 3669 1215 3865 1288; x_wconf 77' lang='grc' dir='ltr'><strong>μεσού-</strong></span> 
     </span>
    </p>
   </div>
   <div class='ocr_carea' id='block_1_42' title="bbox 2201 1304 3862 1379">
    <p class='ocr_par' dir='ltr' id='par_1_42' title="bbox 2201 1304 3862 1379">
     <span class='ocr_line' id='line_1_42' title="bbox 2201 1304 3862 1379; baseline 0.003 -21"><span class='ocrx_word' id='word_1_284' title='bbox 2201 1304 2608 1376; x_wconf 57' lang='grc' dir='ltr'><strong>σηςςνηστείας,</strong></span> <span class='ocrx_word' id='word_1_285' title='bbox 2641 1322 2735 1361; x_wconf 88' lang='lat' dir='ltr'><strong>me</strong></span> <span class='ocrx_word' id='word_1_286' title='bbox 2783 1306 2963 1376; x_wconf 87' lang='lat' dir='ltr'><strong>hujus</strong></span> <span class='ocrx_word' id='word_1_287' title='bbox 3019 1306 3283 1361; x_wconf 74' lang='lat' dir='ltr'><strong>Historias</strong></span> <span class='ocrx_word' id='word_1_288' title='bbox 3335 1307 3679 1378; x_wconf 83' lang='lat' dir='ltr'><strong>scriptorem</strong></span> <span class='ocrx_word' id='word_1_289' title='bbox 3730 1308 3862 1379; x_wconf 88' lang='lat' dir='ltr'><strong>(Pa-</strong></span> 
     </span>
    </p>
   </div>
   <div class='ocr_carea' id='block_1_43' title="bbox 2200 1393 3860 1468">
    <p class='ocr_par' dir='ltr' id='par_1_43' title="bbox 2200 1393 3860 1468">
     <span class='ocr_line' id='line_1_43' title="bbox 2200 1393 3860 1468; baseline 0.001 -18"><span class='ocrx_word' id='word_1_290' title='bbox 2200 1395 2765 1468; x_wconf 85' lang='lat' dir='ltr'><strong>chymerem)jussit</strong></span> <span class='ocrx_word' id='word_1_291' title='bbox 2818 1393 3085 1451; x_wconf 85' lang='lat' dir='ltr'><strong>libellum</strong></span> <span class='ocrx_word' id='word_1_292' title='bbox 3137 1394 3522 1451; x_wconf 88' lang='lat' dir='ltr'><strong>abdicationis</strong></span> <span class='ocrx_word' id='word_1_293' title='bbox 3571 1413 3690 1451; x_wconf 63' lang='lat' dir='ltr'><strong>sua:</strong></span> <span class='ocrx_word' id='word_1_294' title='bbox 3721 1413 3860 1451; x_wconf 86' lang='lat' dir='ltr'><strong>con-</strong></span> 
     </span>
    </p>
   </div>
   <div class='ocr_carea' id='block_1_44' title="bbox 2200 1484 3860 1556">
    <p class='ocr_par' dir='ltr' id='par_1_44' title="bbox 2200 1484 3860 1556">
     <span class='ocr_line' id='line_1_44' title="bbox 2200 1484 3860 1556; baseline 0.001 -17"><span class='ocrx_word' id='word_1_295' title='bbox 2200 1485 2455 1540; x_wconf 87' lang='lat' dir='ltr'><strong>scribere</strong></span> <span class='ocrx_word' id='word_1_296' title='bbox 2487 1500 2501 1539; x_wconf 88' lang='lat'>:</span> <span class='ocrx_word' id='word_1_297' title='bbox 2535 1501 2710 1556; x_wconf 90' lang='lat' dir='ltr'><strong>quem</strong></span> <span class='ocrx_word' id='word_1_298' title='bbox 2743 1501 2878 1538; x_wconf 91' lang='lat' dir='ltr'><strong>cum</strong></span> <span class='ocrx_word' id='word_1_299' title='bbox 2909 1484 3248 1556; x_wconf 87' lang='lat' dir='ltr'><strong>imperatori</strong></span> <span class='ocrx_word' id='word_1_300' title='bbox 3279 1484 3612 1553; x_wconf 88' lang='lat' dir='ltr'><strong>obtulisset,</strong></span> <span class='ocrx_word' id='word_1_301' title='bbox 3645 1484 3744 1541; x_wconf 91' lang='lat' dir='ltr'><strong>illo</strong></span> <span class='ocrx_word' id='word_1_302' title='bbox 3777 1485 3860 1541; x_wconf 90' lang='lat' dir='ltr'><strong>si-</strong></span> 
     </span>
    </p>
   </div>
   <div class='ocr_carea' id='block_1_45' title="bbox 2200 1573 3862 1646">
    <p class='ocr_par' dir='ltr' id='par_1_45' title="bbox 2200 1573 3862 1646">
     <span class='ocr_line' id='line_1_45' title="bbox 2200 1573 3862 1646; baseline 0.001 -18"><span class='ocrx_word' id='word_1_303' title='bbox 2200 1573 2460 1628; x_wconf 88' lang='lat' dir='ltr'><strong>mulante</strong></span> <span class='ocrx_word' id='word_1_304' title='bbox 2487 1590 2549 1629; x_wconf 89' lang='lat' dir='ltr'><strong>se</strong></span> <span class='ocrx_word' id='word_1_305' title='bbox 2579 1591 2695 1628; x_wconf 92' lang='lat' dir='ltr'><strong>non</strong></span> <span class='ocrx_word' id='word_1_306' title='bbox 2718 1574 2998 1646; x_wconf 87' lang='lat' dir='ltr'><strong>accipere,</strong></span> <span class='ocrx_word' id='word_1_307' title='bbox 3019 1573 3297 1629; x_wconf 89' lang='lat' dir='ltr'><strong>continuo</strong></span> <span class='ocrx_word' id='word_1_308' title='bbox 3319 1574 3594 1629; x_wconf 90' lang='lat' dir='ltr'><strong>recedens</strong></span> <span class='ocrx_word' id='word_1_309' title='bbox 3627 1575 3685 1629; x_wconf 91' lang='lat' dir='ltr'><strong>in</strong></span> <span class='ocrx_word' id='word_1_310' title='bbox 3709 1575 3862 1630; x_wconf 86' lang='lat' dir='ltr'><strong>Pan—</strong></span> 
     </span>
    </p>
   </div>
   <div class='ocr_carea' id='block_1_46' title="bbox 2197 1663 3856 1732">
    <p class='ocr_par' dir='ltr' id='par_1_46' title="bbox 2197 1663 3856 1732">
     <span class='ocr_line' id='line_1_46' title="bbox 2197 1663 3856 1732; baseline -0.001 -13"><span class='ocrx_word' id='word_1_311' title='bbox 2197 1663 2487 1719; x_wconf 70' lang='lat' dir='ltr'><strong>achrantae</strong></span> <span class='ocrx_word' id='word_1_312' title='bbox 2538 1664 2964 1720; x_wconf 83' lang='lat' dir='ltr'><strong>monasterium</strong></span> <span class='ocrx_word' id='word_1_313' title='bbox 3013 1680 3073 1718; x_wconf 88' lang='lat' dir='ltr'><strong>se</strong></span> <span class='ocrx_word' id='word_1_314' title='bbox 3124 1663 3372 1718; x_wconf 90' lang='lat' dir='ltr'><strong>abdidit.</strong></span> <span class='ocrx_word' id='word_1_315' title='bbox 3413 1684 3442 1712; x_wconf 83' lang='lat'>»</span> <span class='ocrx_word' id='word_1_316' title='bbox 3493 1665 3658 1718; x_wconf 89' lang='lat' dir='ltr'><strong>Anno</strong></span> <span class='ocrx_word' id='word_1_317' title='bbox 3695 1665 3856 1732; x_wconf 83' lang='lat'><strong>1279,</strong></span> 
     </span>
    </p>
   </div>
   <div class='ocr_carea' id='block_1_47' title="bbox 2199 1751 3864 1822">
    <p class='ocr_par' dir='ltr' id='par_1_47' title="bbox 2199 1751 3864 1822">
     <span class='ocr_line' id='line_1_47' title="bbox 2199 1751 3864 1822; baseline 0.001 -16"><span class='ocrx_word' id='word_1_318' title='bbox 2199 1768 2435 1807; x_wconf 88' lang='lat' dir='ltr'><strong>sacrum</strong></span> <span class='ocrx_word' id='word_1_319' title='bbox 2489 1751 2710 1807; x_wconf 87' lang='lat' dir='ltr'><strong>Pascha</strong></span> <span class='ocrx_word' id='word_1_320' title='bbox 2765 1751 2856 1806; x_wconf 87' lang='lat' dir='ltr'><strong>die</strong></span> <span class='ocrx_word' id='word_1_321' title='bbox 2903 1755 2939 1805; x_wconf 88' lang='lat'>2</span> <span class='ocrx_word' id='word_1_322' title='bbox 2985 1751 3190 1822; x_wconf 83' lang='lat' dir='ltr'><strong>Aprilis</strong></span> <span class='ocrx_word' id='word_1_323' title='bbox 3239 1751 3598 1808; x_wconf 90' lang='lat' dir='ltr'><strong>celebratum</strong></span> <span class='ocrx_word' id='word_1_324' title='bbox 3632 1751 3760 1822; x_wconf 87' lang='lat' dir='ltr'><strong>fuit,</strong></span> <span class='ocrx_word' id='word_1_325' title='bbox 3794 1757 3864 1808; x_wconf 88' lang='lat' dir='ltr'><strong>ut</strong></span> 
     </span>
    </p>
   </div>
   <div class='ocr_carea' id='block_1_48' title="bbox 2199 1840 3864 1913">
    <p class='ocr_par' dir='ltr' id='par_1_48' title="bbox 2199 1840 3864 1913">
     <span class='ocr_line' id='line_1_48' title="bbox 2199 1840 3864 1913; baseline 0.002 -17"><span class='ocrx_word' id='word_1_326' title='bbox 2199 1840 2494 1913; x_wconf 83' lang='lat' dir='ltr'><strong>colligitur</strong></span> <span class='ocrx_word' id='word_1_327' title='bbox 2541 1858 2610 1896; x_wconf 84' lang='lat' dir='ltr'><strong>ex</strong></span> <span class='ocrx_word' id='word_1_328' title='bbox 2661 1841 2843 1896; x_wconf 86' lang='lat' dir='ltr'><strong>littera</strong></span> <span class='ocrx_word' id='word_1_329' title='bbox 2890 1841 3228 1896; x_wconf 87' lang='lat' dir='ltr'><strong>Dominicali</strong></span> <span class='ocrx_word' id='word_1_330' title='bbox 3273 1847 3343 1909; x_wconf 87' lang='lat' dir='ltr'><strong>A,</strong></span> <span class='ocrx_word' id='word_1_331' title='bbox 3403 1845 3460 1896; x_wconf 89' lang='lat' dir='ltr'><strong>et</strong></span> <span class='ocrx_word' id='word_1_332' title='bbox 3505 1841 3660 1912; x_wconf 82' lang='lat' dir='ltr'><strong>cyclo</strong></span> <span class='ocrx_word' id='word_1_333' title='bbox 3709 1842 3864 1899; x_wconf 73' lang='lat' dir='ltr'><strong>lunae</strong></span> 
     </span>
    </p>
   </div>
   <div class='ocr_carea' id='block_1_49' title="bbox 2201 1929 3856 2003">
    <p class='ocr_par' dir='ltr' id='par_1_49' title="bbox 2201 1929 3856 2003">
     <span class='ocr_line' id='line_1_49' title="bbox 2201 1929 3856 2003; baseline -0.001 -15"><span class='ocrx_word' id='word_1_334' title='bbox 2201 1949 2298 1988; x_wconf 81' lang='lat' dir='ltr'><strong>vn.</strong></span> <span class='ocrx_word' id='word_1_335' title='bbox 2323 1930 2466 1985; x_wconf 87' lang='lat' dir='ltr'><strong>Hinc</strong></span> <span class='ocrx_word' id='word_1_336' title='bbox 2491 1929 2832 2002; x_wconf 73' lang='lat' dir='ltr'><strong>patriarchae</strong></span> <span class='ocrx_word' id='word_1_337' title='bbox 2864 1945 3130 1986; x_wconf 90' lang='lat' dir='ltr'><strong>secessus</strong></span> <span class='ocrx_word' id='word_1_338' title='bbox 3170 1930 3382 1985; x_wconf 88' lang='lat' dir='ltr'><strong>accidit</strong></span> <span class='ocrx_word' id='word_1_339' title='bbox 3415 1946 3601 1986; x_wconf 83' lang='lat' dir='ltr'><strong>mense</strong></span> <span class='ocrx_word' id='word_1_340' title='bbox 3625 1933 3856 2003; x_wconf 71' lang='lat' dir='ltr'><strong>Martio,</strong></span> 
     </span>
    </p>
   </div>
   <div class='ocr_carea' id='block_1_50' title="bbox 2200 2019 3355 2091">
    <p class='ocr_par' dir='ltr' id='par_1_50' title="bbox 2200 2019 3355 2091">
     <span class='ocr_line' id='line_1_50' title="bbox 2200 2019 3355 2091; baseline 0 -17"><span class='ocrx_word' id='word_1_341' title='bbox 2200 2021 2350 2075; x_wconf 90' lang='lat' dir='ltr'><strong>circa</strong></span> <span class='ocrx_word' id='word_1_342' title='bbox 2380 2019 2625 2074; x_wconf 89' lang='lat' dir='ltr'><strong>medium</strong></span> <span class='ocrx_word' id='word_1_343' title='bbox 2658 2019 3109 2089; x_wconf 84' lang='lat' dir='ltr'><strong>Quadragenarii</strong></span> <span class='ocrx_word' id='word_1_344' title='bbox 3127 2020 3355 2091; x_wconf 77' lang='lat' dir='ltr'><strong>jejunii.</strong></span> 
     </span>
    </p>
   </div>
   <div class='ocr_carea' id='block_1_51' title="bbox 2272 2107 3857 2180">
    <p class='ocr_par' dir='ltr' id='par_1_51' title="bbox 2272 2107 3857 2180">
     <span class='ocr_line' id='line_1_51' title="bbox 2272 2107 3857 2180; baseline 0.002 -17"><span class='ocrx_word' id='word_1_345' title='bbox 2272 2109 2410 2163; x_wconf 84' lang='lat' dir='ltr'><strong>Rem</strong></span> <span class='ocrx_word' id='word_1_346' title='bbox 2445 2108 2768 2179; x_wconf 80' lang='lat' dir='ltr'><strong>pontificiis</strong></span> <span class='ocrx_word' id='word_1_347' title='bbox 2801 2107 3029 2180; x_wconf 89' lang='lat' dir='ltr'><strong>legatis,</strong></span> <span class='ocrx_word' id='word_1_348' title='bbox 3063 2107 3164 2180; x_wconf 93' lang='lat' dir='ltr'><strong>qui</strong></span> <span class='ocrx_word' id='word_1_349' title='bbox 3197 2109 3355 2180; x_wconf 89' lang='lat' dir='ltr'><strong>regia</strong></span> <span class='ocrx_word' id='word_1_350' title='bbox 3403 2108 3462 2163; x_wconf 91' lang='lat' dir='ltr'><strong>in</strong></span> <span class='ocrx_word' id='word_1_351' title='bbox 3496 2109 3639 2164; x_wconf 91' lang='lat' dir='ltr'><strong>urbe</strong></span> <span class='ocrx_word' id='word_1_352' title='bbox 3669 2110 3857 2166; x_wconf 86' lang='lat' dir='ltr'><strong>diver-</strong></span> 
     </span>
    </p>
   </div>
   <div class='ocr_carea' id='block_1_52' title="bbox 2201 2196 3861 2271">
    <p class='ocr_par' dir='ltr' id='par_1_52' title="bbox 2201 2196 3861 2271">
     <span class='ocr_line' id='line_1_52' title="bbox 2201 2196 3861 2271; baseline 0.001 -19"><span class='ocrx_word' id='word_1_353' title='bbox 2201 2198 2506 2264; x_wconf 88' lang='lat' dir='ltr'><strong>sabantur,</strong></span> <span class='ocrx_word' id='word_1_354' title='bbox 2538 2196 2938 2267; x_wconf 81' lang='lat' dir='ltr'><strong>gratissimam</strong></span> <span class='ocrx_word' id='word_1_355' title='bbox 2991 2197 3283 2252; x_wconf 87' lang='lat' dir='ltr'><strong>facturum</strong></span> <span class='ocrx_word' id='word_1_356' title='bbox 3335 2214 3395 2252; x_wconf 88' lang='lat' dir='ltr'><strong>se</strong></span> <span class='ocrx_word' id='word_1_357' title='bbox 3447 2198 3610 2252; x_wconf 86' lang='lat' dir='ltr'><strong>duxit</strong></span> <span class='ocrx_word' id='word_1_358' title='bbox 3659 2201 3861 2271; x_wconf 88' lang='lat' dir='ltr'><strong>Augu-</strong></span> 
     </span>
    </p>
   </div>
   <div class='ocr_carea' id='block_1_53' title="bbox 2181 2284 3861 2358">
    <p class='ocr_par' dir='ltr' id='par_1_53' title="bbox 2181 2284 3861 2358">
     <span class='ocr_line' id='line_1_53' title="bbox 2181 2284 3861 2358; baseline 0.002 -18"><span class='ocrx_word' id='word_1_359' title='bbox 2181 2285 2348 2356; x_wconf 88' lang='lat' dir='ltr'><strong>stus,</strong></span> <span class='ocrx_word' id='word_1_360' title='bbox 2378 2288 2426 2340; x_wconf 89' lang='lat' dir='ltr'><strong>si</strong></span> <span class='ocrx_word' id='word_1_361' title='bbox 2451 2285 2834 2357; x_wconf 83' lang='lat' dir='ltr'><strong>patriarcham</strong></span> <span class='ocrx_word' id='word_1_362' title='bbox 2889 2284 3085 2342; x_wconf 63' lang='lat' dir='ltr'><strong>liberm</strong></span> <span class='ocrx_word' id='word_1_363' title='bbox 3118 2301 3236 2342; x_wconf 65' lang='lat' dir='ltr'><strong>sua?</strong></span> <span class='ocrx_word' id='word_1_364' title='bbox 3261 2292 3554 2357; x_wconf 76' lang='lat' dir='ltr'><strong>potestatis</strong></span> <span class='ocrx_word' id='word_1_365' title='bbox 3581 2289 3861 2358; x_wconf 80' lang='lat' dir='ltr'><strong>functioni</strong></span> 
     </span>
    </p>
   </div>
   <div class='ocr_carea' id='block_1_54' title="bbox 2199 2376 3856 2449">
    <p class='ocr_par' dir='ltr' id='par_1_54' title="bbox 2199 2376 3856 2449">
     <span class='ocr_line' id='line_1_54' title="bbox 2199 2376 3856 2449; baseline 0.001 -19"><span class='ocrx_word' id='word_1_366' title='bbox 2199 2377 2530 2430; x_wconf 84' lang='lat' dir='ltr'><strong>restitueret.</strong></span> <span class='ocrx_word' id='word_1_367' title='bbox 2583 2397 2611 2424; x_wconf 90' lang='grc'><strong>‹‹</strong></span> <span class='ocrx_word' id='word_1_368' title='bbox 2662 2376 2790 2447; x_wconf 75' lang='lat' dir='ltr'><strong>Egit</strong></span> <span class='ocrx_word' id='word_1_369' title='bbox 2819 2391 2956 2446; x_wconf 92' lang='lat' dir='ltr'><strong>ergo</strong></span> <span class='ocrx_word' id='word_1_370' title='bbox 2989 2392 3122 2430; x_wconf 90' lang='lat' dir='ltr'><strong>cum</strong></span> <span class='ocrx_word' id='word_1_371' title='bbox 3167 2380 3345 2431; x_wconf 89' lang='lat' dir='ltr'><strong>Becco</strong></span> <span class='ocrx_word' id='word_1_372' title='bbox 3378 2379 3468 2446; x_wconf 89' lang='lat' dir='ltr'><strong>(ut</strong></span> <span class='ocrx_word' id='word_1_373' title='bbox 3519 2376 3603 2430; x_wconf 89' lang='lat' dir='ltr'><strong>ait</strong></span> <span class='ocrx_word' id='word_1_374' title='bbox 3634 2376 3856 2449; x_wconf 84' lang='lat' dir='ltr'><strong>Pachy-</strong></span> 
     </span>
    </p>
   </div>
   <div class='ocr_carea' id='block_1_55' title="bbox 2200 2464 3856 2536">
    <p class='ocr_par' dir='ltr' id='par_1_55' title="bbox 2200 2464 3856 2536">
     <span class='ocr_line' id='line_1_55' title="bbox 2200 2464 3856 2536; baseline 0 -16"><span class='ocrx_word' id='word_1_375' title='bbox 2200 2481 2390 2520; x_wconf 86' lang='lat' dir='ltr'><strong>mercs</strong></span> <span class='ocrx_word' id='word_1_376' title='bbox 2417 2464 2604 2536; x_wconf 89' lang='lat' dir='ltr'><strong>capite</strong></span> <span class='ocrx_word' id='word_1_377' title='bbox 2637 2465 2723 2535; x_wconf 88' lang='grc'><strong>17)</strong></span> <span class='ocrx_word' id='word_1_378' title='bbox 2749 2480 2956 2532; x_wconf 82' lang='lat' dir='ltr'><strong>rogans</strong></span> <span class='ocrx_word' id='word_1_379' title='bbox 2985 2465 3156 2519; x_wconf 89' lang='lat' dir='ltr'><strong>etiam</strong></span> <span class='ocrx_word' id='word_1_380' title='bbox 3197 2469 3372 2535; x_wconf 90' lang='lat' dir='ltr'><strong>atque</strong></span> <span class='ocrx_word' id='word_1_381' title='bbox 3404 2465 3605 2535; x_wconf 89' lang='lat' dir='ltr'><strong>etiam,</strong></span> <span class='ocrx_word' id='word_1_382' title='bbox 3629 2469 3694 2520; x_wconf 91' lang='lat' dir='ltr'><strong>ut</strong></span> <span class='ocrx_word' id='word_1_383' title='bbox 3715 2482 3856 2520; x_wconf 85' lang='lat' dir='ltr'><strong>con-</strong></span> 
     </span>
    </p>
   </div>
   <div class='ocr_carea' id='block_1_56' title="bbox 2199 2553 3852 2625">
    <p class='ocr_par' dir='ltr' id='par_1_56' title="bbox 2199 2553 3852 2625">
     <span class='ocr_line' id='line_1_56' title="bbox 2199 2553 3852 2625; baseline 0.001 -17"><span class='ocrx_word' id='word_1_384' title='bbox 2199 2555 2444 2610; x_wconf 86' lang='lat' dir='ltr'><strong>donaret</strong></span> <span class='ocrx_word' id='word_1_385' title='bbox 2476 2554 2936 2625; x_wconf 87' lang='lat' dir='ltr'><strong>(accusatoribus</strong></span> <span class='ocrx_word' id='word_1_386' title='bbox 2978 2553 3124 2622; x_wconf 90' lang='lat' dir='ltr'><strong>suis)</strong></span> <span class='ocrx_word' id='word_1_387' title='bbox 3156 2570 3388 2609; x_wconf 85' lang='lat' dir='ltr'><strong>noxam.</strong></span> <span class='ocrx_word' id='word_1_388' title='bbox 3423 2553 3550 2608; x_wconf 92' lang='lat' dir='ltr'><strong>Non</strong></span> <span class='ocrx_word' id='word_1_389' title='bbox 3602 2554 3808 2609; x_wconf 88' lang='lat' dir='ltr'><strong>abnuit</strong></span> <span class='ocrx_word' id='word_1_390' title='bbox 3840 2572 3852 2610; x_wconf 93' lang='lat'>:</span> 
     </span>
    </p>
   </div>
   <div class='ocr_carea' id='block_1_57' title="bbox 2199 2642 3863 2714">
    <p class='ocr_par' dir='ltr' id='par_1_57' title="bbox 2199 2642 3863 2714">
     <span class='ocr_line' id='line_1_57' title="bbox 2199 2642 3863 2714; baseline 0.001 -16"><span class='ocrx_word' id='word_1_391' title='bbox 2199 2647 2256 2698; x_wconf 88' lang='lat' dir='ltr'><strong>et</strong></span> <span class='ocrx_word' id='word_1_392' title='bbox 2287 2660 2590 2708; x_wconf 89' lang='lat' dir='ltr'><strong>assensus,</strong></span> <span class='ocrx_word' id='word_1_393' title='bbox 2621 2644 2740 2714; x_wconf 86' lang='lat' dir='ltr'><strong>jam</strong></span> <span class='ocrx_word' id='word_1_394' title='bbox 2774 2642 2987 2698; x_wconf 91' lang='lat' dir='ltr'><strong>studiis</strong></span> <span class='ocrx_word' id='word_1_395' title='bbox 3019 2647 3386 2714; x_wconf 90' lang='lat' dir='ltr'><strong>cunctorum,</strong></span> <span class='ocrx_word' id='word_1_396' title='bbox 3407 2645 3498 2698; x_wconf 89' lang='lat' dir='ltr'><strong>dis</strong></span> <span class='ocrx_word' id='word_1_397' title='bbox 3527 2651 3685 2699; x_wconf 74' lang='lat' dir='ltr'><strong>sexta</strong></span> <span class='ocrx_word' id='word_1_398' title='bbox 3709 2660 3863 2699; x_wconf 59' lang='lat' dir='ltr'><strong>men-</strong></span> 
     </span>
    </p>
   </div>
   <div class='ocr_carea' id='block_1_58' title="bbox 2197 2729 3855 2805">
    <p class='ocr_par' dir='ltr' id='par_1_58' title="bbox 2197 2729 3855 2805">
     <span class='ocr_line' id='line_1_58' title="bbox 2197 2729 3855 2805; baseline 0.001 -18"><span class='ocrx_word' id='word_1_399' title='bbox 2197 2735 2272 2788; x_wconf 86' lang='lat' dir='ltr'><strong>sis</strong></span> <span class='ocrx_word' id='word_1_400' title='bbox 2321 2735 2529 2805; x_wconf 80' lang='lat' dir='ltr'><strong>Agustz,</strong></span> <span class='ocrx_word' id='word_1_401' title='bbox 2583 2729 2971 2799; x_wconf 80' lang='grc' dir='ltr'><strong>Ποσειδεῶνος,</strong></span> <span class='ocrx_word' id='word_1_402' title='bbox 3033 2733 3277 2804; x_wconf 77' lang='lat' dir='ltr'><strong>ejusdem</strong></span> <span class='ocrx_word' id='word_1_403' title='bbox 3321 2731 3630 2805; x_wconf 77' lang='lat' dir='ltr'><strong>(septimae)</strong></span> <span class='ocrx_word' id='word_1_404' title='bbox 3679 2732 3855 2788; x_wconf 84' lang='lat' dir='ltr'><strong>indic-</strong></span> 
     </span>
    </p>
   </div>
   <div class='ocr_carea' id='block_1_59' title="bbox 2200 2822 3862 2894">
    <p class='ocr_par' dir='ltr' id='par_1_59' title="bbox 2200 2822 3862 2894">
     <span class='ocr_line' id='line_1_59' title="bbox 2200 2822 3862 2894; baseline -0.001 -16"><span class='ocrx_word' id='word_1_405' title='bbox 2200 2823 2383 2890; x_wconf 78' lang='lat' dir='ltr'><strong>tionis,</strong></span> <span class='ocrx_word' id='word_1_406' title='bbox 2419 2822 2724 2894; x_wconf 89' lang='lat' dir='ltr'><strong>splendido</strong></span> <span class='ocrx_word' id='word_1_407' title='bbox 2757 2822 3044 2878; x_wconf 89' lang='lat' dir='ltr'><strong>deductus</strong></span> <span class='ocrx_word' id='word_1_408' title='bbox 3075 2822 3355 2877; x_wconf 88' lang='lat' dir='ltr'><strong>comitatu</strong></span> <span class='ocrx_word' id='word_1_409' title='bbox 3408 2825 3771 2889; x_wconf 88' lang='lat' dir='ltr'><strong>senatorum,</strong></span> <span class='ocrx_word' id='word_1_410' title='bbox 3803 2825 3862 2878; x_wconf 89' lang='lat' dir='ltr'><strong>et</strong></span> 
     </span>
    </p>
   </div>
   <div class='ocr_carea' id='block_1_60' title="bbox 2199 2909 3859 2983">
    <p class='ocr_par' dir='ltr' id='par_1_60' title="bbox 2199 2909 3859 2983">
     <span class='ocr_line' id='line_1_60' title="bbox 2199 2909 3859 2983; baseline 0.001 -17"><span class='ocrx_word' id='word_1_411' title='bbox 2199 2912 2465 2968; x_wconf 73' lang='lat' dir='ltr'><strong>Ecclesiae</strong></span> <span class='ocrx_word' id='word_1_412' title='bbox 2518 2928 2846 2983; x_wconf 90' lang='lat' dir='ltr'><strong>procerum,</strong></span> <span class='ocrx_word' id='word_1_413' title='bbox 2882 2912 2939 2966; x_wconf 90' lang='lat' dir='ltr'><strong>in</strong></span> <span class='ocrx_word' id='word_1_414' title='bbox 2991 2911 3279 2983; x_wconf 84' lang='lat' dir='ltr'><strong>palatium</strong></span> <span class='ocrx_word' id='word_1_415' title='bbox 3311 2909 3703 2983; x_wconf 88' lang='lat' dir='ltr'><strong>patriarchale</strong></span> <span class='ocrx_word' id='word_1_416' title='bbox 3756 2911 3859 2967; x_wconf 89' lang='lat' dir='ltr'><strong>ite-</strong></span> 
     </span>
    </p>
   </div>
   <div class='ocr_carea' id='block_1_61' title="bbox 2200 2999 3857 3056">
    <p class='ocr_par' dir='ltr' id='par_1_61' title="bbox 2200 2999 3857 3056">
     <span class='ocr_line' id='line_1_61' title="bbox 2200 2999 3857 3056; baseline -0.001 0"><span class='ocrx_word' id='word_1_417' title='bbox 2200 3018 2331 3056; x_wconf 90' lang='lat' dir='ltr'><strong>rum</strong></span> <span class='ocrx_word' id='word_1_418' title='bbox 2363 3000 2609 3056; x_wconf 90' lang='lat' dir='ltr'><strong>solemni</strong></span> <span class='ocrx_word' id='word_1_419' title='bbox 2642 3000 2757 3056; x_wconf 89' lang='lat' dir='ltr'><strong>ritu</strong></span> <span class='ocrx_word' id='word_1_420' title='bbox 2807 2999 3074 3056; x_wconf 90' lang='lat' dir='ltr'><strong>invectus</strong></span> <span class='ocrx_word' id='word_1_421' title='bbox 3105 3004 3210 3056; x_wconf 88' lang='lat' dir='ltr'><strong>est.</strong></span> <span class='ocrx_word' id='word_1_422' title='bbox 3249 3022 3276 3050; x_wconf 82' lang='lat'>»</span> <span class='ocrx_word' id='word_1_423' title='bbox 3319 3002 3524 3054; x_wconf 89' lang='lat' dir='ltr'><strong>Annus</strong></span> <span class='ocrx_word' id='word_1_424' title='bbox 3575 3017 3698 3054; x_wconf 54' lang='lat' dir='ltr'><strong>atrae</strong></span> <span class='ocrx_word' id='word_1_425' title='bbox 3729 2999 3857 3055; x_wconf 89' lang='lat' dir='ltr'><strong>vul-</strong></span> 
     </span>
    </p>
   </div>
   <div class='ocr_carea' id='block_1_62' title="bbox 2199 3090 2880 3163">
    <p class='ocr_par' dir='ltr' id='par_1_62' title="bbox 2199 3090 2880 3163">
     <span class='ocr_line' id='line_1_62' title="bbox 2199 3090 2880 3163; baseline -0.003 -18"><span class='ocrx_word' id='word_1_426' title='bbox 2199 3091 2356 3163; x_wconf 90' lang='lat' dir='ltr'><strong>garis</strong></span> <span class='ocrx_word' id='word_1_427' title='bbox 2385 3090 2524 3144; x_wconf 81' lang='grc'><strong>1279</strong></span> <span class='ocrx_word' id='word_1_428' title='bbox 2554 3090 2880 3146; x_wconf 83' lang='lat' dir='ltr'><strong>labebatur.</strong></span> 
     </span>
    </p>
   </div>
   <div class='ocr_carea' id='block_1_63' title="bbox 2269 3178 3859 3251">
    <p class='ocr_par' dir='ltr' id='par_1_63' title="bbox 2269 3178 3859 3251">
     <span class='ocr_line' id='line_1_63' title="bbox 2269 3178 3859 3251; baseline 0 -16"><span class='ocrx_word' id='word_1_429' title='bbox 2269 3180 2338 3235; x_wconf 88' lang='lat' dir='ltr'><strong>Il.</strong></span> <span class='ocrx_word' id='word_1_430' title='bbox 2407 3179 2776 3236; x_wconf 86' lang='lat' dir='ltr'><strong>Conﬁciendo</strong></span> <span class='ocrx_word' id='word_1_431' title='bbox 2833 3179 3352 3250; x_wconf 89' lang='lat' dir='ltr'><strong>elucubrandoque</strong></span> <span class='ocrx_word' id='word_1_432' title='bbox 3400 3178 3619 3250; x_wconf 90' lang='lat' dir='ltr'><strong>scripto</strong></span> <span class='ocrx_word' id='word_1_433' title='bbox 3681 3195 3859 3251; x_wconf 89' lang='lat' dir='ltr'><strong>opera</strong></span> 
     </span>
    </p>
   </div>
   <div class='ocr_carea' id='block_1_64' title="bbox 439 3254 3862 3340">
    <p class='ocr_par' dir='ltr' id='par_1_64' title="bbox 439 3254 3862 3340">
     <span class='ocr_line' id='line_1_64' title="bbox 439 3254 3862 3340; baseline 0 -16"><span class='ocrx_word' id='word_1_434' title='bbox 439 3268 650 3324; x_wconf 59' lang='lat' dir='ltr'><strong>Gracia</strong></span> <span class='ocrx_word' id='word_1_435' title='bbox 683 3265 1104 3323; x_wconf 87' lang='lat' dir='ltr'><strong>denuntiarunt</strong></span> <span class='ocrx_word' id='word_1_436' title='bbox 1135 3282 1148 3320; x_wconf 91' lang='lat'><strong>:</strong></span> <span class='ocrx_word' id='word_1_437' title='bbox 1195 3265 1348 3319; x_wconf 86' lang='lat' dir='ltr'><strong>initae</strong></span> <span class='ocrx_word' id='word_1_438' title='bbox 1381 3266 1540 3335; x_wconf 90' lang='lat' dir='ltr'><strong>pacis</strong></span> <span class='ocrx_word' id='word_1_439' title='bbox 1586 3266 1792 3337; x_wconf 88' lang='lat' dir='ltr'><strong>pignus</strong></span> <span class='ocrx_word' id='word_1_440' title='bbox 1824 3266 2087 3322; x_wconf 87' lang='lat' dir='ltr'><strong>idoneum</strong></span> <span class='ocrx_word' id='word_1_441' title='bbox 2117 3254 2160 3321; x_wconf 84' lang='lat' dir='ltr'><strong><em>C</em></strong></span> <span class='ocrx_word' id='word_1_442' title='bbox 2200 3269 2668 3340; x_wconf 90' lang='lat' dir='ltr'><strong>impendebatur,</strong></span> <span class='ocrx_word' id='word_1_443' title='bbox 2689 3285 2803 3339; x_wconf 91' lang='lat' dir='ltr'><strong>quo</strong></span> <span class='ocrx_word' id='word_1_444' title='bbox 2836 3268 3053 3324; x_wconf 90' lang='lat' dir='ltr'><strong>summi</strong></span> <span class='ocrx_word' id='word_1_445' title='bbox 3087 3267 3381 3340; x_wconf 85' lang='lat' dir='ltr'><strong>pontificis</strong></span> <span class='ocrx_word' id='word_1_446' title='bbox 3414 3268 3735 3334; x_wconf 87' lang='lat' dir='ltr'><strong>mandatis,</strong></span> <span class='ocrx_word' id='word_1_447' title='bbox 3755 3284 3862 3340; x_wconf 88' lang='lat' dir='ltr'><strong>per</strong></span> 
     </span>
    </p>
   </div>
   <div class='ocr_carea' id='block_1_65' title="bbox 434 3353 2089 3428">
    <p class='ocr_par' dir='ltr' id='par_1_65' title="bbox 434 3353 2089 3428">
     <span class='ocr_line' id='line_1_65' title="bbox 434 3353 2089 3428; baseline -0.001 -15"><span class='ocrx_word' id='word_1_448' title='bbox 434 3359 580 3428; x_wconf 85' lang='lat' dir='ltr'><strong>fore,</strong></span> <span class='ocrx_word' id='word_1_449' title='bbox 611 3373 658 3411; x_wconf 79' lang='lat' dir='ltr'><strong>si</strong></span> <span class='ocrx_word' id='word_1_450' title='bbox 700 3365 749 3411; x_wconf 88' lang='lat' dir='ltr'><strong>et</strong></span> <span class='ocrx_word' id='word_1_451' title='bbox 796 3356 904 3427; x_wconf 88' lang='lat' dir='ltr'><strong>ipsi</strong></span> <span class='ocrx_word' id='word_1_452' title='bbox 947 3353 1291 3426; x_wconf 78' lang='lat' dir='ltr'><strong>Symbolum,</strong></span> <span class='ocrx_word' id='word_1_453' title='bbox 1324 3354 1470 3408; x_wconf 86' lang='lat' dir='ltr'><strong>sicut</strong></span> <span class='ocrx_word' id='word_1_454' title='bbox 1521 3355 1719 3421; x_wconf 87' lang='lat' dir='ltr'><strong>Latini,</strong></span> <span class='ocrx_word' id='word_1_455' title='bbox 1761 3358 2089 3424; x_wconf 85' lang='lat' dir='ltr'><strong>pronuntia-</strong></span> 
     </span>
    </p>
   </div>
   <div class='ocr_carea' id='block_1_66' title="bbox 435 3443 2086 3517">
    <p class='ocr_par' dir='ltr' id='par_1_66' title="bbox 435 3443 2086 3517">
     <span class='ocr_line' id='line_1_66' title="bbox 435 3443 2086 3517; baseline -0.001 -16"><span class='ocrx_word' id='word_1_456' title='bbox 435 3451 583 3501; x_wconf 86' lang='lat' dir='ltr'><strong>rent.</strong></span> <span class='ocrx_word' id='word_1_457' title='bbox 613 3450 743 3500; x_wconf 67' lang='lat' dir='ltr'><strong>Haac</strong></span> <span class='ocrx_word' id='word_1_458' title='bbox 793 3445 1177 3517; x_wconf 82' lang='lat' dir='ltr'><strong>Pachymeres</strong></span> <span class='ocrx_word' id='word_1_459' title='bbox 1228 3449 1428 3498; x_wconf 88' lang='lat' dir='ltr'><strong>narrat</strong></span> <span class='ocrx_word' id='word_1_460' title='bbox 1470 3443 1619 3499; x_wconf 91' lang='lat' dir='ltr'><strong>libro</strong></span> <span class='ocrx_word' id='word_1_461' title='bbox 1653 3461 1724 3510; x_wconf 68' lang='lat' dir='ltr'><strong>vx,</strong></span> <span class='ocrx_word' id='word_1_462' title='bbox 1781 3445 1969 3516; x_wconf 87' lang='lat' dir='ltr'><strong>capite</strong></span> <span class='ocrx_word' id='word_1_463' title='bbox 2003 3447 2086 3499; x_wconf 82' lang='grc'><strong>14.</strong></span> 
     </span>
    </p>
   </div>
   <div class='ocr_carea' id='block_1_67' title="bbox 432 3533 2087 3608">
    <p class='ocr_par' dir='ltr' id='par_1_67' title="bbox 432 3533 2087 3608">
     <span class='ocr_line' id='line_1_67' title="bbox 432 3533 2087 3608; baseline -0.001 -17"><span class='ocrx_word' id='word_1_464' title='bbox 432 3535 749 3608; x_wconf 89' lang='lat' dir='ltr'><strong>Episcopos</strong></span> <span class='ocrx_word' id='word_1_465' title='bbox 779 3538 835 3591; x_wconf 87' lang='lat' dir='ltr'><strong>et</strong></span> <span class='ocrx_word' id='word_1_466' title='bbox 865 3533 1084 3589; x_wconf 90' lang='lat' dir='ltr'><strong>clerum</strong></span> <span class='ocrx_word' id='word_1_467' title='bbox 1135 3533 1472 3588; x_wconf 90' lang='lat' dir='ltr'><strong>universum</strong></span> <span class='ocrx_word' id='word_1_468' title='bbox 1523 3539 1802 3590; x_wconf 86' lang='lat' dir='ltr'><strong>convocat</strong></span> <span class='ocrx_word' id='word_1_469' title='bbox 1832 3534 2087 3606; x_wconf 91' lang='lat' dir='ltr'><strong>impera-</strong></span> 
     </span>
    </p>
   </div>
   <div class='ocr_carea' id='block_1_68' title="bbox 431 3622 2084 3694">
    <p class='ocr_par' dir='ltr' id='par_1_68' title="bbox 431 3622 2084 3694">
     <span class='ocr_line' id='line_1_68' title="bbox 431 3622 2084 3694; baseline 0.002 -17"><span class='ocrx_word' id='word_1_470' title='bbox 431 3627 566 3678; x_wconf 90' lang='lat' dir='ltr'><strong>tor:</strong></span> <span class='ocrx_word' id='word_1_471' title='bbox 600 3640 749 3694; x_wconf 89' lang='lat' dir='ltr'><strong>quos</strong></span> <span class='ocrx_word' id='word_1_472' title='bbox 799 3622 1160 3678; x_wconf 88' lang='lat' dir='ltr'><strong>certissimos</strong></span> <span class='ocrx_word' id='word_1_473' title='bbox 1213 3623 1405 3678; x_wconf 89' lang='lat' dir='ltr'><strong>reddit</strong></span> <span class='ocrx_word' id='word_1_474' title='bbox 1455 3639 1771 3693; x_wconf 87' lang='lat' dir='ltr'><strong>passurum</strong></span> <span class='ocrx_word' id='word_1_475' title='bbox 1824 3641 1886 3679; x_wconf 92' lang='lat' dir='ltr'><strong>se</strong></span> <span class='ocrx_word' id='word_1_476' title='bbox 1935 3641 2084 3680; x_wconf 91' lang='lat' dir='ltr'><strong>nun-</strong></span> 
     </span>
    </p>
   </div>
   <div class='ocr_carea' id='block_1_69' title="bbox 434 3711 2087 3784">
    <p class='ocr_par' dir='ltr' id='par_1_69' title="bbox 434 3711 2087 3784">
     <span class='ocr_line' id='line_1_69' title="bbox 434 3711 2087 3784; baseline 0 -17"><span class='ocrx_word' id='word_1_477' title='bbox 434 3729 634 3784; x_wconf 88' lang='lat' dir='ltr'><strong>quam,</strong></span> <span class='ocrx_word' id='word_1_478' title='bbox 667 3711 939 3784; x_wconf 81' lang='lat' dir='ltr'><strong>Symbolo</strong></span> <span class='ocrx_word' id='word_1_479' title='bbox 973 3711 1278 3784; x_wconf 90' lang='lat' dir='ltr'><strong>quidpiam</strong></span> <span class='ocrx_word' id='word_1_480' title='bbox 1313 3712 1513 3767; x_wconf 91' lang='lat' dir='ltr'><strong>inseri.</strong></span> <span class='ocrx_word' id='word_1_481' title='bbox 1545 3714 1702 3768; x_wconf 91' lang='lat' dir='ltr'><strong>Inter</strong></span> <span class='ocrx_word' id='word_1_482' title='bbox 1731 3712 1845 3768; x_wconf 89' lang='lat' dir='ltr'><strong>alia</strong></span> <span class='ocrx_word' id='word_1_483' title='bbox 1876 3713 1995 3769; x_wconf 65' lang='lat' dir='ltr'><strong>haec</strong></span> <span class='ocrx_word' id='word_1_484' title='bbox 2027 3714 2087 3768; x_wconf 93' lang='lat' dir='ltr'><strong>in</strong></span> 
     </span>
    </p>
   </div>
   <div class='ocr_carea' id='block_1_70' title="bbox 437 3799 2086 3874">
    <p class='ocr_par' dir='ltr' id='par_1_70' title="bbox 437 3799 2086 3874">
     <span class='ocr_line' id='line_1_70' title="bbox 437 3799 2086 3874; baseline -0.001 -18"><span class='ocrx_word' id='word_1_485' title='bbox 437 3802 569 3872; x_wconf 86' lang='lat' dir='ltr'><strong>ejus</strong></span> <span class='ocrx_word' id='word_1_486' title='bbox 623 3800 974 3856; x_wconf 90' lang='lat' dir='ltr'><strong>allucotione</strong></span> <span class='ocrx_word' id='word_1_487' title='bbox 1005 3800 1295 3856; x_wconf 87' lang='lat' dir='ltr'><strong>habentur</strong></span> <span class='ocrx_word' id='word_1_488' title='bbox 1341 3799 1467 3855; x_wconf 92' lang='lat' dir='ltr'><strong>loco</strong></span> <span class='ocrx_word' id='word_1_489' title='bbox 1516 3800 1690 3856; x_wconf 86' lang='lat' dir='ltr'><strong>citato</strong></span> <span class='ocrx_word' id='word_1_490' title='bbox 1741 3802 1927 3874; x_wconf 85' lang='lat' dir='ltr'><strong>capite</strong></span> <span class='ocrx_word' id='word_1_491' title='bbox 1975 3803 2086 3856; x_wconf 78' lang='lat'><strong>15:</strong></span> 
     </span>
    </p>
   </div>
   <div class='ocr_carea' id='block_1_71' title="bbox 439 3888 2092 3961">
    <p class='ocr_par' dir='ltr' id='par_1_71' title="bbox 439 3888 2092 3961">
     <span class='ocr_line' id='line_1_71' title="bbox 439 3888 2092 3961; baseline 0.004 -22"><span class='ocrx_word' id='word_1_492' title='bbox 439 3913 466 3939; x_wconf 86' lang='grc'><strong>‹‹</strong></span> <span class='ocrx_word' id='word_1_493' title='bbox 502 3889 788 3954; x_wconf 89' lang='lat' dir='ltr'><strong>Quoniam</strong></span> <span class='ocrx_word' id='word_1_494' title='bbox 817 3905 950 3944; x_wconf 89' lang='lat' dir='ltr'><strong>vero</strong></span> <span class='ocrx_word' id='word_1_495' title='bbox 994 3896 1306 3944; x_wconf 86' lang='lat' dir='ltr'><strong>nostrarum</strong></span> <span class='ocrx_word' id='word_1_496' title='bbox 1337 3888 1597 3959; x_wconf 91' lang='lat' dir='ltr'><strong>quidam,</strong></span> <span class='ocrx_word' id='word_1_497' title='bbox 1653 3891 1870 3961; x_wconf 90' lang='lat' dir='ltr'><strong>quibus</strong></span> <span class='ocrx_word' id='word_1_498' title='bbox 1922 3891 2092 3946; x_wconf 89' lang='lat' dir='ltr'><strong>nimi-</strong></span> 
     </span>
    </p>
   </div>
   <div class='ocr_carea' id='block_1_72' title="bbox 441 3977 2088 4050">
    <p class='ocr_par' dir='ltr' id='par_1_72' title="bbox 441 3977 2088 4050">
     <span class='ocr_line' id='line_1_72' title="bbox 441 3977 2088 4050; baseline 0.002 -16"><span class='ocrx_word' id='word_1_499' title='bbox 441 3995 575 4034; x_wconf 88' lang='lat' dir='ltr'><strong>rum</strong></span> <span class='ocrx_word' id='word_1_500' title='bbox 608 3977 922 4033; x_wconf 90' lang='lat' dir='ltr'><strong>dissidium</strong></span> <span class='ocrx_word' id='word_1_501' title='bbox 973 3978 1131 4033; x_wconf 88' lang='lat' dir='ltr'><strong>cordi</strong></span> <span class='ocrx_word' id='word_1_502' title='bbox 1164 3981 1271 4043; x_wconf 88' lang='lat' dir='ltr'><strong>est,</strong></span> <span class='ocrx_word' id='word_1_503' title='bbox 1320 3979 1514 4033; x_wconf 90' lang='lat' dir='ltr'><strong>nescio</strong></span> <span class='ocrx_word' id='word_1_504' title='bbox 1545 3995 1662 4050; x_wconf 88' lang='lat' dir='ltr'><strong>qua</strong></span> <span class='ocrx_word' id='word_1_505' title='bbox 1713 3980 1856 4034; x_wconf 90' lang='lat' dir='ltr'><strong>moti</strong></span> <span class='ocrx_word' id='word_1_506' title='bbox 1889 3997 2088 4047; x_wconf 85' lang='lat' dir='ltr'><strong>causa,</strong></span> 
     </span>
    </p>
   </div>
   <div class='ocr_carea' id='block_1_73' title="bbox 441 4067 2088 4142">
    <p class='ocr_par' dir='ltr' id='par_1_73' title="bbox 441 4067 2088 4142">
     <span class='ocr_line' id='line_1_73' title="bbox 441 4067 2088 4142; baseline 0.002 -20"><span class='ocrx_word' id='word_1_507' title='bbox 441 4083 576 4123; x_wconf 91' lang='lat' dir='ltr'><strong>cum</strong></span> <span class='ocrx_word' id='word_1_508' title='bbox 627 4068 829 4138; x_wconf 84' lang='lat' dir='ltr'><strong>freriis</strong></span> <span class='ocrx_word' id='word_1_509' title='bbox 883 4067 1185 4138; x_wconf 85' lang='lat' dir='ltr'><strong>(fratribus</strong></span> <span class='ocrx_word' id='word_1_510' title='bbox 1233 4067 1547 4138; x_wconf 84' lang='lat' dir='ltr'><strong>pontiﬁciis</strong></span> <span class='ocrx_word' id='word_1_511' title='bbox 1603 4069 1874 4138; x_wconf 88' lang='lat' dir='ltr'><strong>nuntiis),</strong></span> <span class='ocrx_word' id='word_1_512' title='bbox 1935 4071 2088 4142; x_wconf 87' lang='lat' dir='ltr'><strong>apud</strong></span> 
     </span>
    </p>
   </div>
   <div class='ocr_carea' id='block_1_74' title="bbox 438 4156 2090 4227">
    <p class='ocr_par' dir='ltr' id='par_1_74' title="bbox 438 4156 2090 4227">
     <span class='ocr_line' id='line_1_74' title="bbox 438 4156 2090 4227; baseline 0.001 -15"><span class='ocrx_word' id='word_1_513' title='bbox 438 4157 694 4212; x_wconf 59' lang='lat' dir='ltr'><strong>Perseum</strong></span> <span class='ocrx_word' id='word_1_514' title='bbox 745 4156 1064 4227; x_wconf 89' lang='lat' dir='ltr'><strong>congressi,</strong></span> <span class='ocrx_word' id='word_1_515' title='bbox 1098 4156 1367 4211; x_wconf 82' lang='lat' dir='ltr'><strong>dixerunt</strong></span> <span class='ocrx_word' id='word_1_516' title='bbox 1396 4172 1411 4210; x_wconf 87' lang='lat'><strong>:</strong></span> <span class='ocrx_word' id='word_1_517' title='bbox 1446 4158 1589 4213; x_wconf 84' lang='lat' dir='ltr'><strong>nihil</strong></span> <span class='ocrx_word' id='word_1_518' title='bbox 1621 4160 1738 4212; x_wconf 89' lang='lat' dir='ltr'><strong>nisi</strong></span> <span class='ocrx_word' id='word_1_519' title='bbox 1785 4158 2090 4214; x_wconf 87' lang='lat' dir='ltr'><strong>ludibrium</strong></span> 
     </span>
    </p>
   </div>
   <div class='ocr_carea' id='block_1_75' title="bbox 436 4244 2090 4317">
    <p class='ocr_par' dir='ltr' id='par_1_75' title="bbox 436 4244 2090 4317">
     <span class='ocr_line' id='line_1_75' title="bbox 436 4244 2090 4317; baseline -0.001 -15"><span class='ocrx_word' id='word_1_520' title='bbox 436 4248 488 4302; x_wconf 82' lang='lat' dir='ltr'><strong>et</strong></span> <span class='ocrx_word' id='word_1_521' title='bbox 536 4244 807 4316; x_wconf 84' lang='lat' dir='ltr'><strong>fraudem</strong></span> <span class='ocrx_word' id='word_1_522' title='bbox 851 4244 994 4298; x_wconf 87' lang='lat' dir='ltr'><strong>hanc</strong></span> <span class='ocrx_word' id='word_1_523' title='bbox 1038 4259 1231 4312; x_wconf 87' lang='lat' dir='ltr'><strong>pacem</strong></span> <span class='ocrx_word' id='word_1_524' title='bbox 1279 4260 1434 4310; x_wconf 85' lang='lat' dir='ltr'><strong>esse;</strong></span> <span class='ocrx_word' id='word_1_525' title='bbox 1485 4250 1542 4298; x_wconf 89' lang='lat' dir='ltr'><strong>et</strong></span> <span class='ocrx_word' id='word_1_526' title='bbox 1573 4244 1681 4300; x_wconf 93' lang='lat' dir='ltr'><strong>hoc</strong></span> <span class='ocrx_word' id='word_1_527' title='bbox 1731 4245 2090 4317; x_wconf 90' lang='lat' dir='ltr'><strong>imprudenti</strong></span> 
     </span>
    </p>
   </div>
   <div class='ocr_carea' id='block_1_76' title="bbox 437 4333 2089 4406">
    <p class='ocr_par' dir='ltr' id='par_1_76' title="bbox 437 4333 2089 4406">
     <span class='ocr_line' id='line_1_76' title="bbox 437 4333 2089 4406; baseline 0 -16"><span class='ocrx_word' id='word_1_528' title='bbox 437 4335 592 4390; x_wconf 91' lang='lat' dir='ltr'><strong>dicto</strong></span> <span class='ocrx_word' id='word_1_529' title='bbox 624 4333 849 4389; x_wconf 89' lang='lat' dir='ltr'><strong>Latinis</strong></span> <span class='ocrx_word' id='word_1_530' title='bbox 896 4333 1262 4388; x_wconf 89' lang='lat' dir='ltr'><strong>occasionem</strong></span> <span class='ocrx_word' id='word_1_531' title='bbox 1292 4333 1690 4404; x_wconf 67' lang='lat' dir='ltr'><strong>Tpraebuerunt</strong></span> <span class='ocrx_word' id='word_1_532' title='bbox 1743 4334 2089 4406; x_wconf 86' lang='lat' dir='ltr'><strong>exquirendi</strong></span> 
     </span>
    </p>
   </div>
   <div class='ocr_carea' id='block_1_77' title="bbox 433 4421 2088 4496">
    <p class='ocr_par' dir='ltr' id='par_1_77' title="bbox 433 4421 2088 4496">
     <span class='ocr_line' id='line_1_77' title="bbox 433 4421 2088 4496; baseline 0.001 -17"><span class='ocrx_word' id='word_1_533' title='bbox 433 4425 561 4495; x_wconf 86' lang='lat' dir='ltr'><strong>plus</strong></span> <span class='ocrx_word' id='word_1_534' title='bbox 610 4423 854 4496; x_wconf 87' lang='lat' dir='ltr'><strong>aliquid,</strong></span> <span class='ocrx_word' id='word_1_535' title='bbox 889 4426 952 4477; x_wconf 92' lang='lat' dir='ltr'><strong>ut</strong></span> <span class='ocrx_word' id='word_1_536' title='bbox 1001 4421 1396 4493; x_wconf 85' lang='lat' dir='ltr'><strong>experimento</strong></span> <span class='ocrx_word' id='word_1_537' title='bbox 1439 4423 1580 4478; x_wconf 89' lang='lat' dir='ltr'><strong>satis</strong></span> <span class='ocrx_word' id='word_1_538' title='bbox 1637 4427 1791 4478; x_wconf 89' lang='lat' dir='ltr'><strong>certo</strong></span> <span class='ocrx_word' id='word_1_539' title='bbox 1842 4428 2088 4496; x_wconf 89' lang='lat' dir='ltr'><strong>constet,</strong></span> 
     </span>
    </p>
   </div>
   <div class='ocr_carea' id='block_1_78' title="bbox 438 4511 2088 4585">
    <p class='ocr_par' dir='ltr' id='par_1_78' title="bbox 438 4511 2088 4585">
     <span class='ocr_line' id='line_1_78' title="bbox 438 4511 2088 4585; baseline 0.001 -17"><span class='ocrx_word' id='word_1_540' title='bbox 438 4511 588 4568; x_wconf 88' lang='lat' dir='ltr'><strong>serio</strong></span> <span class='ocrx_word' id='word_1_541' title='bbox 623 4528 688 4567; x_wconf 90' lang='lat' dir='ltr'><strong>ac</strong></span> <span class='ocrx_word' id='word_1_542' title='bbox 718 4527 852 4566; x_wconf 90' lang='lat' dir='ltr'><strong>vere</strong></span> <span class='ocrx_word' id='word_1_543' title='bbox 883 4528 1006 4582; x_wconf 85' lang='lat' dir='ltr'><strong>rem</strong></span> <span class='ocrx_word' id='word_1_544' title='bbox 1041 4514 1334 4581; x_wconf 87' lang='lat' dir='ltr'><strong>peractam</strong></span> <span class='ocrx_word' id='word_1_545' title='bbox 1369 4528 1381 4564; x_wconf 76' lang='grc' dir='ltr'>ε</span> <span class='ocrx_word' id='word_1_546' title='bbox 1417 4511 1570 4565; x_wconf 88' lang='lat' dir='ltr'><strong>unde</strong></span> <span class='ocrx_word' id='word_1_547' title='bbox 1601 4511 1746 4582; x_wconf 69' lang='lat' dir='ltr'><strong>haec,</strong></span> <span class='ocrx_word' id='word_1_548' title='bbox 1779 4529 1956 4585; x_wconf 90' lang='lat' dir='ltr'><strong>quam</strong></span> <span class='ocrx_word' id='word_1_549' title='bbox 1986 4531 2088 4569; x_wconf 88' lang='lat' dir='ltr'><strong>au-</strong></span> 
     </span>
    </p>
   </div>
   <div class='ocr_carea' id='block_1_79' title="bbox 2197 3356 3858 3430">
    <p class='ocr_par' dir='ltr' id='par_1_79' title="bbox 2197 3356 3858 3430">
     <span class='ocr_line' id='line_1_79' title="bbox 2197 3356 3858 3430; baseline 0 -18"><span class='ocrx_word' id='word_1_550' title='bbox 2197 3357 2420 3430; x_wconf 88' lang='lat' dir='ltr'><strong>legatos</strong></span> <span class='ocrx_word' id='word_1_551' title='bbox 2491 3356 2860 3423; x_wconf 89' lang='lat' dir='ltr'><strong>renuntiatis,</strong></span> <span class='ocrx_word' id='word_1_552' title='bbox 2921 3357 3254 3412; x_wconf 82' lang='lat' dir='ltr'><strong>satisﬁeret.</strong></span> <span class='ocrx_word' id='word_1_553' title='bbox 3314 3358 3488 3412; x_wconf 91' lang='lat' dir='ltr'><strong>Error</strong></span> <span class='ocrx_word' id='word_1_554' title='bbox 3562 3357 3738 3412; x_wconf 89' lang='lat' dir='ltr'><strong>cubat</strong></span> <span class='ocrx_word' id='word_1_555' title='bbox 3795 3357 3858 3412; x_wconf 90' lang='lat' dir='ltr'><strong>in</strong></span> 
     </span>
    </p>
   </div>
   <div class='ocr_carea' id='block_1_80' title="bbox 2198 3445 3855 3518">
    <p class='ocr_par' dir='ltr' id='par_1_80' title="bbox 2198 3445 3855 3518">
     <span class='ocr_line' id='line_1_80' title="bbox 2198 3445 3855 3518; baseline 0 -18"><span class='ocrx_word' id='word_1_556' title='bbox 2198 3451 2356 3502; x_wconf 87' lang='lat' dir='ltr'><strong>textu</strong></span> <span class='ocrx_word' id='word_1_557' title='bbox 2389 3447 2582 3502; x_wconf 64' lang='lat' dir='ltr'><strong>Greco</strong></span> <span class='ocrx_word' id='word_1_558' title='bbox 2635 3445 3026 3518; x_wconf 83' lang='lat' dir='ltr'><strong>Pachymeris,</strong></span> <span class='ocrx_word' id='word_1_559' title='bbox 3060 3445 3160 3502; x_wconf 92' lang='lat' dir='ltr'><strong>ubi</strong></span> <span class='ocrx_word' id='word_1_560' title='bbox 3197 3445 3450 3502; x_wconf 82' lang='lat' dir='ltr'><strong>Urbanus</strong></span> <span class='ocrx_word' id='word_1_561' title='bbox 3499 3445 3716 3518; x_wconf 90' lang='lat' dir='ltr'><strong>legitur</strong></span> <span class='ocrx_word' id='word_1_562' title='bbox 3746 3462 3855 3518; x_wconf 92' lang='lat' dir='ltr'><strong>pro</strong></span> 
     </span>
    </p>
   </div>
   <div class='ocr_carea' id='block_1_81' title="bbox 2199 3534 3864 3606">
    <p class='ocr_par' dir='ltr' id='par_1_81' title="bbox 2199 3534 3864 3606">
     <span class='ocr_line' id='line_1_81' title="bbox 2199 3534 3864 3606; baseline 0 -16"><span class='ocrx_word' id='word_1_563' title='bbox 2199 3536 2446 3590; x_wconf 86' lang='lat' dir='ltr'><strong>Nicolao.</strong></span> <span class='ocrx_word' id='word_1_564' title='bbox 2484 3536 2560 3590; x_wconf 87' lang='lat' dir='ltr'><strong>Eo</strong></span> <span class='ocrx_word' id='word_1_565' title='bbox 2591 3535 2651 3589; x_wconf 92' lang='lat' dir='ltr'><strong>in</strong></span> <span class='ocrx_word' id='word_1_566' title='bbox 2702 3535 2916 3606; x_wconf 90' lang='lat' dir='ltr'><strong>scripto</strong></span> <span class='ocrx_word' id='word_1_567' title='bbox 2969 3534 3231 3589; x_wconf 89' lang='lat' dir='ltr'><strong>studium</strong></span> <span class='ocrx_word' id='word_1_568' title='bbox 3262 3534 3390 3597; x_wconf 89' lang='lat' dir='ltr'><strong>fuit,</strong></span> <span class='ocrx_word' id='word_1_569' title='bbox 3447 3551 3513 3590; x_wconf 91' lang='lat' dir='ltr'><strong>ac</strong></span> <span class='ocrx_word' id='word_1_570' title='bbox 3562 3534 3864 3606; x_wconf 77' lang='lat' dir='ltr'><strong>praecipua</strong></span> 
     </span>
    </p>
   </div>
   <div class='ocr_carea' id='block_1_82' title="bbox 2199 3623 3862 3697">
    <p class='ocr_par' dir='ltr' id='par_1_82' title="bbox 2199 3623 3862 3697">
     <span class='ocr_line' id='line_1_82' title="bbox 2199 3623 3862 3697; baseline -0.001 -17"><span class='ocrx_word' id='word_1_571' title='bbox 2199 3642 2360 3691; x_wconf 87' lang='lat' dir='ltr'><strong>cura,</strong></span> <span class='ocrx_word' id='word_1_572' title='bbox 2395 3625 2672 3680; x_wconf 88' lang='lat' dir='ltr'><strong>referente</strong></span> <span class='ocrx_word' id='word_1_573' title='bbox 2721 3623 3075 3697; x_wconf 86' lang='lat' dir='ltr'><strong>Pachymere</strong></span> <span class='ocrx_word' id='word_1_574' title='bbox 3122 3625 3296 3679; x_wconf 88' lang='lat' dir='ltr'><strong>citato</strong></span> <span class='ocrx_word' id='word_1_575' title='bbox 3345 3625 3534 3694; x_wconf 88' lang='lat' dir='ltr'><strong>capite</strong></span> <span class='ocrx_word' id='word_1_576' title='bbox 3587 3625 3672 3679; x_wconf 89' lang='grc'><strong>17.</strong></span> <span class='ocrx_word' id='word_1_577' title='bbox 3711 3646 3738 3672; x_wconf 89' lang='grc'><strong>‹‹</strong></span> <span class='ocrx_word' id='word_1_578' title='bbox 3786 3623 3862 3679; x_wconf 89' lang='lat' dir='ltr'><strong>Ut</strong></span> 
     </span>
    </p>
   </div>
   <div class='ocr_carea' id='block_1_83' title="bbox 2199 3712 3864 3786">
    <p class='ocr_par' dir='ltr' id='par_1_83' title="bbox 2199 3712 3864 3786">
     <span class='ocr_line' id='line_1_83' title="bbox 2199 3712 3864 3786; baseline -0.001 -17"><span class='ocrx_word' id='word_1_579' title='bbox 2199 3715 2256 3769; x_wconf 91' lang='lat' dir='ltr'><strong>in</strong></span> <span class='ocrx_word' id='word_1_580' title='bbox 2290 3715 2663 3786; x_wconf 86' lang='lat' dir='ltr'><strong>expressione</strong></span> <span class='ocrx_word' id='word_1_581' title='bbox 2710 3712 3002 3785; x_wconf 86' lang='lat' dir='ltr'><strong>dogmatis</strong></span> <span class='ocrx_word' id='word_1_582' title='bbox 3033 3713 3096 3768; x_wconf 87' lang='lat' dir='ltr'><strong>de</strong></span> <span class='ocrx_word' id='word_1_583' title='bbox 3122 3716 3371 3785; x_wconf 76' lang='lat' dir='ltr'><strong>Spiritus</strong></span> <span class='ocrx_word' id='word_1_584' title='bbox 3418 3716 3597 3768; x_wconf 79' lang='lat' dir='ltr'><strong>sancti</strong></span> <span class='ocrx_word' id='word_1_585' title='bbox 3643 3729 3864 3783; x_wconf 84' lang='lat' dir='ltr'><strong>proces-</strong></span> 
     </span>
    </p>
   </div>
   <div class='ocr_carea' id='block_1_84' title="bbox 2197 3801 3864 3874">
    <p class='ocr_par' dir='ltr' id='par_1_84' title="bbox 2197 3801 3864 3874">
     <span class='ocr_line' id='line_1_84' title="bbox 2197 3801 3864 3874; baseline -0.001 -15"><span class='ocrx_word' id='word_1_586' title='bbox 2197 3819 2372 3872; x_wconf 79' lang='lat' dir='ltr'><strong>szone,</strong></span> <span class='ocrx_word' id='word_1_587' title='bbox 2422 3821 2666 3859; x_wconf 90' lang='lat' dir='ltr'><strong>numero</strong></span> <span class='ocrx_word' id='word_1_588' title='bbox 2715 3803 2935 3874; x_wconf 89' lang='lat' dir='ltr'><strong>ingenti</strong></span> <span class='ocrx_word' id='word_1_589' title='bbox 2984 3806 3379 3874; x_wconf 78' lang='lat' dir='ltr'><strong>congerantur</strong></span> <span class='ocrx_word' id='word_1_590' title='bbox 3430 3801 3624 3870; x_wconf 65' lang='lat' dir='ltr'><strong>variae,</strong></span> <span class='ocrx_word' id='word_1_591' title='bbox 3677 3801 3864 3857; x_wconf 87' lang='lat' dir='ltr'><strong>unde-</strong></span> 
     </span>
    </p>
   </div>
   <div class='ocr_carea' id='block_1_85' title="bbox 2200 3890 3866 3964">
    <p class='ocr_par' dir='ltr' id='par_1_85' title="bbox 2200 3890 3866 3964">
     <span class='ocr_line' id='line_1_85' title="bbox 2200 3890 3866 3964; baseline -0.001 -16"><span class='ocrx_word' id='word_1_592' title='bbox 2200 3910 2431 3964; x_wconf 89' lang='lat' dir='ltr'><strong>cunque</strong></span> <span class='ocrx_word' id='word_1_593' title='bbox 2456 3910 2721 3958; x_wconf 62' lang='lat' dir='ltr'><strong>corrasaz,</strong></span> <span class='ocrx_word' id='word_1_594' title='bbox 2751 3893 2982 3947; x_wconf 87' lang='lat' dir='ltr'><strong>Patrum</strong></span> <span class='ocrx_word' id='word_1_595' title='bbox 3008 3896 3346 3947; x_wconf 91' lang='lat' dir='ltr'><strong>nostrorum</strong></span> <span class='ocrx_word' id='word_1_596' title='bbox 3369 3890 3866 3963; x_wconf 63' lang='lat' dir='ltr'><strong>(Grecorum)64</strong></span> 
     </span>
    </p>
   </div>
   <div class='ocr_carea' id='block_1_86' title="bbox 2201 3978 3867 4054">
    <p class='ocr_par' dir='ltr' id='par_1_86' title="bbox 2201 3978 3867 4054">
     <span class='ocr_line' id='line_1_86' title="bbox 2201 3978 3867 4054; baseline -0.001 -17"><span class='ocrx_word' id='word_1_597' title='bbox 2201 3982 2545 4051; x_wconf 87' lang='lat' dir='ltr'><strong>locutiones,</strong></span> <span class='ocrx_word' id='word_1_598' title='bbox 2587 3982 2870 4038; x_wconf 88' lang='lat' dir='ltr'><strong>aientium</strong></span> <span class='ocrx_word' id='word_1_599' title='bbox 2906 3999 2919 4036; x_wconf 87' lang='lat'><strong>:</strong></span> <span class='ocrx_word' id='word_1_600' title='bbox 2956 3985 3226 4036; x_wconf 89' lang='lat' dir='ltr'><strong>sanctum</strong></span> <span class='ocrx_word' id='word_1_601' title='bbox 3278 3981 3560 4054; x_wconf 89' lang='lat' dir='ltr'><strong>Spiritum</strong></span> <span class='ocrx_word' id='word_1_602' title='bbox 3594 3997 3663 4035; x_wconf 77' lang='lat' dir='ltr'><strong>ex</strong></span> <span class='ocrx_word' id='word_1_603' title='bbox 3707 3978 3867 4036; x_wconf 86' lang='lat' dir='ltr'><strong>Filio</strong></span> 
     </span>
    </p>
   </div>
   <div class='ocr_carea' id='block_1_87' title="bbox 2197 4069 3865 4144">
    <p class='ocr_par' dir='ltr' id='par_1_87' title="bbox 2197 4069 3865 4144">
     <span class='ocr_line' id='line_1_87' title="bbox 2197 4069 3865 4144; baseline -0.002 -17"><span class='ocrx_word' id='word_1_604' title='bbox 2197 4071 2484 4144; x_wconf 82' lang='lat' dir='ltr'><strong>profundi,</strong></span> <span class='ocrx_word' id='word_1_605' title='bbox 2518 4071 2778 4143; x_wconf 75' lang='lat' dir='ltr'><strong>praeberi,</strong></span> <span class='ocrx_word' id='word_1_606' title='bbox 2824 4071 2972 4137; x_wconf 87' lang='lat' dir='ltr'><strong>dari,</strong></span> <span class='ocrx_word' id='word_1_607' title='bbox 3017 4069 3482 4142; x_wconf 67' lang='lat' dir='ltr'><strong>easplendescere,</strong></span> <span class='ocrx_word' id='word_1_608' title='bbox 3516 4072 3742 4136; x_wconf 87' lang='lat' dir='ltr'><strong>micare,</strong></span> <span class='ocrx_word' id='word_1_609' title='bbox 3777 4069 3865 4123; x_wconf 90' lang='lat' dir='ltr'><strong>si-</strong></span> 
     </span>
    </p>
   </div>
   <div class='ocr_carea' id='block_1_88' title="bbox 2202 4158 3862 4233">
    <p class='ocr_par' dir='ltr' id='par_1_88' title="bbox 2202 4158 3862 4233">
     <span class='ocr_line' id='line_1_88' title="bbox 2202 4158 3862 4233; baseline -0.002 -17"><span class='ocrx_word' id='word_1_610' title='bbox 2202 4161 2491 4232; x_wconf 88' lang='lat' dir='ltr'><strong>milesque</strong></span> <span class='ocrx_word' id='word_1_611' title='bbox 2542 4162 2761 4233; x_wconf 90' lang='lat' dir='ltr'><strong>quibus</strong></span> <span class='ocrx_word' id='word_1_612' title='bbox 2810 4158 3255 4216; x_wconf 89' lang='lat' dir='ltr'><strong>accumulandis</strong></span> <span class='ocrx_word' id='word_1_613' title='bbox 3287 4159 3344 4214; x_wconf 91' lang='lat' dir='ltr'><strong>id</strong></span> <span class='ocrx_word' id='word_1_614' title='bbox 3399 4159 3550 4215; x_wconf 90' lang='lat' dir='ltr'><strong>clam</strong></span> <span class='ocrx_word' id='word_1_615' title='bbox 3581 4159 3862 4232; x_wconf 88' lang='lat' dir='ltr'><strong>agebant,</strong></span> 
     </span>
    </p>
   </div>
   <div class='ocr_carea' id='block_1_89' title="bbox 2203 4247 3865 4322">
    <p class='ocr_par' dir='ltr' id='par_1_89' title="bbox 2203 4247 3865 4322">
     <span class='ocr_line' id='line_1_89' title="bbox 2203 4247 3865 4322; baseline -0.002 -16"><span class='ocrx_word' id='word_1_616' title='bbox 2203 4255 2266 4306; x_wconf 87' lang='lat' dir='ltr'><strong>ut</strong></span> <span class='ocrx_word' id='word_1_617' title='bbox 2324 4250 2495 4322; x_wconf 88' lang='lat' dir='ltr'><strong>quasi</strong></span> <span class='ocrx_word' id='word_1_618' title='bbox 2545 4251 2860 4306; x_wconf 89' lang='lat' dir='ltr'><strong>obruerent</strong></span> <span class='ocrx_word' id='word_1_619' title='bbox 2915 4248 3245 4320; x_wconf 87' lang='lat' dir='ltr'><strong>procedendi</strong></span> <span class='ocrx_word' id='word_1_620' title='bbox 3293 4249 3578 4305; x_wconf 89' lang='lat' dir='ltr'><strong>usitatum</strong></span> <span class='ocrx_word' id='word_1_621' title='bbox 3635 4247 3865 4303; x_wconf 90' lang='lat' dir='ltr'><strong>Latinis</strong></span> 
     </span>
    </p>
   </div>
   <div class='ocr_carea' id='block_1_90' title="bbox 2200 4337 3864 4406">
    <p class='ocr_par' dir='ltr' id='par_1_90' title="bbox 2200 4337 3864 4406">
     <span class='ocr_line' id='line_1_90' title="bbox 2200 4337 3864 4406; baseline -0.002 -12"><span class='ocrx_word' id='word_1_622' title='bbox 2200 4340 2441 4394; x_wconf 89' lang='lat' dir='ltr'><strong>verbum</strong></span> <span class='ocrx_word' id='word_1_623' title='bbox 2478 4356 2490 4393; x_wconf 91' lang='lat'>:</span> <span class='ocrx_word' id='word_1_624' title='bbox 2527 4344 2585 4395; x_wconf 92' lang='lat' dir='ltr'><strong>et</strong></span> <span class='ocrx_word' id='word_1_625' title='bbox 2614 4357 2750 4394; x_wconf 91' lang='lat' dir='ltr'><strong>cum</strong></span> <span class='ocrx_word' id='word_1_626' title='bbox 2783 4338 2842 4393; x_wconf 91' lang='lat' dir='ltr'><strong>id</strong></span> <span class='ocrx_word' id='word_1_627' title='bbox 2877 4337 3124 4394; x_wconf 91' lang='lat' dir='ltr'><strong>aliorum</strong></span> <span class='ocrx_word' id='word_1_628' title='bbox 3158 4338 3405 4393; x_wconf 90' lang='lat' dir='ltr'><strong>istorum</strong></span> <span class='ocrx_word' id='word_1_629' title='bbox 3439 4337 3680 4392; x_wconf 91' lang='lat' dir='ltr'><strong>obtentu</strong></span> <span class='ocrx_word' id='word_1_630' title='bbox 3711 4339 3864 4406; x_wconf 81' lang='lat' dir='ltr'><strong>tege-</strong></span> 
     </span>
    </p>
   </div>
   <div class='ocr_carea' id='block_1_91' title="bbox 2202 4425 3862 4500">
    <p class='ocr_par' dir='ltr' id='par_1_91' title="bbox 2202 4425 3862 4500">
     <span class='ocr_line' id='line_1_91' title="bbox 2202 4425 3862 4500; baseline -0.001 -17"><span class='ocrx_word' id='word_1_631' title='bbox 2202 4435 2376 4497; x_wconf 85' lang='lat' dir='ltr'><strong>retur,</strong></span> <span class='ocrx_word' id='word_1_632' title='bbox 2409 4430 2573 4484; x_wconf 86' lang='lat' dir='ltr'><strong>tacite</strong></span> <span class='ocrx_word' id='word_1_633' title='bbox 2603 4429 2955 4500; x_wconf 88' lang='lat' dir='ltr'><strong>abrogarent.</strong></span> <span class='ocrx_word' id='word_1_634' title='bbox 2993 4450 3021 4477; x_wconf 86' lang='lat'>»</span> <span class='ocrx_word' id='word_1_635' title='bbox 3054 4427 3256 4482; x_wconf 91' lang='lat' dir='ltr'><strong>Libelli</strong></span> <span class='ocrx_word' id='word_1_636' title='bbox 3299 4426 3562 4482; x_wconf 88' lang='lat' dir='ltr'><strong>fraudem</strong></span> <span class='ocrx_word' id='word_1_637' title='bbox 3594 4426 3721 4498; x_wconf 90' lang='lat' dir='ltr'><strong>ipse</strong></span> <span class='ocrx_word' id='word_1_638' title='bbox 3750 4425 3862 4481; x_wconf 86' lang='lat' dir='ltr'><strong>Pa-</strong></span> 
     </span>
    </p>
   </div>
   <div class='ocr_carea' id='block_1_92' title="bbox 2203 4515 3568 4590">
    <p class='ocr_par' dir='ltr' id='par_1_92' title="bbox 2203 4515 3568 4590">
     <span class='ocr_line' id='line_1_92' title="bbox 2203 4515 3568 4590; baseline -0.001 -18"><span class='ocrx_word' id='word_1_639' title='bbox 2203 4519 2505 4590; x_wconf 82' lang='lat' dir='ltr'><strong>chymeres</strong></span> <span class='ocrx_word' id='word_1_640' title='bbox 2537 4518 2742 4590; x_wconf 91' lang='lat' dir='ltr'><strong>aperit,</strong></span> <span class='ocrx_word' id='word_1_641' title='bbox 2778 4516 3084 4573; x_wconf 87' lang='lat' dir='ltr'><strong>schismati</strong></span> <span class='ocrx_word' id='word_1_642' title='bbox 3115 4516 3249 4572; x_wconf 91' lang='lat' dir='ltr'><strong>licet</strong></span> <span class='ocrx_word' id='word_1_643' title='bbox 3279 4515 3568 4571; x_wconf 85' lang='lat' dir='ltr'><strong>addictus.</strong></span> 
     </span>
    </p>
   </div>
   <div class='ocr_carea' id='block_1_93' title="bbox 439 4599 3870 4693">
    <p class='ocr_par' dir='ltr' id='par_1_93' title="bbox 439 4599 3870 4693">
     <span class='ocr_line' id='line_1_93' title="bbox 439 4599 3870 4693; baseline 0.001 -37"><span class='ocrx_word' id='word_1_644' title='bbox 439 4601 618 4693; x_wconf 84' lang='lat' dir='ltr'><strong>dituri</strong></span> <span class='ocrx_word' id='word_1_645' title='bbox 650 4617 783 4656; x_wconf 81' lang='lat' dir='ltr'><strong>mox</strong></span> <span class='ocrx_word' id='word_1_646' title='bbox 813 4617 1044 4670; x_wconf 88' lang='lat' dir='ltr'><strong>sumus,</strong></span> <span class='ocrx_word' id='word_1_647' title='bbox 1076 4599 1292 4693; x_wconf 83' lang='lat' dir='ltr'><strong>legatio</strong></span> <span class='ocrx_word' id='word_1_648' title='bbox 1339 4603 1475 4693; x_wconf 78' lang='lat' dir='ltr'><strong>nata</strong></span> <span class='ocrx_word' id='word_1_649' title='bbox 1505 4605 1611 4671; x_wconf 88' lang='lat' dir='ltr'><strong>est,</strong></span> <span class='ocrx_word' id='word_1_650' title='bbox 1644 4602 1814 4672; x_wconf 89' lang='lat' dir='ltr'><strong>cujus</strong></span> <span class='ocrx_word' id='word_1_651' title='bbox 1846 4619 2089 4674; x_wconf 89' lang='lat' dir='ltr'><strong>scopum</strong></span> <span class='ocrx_word' id='word_1_652' title='bbox 2123 4629 2166 4693; x_wconf 71' lang='grc' dir='ltr'><strong>Β</strong></span> <span class='ocrx_word' id='word_1_653' title='bbox 2275 4607 2369 4662; x_wconf 92' lang='grc' dir='ltr'><strong>ΙΙΙ.</strong></span> <span class='ocrx_word' id='word_1_654' title='bbox 2400 4607 2704 4662; x_wconf 78' lang='lat' dir='ltr'><strong>Calamam</strong></span> <span class='ocrx_word' id='word_1_655' title='bbox 2762 4605 2998 4662; x_wconf 81' lang='lat' dir='ltr'><strong>strinxit</strong></span> <span class='ocrx_word' id='word_1_656' title='bbox 3049 4605 3382 4677; x_wconf 87' lang='lat' dir='ltr'><strong>patriarcha</strong></span> <span class='ocrx_word' id='word_1_657' title='bbox 3426 4609 3663 4660; x_wconf 89' lang='lat' dir='ltr'><strong>Beccus.</strong></span> <span class='ocrx_word' id='word_1_658' title='bbox 3717 4603 3870 4675; x_wconf 85' lang='lat' dir='ltr'><strong>Ope-</strong></span> 
     </span>
    </p>
   </div>
   <div class='ocr_carea' id='block_1_94' title="bbox 438 4688 2088 4762">
    <p class='ocr_par' dir='ltr' id='par_1_94' title="bbox 438 4688 2088 4762">
     <span class='ocr_line' id='line_1_94' title="bbox 438 4688 2088 4762; baseline 0.002 -18"><span class='ocrx_word' id='word_1_659' title='bbox 438 4689 797 4762; x_wconf 76' lang='lat' dir='ltr'><strong>praacipuum</strong></span> <span class='ocrx_word' id='word_1_660' title='bbox 857 4705 988 4744; x_wconf 84' lang='lat' dir='ltr'><strong>esse</strong></span> <span class='ocrx_word' id='word_1_661' title='bbox 1038 4688 1316 4760; x_wconf 90' lang='lat' dir='ltr'><strong>comperi,</strong></span> <span class='ocrx_word' id='word_1_662' title='bbox 1370 4688 1476 4744; x_wconf 92' lang='lat' dir='ltr'><strong>hoc</strong></span> <span class='ocrx_word' id='word_1_663' title='bbox 1536 4691 1691 4760; x_wconf 91' lang='lat' dir='ltr'><strong>quod</strong></span> <span class='ocrx_word' id='word_1_664' title='bbox 1753 4692 1925 4747; x_wconf 90' lang='lat' dir='ltr'><strong>modo</strong></span> <span class='ocrx_word' id='word_1_665' title='bbox 1973 4691 2088 4747; x_wconf 87' lang='lat' dir='ltr'><strong>dixi</strong></span> 
     </span>
    </p>
   </div>
   <div class='ocr_carea' id='block_1_95' title="bbox 442 4779 2086 4851">
    <p class='ocr_par' dir='ltr' id='par_1_95' title="bbox 442 4779 2086 4851">
     <span class='ocr_line' id='line_1_95' title="bbox 442 4779 2086 4851; baseline 0.002 -17"><span class='ocrx_word' id='word_1_666' title='bbox 442 4797 477 4834; x_wconf 87' lang='lat' dir='ltr'><strong>a</strong></span> <span class='ocrx_word' id='word_1_667' title='bbox 533 4779 703 4833; x_wconf 85' lang='lat' dir='ltr'><strong>nobis</strong></span> <span class='ocrx_word' id='word_1_668' title='bbox 755 4779 982 4850; x_wconf 87' lang='lat' dir='ltr'><strong>exigere</strong></span> <span class='ocrx_word' id='word_1_669' title='bbox 1043 4821 1055 4833; x_wconf 91' lang='lat'><strong>.</strong></span> <span class='ocrx_word' id='word_1_670' title='bbox 1093 4822 1106 4833; x_wconf 95' lang='lat'><strong>.</strong></span> <span class='ocrx_word' id='word_1_671' title='bbox 1145 4819 1157 4832; x_wconf 94' lang='lat'><strong>.</strong></span> <span class='ocrx_word' id='word_1_672' title='bbox 1219 4782 1334 4849; x_wconf 82' lang='lat' dir='ltr'><strong>Ego</strong></span> <span class='ocrx_word' id='word_1_673' title='bbox 1407 4784 1606 4834; x_wconf 89' lang='lat' dir='ltr'><strong>sancte</strong></span> <span class='ocrx_word' id='word_1_674' title='bbox 1661 4781 1983 4851; x_wconf 89' lang='lat' dir='ltr'><strong>polliceor.</strong></span> <span class='ocrx_word' id='word_1_675' title='bbox 2025 4825 2035 4836; x_wconf 96' lang='lat'><strong>.</strong></span> <span class='ocrx_word' id='word_1_676' title='bbox 2074 4825 2086 4838; x_wconf 96' lang='lat'><strong>.</strong></span> 
     </span>
    </p>
   </div>
   <div class='ocr_carea' id='block_1_96' title="bbox 439 4868 2089 4940">
    <p class='ocr_par' dir='ltr' id='par_1_96' title="bbox 439 4868 2089 4940">
     <span class='ocr_line' id='line_1_96' title="bbox 439 4868 2089 4940; baseline 0.001 -18"><span class='ocrx_word' id='word_1_677' title='bbox 439 4868 737 4940; x_wconf 85' lang='lat' dir='ltr'><strong>profiteor,</strong></span> <span class='ocrx_word' id='word_1_678' title='bbox 767 4872 823 4922; x_wconf 91' lang='lat' dir='ltr'><strong>et</strong></span> <span class='ocrx_word' id='word_1_679' title='bbox 857 4868 1161 4922; x_wconf 88' lang='lat' dir='ltr'><strong>verissime</strong></span> <span class='ocrx_word' id='word_1_680' title='bbox 1191 4868 1468 4940; x_wconf 90' lang='lat' dir='ltr'><strong>promitto</strong></span> <span class='ocrx_word' id='word_1_681' title='bbox 1518 4869 1768 4940; x_wconf 88' lang='lat' dir='ltr'><strong>rigorem</strong></span> <span class='ocrx_word' id='word_1_682' title='bbox 1799 4869 2089 4926; x_wconf 83' lang='lat' dir='ltr'><strong>inﬂexibi-</strong></span> 
     </span>
    </p>
   </div>
   <div class='ocr_carea' id='block_1_97' title="bbox 439 4956 2090 5032">
    <p class='ocr_par' dir='ltr' id='par_1_97' title="bbox 439 4956 2090 5032">
     <span class='ocr_line' id='line_1_97' title="bbox 439 4956 2090 5032; baseline 0.003 -21"><span class='ocrx_word' id='word_1_683' title='bbox 439 4956 557 5011; x_wconf 91' lang='lat' dir='ltr'><strong>lem</strong></span> <span class='ocrx_word' id='word_1_684' title='bbox 589 4971 775 5026; x_wconf 91' lang='lat' dir='ltr'><strong>usque</strong></span> <span class='ocrx_word' id='word_1_685' title='bbox 803 4956 872 5009; x_wconf 81' lang='lat' dir='ltr'><strong>ad</strong></span> <span class='ocrx_word' id='word_1_686' title='bbox 901 4957 1281 5012; x_wconf 70' lang='lat' dir='ltr'><strong>exclusionem</strong></span> <span class='ocrx_word' id='word_1_687' title='bbox 1301 4958 1385 5012; x_wconf 84' lang='lat' dir='ltr'><strong>vel</strong></span> <span class='ocrx_word' id='word_1_688' title='bbox 1419 4959 1672 5028; x_wconf 64' lang='lat' dir='ltr'><strong>iotw,pel</strong></span> <span class='ocrx_word' id='word_1_689' title='bbox 1704 4960 1881 5028; x_wconf 88' lang='lat' dir='ltr'><strong>apicis</strong></span> <span class='ocrx_word' id='word_1_690' title='bbox 1903 4963 2090 5032; x_wconf 88' lang='lat' dir='ltr'><strong>unius,</strong></span> 
     </span>
    </p>
   </div>
   <div class='ocr_carea' id='block_1_98' title="bbox 439 5044 2090 5124">
    <p class='ocr_par' dir='ltr' id='par_1_98' title="bbox 439 5044 2090 5124">
     <span class='ocr_line' id='line_1_98' title="bbox 439 5044 2090 5124; baseline 0.004 -24"><span class='ocrx_word' id='word_1_691' title='bbox 439 5045 522 5101; x_wconf 91' lang='lat' dir='ltr'><strong>De</strong></span> <span class='ocrx_word' id='word_1_692' title='bbox 551 5044 659 5100; x_wconf 91' lang='lat' dir='ltr'><strong>hoc</strong></span> <span class='ocrx_word' id='word_1_693' title='bbox 703 5045 842 5100; x_wconf 90' lang='lat' dir='ltr'><strong>certi</strong></span> <span class='ocrx_word' id='word_1_694' title='bbox 873 5049 1076 5112; x_wconf 89' lang='lat' dir='ltr'><strong>estote,</strong></span> <span class='ocrx_word' id='word_1_695' title='bbox 1112 5046 1170 5101; x_wconf 92' lang='lat' dir='ltr'><strong>in</strong></span> <span class='ocrx_word' id='word_1_696' title='bbox 1203 5048 1356 5117; x_wconf 89' lang='lat' dir='ltr'><strong>quod</strong></span> <span class='ocrx_word' id='word_1_697' title='bbox 1407 5048 1480 5102; x_wconf 94' lang='lat' dir='ltr'><strong>do</strong></span> <span class='ocrx_word' id='word_1_698' title='bbox 1529 5047 1695 5103; x_wconf 88' lang='lat' dir='ltr'><strong>vobis</strong></span> <span class='ocrx_word' id='word_1_699' title='bbox 1745 5049 1918 5105; x_wconf 80' lang='lat' dir='ltr'><strong>fidem</strong></span> <span class='ocrx_word' id='word_1_700' title='bbox 1969 5052 2090 5124; x_wconf 89' lang='lat' dir='ltr'><strong>ple-</strong></span> 
     </span>
    </p>
   </div>
   <div class='ocr_carea' id='block_1_99' title="bbox 441 5150 840 5190">
    <p class='ocr_par' dir='ltr' id='par_1_99' title="bbox 441 5150 840 5190">
     <span class='ocr_line' id='line_1_99' title="bbox 441 5150 840 5190; baseline -0.02 0"><span class='ocrx_word' id='word_1_701' title='bbox 441 5150 777 5190; x_wconf 78' lang='lat' dir='ltr'><strong>nisaimam.</strong></span> <span class='ocrx_word' id='word_1_702' title='bbox 813 5156 840 5182; x_wconf 81' lang='lat'><strong>»</strong></span> 
     </span>
    </p>
   </div>
   <div class='ocr_carea' id='block_1_100' title="bbox 1022 5269 1500 5326">
    <p class='ocr_par' dir='ltr' id='par_1_100' title="bbox 1022 5269 1500 5326">
     <span class='ocr_line' id='line_1_100' title="bbox 1022 5269 1500 5326; baseline 0.004 -3"><span class='ocrx_word' id='word_1_703' title='bbox 1022 5269 1122 5324; x_wconf 78' lang='lat'><strong>63</strong></span> <span class='ocrx_word' id='word_1_704' title='bbox 1163 5269 1393 5325; x_wconf 87' lang='lat' dir='ltr'><strong>CAPUT</strong></span> <span class='ocrx_word' id='word_1_705' title='bbox 1437 5273 1500 5326; x_wconf 87' lang='lat' dir='ltr'><strong>V.</strong></span> 
     </span>
    </p>
   </div>
   <div class='ocr_carea' id='block_1_101' title="bbox 436 5382 2086 5460">
    <p class='ocr_par' dir='ltr' id='par_1_101' title="bbox 436 5382 2086 5460">
     <span class='ocr_line' id='line_1_101' title="bbox 436 5382 2086 5460; baseline 0.003 -21"><span class='ocrx_word' id='word_1_706' title='bbox 436 5385 639 5440; x_wconf 87' lang='lat' dir='ltr'><strong>Beccus</strong></span> <span class='ocrx_word' id='word_1_707' title='bbox 671 5382 1005 5460; x_wconf 77' lang='lat' dir='ltr'><strong>patriarcha</strong></span> <span class='ocrx_word' id='word_1_708' title='bbox 1053 5385 1261 5460; x_wconf 76' lang='lat' dir='ltr'><strong>secedit</strong></span> <span class='ocrx_word' id='word_1_709' title='bbox 1286 5388 1344 5440; x_wconf 87' lang='lat' dir='ltr'><strong>in</strong></span> <span class='ocrx_word' id='word_1_710' title='bbox 1385 5388 1796 5455; x_wconf 86' lang='lat' dir='ltr'><strong>monasterium,</strong></span> <span class='ocrx_word' id='word_1_711' title='bbox 1829 5405 1892 5443; x_wconf 89' lang='lat' dir='ltr'><strong>ac</strong></span> <span class='ocrx_word' id='word_1_712' title='bbox 1919 5390 2086 5460; x_wconf 87' lang='lat' dir='ltr'><strong>paulo</strong></span> 
     </span>
    </p>
   </div>
   <div class='ocr_carea' id='block_1_102' title="bbox 504 5456 2087 5527">
    <p class='ocr_par' dir='ltr' id='par_1_102' title="bbox 504 5456 2087 5527">
     <span class='ocr_line' id='line_1_102' title="bbox 504 5456 2087 5527; baseline 0.003 -17"><span class='ocrx_word' id='word_1_713' title='bbox 504 5463 646 5527; x_wconf 12' lang='lat' dir='ltr'><strong>post,</strong></span> <span class='ocrx_word' id='word_1_714' title='bbox 683 5458 746 5510; x_wconf 92' lang='lat' dir='ltr'><strong>in</strong></span> <span class='ocrx_word' id='word_1_715' title='bbox 794 5456 938 5512; x_wconf 51' lang='lat' dir='ltr'><strong>(rites</strong></span> <span class='ocrx_word' id='word_1_716' title='bbox 992 5458 1390 5522; x_wconf 79' lang='lat' dir='ltr'><strong>pat&#39;rzarchales</strong></span> <span class='ocrx_word' id='word_1_717' title='bbox 1435 5461 1753 5514; x_wconf 82' lang='lat' dir='ltr'><strong>revertitur.</strong></span> <span class='ocrx_word' id='word_1_718' title='bbox 1807 5456 2087 5516; x_wconf 34' lang='lat' dir='ltr'><strong>Sub—dolus</strong></span> 
     </span>
    </p>
   </div>
   <div class='ocr_carea' id='block_1_103' title="bbox 507 5526 2082 5602">
    <p class='ocr_par' dir='ltr' id='par_1_103' title="bbox 507 5526 2082 5602">
     <span class='ocr_line' id='line_1_103' title="bbox 507 5526 2082 5602; baseline 0.003 -20"><span class='ocrx_word' id='word_1_719' title='bbox 507 5526 803 5602; x_wconf 69' lang='lat' dir='ltr'><strong>conficitur</strong></span> <span class='ocrx_word' id='word_1_720' title='bbox 859 5528 1107 5592; x_wconf 85' lang='lat' dir='ltr'><strong>libellus,</strong></span> <span class='ocrx_word' id='word_1_721' title='bbox 1158 5529 1401 5584; x_wconf 84' lang='lat' dir='ltr'><strong>Romano</strong></span> <span class='ocrx_word' id='word_1_722' title='bbox 1448 5533 1702 5602; x_wconf 83' lang='lat' dir='ltr'><strong>pontiﬁci</strong></span> <span class='ocrx_word' id='word_1_723' title='bbox 1759 5533 2082 5602; x_wconf 81' lang='lat' dir='ltr'><strong>oﬂerendus.</strong></span> 
     </span>
    </p>
   </div>
   <div class='ocr_carea' id='block_1_104' title="bbox 512 5600 2083 5732">
    <p class='ocr_par' dir='ltr' id='par_1_104' title="bbox 512 5600 2083 5732">
     <span class='ocr_line' id='line_1_104' title="bbox 512 5600 2083 5732; baseline 0.004 -80"><span class='ocrx_word' id='word_1_724' title='bbox 512 5600 730 5726; x_wconf 50' lang='lat' dir='ltr'><strong>Scripta</strong></span> <span class='ocrx_word' id='word_1_725' title='bbox 761 5609 980 5666; x_wconf 78' lang='lat' dir='ltr'><strong>reponit</strong></span> <span class='ocrx_word' id='word_1_726' title='bbox 1028 5601 1250 5682; x_wconf 82' lang='lat' dir='ltr'><strong>Beccus,</strong></span> <span class='ocrx_word' id='word_1_727' title='bbox 1284 5617 1498 5656; x_wconf 88' lang='lat' dir='ltr'><strong>summa</strong></span> <span class='ocrx_word' id='word_1_728' title='bbox 1545 5600 2083 5732; x_wconf 58' lang='lat' dir='ltr'><strong>quorumagertur,</strong></span> 
     </span>
     <span class='ocr_line' id='line_1_105' title="bbox 512 5670 2083 5732; baseline 0 0"><span class='ocrx_word' id='word_1_729' title='bbox 512 5686 573 5732; x_wconf 81' lang='lat' dir='ltr'><strong>ac</strong></span> <span class='ocrx_word' id='word_1_730' title='bbox 599 5687 618 5728; x_wconf 74' lang='grc' dir='ltr'><em>τ</em></span> <span class='ocrx_word' id='word_1_731' title='bbox 647 5670 920 5728; x_wconf 84' lang='lat' dir='ltr'><strong>lustratur</strong></span> <span class='ocrx_word' id='word_1_732' title='bbox 946 5688 964 5728; x_wconf 76' lang='grc' dir='ltr'><strong>,ο</strong></span> <span class='ocrx_word' id='word_1_733' title='bbox 995 5675 1284 5732; x_wconf 75' lang='lat' dir='ltr'><strong>agiturque</strong></span> <span class='ocrx_word' id='word_1_734' title='bbox 1329 5673 1398 5731; x_wconf 87' lang='lat' dir='ltr'><strong>de</strong></span> <span class='ocrx_word' id='word_1_735' title='bbox 1427 5675 1541 5732; x_wconf 78' lang='lat' dir='ltr'><strong>Han</strong></span> <span class='ocrx_word' id='word_1_736' title='bbox 1569 5676 1750 5732; x_wconf 86' lang='lat' dir='ltr'><strong>otheca</strong></span> <span class='ocrx_word' id='word_1_737' title='bbox 1779 5676 1860 5731; x_wconf 86' lang='lat' dir='ltr'><strong>An</strong></span> <span class='ocrx_word' id='word_1_738' title='bbox 1903 5676 2083 5732; x_wconf 85' lang='lat' dir='ltr'><strong>ronici</strong></span> 
     </span>
    </p>
   </div>
   <div class='ocr_carea' id='block_1_105' title="bbox 509 5670 2087 5750">
    <p class='ocr_par' dir='ltr' id='par_1_105' title="bbox 509 5670 2087 5750">
     <span class='ocr_line' id='line_1_106' title="bbox 509 5670 2087 5750; baseline 0.006 -24"><span class='ocrx_word' id='word_1_739' title='bbox 509 5686 573 5736; x_wconf 87' lang='lat' dir='ltr'><strong>ac</strong></span> <span class='ocrx_word' id='word_1_740' title='bbox 599 5670 920 5728; x_wconf 84' lang='lat' dir='ltr'><strong>illustratur</strong></span> <span class='ocrx_word' id='word_1_741' title='bbox 946 5688 964 5728; x_wconf 76' lang='grc' dir='ltr'><strong>,ο</strong></span> <span class='ocrx_word' id='word_1_742' title='bbox 995 5673 1284 5750; x_wconf 84' lang='lat' dir='ltr'><strong>agiturque</strong></span> <span class='ocrx_word' id='word_1_743' title='bbox 1329 5673 1398 5731; x_wconf 87' lang='lat' dir='ltr'><strong>de</strong></span> <span class='ocrx_word' id='word_1_744' title='bbox 1427 5670 1750 5747; x_wconf 86' lang='lat' dir='ltr'><strong>Hoplotheca</strong></span> <span class='ocrx_word' id='word_1_745' title='bbox 1779 5670 2087 5735; x_wconf 80' lang='lat' dir='ltr'><strong>Andronici</strong></span> 
     </span>
    </p>
   </div>
   <div class='ocr_carea' id='block_1_106' title="bbox 2202 4692 3864 4767">
    <p class='ocr_par' dir='ltr' id='par_1_106' title="bbox 2202 4692 3864 4767">
     <span class='ocr_line' id='line_1_107' title="bbox 2202 4692 3864 4767; baseline -0.002 -16"><span class='ocrx_word' id='word_1_746' title='bbox 2202 4713 2335 4752; x_wconf 89' lang='lat' dir='ltr'><strong>rum</strong></span> <span class='ocrx_word' id='word_1_747' title='bbox 2382 4698 2509 4765; x_wconf 91' lang='lat' dir='ltr'><strong>ejus</strong></span> <span class='ocrx_word' id='word_1_748' title='bbox 2552 4713 2872 4758; x_wconf 82' lang='lat' dir='ltr'><strong>summam,</strong></span> <span class='ocrx_word' id='word_1_749' title='bbox 2923 4712 3100 4767; x_wconf 91' lang='lat' dir='ltr'><strong>quam</strong></span> <span class='ocrx_word' id='word_1_750' title='bbox 3147 4694 3554 4766; x_wconf 79' lang='lat' dir='ltr'><strong>Pachymeres,</strong></span> <span class='ocrx_word' id='word_1_751' title='bbox 3588 4692 3737 4749; x_wconf 92' lang='lat' dir='ltr'><strong>libro</strong></span> <span class='ocrx_word' id='word_1_752' title='bbox 3777 4710 3864 4761; x_wconf 73' lang='lat' dir='ltr'><strong>vr,</strong></span> 
     </span>
    </p>
   </div>
   <div class='ocr_carea' id='block_1_107' title="bbox 2203 4781 3865 4856">
    <p class='ocr_par' dir='ltr' id='par_1_107' title="bbox 2203 4781 3865 4856">
     <span class='ocr_line' id='line_1_108' title="bbox 2203 4781 3865 4856; baseline -0.002 -16"><span class='ocrx_word' id='word_1_753' title='bbox 2203 4787 2390 4856; x_wconf 87' lang='lat' dir='ltr'><strong>capite</strong></span> <span class='ocrx_word' id='word_1_754' title='bbox 2422 4786 2513 4852; x_wconf 84' lang='lat'><strong>23,</strong></span> <span class='ocrx_word' id='word_1_755' title='bbox 2550 4785 2790 4852; x_wconf 87' lang='lat' dir='ltr'><strong>indicat,</strong></span> <span class='ocrx_word' id='word_1_756' title='bbox 2825 4784 3002 4840; x_wconf 89' lang='lat' dir='ltr'><strong>latius</strong></span> <span class='ocrx_word' id='word_1_757' title='bbox 3033 4785 3091 4838; x_wconf 90' lang='lat' dir='ltr'><strong>in</strong></span> <span class='ocrx_word' id='word_1_758' title='bbox 3123 4783 3478 4850; x_wconf 87' lang='lat' dir='ltr'><strong>Andronico,</strong></span> <span class='ocrx_word' id='word_1_759' title='bbox 3508 4781 3656 4838; x_wconf 90' lang='lat' dir='ltr'><strong>libro</strong></span> <span class='ocrx_word' id='word_1_760' title='bbox 3689 4798 3726 4852; x_wconf 85' lang='grc' dir='ltr'><strong>Ι,</strong></span> <span class='ocrx_word' id='word_1_761' title='bbox 3763 4799 3865 4838; x_wconf 87' lang='lat' dir='ltr'><strong>ca-</strong></span> 
     </span>
    </p>
   </div>
   <div class='ocr_carea' id='block_1_108' title="bbox 2204 4871 3868 4947">
    <p class='ocr_par' dir='ltr' id='par_1_108' title="bbox 2204 4871 3868 4947">
     <span class='ocr_line' id='line_1_109' title="bbox 2204 4871 3868 4947; baseline -0.001 -19"><span class='ocrx_word' id='word_1_762' title='bbox 2204 4875 2321 4947; x_wconf 81' lang='lat' dir='ltr'><strong>pite</strong></span> <span class='ocrx_word' id='word_1_763' title='bbox 2344 4876 2398 4943; x_wconf 84' lang='lat'><strong>9,</strong></span> <span class='ocrx_word' id='word_1_764' title='bbox 2433 4880 2684 4931; x_wconf 86' lang='lat' dir='ltr'><strong>enarrat.</strong></span> <span class='ocrx_word' id='word_1_765' title='bbox 2721 4874 2863 4929; x_wconf 91' lang='lat' dir='ltr'><strong>Mihi</strong></span> <span class='ocrx_word' id='word_1_766' title='bbox 2910 4875 3114 4929; x_wconf 87' lang='lat' dir='ltr'><strong>eadem</strong></span> <span class='ocrx_word' id='word_1_767' title='bbox 3146 4872 3486 4945; x_wconf 89' lang='lat' dir='ltr'><strong>diligentius</strong></span> <span class='ocrx_word' id='word_1_768' title='bbox 3518 4871 3868 4944; x_wconf 87' lang='lat' dir='ltr'><strong>exponenda</strong></span> 
     </span>
    </p>
   </div>
   <div class='ocr_carea' id='block_1_109' title="bbox 2203 4969 2312 5020">
    <p class='ocr_par' dir='ltr' id='par_1_109' title="bbox 2203 4969 2312 5020">
     <span class='ocr_line' id='line_1_110' title="bbox 2203 4969 2312 5020; baseline -0.018 0"><span class='ocrx_word' id='word_1_769' title='bbox 2203 4969 2312 5020; x_wconf 89' lang='lat' dir='ltr'><strong>est.</strong></span> 
     </span>
    </p>
   </div>
   <div class='ocr_carea' id='block_1_110' title="bbox 2275 5050 3862 5127">
    <p class='ocr_par' dir='ltr' id='par_1_110' title="bbox 2275 5050 3862 5127">
     <span class='ocr_line' id='line_1_111' title="bbox 2275 5050 3862 5127; baseline -0.001 -20"><span class='ocrx_word' id='word_1_770' title='bbox 2275 5055 2351 5123; x_wconf 87' lang='grc'><strong>(1)</strong></span> <span class='ocrx_word' id='word_1_771' title='bbox 2383 5078 2410 5103; x_wconf 90' lang='grc'><strong>‹‹</strong></span> <span class='ocrx_word' id='word_1_772' title='bbox 2448 5055 2593 5127; x_wconf 90' lang='lat' dir='ltr'><strong>Ergo</strong></span> <span class='ocrx_word' id='word_1_773' title='bbox 2633 5053 2732 5108; x_wconf 90' lang='lat' dir='ltr'><strong>ille</strong></span> <span class='ocrx_word' id='word_1_774' title='bbox 2780 5056 3118 5109; x_wconf 90' lang='lat' dir='ltr'><strong>sanctorum</strong></span> <span class='ocrx_word' id='word_1_775' title='bbox 3167 5051 3386 5122; x_wconf 89' lang='lat' dir='ltr'><strong>scripta</strong></span> <span class='ocrx_word' id='word_1_776' title='bbox 3415 5050 3694 5106; x_wconf 89' lang='lat' dir='ltr'><strong>attentius</strong></span> <span class='ocrx_word' id='word_1_777' title='bbox 3727 5066 3862 5122; x_wconf 86' lang='lat' dir='ltr'><strong>per-</strong></span> 
     </span>
    </p>
   </div>
   <div class='ocr_carea' id='block_1_111' title="bbox 2201 5139 3861 5214">
    <p class='ocr_par' dir='ltr' id='par_1_111' title="bbox 2201 5139 3861 5214">
     <span class='ocr_line' id='line_1_112' title="bbox 2201 5139 3861 5214; baseline -0.001 -16"><span class='ocrx_word' id='word_1_778' title='bbox 2201 5142 2419 5214; x_wconf 86' lang='lat' dir='ltr'><strong>legens,</strong></span> <span class='ocrx_word' id='word_1_779' title='bbox 2456 5143 2513 5197; x_wconf 91' lang='lat' dir='ltr'><strong>in</strong></span> <span class='ocrx_word' id='word_1_780' title='bbox 2547 5143 2758 5198; x_wconf 92' lang='lat' dir='ltr'><strong>horum</strong></span> <span class='ocrx_word' id='word_1_781' title='bbox 2804 5141 3099 5213; x_wconf 90' lang='lat' dir='ltr'><strong>plerisque</strong></span> <span class='ocrx_word' id='word_1_782' title='bbox 3148 5156 3299 5212; x_wconf 69' lang='lat' dir='ltr'><strong>saape</strong></span> <span class='ocrx_word' id='word_1_783' title='bbox 3331 5140 3445 5196; x_wconf 93' lang='lat' dir='ltr'><strong>dici</strong></span> <span class='ocrx_word' id='word_1_784' title='bbox 3477 5139 3810 5195; x_wconf 90' lang='lat' dir='ltr'><strong>observavit</strong></span> <span class='ocrx_word' id='word_1_785' title='bbox 3844 5157 3861 5196; x_wconf 88' lang='lat'><strong>:</strong></span> 
     </span>
    </p>
   </div>
   <div class='ocr_carea' id='block_1_112' title="bbox 2199 5225 3859 5308">
    <p class='ocr_par' dir='ltr' id='par_1_112' title="bbox 2199 5225 3859 5308">
     <span class='ocr_line' id='line_1_113' title="bbox 2199 5225 3859 5308; baseline -0.005 -21"><span class='ocrx_word' id='word_1_786' title='bbox 2199 5232 2482 5303; x_wconf 88' lang='lat' dir='ltr'><strong>Spiritum</strong></span> <span class='ocrx_word' id='word_1_787' title='bbox 2529 5236 2797 5288; x_wconf 89' lang='lat' dir='ltr'><strong>sanctum</strong></span> <span class='ocrx_word' id='word_1_788' title='bbox 2850 5229 2908 5284; x_wconf 80' lang='grc' dir='ltr'>ἐκ</span> <span class='ocrx_word' id='word_1_789' title='bbox 2951 5229 3164 5304; x_wconf 83' lang='grc' dir='ltr'><strong>ΙΙατρὸς</strong></span> <span class='ocrx_word' id='word_1_790' title='bbox 3204 5225 3286 5308; x_wconf 41' lang='grc' dir='ltr'><strong>,δι’</strong></span> <span class='ocrx_word' id='word_1_791' title='bbox 3329 5229 3458 5282; x_wconf 63' lang='lat' dir='ltr'><strong>rio?»</strong></span> <span class='ocrx_word' id='word_1_792' title='bbox 3505 5231 3859 5302; x_wconf 81' lang='grc' dir='ltr'><strong>προχεῖσθαι,</strong></span> 
     </span>
    </p>
   </div>
   <div class='ocr_carea' id='block_1_113' title="bbox 2199 5317 3865 5394">
    <p class='ocr_par' dir='ltr' id='par_1_113' title="bbox 2199 5317 3865 5394">
     <span class='ocr_line' id='line_1_114' title="bbox 2199 5317 3865 5394; baseline -0.001 -21"><span class='ocrx_word' id='word_1_793' title='bbox 2199 5318 2519 5391; x_wconf 78' lang='grc' dir='ltr'>ἐκλάμπειν,</span> <span class='ocrx_word' id='word_1_794' title='bbox 2595 5323 2974 5394; x_wconf 76' lang='grc' dir='ltr'><strong>χορηγεῖσθαι,</strong></span> <span class='ocrx_word' id='word_1_795' title='bbox 3044 5317 3313 5394; x_wconf 71' lang='grc' dir='ltr'><strong>προϊέναι,</strong></span> <span class='ocrx_word' id='word_1_796' title='bbox 3372 5335 3442 5373; x_wconf 71' lang='lat' dir='ltr'><strong>ex</strong></span> <span class='ocrx_word' id='word_1_797' title='bbox 3519 5319 3686 5372; x_wconf 80' lang='lat' dir='ltr'><strong>Putre</strong></span> <span class='ocrx_word' id='word_1_798' title='bbox 3756 5333 3865 5388; x_wconf 88' lang='lat' dir='ltr'><strong>per</strong></span> 
     </span>
    </p>
   </div>
   <div class='ocr_carea' id='block_1_114' title="bbox 2196 5406 3854 5482">
    <p class='ocr_par' dir='ltr' id='par_1_114' title="bbox 2196 5406 3854 5482">
     <span class='ocr_line' id='line_1_115' title="bbox 2196 5406 3854 5482; baseline -0.005 -16"><span class='ocrx_word' id='word_1_799' title='bbox 2196 5411 2410 5466; x_wconf 76' lang='lat' dir='ltr'><strong>Filium</strong></span> <span class='ocrx_word' id='word_1_800' title='bbox 2436 5410 2719 5482; x_wconf 79' lang='lat' dir='ltr'><strong>profundi,</strong></span> <span class='ocrx_word' id='word_1_801' title='bbox 2753 5409 3212 5480; x_wconf 72' lang='lat' dir='ltr'><strong>exsplendescere,</strong></span> <span class='ocrx_word' id='word_1_802' title='bbox 3241 5408 3505 5480; x_wconf 69' lang='lat' dir='ltr'><strong>praeberi,</strong></span> <span class='ocrx_word' id='word_1_803' title='bbox 3537 5406 3785 5478; x_wconf 76' lang='lat' dir='ltr'><strong>prodire.</strong></span> <span class='ocrx_word' id='word_1_804' title='bbox 3829 5426 3854 5457; x_wconf 75' lang='grc' dir='ltr'><strong>ι</strong></span> 
     </span>
    </p>
   </div>
   <div class='ocr_carea' id='block_1_115' title="bbox 2197 5495 3862 5571">
    <p class='ocr_par' dir='ltr' id='par_1_115' title="bbox 2197 5495 3862 5571">
     <span class='ocr_line' id='line_1_116' title="bbox 2197 5495 3862 5571; baseline -0.002 -17"><span class='ocrx_word' id='word_1_805' title='bbox 2197 5500 2538 5554; x_wconf 87' lang='lat' dir='ltr'><strong>Divinarum</strong></span> <span class='ocrx_word' id='word_1_806' title='bbox 2591 5516 2998 5571; x_wconf 84' lang='lat' dir='ltr'><strong>personarum,</strong></span> <span class='ocrx_word' id='word_1_807' title='bbox 3053 5498 3205 5564; x_wconf 84' lang='lat' dir='ltr'><strong>Filii,</strong></span> <span class='ocrx_word' id='word_1_808' title='bbox 3238 5502 3296 5553; x_wconf 87' lang='lat' dir='ltr'><strong>et</strong></span> <span class='ocrx_word' id='word_1_809' title='bbox 3341 5496 3596 5569; x_wconf 90' lang='lat' dir='ltr'><strong>Spiritus</strong></span> <span class='ocrx_word' id='word_1_810' title='bbox 3645 5495 3862 5566; x_wconf 89' lang='lat' dir='ltr'><strong>sancti,</strong></span> 
     </span>
    </p>
   </div>
   <div class='ocr_carea' id='block_1_116' title="bbox 2195 5583 3861 5660">
    <p class='ocr_par' dir='ltr' id='par_1_116' title="bbox 2195 5583 3861 5660">
     <span class='ocr_line' id='line_1_117' title="bbox 2195 5583 3861 5660; baseline -0.002 -16"><span class='ocrx_word' id='word_1_811' title='bbox 2195 5587 2594 5644; x_wconf 86' lang='lat' dir='ltr'><strong>emanationes</strong></span> <span class='ocrx_word' id='word_1_812' title='bbox 2625 5605 2692 5644; x_wconf 85' lang='lat' dir='ltr'><strong>ex</strong></span> <span class='ocrx_word' id='word_1_813' title='bbox 2743 5589 2929 5656; x_wconf 91' lang='lat' dir='ltr'><strong>Patre,</strong></span> <span class='ocrx_word' id='word_1_814' title='bbox 2966 5589 3314 5660; x_wconf 91' lang='lat' dir='ltr'><strong>plerumque</strong></span> <span class='ocrx_word' id='word_1_815' title='bbox 3359 5589 3644 5642; x_wconf 88' lang='lat' dir='ltr'><strong>vocarunt</strong></span> <span class='ocrx_word' id='word_1_816' title='bbox 3674 5583 3861 5642; x_wconf 88' lang='lat' dir='ltr'><strong>eccle-</strong></span> 
     </span>
    </p>
   </div>
   <div class='ocr_carea' id='block_1_117' title="bbox 2194 5673 3862 5755">
    <p class='ocr_par' dir='ltr' id='par_1_117' title="bbox 2194 5673 3862 5755">
     <span class='ocr_line' id='line_1_118' title="bbox 2194 5673 3862 5755; baseline 0 -19"><span class='ocrx_word' id='word_1_817' title='bbox 2194 5678 2412 5736; x_wconf 88' lang='lat' dir='ltr'><strong>siaslici</strong></span> <span class='ocrx_word' id='word_1_818' title='bbox 2491 5678 2804 5754; x_wconf 88' lang='lat' dir='ltr'><strong>scriptores</strong></span> <span class='ocrx_word' id='word_1_819' title='bbox 2881 5676 3234 5755; x_wconf 78' lang='lat' dir='ltr'><strong>eﬂulgentzas</strong></span> <span class='ocrx_word' id='word_1_820' title='bbox 3305 5684 3358 5734; x_wconf 88' lang='lat' dir='ltr'><strong>et</strong></span> <span class='ocrx_word' id='word_1_821' title='bbox 3412 5673 3862 5754; x_wconf 55' lang='lat' dir='ltr'><strong>“splendescen-</strong></span> 
     </span>
    </p>
   </div>
  </div>
