4090 6444
209 422 280 481 ’Π
1459 441 1673 506 VI'I‘A.
1705 479 1782 491 —
1809 450 1839 508 I

1953 452 2330 521 SERTATIO
2379 461 2429 521 Ι.
3570 490 3649 549 78

209 1014 327 1053 nem
352 1001 640 1058 omnibus
666 1003 1028 1064 Christianis
1070 1027 1444 1071 communem
1477 1034 1626 1088 esse,
1660 1021 1871 1079 Filium

204 1086 454 1143 videlicet
485 1089 608 1166 φῶς
662 1090 807 1146 εἶναι
864 1097 1121 1170 γεννητὸν
1174 1098 1234 1154 ἐκ
1284 1107 1383 1156 τοῦ
1431 1086 1728 1180 ἀγεννῆτου
1759 1132 1873 1187 φωρ

202 1172 283 1233 τὸς
332 1177 515 1233 lucem
568 1184 828 1250 genitam
883 1201 1001 1243 esse
1052 1191 1386 1259 exingcnita
1444 1195 1565 1252 luce
1618 1172 1871 1273 ἀπολοὶμ-

202 1265 353 1335 bay-.2
421 1269 899 1339 resplendentem.
974 1276 1224 1335 Sanctus
1302 1281 1551 1353 Cyrillus
1618 1288 1678 1342 in
1737 1265 1871 1345 The-

189 1369 369 1420 sum,
430 1373 573 1428 pag.
642 1359 732 1428 49,
796 1363 940 1418 edit.
1004 1365 1209 1435 Paris.,
1272 1372 1448 1428 1638:
1503 1379 1675 1432 Nemo
1724 1385 1871 1435 recte

184 1446 425 1500 sentiens
456 1448 713 1515 dixerit,
744 1455 1130 1519 generativam
1158 1459 1255 1514 Dei
1285 1466 1580 1520 essentiam
1608 1466 1869 1525 damnum

182 1531 368 1587 ullum
397 1536 488 1590 vel
521 1538 813 1608 efﬂuxum
838 1545 965 1612 pati
992 1561 1117 1598 cum
1162 1564 1305 1604 unus
1335 1568 1400 1606 ac
1443 1555 1587 1611 solus
1621 1554 1672 1626 ἐξ
1703 1557 1869 1627 αὐτῆς

180 1618 571 1696 ἐκλάμψασαν,
631 1629 929 1701 eﬂ'ulgebat
983 1637 1182 1691 Filius.
1241 1640 1474 1698 Studita
1520 1644 1581 1699 in
1630 1618 1747 1704 uno
1799 1618 1867 1705 eis

175 1710 619 1771 Gradualibus:
641 1719 891 1788 Spiritus
910 1729 1170 1780 sanctus‘.
1208 1767 1221 1779 .
1258 1768 1271 1782 .
1299 1731 1402 1801 qui
1417 1746 1489 1787 ex
1513 1738 1679 1791 Patre
1696 1739 1865 1794 simul

174 1800 371 1869 eluxit,
407 1800 474 1855 ἐκ
505 1803 731 1879 ιιατρὸς
778 1806 1185 1885 συνεκλάμψαν.
1233 1800 1365 1873 Haec
1394 1818 1688 1880 indicasse
1715 1842 1861 1897 pau-

180 1904 261 1960 ca,
290 1890 443 1947 satis
476 1908 493 1949 :
528 1892 714 1965 plura
745 1896 1025 1956 dabimus
1057 1901 1226 1959 intra.

1984 1126 2240 1178 mentem
2282 1128 2538 1199 exponit,
2589 1130 3058 1196 luculentissime
3105 1148 3447 1218 exsequitur
3476 1150 3639 1210 Peta-

1980 1211 2110 1266 vius
2141 1211 2289 1269 libro
2320 1232 2418 1283 v11,
2472 1219 2644 1276 citato
2698 1224 2884 1296 capite
2912 1228 2969 1285 8.
3018 1230 3208 1288 Photii
3238 1211 3638 1311 exceptionem

1980 1298 2205 1356 elidunt
2255 1308 2624 1364 mcumenlcae
2682 1314 2910 1384 synodi,
2965 1319 3054 1373 vel
3112 1320 3172 1377 in
3228 1298 3638 1396 ipso.0riente

1980 1389 2298 1462 celebratae,
2342 1411 2470 1465 quae
2516 1398 2738 1457 Latinis
2788 1402 3079 1477 Patribus,
3126 1389 3496 1487 maximeque
3537 1420 3635 1474 Hi-

1978 1477 2144 1546 lario,
2176 1483 2508 1553 Ambrosio,
2541 1492 2895 1561 Augustino,
2938 1496 3136 1565 Leoni,
3170 1477 3447 1575 Gregorio
3482 1507 3634 1563 mul-

1976 1571 2101 1622 tum
2135 1585 2195 1624 se
2227 1572 2483 1629 tribuere
2521 1579 2907 1646 proﬁtentur:
2940 1591 2997 1640 et
3044 1603 3169 1658 qua:
3203 1571 3479 1663 dogmata
3509 1602 3629 1655 sta-

1976 1660 2175 1725 tuunt,
2207 1675 2276 1714 ex
2305 1660 2543 1719 illorum
2574 1667 2747 1722 etiam
2782 1673 3126 1732 auctoritate
3155 1678 3496 1740 decernunt.

2046 1745 2120 1816 (4)
2159 1767 2186 1799 α
2219 1754 2298 1803 Ac
2330 1767 2486 1806 nunc
2519 1754 2752 1824 quidem
2778 1759 2999 1818 invenit
3020 1758 3407 1826 Athanasium
3437 1773 3633 1832 dicen-

247 1979 319 2051 ('3)
349 2003 381 2031 ς(
416 2003 447 2031 (ι
480 1982 805 2041 Procedere
833 1988 978 2059 quin
1009 1991 1211 2060 etiam,
1263 1996 1545 2054 afﬁrmari
1579 2004 1794 2074 reperit
1823 2023 1857 2061 a

188 2073 376 2124 sancto
420 2074 713 2138 Mamimo,
766 2075 980 2132 deinde
1028 2096 1063 2133 a
1109 2097 1342 2140 summo
1399 2073 1851 2161 quoqueiTheo-

183 2156 303 2229 lego
334 2159 690 2218 Damasceno
710 2180 730 2216 :
753 2165 973 2235 quibus
995 2174 1383 2229 consentanea
1407 2156 1687 2250 magnum
1715 2198 1854 2253 prie-

179 2250 327 2302 terea
362 2250 693 2320 Tarasium,
725 2268 862 2308 cum
910 2255 1186 2314 universa
1232 2263 1485 2334 septima
1515 2270 1758 2341 synodo,
1791 2272 1851 2328 in

176 2332 548 2394 confessione
581 2339 720 2396 fidei
750 2342 824 2396 ad
870 2341 1195 2402 Orientales
1242 2332 1624 2424 patriarchas,
1655 2332 1849 2414 mani-

170 2422 311 2479 feste
360 2426 766 2498 deprehendit
801 2430 1171 2490 disseruisse.
1211 2457 1233 2487 ι
1266 2439 1499 2497 Maximi
1526 2422 1720 2502 locum
1752 2465 1848 2504 ex-

168 2513 487 2583 pendimus
512 2517 713 2589 capite
738 2519 794 2585 2,
843 2537 1009 2578 num.
1059 2524 1114 2579 2.
1156 2526 1482 2586 Damasceni
1509 2536 1850 2593 testimonia

164 2602 448 2675 accipere.
487 2605 671 2663 Libro
704 2624 722 2663 ι
751 2608 829 2664 De
856 2609 967 2678 ﬁde
1012 2614 1342 2684 orthodoxa,
1375 2621 1562 2690 capite
1594 2625 1653 2679 11
1683 2642 1697 2683 :
1728 2627 1849 2694 ipse

163 2693 386 2762 quippe,
418 2693 645 2766 (Pater)
673 2696 848 2753 Verbi
881 2700 1130 2786 genitor,
1187 2702 1286 2757 Καὶ
1319 2701 1409 2759 διὰ
1439 2704 1606 2784 λόγου
1638 2693 1844 2786 προϐο-

164 2773 288 2840 hinc
321 2778 729 2857 ὲκφππορικοῦ
779 2784 1120 2861 ΙΙνεόματος,
1180 2794 1245 2848 Et
1281 2811 1383 2866 per
1408 2773 1630 2857 verbum
1659 2773 1845 2861 mani-

171 2870 420 2938 festantis
500 2872 932 2945 (enuntiatorii,
1001 2879 1530 2958 explendescentis,
1600 2892 1845 2963 Spiritus

170 2957 484 3027 productor.
540 2963 830 3050 Itemque,
864 2966 1007 3022 Filii
1060 2985 1270 3043 quoque
1327 2957 1570 3046 Spiritus
1615 2957 1841 3050 dicitur,

178 3043 285 3119 οὐχ
311 3046 383 3108 ὡς
412 3046 466 3118 ἐξ
528 3048 724 3118 αὐτοῦ,
784 3048 914 3107 ἀλλ’
969 3054 1046 3117 ὡς
1090 3054 1161 3111 δι’
1221 3058 1384 3115 αὐτοῦ
1416 3062 1477 3119 ἐκ
1502 3070 1600 3121 τοῦ
1631 3069 1842 3146 ΙΙατρὸς

181 3131 631 3210 ἐκπορεδὸμενον.
680 3139 860 3202 Μόνος
912 3143 1019 3219 γὰρ
1067 3143 1244 3211 α’ίτιος
1286 3149 1315 3202 ὁ
1346 3153 1537 3230 Πατήρ
1564 3174 1577 3212 :
1609 3175 1720 3215 non
1747 3131 1839 3217 ᾦθέ

176 3223 263 3279 (ut
307 3241 376 3280 ea:
425 3229 566 3299 ipso,
620 3230 715 3285 sed
766 3245 870 3302 per
932 3235 1120 3302 ipsum
1176 3252 1246 3293 ex
1296 3241 1467 3299 Patre
1491 3223 1815 3316 "procedens

1965 2011 2077 2068 Deo
2102 2030 2206 2084 per
2232 2017 2477 2081 Filium;
2523 2022 2618 2077 sed
2674 2026 2998 2102 efﬁcienter,
3057 2042 3154 2089 aut
3196 2037 3536 2112 productive,
3568 2046 3630 2099 ut

1966 2099 2281 2172 loquuntur.
2340 2108 2506 2164 Nunc
2553 2115 2830 2183 Magnum
2876 2099 3209 2179 Basiliam:-
3252 2099 3628 2188 Posteriorem

1962 2191 2182 2261 quidem
2210 2196 2425 2267 origine
2452 2200 2594 2256 Filio
2644 2202 2939 2273 Spiritum,
2988 2211 3165 2267 tradit
3188 2214 3467 2286 videlicet,
3498 2237 3627 2278 vera

1919 2313 1928 2321 -
1959 2278 2232 2338 doctrina.
2268 2305 2296 2333 ››
2327 2286 2633 2345 Athanasii
2685 2293 3089 2355 testimonium
3137 2307 3327 2359 exstat
3356 2305 3416 2361 in
3440 2278 3623 2366 iteru-

1959 2368 2178 2425 tatione
2226 2372 2551 2445 hypocrisis
2600 2379 2835 2449 Meletii,
2887 2389 2944 2440 et
2971 2387 3207 2445 Eusebii
3239 2392 3615 2453 Samosaten-

1960 2457 2062 2512 sis.
2096 2459 2257 2532 Opus
2314 2462 2472 2520 istud
2529 2466 2683 2523 inter
2735 2471 2915 2529 dubia
2970 2484 3230 2535 recenset
3279 2485 3612 2543 Monfauco-

1958 2545 2115 2603 nius.
2152 2549 2287 2604 Loci
2318 2552 2478 2608 allati
2529 2556 2857 2616 nitidiorem
2910 2563 3445 2638 interpretationem
3478 2591 3613 2646 pro-

1957 2634 2119 2690 fero:
2198 2638 2357 2709 Atqui
2427 2645 2765 2714 impossibile
2843 2658 2996 2723 esset,
3063 2634 3361 2716 Trinitatis
3429 2634 3616 2735 gloria

1957 2722 2229 2794 Spiritum
2280 2729 2605 2802 gloriﬁcari,
2668 2735 2743 2807 μὴ
2802 2722 3082 2811 προδιᾴιῶς
3129 2743 3187 2798 ’ὀν
3235 2745 3294 2801 ἐκ
3338 2722 3452 2806 ϐἀ
3480 2758 3610 2807 Θεον

1955 2806 2025 2864 δι’
2064 2812 2212 2886 Υἱοῦ,
2270 2813 2416 2871 ἀλλὰ
2467 2826 2767 2891 ποιητικῶς
2817 2806 2877 2880 tu
2927 2834 3061 2884 Θεοῦ
3120 2835 3362 2909 γεγονὸς,
3413 2837 3487 2901 ὡς
3520 2839 3610 2896 λέ-

1953 2920 2132 2975 γουσι,
2162 2906 2217 2959 si
2252 2921 2353 2975 per
2406 2914 2801 2979 processin
2856 2934 2930 2973 ex
2986 2921 3092 2977 Deo
3138 2906 3238 2995 per
3280 2906 3472 2996 fil-ium
3500 2946 3611 2988 non

1952 2996 2110 3059 esset,
2144 2995 2300 3065 sique
2327 3012 2418 3051 res
2444 3000 2639 3070 e/iecta
2668 3019 2702 3057 a
2753 3006 2855 3060 Deo
2883 3012 3037 3080 esset,
3082 3020 3142 3067 ut
3171 2995 3339 3071 aiunt
3368 3018 3494 3089 ipsi.
3528 3020 3611 3077 De

1951 3084 2168 3137 aeterna
2197 3082 2306 3139 hoc
2352 3084 2478 3142 loco
2525 3088 2781 3162 Spiritus
2833 3099 3019 3153 sancti
3065 3102 3446 3171 productione
3483 3125 3606 3166 ser-

1952 3185 2048 3224 mo
2078 3174 2187 3226 est.
2803 3208 2809 3215 -

2018 3256 2147 3314 Alia
2170 3276 2452 3332 germana
2480 3268 2698 3337 profert
2715 3271 3020 3331 Athanasii
3044 3275 3169 3335 loca
3199 3280 3603 3343 duo.Primum

1518 3315 1529 3316 γ
2170 3315 2229 3332 υκ
2281 3315 2452 3320 ,--ﬁ__..
2480 3315 3020 3337 ι---σ-ν-νσ-νμυυυιυιι
3044 3315 3169 3335 ιυυα
3199 3315 3602 3343 υυυοιιἰιυυω

168 3315 333 3370 Solus
356 3317 509 3372 enim
546 3319 724 3374 Pater
761 3329 957 3378 auctor
1001 3332 1077 3380 est
1097 3343 1118 3387 ;
1147 3342 1214 3383 eo
1248 3330 1530 3389 nimirum
1563 3337 1660 3394 65
1696 3356 1836 3396 sen-
1867 3318 1910 3385 (ἶ
1947 3344 2162 3418 legitur
2188 3348 2249 3404 in
2297 3350 2447 3408 libro
2487 3355 2558 3410 de
2613 3356 2874 3417 humana
2919 3368 3131 3422 natura
3187 3386 3221 3425 a
3250 3371 3439 3429 Verbo
3470 3391 3602 3433 sus-

168 3419 233 3433 -..
290 3421 403 3433 κη,
435 3405 610 3433 ,Αιηη
643 3407 816 3433 η-ι-..
844 3409 938 3433 :n-
981 3418 1059 3433 --ι
1378 3418 1392 3433 ν
1444 3420 1456 3433 ι
1671 3429 1679 3433 -

166 3419 255 3469 su,
287 3421 404 3477 quo
435 3405 611 3463 solus
642 3407 817 3464 Pater
844 3409 943 3466 ille
974 3418 1083 3482 est,
1117 3433 1152 3471 a
1191 3433 1305 3488 quo
1337 3418 1493 3477 οὐσία
1522 3429 1738 3499 omnis,
1770 3446 1837 3486 ac

158 3491 217 3545 τὸ
244 3491 380 3546 εἶναι
416 3494 535 3549 hoc
567 3500 662 3550 est
688 3512 807 3553 esse
831 3515 996 3556 omne
1027 3544 1042 3571 ,
1075 3505 1333 3576 proﬂuit,
1368 3515 1488 3566 tam
1510 3512 1836 3574 increatum

157 3596 336 3653 quam
368 3588 669 3639 creatum.
708 3588 953 3644 Proﬂuit
981 3606 1119 3665 ergo
1151 3611 1184 3650 a
1217 3594 1385 3654 Patre
1415 3599 1475 3655 in
1508 3602 1720 3661 Filium
1752 3608 1833 3662 si-

153 3674 269 3729 cuti
304 3673 646 3739 natura,ita
691 3677 879 3734 virtus
938 3682 1243 3752 spirandi:
1292 3692 1349 3743 et
1388 3706 1457 3744 ex
1482 3691 1591 3748 hac
1621 3696 1834 3753 virtute

156 3777 277 3832 qua
314 3779 442 3817 una
473 3766 569 3817 est
598 3762 663 3818 in
696 3764 861 3821 Patre
902 3773 961 3823 et
1001 3768 1062 3824 in
1110 3771 1258 3829 Filio
1288 3779 1549 3846 procedit
1577 3782 1835 3854 Spiritus

154 3855 401 3906 sanctus
426 3850 815 3909 immediate:
840 3855 1112 3929 factaque
1133 3865 1573 3935 suppositarum
1596 3850 1829 3944 expres-

162 3938 342 4006 sione,
380 3956 416 3995 a
448 3943 632 3995 Patre
671 3944 933 4013 procedit
962 3963 1066 4018 per
1095 3949 1328 4009 Filium.

220 4028 537 4084 ἔξει-οδω
572 4027 726 4085 hanc
755 4047 886 4089 esse
913 4035 1165 4107 Spiritus
1204 4042 1394 4105 sancti
1424 4062 1459 4101 a
1495 4047 1666 4106 Patre
1696 4068 1829 4124 pro-

160 4119 487 4173 cessionem
523 4135 631 4190 per
660 4121 890 4194 Filium,
927 4125 1072 4182 satis
1103 4127 1380 4189 evincunt
1406 4136 1583 4194 verba
1612 4156 1832 4199 memo-

158 4212 303 4274 rata,
330 4207 859 4281 disertissimeque
904 4218 1173 4273 enuntiat
1211 4218 1375 4278 locus
1415 4223 1568 4282 alius
1597 4227 1657 4283 in
1689 4229 1829 4287 Dia-

153 4291 278 4366 lego
341 4300 564 4351 contra
626 4299 974 4358 Manichaeos
1051 4322 1215 4362 num.
1283 4311 1337 4364 5.
1399 4314 1564 4371 Pater
1614 4334 1831 4391 semper

159 4382 393 4439 Verbum
419 4401 596 4440 suum
623 4401 696 4442 ea:
735 4403 792 4444 se
838 4392 1110 4462 genitum,
1159 4394 1249 4449 καὶ
1290 4394 1380 4452 διὰ
1406 4405 1504 4454 τοῦ
1535 4401 1702 4481 λόγου
1732 4406 1825 4462 αὐ-

154 4474 241 4522 τῶ
292 4470 770 4546 ἐκπορευόμενον.
814 4480 910 4557 'Et
963 4498 1065 4552 per
1137 4487 1367 4543 verbum
1441 4508 1603 4549 suum
1671 4497 1831 4556 habet

155 4558 425 4631 Spiritum
455 4580 634 4619 suum
663 4581 737 4620 ea:
763 4582 820 4622 se
842 4571 1242 4638 procedentem.

216 4650 388 4708 Paria
420 4657 590 4720 sunt,
626 4670 755 4726 qua:
799 4657 1078 4716 Tarasius
1126 4666 1458 4734 patriarcha
1486 4671 1823 4732 Constanti-

146 4742 536 4812 nopolitanus
616 4743 1004 4814 proﬁtebatur
1082 4750 1143 4807 in
1222 4757 1589 4817 confessione
1667 4766 1825 4836 ﬁdei,

146 4830 372 4887 actione
408 4848 477 4886 III
508 4831 746 4888 concilii
804 4835 1021 4893 Niceni
1069 4857 1131 4906 ιι,
1194 4859 1347 4900 anno
1396 4849 1500 4902 787
1525 4851 1820 4912 celebrati.

154 4915 239 4974 Sic
292 4920 423 4975 ait:
511 4920 800 4978 Credimus
826 4965 840 4978 .
876 4966 892 4980 .
925 4968 937 4980 .
969 4935 1022 4983 et
1096 4930 1160 4984 in
1223 4931 1494 5004 Spiritum
1547 4952 1818 5018 sanctum,

146 5000 326 5060 ἐχτοῦ
362 5007 594 5081 Ματρὸς
656 5004 727 5062 δι’
766 5015 895 5065 Υῖοῦ
948 5012 1399 5092 ἐκπορευόμενον,
1453 5043 1489 5081 a
1530 5030 1693 5087 Patre
1721 5050 1822 5102 per

135 5096 345 5153 Filium
403 5098 826 5170 procedentem,
870 5102 959 5156 καὶ
1009 5104 1100 5160 τὸν
1151 5108 1279 5163 Θεὸν
1338 5106 1468 5167 ὄντα
1496 5116 1585 5170 καὶ
1616 5096 1813 5198 γνιυρι-

131 5184 384 5257 ξάμενον,
421 5196 476 5243 et
528 5189 717 5259 ipsum
763 5191 936 5247 Deum
992 5209 1127 5263 esse,
1151 5207 1208 5253 et
1255 5205 1523 5271 cognosci.
1556 5184 1812 5266 Hisce'in

124 5273 269 5329 locis
296 5277 375 5332 de
408 5276 731 5349 temporali
761 5295 868 5351 per
897 5282 1186 5340 donorum
1218 5291 1656 5352 concessionem
1683 5298 1811 5370 Spi-

136 5363 276 5420 ritus
303 5366 509 5422 sancti
537 5366 826 5425 missione
849 5384 1184 5431 sermonem
1211 5394 1359 5449 esse,
1389 5387 1563 5455 captu
1589 5392 1814 5444 mentes

140 5449 301 5509 fuerit
351 5455 463 5527 qui
513 5457 862 5513 contendat.
914 5460 1139 5534 Insigni
1186 5449 1516 5527 Damasceni
1542 5475 1812 5532 testimo-

139 5540 229 5597 nio
275 5543 665 5617 frequentius
716 5548 1001 5605 utebatur
1048 5550 1308 5612 Beccus:
1360 5559 1431 5616 de
1473 5578 1589 5634 quo
1620 5565 1814 5622 adhuc

137 5628 382 5691 inferius
416 5635 746 5707 agendum.

204 5722 279 5801 (3)
312 5744 343 5777 α
392 5725 483 5781 Ad
526 5724 656 5783 haec
699 5726 953 5802 insuper
1009 5728 1250 5808 invenit,
1299 5734 1498 5819 ipsum
1535 5740 1813 5804 Photium

1946 3439 2134 3508 cepta,
2167 3454 2272 3494 seu
2302 3441 2374 3496 de
2424 3443 2827 3536 [ncarnatione
2874 3468 3037 3508 num.
3071 3456 3124 3510 9.
3185 3458 3352 3516 Norat
3376 3461 3603 3536 (David)

1946 3523 2091 3599 παρὰ
2116 3529 2195 3597 τῷ
2246 3532 2363 3599 Θεῷ
2410 3531 2583 3607 ΙΙατρὶ
2642 3528 2771 3590 ὄντα
2822 3538 2914 3592 τὸν
2970 3541 3117 3613 Υἱὸν,
3149 3545 3249 3614 τὴν
3280 3551 3468 3625 πηγὴν
3499 3556 3599 3607 τοῦ

1946 3611 2103 3687 ἁγίου
2153 3614 2467 3689 ΙΙνεύματος
2523 3624 2669 3693 apud
2727 3627 2895 3683 Deum
2948 3611 3171 3689 Patrem
3208 3611 3603 3699 esse-'Filium

1941 3703 2155 3773 fontem
2176 3707 2417 3776 Spiritus
2436 3714 2632 3767 sancti.
2659 3713 2913 3772 Alterum
2938 3719 3186 3779 habetur
3203 3725 3265 3781 in
3287 3729 3547 3788 oratione
3566 3733 3602 3787 3

1945 3795 2147 3846 contra
2173 3794 2422 3851 Arianos
2481 3815 2645 3856 num.
2696 3804 2805 3861 24:
2854 3806 3119 3880 Namque,
3171 3816 3232 3867 ut
3258 3814 3463 3873 dictum
3492 3827 3596 3891 est,

1943 3879 2060 3950 ipse
2115 3879 2341 3954 (Filius)
2389 3885 2490 3941 dat
2547 3887 2820 3960 Spiritui:
2877 3904 2929 3951 et
2975 3879 3314 3973 quacunque
3353 3879 3600 3977 Spiritus

1940 3968 2122 4040 habet,
2152 3970 2270 4028 haec
2296 3989 2333 4029 a
2380 3975 2541 4032 Verbo
2588 3977 2766 4071 habet,
2820 3982 2909 4037 καὶ
2941 3968 3040 4039 Sea
3087 3968 3310 4063 ἔχει-τό
3352 3968 3592 4071 Ιίνεῦμα,

1938 4057 2105 4110 ταῦτα
2134 4059 2281 4135 παρᾶ
2328 4064 2427 4115 τοῦ
2478 4063 2661 4141 Λόγου
2718 4063 2857 4144 ἔχει.
2909 4096 2937 4124 ‹‹
3000 4057 3156 4149 Ergo
3178 4082 3462 4155 quidquid
3490 4057 3593 4143 lla:

1939 4144 2039 4201 bet
2080 4148 2331 4219 Spiritus
2389 4158 2628 4211 sanctus
2689 4157 2930 4229 (Petavii
2976 4144 3405 4227 animadversio
3454 4177 3593 4246 est),

1938 4232 1995 4288 id
2029 4236 2253 4307 accepit
2281 4255 2316 4293 a
2347 4239 2512 4297 Filio.
2549 4244 2731 4301 Habet
2775 4253 2970 4306 autem
3001 4253 3061 4307 in
3098 4256 3303 4327 primis
3332 4232 3593 4320 naturam

1937 4328 1989 4378 et
2020 4327 2418 4385 exsistentiam.
2469 4331 2589 4388 Hoc
2635 4336 2792 4392 enim
2834 4338 3006 4396 Verbi
3038 4346 3156 4413 (τοῦ
3188 4344 3392 4422 Λόγου)
3422 4367 3592 4409 voca-

1938 4412 2168 4483 bulum,
2202 4432 2337 4472 cum
2388 4435 2698 4491 personam
2753 4431 2809 4481 et
2866 4427 3227 4501 hypostasim
3276 4412 3589 4515 signiﬁcet,

1939 4506 2136 4572 aperte
2187 4505 2573 4581 demonstrat,
2624 4514 2692 4567 ab
2724 4515 2833 4586 ipsi
2886 4520 3025 4575 Filii
3066 4538 3301 4592 persona
3329 4543 3591 4603 manare,

1939 4594 1996 4645 et
2022 4591 2304 4649 exsistere
2361 4596 2644 4669 Spiritum
2693 4610 3006 4663 sanctum:
3063 4591 3255 4683 neque
3301 4615 3488 4673 solum
3522 4621 3591 4675 ab

1852 4688 1900 4752 D
1930 4679 2052 4749 ipsa
2081 4681 2179 4735 Dei
2205 4687 2461 4753 essentia,
2485 4703 2615 4758 quae
2638 4691 2716 4746 sit
2736 4692 2794 4747 in
2818 4695 3050 4763 Filio,ut
3067 4679 3247 4757 (ἓνῷοί
3270 4712 3589 4777 nugantur.

1937 4768 2048 4823 Sed
2078 4786 2184 4825 nec
2230 4771 2399 4829 aliter
2452 4783 2918 4868 vox‘accipiendi
2973 4786 3304 4862 detorqueri
3355 4768 3588 4868 potest;

1935 4855 2075 4928 quin
2107 4856 2189 4925 id,
2222 4862 2377 4932 quod
2410 4862 2669 4928 οὐσιῶδες
2695 4869 2773 4925 sit
2798 4871 3037 4943 Spiritui
3068 4883 3290 4950 sancto,
3322 4899 3590 4942 commu-

1933 4944 2116 5001 nicari
2147 4964 2214 5004 ac
2260 4950 2507 5007 derivari
2559 4955 2618 5010 in
2670 4957 2866 5028 ipsum
2899 4960 3261 5038 intelligatur
3312 4987 3346 5027 a
3376 4970 3586 5031 Verbo.

1931 5033 2155 5107 Quippe
2182 5055 2297 5094 non
2329 5042 2562 5098 tautum
2607 5046 2855 5118 accipere
2883 5050 3029 5106 dixit
3064 5033 3423 5118 A'thanasius
3454 5063 3588 5135 (ibi-

1928 5122 2061 5179 dem
2094 5131 2229 5182 ante
2256 5130 2432 5186 verba
2477 5132 2679 5207 relata)
2731 5154 2765 5191 a
2797 5138 2959 5196 Verbo
2998 5141 3281 5214 Spiritum
3313 5122 3586 5209 sanctum

1922 5478 2005 5534 tia
2034 5497 2139 5537 ceu
2172 5483 2352 5551 fonte,
2384 5488 2629 5558 proferri
2687 5510 2803 5549 non
2853 5496 3017 5555 habet
3061 5500 3314 5573 Spiritus
3343 5514 3587 5567 sanctus

1921 5568 2059 5637 (nisi
2089 5571 2556 5634 eminentissime
2598 5579 2659 5636 in
2709 5587 2966 5642 essentia
3021 5588 3220 5648 divina
3266 5603 3588 5670 propagata

1921 5656 1983 5713 in
2013 5657 2234 5732 ipsum)
2265 5679 2279 5730 ;
2314 5665 2415 5720 sed
2448 5682 2517 5724 ea
2547 5670 2673 5726 sola
2695 5671 2976 5762 (proprie)
2999 5678 3181 5748 habet,
3216 5656 3344 5754 quae
3369 5656 3429 5742 in
3451 5656 3588 5762 ipso

1923 5754 2185 5825 manent,
2217 5769 2283 5810 ac
2313 5753 2514 5815 divina
2545 5763 2704 5834 sunt,
2737 5766 2795 5820 et
2823 5760 3088 5842 οὐσιώδη.
3125 5790 3156 5822 ››
