4090 6432
465 435 546 494 79
1498 413 1816 478 GEORGII
1863 409 2123 472 CYPRII
2168 407 2285 469 ΟΡ.
2336 404 2863 466 PATRIARCHjE
3811 408 3889 468 30

541 557 916 620 Prolixiorem
974 551 1301 612 exscribere
1356 546 1556 605 Basilii
1628 548 1876 612 textum,
1936 557 2122 612 operae
2153 541 2205 607 Α
2235 538 2316 593 tio
2347 537 2483 592 inde
2532 536 2712 592 illata.
2748 560 2775 585 ‹‹
2818 536 3033 591 Probat
3087 535 3244 592 enim
3277 535 3382 607 (ait
3440 536 3709 593 Petavius
3739 536 3886 595 libro

468 651 725 726 pretium
756 651 864 704 est.
897 644 994 703 Sic
1042 642 1218 698 habet
1246 640 1344 696 ille
1392 638 1540 693 libro
1589 653 1651 691 ιιι
1696 630 2117 726 adversusuEu-

469 721 738 800 nomium
789 751 955 792 num.
990 750 1048 789 1:
1081 754 1110 782 «
1142 731 1257 786 Cur
1312 742 1551 784 necesse
1582 728 1689 791 est,
1751 721 1801 777 si
1831 721 2118 791 dignitate,

471 847 539 889 ac
569 827 758 888 ordine
787 823 997 882 tertius
1037 823 1128 877 est
1157 816 1410 890 Spiritus
1455 816 1716 879 sanctus,
1746 814 1948 865 natura
1979 823 2120 879 quo-

471 936 588 993 que
605 932 740 974 eum
762 929 892 971 esse
912 910 1152 967 tertium
1173 907 1200 962 ?
1223 929 1251 956 ››
1268 907 1354 961 Ita
1379 895 2120 993 colligebant—Eunomiani.

473 985 510 1060 (ἶ
534 1007 816 1079 Dignitate
841 1001 1084 1073 quidem
1134 994 1455 1052 secundum
1508 1007 1637 1046 esse
1676 1006 1709 1044 a
1740 988 1885 1042 Filio
1917 986 1999 1057 (ut

471 1113 582 1155 esse
609 1075 678 1152 ab
705 1094 806 1150 illo
855 1090 1050 1146 habeat
1102 1089 1154 1141 et
1197 1084 1262 1139 ab
1309 1085 1429 1154 ipso
1481 1079 1722 1150 accipiat
1749 1078 1799 1131 et
1829 1075 2127 1130 annuntiet

469 1187 650 1253 nobis,
705 1191 757 1240 et
810 1180 1033 1238 omnino
1089 1191 1159 1231 ex
1212 1173 1314 1228 illa
1366 1185 1535 1226 causa
1575 1165 1852 1238 pendeat),
1895 1161 2126 1235 pietatis

473 1291 668 1336 sermo
699 1274 950 1329 fortasse
978 1263 1176 1322 tradit.
1209 1261 1427 1317 Verum
1455 1259 1676 1314 tertiam
1707 1269 1993 1324 usurpare
2021 1268 2123 1305 na-

474 1376 661 1425 turam
691 1375 881 1434 neque
909 1357 981 1413 ab
1013 1353 1196 1411 sacris
1228 1347 1467 1406 Litteris
1489 1345 1678 1402 edocti
1701 1357 2129 1434 sumus,neque

473 1473 546 1515 ex
570 1431 925 1527 supradictis
955 1443 1380 1515 consequenter
1415 1434 1609 1527 colligi
1641 1437 1856 1527 potest.
1885 1431 2033 1486 Nam
2066 1433 2132 1484 ut

475 1521 667 1602 Filius
687 1539 879 1598 ordine
907 1533 1145 1608 quidem
1205 1533 1295 1585 est
1345 1525 1641 1583 secundus
1699 1539 1732 1576 a
1760 1521 1954 1608 Patre,
1985 1534 2128 1608 quo-

478 1634 639 1690 niam
671 1631 743 1687 ab
774 1644 839 1684 eo
871 1605 996 1682 est:
1029 1626 1087 1678 et
1123 1619 1414 1688 dignitate,
1459 1610 1738 1686 quoniam
1771 1605 2130 1680 principium

479 1728 540 1781 et
565 1736 747 1778 causa
789 1710 1104 1773 exsistendi
1132 1705 1247 1780 ipsi
1294 1709 1464 1760 Pater
1493 1706 1583 1758 est
1619 1743 1630 1755 .
1668 1743 1680 1753 .
1717 1739 1728 1753 .
1763 1701 1969 1752 natura
1997 1711 2129 1750 vero

481 1828 598 1869 non
629 1811 720 1866 est
739 1803 1060 1866 secundus,
1093 1797 1234 1869 quia
1270 1810 1389 1849 una
1437 1793 1525 1846 est
1550 1789 1610 1844 in
1642 1792 1890 1857 utroque
1921 1783 2129 1839 divini-

477 1907 611 1969 tas;
642 1897 846 1955 eodem
899 1889 1072 1947 modo
1122 1883 1664 1977 Spiritussanctus,
1715 1877 1826 1975 etsi
1861 1876 2133 1947 posterior
2169 1912 2216 1977 B

481 1967 628 2047 Filio
659 1990 750 2044 est
778 1982 972 2041 ordine
1001 1995 1069 2035 ac
1095 1976 1364 2047 dignitate
1382 1972 1498 2039 “,ut
1523 1969 1631 2024 hoc
1661 1967 1900 2050 omnino
1933 1979 2135 2018 conce-

483 2080 657 2137 datur
677 2094 712 2132 a
739 2071 965 2139 nobis',
989 2083 1107 2124 non
1137 2069 1335 2120 tamen
1367 2058 1606 2133 perinde
1631 2057 1689 2110 id
1722 2056 1817 2110 67
1856 2059 2138 2124 tanquam

485 2170 693 2226 aliena:
719 2165 944 2219 natura:
992 2157 1090 2222 sit,
1140 2150 1396 2208 habebit.
1438 2173 1458 2197 ι»
1516 2147 1665 2201 Tum
1697 2144 1942 2200 Joannis
1974 2141 2137 2197 Becci

485 2263 770 2328 tempore,
800 2248 1019 2306 tumin
1072 2241 1293 2316 synodo
1342 2235 1695 2328 Florentiae,
1742 2231 1969 2328 codices
2001 2231 2139 2287 alie-

489 2325 771 2403 rebantur
802 2335 1007 2410 aliqui,
1038 2333 1100 2388 in
1158 2330 1376 2404 quibus
1422 2325 1599 2382 verba
1645 2339 1759 2378 non
1791 2326 1975 2388 erant,
2011 2336 2138 2391 quae

487 2428 825 2510 parenthesi
879 2424 1109 2482 inclusa
1163 2427 1336 2486 sunt;
1403 2419 1595 2510 erant.
1628 2429 1781 2482 vero,
1830 2428 1957 2510 quae
2004 2414 2144 2465 sunt

489 2499 788 2581 asteriscis
819 2515 1098 2585 utrinque
1128 2509 1364 2581 stipata.
1423 2509 1542 2558 Hac
1565 2502 1633 2557 de
1660 2517 1720 2555 re
1752 2501 1871 2572 agit
1900 2499 2140 2565 Beccus,

489 2613 593 2670 lib.
629 2629 669 2678 ι,
709 2610 782 2666 ad
833 2603 1206 2663 Theodorum
1256 2595 1513 2667 Sugdaeaa
1560 2589 1923 2662 episcopum,
1958 2586 2142 2678 acla-

487 2702 635 2760 tiore
652 2675 842 2757 etiam
873 2706 1143 2752 sermone
1172 2685 1362 2760 capite
1393 2684 1420 2738 1
1457 2683 1527 2736 de
1557 2677 1928 2752 processione
1959 2675 2141 2748 Spiri-

487 2795 588 2848 tus
629 2787 856 2847 sancti:
914 2782 1016 2839 ubi
1060 2779 1376 2835 verissimus
1425 2787 1488 2827 ac
1512 2769 1918 2826 sincerissimos
1967 2765 2146 2820 habet

488 2880 589 2938 ille
620 2878 867 2944 codices,
900 2871 1002 2946 qui
1053 2868 1230 2925 verba
1271 2859 1605 2937 parenthesi
1645 2857 1876 2912 inclusa
1905 2856 2142 2946 habent,

492 2987 610 3028 non
641 2967 858 3024 habent
884 2944 1000 3019 alia
1030 2955 1325 3016 asteriscis
1357 2954 1576 3007 notata.
1610 2952 1720 3002 Pro
1748 2946 1906 3001 hisce
1937 2944 2147 2999 codici-

492 3061 606 3116 bus
632 3058 858 3130 pugnat
903 3048 1132 3124 egregie
1179 3041 1449 3100 Petavius
1495 3038 1644 3130 libro
1667 3053 1791 3130 _vn,
1831 3034 2020 3130 capite
2049 3034 2081 3087 3
2112 3050 2147 3088 a

494 3124 660 3206 num:
717 3124 808 3201 14.
862 3139 1163 3197 Eruditam
1230 3149 1333 3205 pro
1391 3129 1612 3184 eisdem
1666 3124 2145 3180 Dissertationem

494 3234 780 3294 Parisinis
808 3229 964 3304 typis
994 3241 1148 3283 anno
1179 3223 1313 3279 1721
1347 3217 1530 3275 edidit
1571 3214 1898 3271 Ludovicus
1931 3211 2144 3283 Vallee,

2229 645 2327 693 vu,
2360 626 2548 697 capite
2581 628 2634 691 3,
2667 642 2831 680 num.
2865 625 2920 696 8)
2953 625 3238 697 Spiritum
3266 630 3538 682 sanctum
3561 627 3730 682 Deum
3759 643 3888 695 esse,

2229 718 2279 771 et
2308 731 2377 770 ex
2406 715 2554 776 Deo;
2586 713 2861 785 quoniam
2911 715 3127 768 exsistit
3157 730 3226 768 ex
3271 715 3435 770 Filio.
3487 715 3635 771 Nam
3671 714 3888 770 nullam

2232 803 2311 859 ibi
2346 802 2698 858 mentionem
2724 803 2906 856 Patris
2929 803 3234 874 expressit.
3269 803 3425 858 Talis
3457 820 3592 877 ergo
3617 804 3695 858 sit
3722 821 3892 876 opor-

2229 897 2312 948 tet
2341 893 2661 946 exsistentia
2707 889 2828 958 illa,
2880 896 2936 945 et
2983 890 3083 946 illa
3132 907 3442 962 processio;
3479 898 3544 948 ut
3594 909 3695 964 per
3739 910 3891 959 eam,

2232 983 2478 1052 ejusque
2506 981 2559 1034 vi
2591 980 2646 1034 id
2681 979 2914 1046 habeat,
2950 984 3015 1033 ut
3056 980 3132 1034 sit
3162 981 3344 1045 Deus;
3375 981 3487 1038 hoc
3517 986 3625 1047 est,
3662 984 3762 1038 Dei
3791 1000 3892 1038 na-

2233 1074 2422 1126 turam
2447 1074 2501 1125 et
2527 1069 2873 1124 divinitatem
2907 1069 3155 1140 accipiat
3177 1071 3250 1128 ab
3272 1087 3338 1125 eo
3371 1071 3897 1137 communicatam,

2233 1177 2270 1216 a
2299 1176 2402 1231 quo
2430 1160 2666 1215 exsistit.
2702 1158 2948 1214 Prorsus
2978 1157 3158 1230 igitur
3188 1159 3382 1215 aFilio
3418 1161 3606 1216 oritur
3637 1161 3898 1233 Spiritus

2237 1254 2497 1305 sanctus.
2540 1267 2565 1296 η

2312 1339 2374 1393 In
2406 1335 2603 1392 Basilii
2632 1334 2755 1391 loco
2786 1352 2893 1391 vox
2941 1335 3046 1390 illa
3092 1337 3368 1409 dignitas,
3401 1354 3519 1410 qua
3548 1338 3629 1410 (et
3657 1355 3772 1394 non
3806 1355 3900 1394 so-

2236 1425 2359 1482 lum
2390 1424 2602 1494 ordine)
2635 1425 2887 1495 Spiritus
2919 1429 3158 1481 sanctus
3201 1427 3417 1482 dicitur
3444 1428 3711 1482 secundus
3742 1446 3776 1483 a
3802 1429 3900 1482 Fi-

2237 1516 2334 1583 lio,
2365 1513 2858 1586 praetermittenda
2888 1531 3003 1569 non
3035 1519 3159 1570 est:
3215 1515 3315 1570 68
3348 1532 3538 1588 neque
3568 1517 3727 1572 enim
3760 1519 3897 1571 abs-

2237 1609 2454 1659 terrere
2482 1619 2840 1674 quemquam
2866 1602 3056 1674 debet,
3081 1603 3250 1675 quasi
3273 1605 3602 1661 divinitatis
3626 1604 3906 1660 imminu-

2239 1693 2318 1748 tio
2351 1692 2426 1746 sit
2457 1692 2515 1746 in
2546 1691 2748 1746 eodem
2779 1691 2997 1762 Spiritu
3021 1698 3242 1749 sancto.
3277 1717 3304 1743 «
3330 1694 3630 1764 Siquidem
3665 1695 3726 1750 in
3755 1695 3903 1749 Filio

2239 1781 2437 1854 (verba
2467 1784 2606 1835 sunt
2634 1780 2875 1852 Petavii)
2903 1786 3224 1854 utrumque
3255 1782 3509 1838 Basilius
3541 1783 3823 1849 admittit,
3848 1788 3906 1838 et

2242 1869 2443 1938 τάξεως
2466 1875 2522 1925 et
2545 1867 2852 1940 ἀξιώματος
2887 1887 2898 1924 :
2932 1875 2989 1925 et
3039 1873 3212 1927 ambo
3244 1872 3328 1927 sic
3359 1872 3804 1945 interpretatur,
3843 1875 3907 1926 ut

2247 1962 2440 2017 ordine
2469 1959 2768 2015 secundum
2789 1960 2862 2014 sit
2891 1977 2924 2014 a
2945 1964 3116 2015 Patre
3139 1961 3341 2029 Filius,
3367 1963 3647 2033 quoniam
3673 1963 3744 2018 ab
3777 1963 3907 2034 ipso

2247 2048 2434 2105 oritur
2458 2064 2469 2102 :
2503 2047 2770 2119 dignitate
2790 2065 2944 2115 vero,
2967 2049 3245 2120 quoniam
3264 2052 3631 2123 principium,
3660 2061 3710 2107 et
3739 2067 3911 2107 causa

2248 2137 2464 2194 essendi
2492 2139 2569 2192 sit
2596 2137 2730 2210 ipsi.
2783 2159 2810 2187 «
2843 2137 2973 2192 Haec
3015 2143 3154 2193 sunt
3209 2139 3406 2195 Graeca
3437 2141 3649 2196 verba:
3693 2140 3751 2192 Ὁ
3785 2139 3913 2200 Υἱὸς

2248 2226 2391 2295 τάξει
2453 2225 2546 2296 μὲν
2625 2221 2872 2299 δεύτερος
2924 2229 3022 2280 τοῦ
3083 2225 3319 2302 Ιῐατρὸς,
3377 2225 3458 2282 ὅτι
3524 2228 3614 2281 ἀπ’
3675 2226 3912 2296 ἐκείνου,

2249 2315 2338 2370 καὶ
2373 2314 2661 2387 ἀξιώματι,
2723 2313 2805 2368 ὅτι
2867 2314 3013 2388 ἀρχὴ
3061 2335 3150 2368 και
3212 2314 3378 2382 αἰτία,
3437 2321 3516 2387 τῷ
3576 2315 3915 2371 εἶναιαύτοῦ

2251 2404 2486 2479 Πατέρα.
2523 2428 2549 2455 ‹‹
2583 2407 2772 2470 Quare
2811 2405 3072 2470 demum,
3125 2405 3232 2461 etsi
3284 2405 3431 2460 nihil
3462 2405 3621 2461 aliud
3654 2407 3750 2478 (ad
3782 2405 3915 2478 Spi-

2253 2495 2431 2549 ritum
2464 2498 2734 2550 sanctum
2766 2494 2920 2565 quod
2954 2495 3181 2566 attinet)
3214 2495 3600 2566 expressisset
3621 2495 3914 2564 Basilius;

2254 2601 2318 2640 ac
2351 2583 2582 2638 tametsi
2610 2582 2945 2655 parenthesi
2979 2583 3178 2639 clausa
3203 2583 3304 2639 illa
3332 2586 3508 2640 verba
3538 2585 3914 2642 delerentur:

2254 2674 2570 2740 sufﬁceret,
2605 2673 2675 2726 ad
2707 2671 2896 2727 Latini
2946 2673 3239 2745 dogmatis
3287 2674 3716 2745 auctoritatem,
3752 2675 3916 2747 quod

2254 2763 2540 2835 Spiritum
2591 2766 2858 2817 sanctum
2888 2760 3033 2832 τάξει
3089 2762 3284 2817 ordine
3327 2765 3377 2818 et
3423 2763 3713 2833 dignitate,
3747 2763 3920 2832 ἀξιώ-

2260 2871 2408 2924 ματι,
2439 2850 2739 2906 secundum
2788 2856 3124 2906 numeraret
3167 2869 3201 2906 a
3243 2853 3422 2913 Filio;
3473 2869 3606 2908 cum
3639 2869 3707 2907 ex
3737 2869 3810 2907 eo
3844 2851 3920 2906 il-

2254 2941 2370 2996 lius
2403 2942 2472 2995 ab
2506 2940 2612 2996 hoc
2643 2938 2804 3012 origo
2839 2944 3220 2996 monstretur.
3257 2963 3286 2990 »

2327 3029 2404 3101 (5)
2436 3028 2586 3083 Alibi
2621 3029 2956 3100 Myssenum
2989 3029 3231 3100 invenit,
3267 3030 3324 3083 in
3358 3029 3514 3084 hunc
3547 3031 3797 3085 modum
3830 3029 3924 3086 di-

2256 3123 2408 3176 serte
2435 3118 2763 3173 tradentem
2822 3118 3104 3173 tenendas
3160 3119 3232 3173 de
3280 3123 3393 3174 Deo
3451 3118 3821 3174 sententias:
3864 3121 3939 3176 Ut

2253 3209 2512 3265 credatur
2560 3208 2620 3260 in
2667 3223 2729 3262 eo
2787 3206 2946 3261 aliud
2995 3223 3178 3279 causa,
3238 3207 3395 3262 aliud
3447 3224 3517 3263 ex
3559 3224 3746 3263 causa.
3790 3210 3932 3264 Tum

496 3283 1144 3383 ᾗξίῑξίὲξοξῖέαοοῐω
1205 3308 1506 3368 Genovefae
1556 3304 1899 3377 praefectus:
1965 3318 2144 3372 quam
2178 3283 2220 3349 C
2257 3299 2396 3368 ejus,
2461 3295 2604 3368 quod
2661 3311 2730 3350 ea:
2785 3311 2957 3350 causa
3011 3297 3244 3362 exsistit,
3303 3296 3486 3352 aliam
3539 3298 3935 3369 diﬂerentiam

497 3410 843 3486 compendio
901 3405 1202 3464 collectam
1280 3397 1560 3486 exhibent
1627 3391 1899 3486 monachi
1955 3390 2149 3486 Sancti

496 3479 702 3567 Mauri,
734 3504 892 3556 tomo
913 3494 993 3551 IlI
1016 3493 1272 3564 Operum
1298 3484 1521 3552 Basilii,
1548 3483 1605 3538 in
1630 3479 2002 3536 Praefationes
2023 3481 2070 3552 ξ.
2095 3479 2145 3532 4.

571 3592 688 3649 Cur
734 3603 870 3644 vero
926 3581 1125 3640 Basilii
1183 3595 1300 3634 non
1357 3573 1533 3630 fuerit
1593 3568 1956 3644 parenthesis
2005 3568 2150 3622 illa?

498 3681 596 3738 Ait
623 3679 722 3735 ille
749 3676 897 3733 libro
931 3691 970 3742 1,
1003 3671 1283 3727 adversus
1314 3661 1664 3719 Eunomium
1699 3674 1860 3713 num.
1893 3658 2000 3712 2-0:
2033 3654 2151 3713 Nos

502 3774 701 3827 autem
731 3763 1060 3822 secundum
1107 3757 1430 3813 relationem
1470 3764 1788 3818 causarum,
1829 3749 1936 3798 τῶν
1967 3743 2152 3798 αἰτίων

503 3856 715 3932 σχέσιν,
744 3855 970 3910 Patrem
1016 3848 1220 3904 Filium
1272 3841 1522 3916 praeponi
1575 3839 1841 3932 dicimus.
1872 3835 1996 3932 βῆ.
2024 3850 2150 3932 rur-

500 3923 636 4005 sum
665 3923 728 4001 in
755 3943 904 3998 libro
935 3940 1007 3995 de
1049 3935 1272 4010 Spiritu
1302 3935 1503 3989 sancto
1547 3929 1619 3984 ad
1675 3923 2149 3997 Amphilochium

493 4037 686 4109 capite
717 4035 803 4101 17,
838 4046 1002 4086 num.
1037 4028 1142 4081 l13:
1193 4019 1664 4109 Quemadmodum
1705 4031 1760 4109 se
1788 4015 1947 4109 liabet
1976 4013 2151 4109 Filius

493 4101 586 4182 ad.
599 4127 840 4189 Patrem,
871 4121 951 4175 ita
999 4115 1070 4171 ad
1098 4114 1304 4170 Filiam
1347 4125 1462 4166 sese
1501 4107 1669 4162 habet
1700 4104 1942 4172 Spiritus
1963 4120 1982 4156 :
2013 4101 2148 4189 (uti-

495 4232 611 4290 que
639 4210 775 4267 κατςὶ
828 4187 929 4277 τὴν
987 4208 1094 4259 τῶν
1159 4199 1345 4255 αἰτίων
1401 4197 1538 4272 πρὸς
1595 4199 1662 4248 τᾶ
1710 4191 1761 4262 ἐξ
1818 4190 1991 4245 αὐτῶν
2023 4187 2148 4264 axe-

496 4281 620 4373 ἇιν.)
651 4303 680 4359 J
691 4318 786 4358 am
832 4314 965 4355 vero
997 4292 1194 4351 Basilii
1245 4289 1422 4346 verba
1449 4286 1569 4354 illa,
1603 4289 1664 4339 ut
1689 4284 1786 4373 qui
1813 4297 1925 4373 esse
1953 4281 2020 4336 ab
2051 4281 2148 4373 illo

490 4369 710 4463 habeat,
742 4393 794 4447 et
820 4385 1121 4444 annuntiet
1139 4381 1316 4448 nobis,
1347 4383 1661 4446 utrumque
1685 4372 1938 4445 Spiritus
1961 4369 2148 4463 sancti

489 4501 560 4542 ex
579 4460 721 4540 Filio
742 4473 1135 4552 processionis
1157 4469 1400 4526 modum
1422 4463 1722 4521 declarant
1747 4479 1759 4517 :
1793 4460 2148 4552 temporalem

485 4571 710 4629 scilicet
738 4549 1078 4628 missionem,
1131 4574 1300 4614 voces
1346 4553 1737 4628 posteriores:
1781 4549 2145 4620 prioresque,

483 4669 757 4719 aeternam
784 4653 1130 4712 emissionem
1159 4647 1229 4703 ad
1260 4642 1653 4701 exsistendum.

556 4751 662 4806 Par
713 4745 773 4802 in
816 4741 1028 4816 Cyrillo
1078 4735 1371 4796 sententia
1420 4731 1671 4788 occurrit
1724 4729 1784 4783 in
1839 4729 2141 4794 Thesauro,

482 4855 617 4912 pag.
649 4835 792 4892 358:
825 4833 1072 4888 Necesse
1117 4831 1225 4897 est,
1260 4824 1426 4912 fateri
1482 4820 1768 4912 Spiritum
1799 4834 1830 4873 e
1860 4818 2141 4912 substan-

473 4903 721 4985 tiavesse
746 4922 895 4980 Filii.
928 4921 1074 4975 Nam
1126 4922 1191 4973 ut
1219 4913 1272 4984 ἐξ
1301 4911 1465 4967 αὐτοῦ
1512 4908 1647 4962 κατὰ
1677 4904 1830 4983 φύσιν
1864 4903 2130 4979 ὑπάρχον,

474 5035 549 5074 ea:
605 5019 722 5088 ipso
778 5011 1118 5067 naturaliter
1173 5006 1460 5067 exsistens,
1518 4997 1608 5052 καὶ
1667 4995 1753 5050 ἐπὶ
1807 4995 1907 5063 τὴν
1962 4993 2135 5047 κτίσιν

473 5085 822 5182 παρ’-αὐτοῦ
875 5096 1250 5170 πεμπόμενον,
1311 5101 1362 5148 et
1416 5094 1475 5146 in
1532 5095 1846 5142 creaturam
1895 5085 1964 5140 ab
2020 5087 2135 5155 ipso

472 5175 697 5263 missus,
732 5189 1167 5246 renovationem
1215 5186 1509 5255 operatur,
1554 5175 1855 5248 plenitudo
1887 5180 1945 5263 et
1975 5190 2132 5263 coin-

471 5261 835 5357 plementum
872 5275 1152 5330 nimirum
1184 5275 1396 5326 sanctae
1422 5265 1748 5322 Trinitatis.
1775 5262 1938 5327 Quod
1973 5261 2021 5315 si
2050 5261 2132 5315 ita

471 5353 580 5441 est,
620 5377 770 5426 Deus
801 5368 1020 5436 itaque,
1053 5367 1110 5417 et
1169 5377 1237 5416 ex
1288 5359 1403 5413 Deo
1456 5360 1546 5410 est
1600 5353 1876 5425 Spiritus,
1931 5354 1987 5405 et
2021 5366 2134 5404 non

474 5470 762 5520 creatura.
827 5457 950 5521 Quo
1010 5458 1133 5506 loco
1193 5447 1537 5503 naturaliter
1592 5442 1845 5514 Spiritus
1896 5443 2134 5494 sanctus

469 5570 540 5610 ea:
579 5549 726 5606 Filio
785 5545 999 5601 dicitur
1054 5541 1314 5596 exsistere
1346 5554 1364 5591 :
1418 5540 1476 5590 et
1531 5535 1651 5587 haec
1709 5528 2048 5586 exsistentia
2103 5544 2136 5582 a

464 5641 727 5703 missione
739 5637 798 5691 in
818 5635 1136 5689 creaturam
1151 5625 1570 5698 distinguitur;
1593 5637 1664 5676 ne
1685 5620 2018 5676 Graecorum
2039 5633 2134 5672 ca-

462 5728 690 5797 Villatio
718 5725 916 5783 locum
945 5722 1182 5790 habeat,
1213 5718 1278 5775 1d
1309 5715 1562 5773 maxime
1591 5709 1805 5770 evincit
1851 5722 2133 5768 consecu-

2260 3387 2750 3456 inteltigimus;ut
2805 3383 2962 3439 aliud
3011 3385 3083 3439 sit
3139 3388 3286 3440 citra
3341 3385 3586 3441 medium
3615 3402 3684 3441 ex
3710 3390 3932 3458 primo,

2259 3474 2414 3531 aliud
2437 3491 2538 3546 per
2584 3474 2663 3541 id,
2724 3472 2862 3545 quod
2907 3475 3048 3528 citra
3105 3473 3350 3530 medium
3404 3491 3476 3529 ex
3530 3476 3712 3544 primo
3755 3485 3863 3532 est.
3904 3500 3935 3527 ››

2262 3563 2820 3620 Luculentissimum
2837 3561 3240 3618 testimonium
3257 3568 3480 3635 prostat
3497 3564 3552 3619 in
3568 3564 3840 3637 Epistola
3852 3567 3932 3622 ad

2258 3653 2588 3709 Ablavium.
2621 3652 2685 3706 Id
2716 3652 2897 3706 habes
2940 3650 3150 3722 primo,
3184 3669 3300 3708 non
3331 3651 3508 3707 aliam
3557 3653 3615 3707 in
3649 3655 3936 3725 personis

2262 3741 2647 3800 sanctissime
2706 3739 3005 3795 Trinitatis
3072 3758 3201 3796 esse
3269 3741 3683 3808 differentiam,
3739 3759 3939 3814 quam

2262 3833 2416 3905 quod
2447 3833 2627 3888 altera
2669 3831 3019 3902 principium
3046 3839 3140 3901 sit,
3191 3829 3374 3886 altera
3401 3848 3473 3885 ea:
3497 3833 3781 3903 principio
3811 3851 3825 3888 :
3862 3833 3943 3887 Τὸ

2265 3920 2358 3992 μὲν
2391 3915 2562 3974 αἴτιον
2624 3917 2778 3986 εἶναι,
2837 3916 2900 3970 τὸ
2957 3913 3014 3971 δὲ
3062 3915 3121 3971 ἐκ
3166 3921 3264 3972 τοῦ
3321 3917 3516 3975 αἰτίου.
3577 3920 3722 3976 Cum
3784 3938 3943 3996 ergo

2261 4010 2515 4083 Spiritus
2565 4007 2918 4080 principium
2977 4024 3106 4064 esse
3162 4007 3290 4063 Filii
3354 4008 3467 4063 dici
3517 4013 3797 4081 nequeat,
3835 4029 3948 4068 ne-

2261 4115 2422 4156 cesse
2447 4103 2558 4166 est,
2589 4096 2801 4153 Filium
2834 4113 2963 4152 esse
3011 4096 3367 4168 principium
3420 4097 3672 4169 Spiritus
3704 4101 3942 4156 sancti.

2260 4191 2338 4244 Ea
2393 4204 2631 4243 rursum
2689 4186 3125 4241 animadverte:
3188 4187 3354 4242 Aliud
3403 4189 3746 4243 continenter
3799 4190 3948 4262 (seu

2259 4279 2387 4333 sine
2418 4276 2654 4347 medio),
2685 4291 2754 4330 ea:
2792 4276 2998 4346 primo,
3049 4275 3216 4330 aliud
3242 4290 3344 4345 per
3373 4275 3430 4329 id
3461 4275 3602 4346 quod
3631 4277 3947 4333 continen-

2257 4377 2340 4424 ter
2367 4384 2432 4422 5.1:
2457 4368 2640 4438 primo
2689 4369 2804 4420 est:
2852 4363 2924 4416 Τὸ
2977 4362 3070 4435 μὲν
3122 4363 3223 4437 γὰρ
3256 4368 3508 4439 προεχῶς
3561 4363 3621 4418 ἐκ
3645 4369 3743 4418 τοῦ
3774 4367 3953 4441 πρώ-

2255 4476 2371 4526 του,
2403 4455 2465 4508 τὸ
2497 4451 2554 4507 δὲ
2599 4449 2688 4506 διὰ
2732 4455 2829 4506 τοῦ
2878 4455 3169 4527 προσεχῶς
3220 4451 3280 4506 ἐκ
3319 4457 3418 4506 τοῦ
3449 4454 3692 4529 πρώτου.
3727 4455 3951 4514 Primo

2256 4545 2440 4601 Filius
2471 4541 2816 4616 producitur
2846 4541 3019 4597 modo
3051 4558 3084 4596 a
3116 4541 3320 4597 Patre:
3373 4543 3444 4598 ab
3482 4543 3590 4598 hoc
3620 4560 3754 4599 vero
3790 4545 3948 4617 Spi-

2176 4656 2223 4720 D
2257 4635 2426 4702 ritus,
2460 4632 2802 4704 interposito
2835 4631 3002 4699 Filio,
3039 4647 3141 4686 seu
3173 4647 3276 4702 per
3306 4632 3529 4688 Filium.

2327 4723 2601 4796 Impietas
2703 4721 2892 4789 foret,
2972 4721 3022 4774 si
3109 4720 3424 4791 quisquam
3521 4722 3949 4796 contenderet,

2252 4813 2442 4869 solum
2477 4811 2688 4867 Filium
2722 4809 2982 4882 proxime
3029 4809 3278 4880 produci
3324 4827 3357 4864 a
3405 4811 3612 4866 Patre:
3647 4815 3705 4866 et
3735 4828 3769 4866 a
3800 4813 3956 4870 solo

2254 4902 2398 4958 Filio
2441 4900 2651 4956 deinde
2697 4898 2982 4970 Spiritum
3035 4903 3311 4953 sanctum
3363 4899 3624 4971 proxime
3673 4901 3950 4959 effundi.

2248 4990 2504 5046 Haeretici
2534 4993 2690 5058 sunt,
2727 4987 2828 5059 qui
2872 4988 3185 5058 putabant,
3243 4989 3560 5043 adnotante
3592 4991 3954 5060 Augustino

2247 5083 2497 5136 tractatu
2528 5079 2587 5134 Ο.
2619 5079 2677 5132 in
2707 5081 3018 5146 Joannem,
3068 5093 3234 5133 num.
3275 5077 3306 5131 4
3333 5096 3345 5132 :
3379 5079 3651 5134 Minorem
3678 5094 3794 5133 esse
3833 5082 3955 5140 Fi-

2247 5172 2320 5226 lio
2377 5171 2645 5242 Spiritum
2693 5173 2980 5222 sanctam:
3032 5169 3192 5237 quasi
3227 5169 3406 5222 Filius
3455 5167 3690 5238 accipiat
3719 5185 3754 5222 α
3807 5173 3958 5226 Ρα-

2245 5270 2351 5328 tre,
2384 5269 2434 5314 et
2463 5260 2700 5320 Spiritus
2752 5260 2972 5310 sanctus
3021 5273 3052 5310 a
3083 5258 3246 5323 Filio,
3294 5256 3626 5328 quibusdam
3654 5255 3958 5325 gradibus

2244 5359 2598 5404 naturarum.
2649 5346 2961 5400 Geminum
3019 5345 3294 5401 Petavius
3358 5362 3600 5401 sensum
3662 5343 3966 5406 declarat

2247 5440 2421 5494 citato
2453 5453 2527 5491 v11
2580 5436 2748 5504 libro,
2801 5435 2987 5506 capite
3034 5435 3120 5503 11,
3175 5451 3339 5490 num.
3390 5435 3494 5488 15:
3536 5435 3700 5489 «Sed
3763 5439 3960 5504 quod

2247 5533 2418 5583 Pater
2452 5526 2616 5598 prius
2647 5523 2936 5596 originem
2976 5525 3047 5580 de
3079 5523 3244 5578 Filio.
3293 5540 3472 5594 quam
3505 5522 3751 5596 Spiritui
3779 5539 3956 5581 san-

2247 5623 2376 5672 cto:
2430 5616 2634 5686 atque
2658 5613 2810 5669 inter
2835 5612 3065 5668 Patrem
3097 5618 3153 5666 et
3176 5612 3464 5683 Spiritum
3488 5617 3762 5668 sanctum
3819 5629 3956 5670 ne-

2247 5703 2503 5763 cessario
2536 5703 2614 5760 sit
2662 5701 3126 5777 interponendus
3174 5699 3399 5774 Filius;
3448 5700 3579 5758 sine
3609 5716 3746 5772 quo,
3777 5703 3957 5772 quia
