4090 6448
200 438 269 503 81
1438 437 1644 500 VITA.
1679 470 1753 482 —
1787 434 2314 502 DISSERTATIO
2353 438 2404 501 l.
3553 439 3634 506 82

224 587 468 648 persona
511 586 635 628 non
685 573 846 628 esset
895 573 989 642 (ut
1036 570 1134 644 qui
1184 587 1288 644 per
1338 571 1769 644 paternitatem,
1820 576 1877 629 et
1906 573 1955 637 Α
1985 575 2121 646 cipit
2152 591 2170 627 :
2202 570 2653 644 quemadmodum
2680 587 2839 629 nemo
2865 573 3019 632 novit
3045 573 3268 631 Patrem
3293 573 3409 632 nisi
3435 576 3632 644 Filius,

209 661 538 719 relationem
595 662 669 716 ad
722 661 946 717 Filium
1001 661 1293 734 subsistit)
1343 678 1532 734 neque
1581 662 1866 734 Spiritum

211 758 462 809 sanctum
486 751 1012 823 produceret,cum
1034 768 1293 823 personae
1315 751 1606 824 propriam
1638 751 1866 807 nullam

213 842 566 898 iunctionem
599 840 868 895 haberet.
903 841 1052 896 Nam
1085 842 1238 912 quod
1270 841 1340 896 ad
1375 843 1550 907 ipsam
1581 841 1869 896 emittendi

212 932 441 1002 Spiritus
485 930 766 985 actionem
811 929 1043 997 attinet,
1075 935 1194 985 tam
1225 946 1295 986 ea
1343 931 1603 1003 proxime
1653 931 1866 986 imme-

212 1022 470 1091 diateque
536 1020 640 1074 69
693 1023 785 1074 est
836 1037 870 1075 a
923 1020 1110 1088 Patre,
1162 1036 1341 1090 quam
1395 1037 1428 1074 a
1474 1020 1616 1076 Filio
1667 1038 1680 1075 :
1733 1037 1866 1075 cum

213 1109 512 1180 utriusque
543 1108 626 1163 sit
659 1107 854 1162 unica.
893 1130 921 1156 »
953 1108 1141 1179 Brevi,
1175 1108 1352 1176 clara,
1378 1109 1549 1164 ﬁrma
1577 1109 1869 1164 sententia

211 1196 620 1269 complectitur
650 1196 849 1251 omnia
877 1201 1118 1252 sanctus
1147 1196 1450 1268 Thomas,1
1479 1198 1864 1270 p.qu.36,art.

203 1289 253 1355 3,
284 1287 354 1342 ad
389 1288 421 1341 4
447 1304 461 1343 :
498 1285 640 1342 Ordo
661 1303 774 1342 non
802 1287 1110 1341 attenditur
1133 1288 1280 1342 inter
1307 1293 1528 1342 Patrem
1556 1291 1610 1342 et
1630 1285 1863 1352 Filium,

192 1382 468 1449 quantum
519 1376 596 1430 ad
646 1378 936 1446 virtutem,
967 1375 1061 1432 sed
1111 1377 1287 1432 solum
1316 1384 1578 1447 quantum
1628 1376 1700 1432 ad
1737 1393 1866 1448 sup-

1978 680 2150 735 neque
2197 663 2410 720 Filium
2458 664 2570 718 nisi
2619 669 2801 720 Pater.
2850 665 2932 720 Ita
2983 664 3154 720 audeo
3202 664 3384 722 dicere
3416 683 3429 721 :
3460 681 3636 738 neque

1978 753 2248 824 Spiritum
2297 754 2450 808 novit
2494 754 2771 824 quispiam
2817 755 2932 809 nisi
2978 760 3146 810 Pater
3189 759 3243 810 et
3279 756 3473 823 Filius,
3503 755 3632 830 παρ’

1977 841 2039 895 οὖ
2092 839 2463 916 ἐκπορεύεται,
2512 840 2601 895 καὶ
2651 841 2776 916 παρ’
2826 841 2888 896 οὗ
2949 837 3238 916 λαμϐάνει,
3268 861 3303 900 a
3350 861 3457 916 quo
3498 861 3632 918 pro-

1976 932 2140 1000 cedit,
2175 935 2227 987 et
2253 948 2288 986 a
2316 947 2419 1005 quo
2466 933 2683 1003 accipit,
2715 933 2895 1004 Neque
2940 934 3141 990 Filium
3189 938 3240 990 et
3267 938 3493 991 Patrem
3536 951 3632 991 no-

1976 1022 2056 1076 vit
2083 1021 2308 1091 aliquis,
2340 1022 2456 1075 nisi
2507 1020 2749 1092 Spiritus
2775 1023 3036 1084 sanctus;
3065 1023 3163 1096 qui
3188 1038 3314 1079 vere
3336 1023 3628 1094 gloriﬁcat,

1980 1111 2077 1181 qui
2095 1110 2248 1165 docet
2274 1111 2486 1177 omnia,
2513 1111 2613 1165 70
2643 1111 2740 1182 qui
2769 1115 2999 1166 testatur
3027 1113 3090 1167 de
3117 1112 3278 1180 Filio,
3304 1111 3332 1166 ὃ
3362 1111 3509 1188 παρὰ
3531 1115 3631 1166 τοῦ

1978 1197 2194 1274 Πατρὸς
2245 1196 2335 1252 καὶ
2368 1196 2427 1252 ἐκ
2473 1198 2621 1267 Υῖοῦ,
2656 1201 2750 1271 qui
2778 1217 2814 1255 a
2841 1201 3008 1256 Patre
3053 1208 3105 1256 et
3145 1218 3181 1257 a
3208 1202 3348 1258 Filio
3396 1209 3490 1258 est.
3520 1207 3632 1260 Pa-
3666 1244 3667 1247 η

1976 1305 2090 1354 res,
2140 1287 2454 1360 pluresque
2503 1304 2572 1344 ex
2612 1289 2938 1361 Epiphanio
2994 1291 3317 1347 sententias
3364 1291 3630 1348 luculen-

1976 1377 2241 1434 tissimas
2272 1379 2622 1450 congerebat
2663 1383 2901 1447 Beccus,
2935 1395 3002 1435 ac
3032 1383 3322 1436 nostrates
3371 1379 3628 1454 theologi

1977 1467 2248 1535 afferunt,
2274 1468 2603 1523 Graecorum
2636 1471 2964 1523 commento
2992 1468 3064 1523 de
3095 1469 3382 1524 donorum
3412 1472 3469 1525 et
3498 1470 3632 1527 cha-

1978 1556 2290 1612 rismatum
2323 1555 2662 1628 profusione
2693 1556 2930 1612 omnino
2961 1558 3256 1615 adversas.

182 1469 366 1538 posita
402 1482 414 1519 :
453 1468 510 1520 et
539 1464 661 1520 ideo
691 1463 900 1519 dicitur
947 1465 1088 1535 quod
1115 1466 1281 1520 Pater
1307 1467 1484 1536 spirat
1509 1481 1612 1536 per
1637 1467 1864 1522 Filium.

256 1555 574 1626 Exponere
603 1553 800 1626 pergit
832 1555 1049 1626 dogma
1077 1553 1377 1627 Nyssenus
1411 1571 1424 1610 :
1459 1577 1486 1604 ‹‹
1521 1554 1697 1610 Porro
1732 1571 1867 1610 cum

187 1660 456 1710 causam,
493 1647 552 1698 et
583 1643 726 1713 quod
747 1646 826 1698 est
871 1659 944 1698 erc
971 1659 1139 1699 causa
1167 1643 1458 1710 dicimus;
1493 1659 1868 1716 nequaquam
2049 1646 2126 1717 (7)
2159 1645 2322 1701 Hisce
2369 1649 2611 1700 Patrum
2651 1645 3120 1716 auctoritatibus,
3148 1645 3397 1720 aliisque
3441 1647 3629 1720 pluri-

184 1733 265 1789 iis
317 1731 670 1789 nominibus
719 1731 900 1805 φύσιν,
951 1737 1237 1799 naturam,
1281 1732 1687 1804 signiﬁcamus
1720 1750 1733 1788 :
1766 1733 1866 1789 sed
1979 1751 2115 1803 mis,
2149 1751 2275 1806 quas
2308 1738 2578 1808 prostant
2606 1734 2666 1790 in
2698 1735 3398 1807 Epigraphis,instructus
3427 1738 3628 1794 muni-

193 1839 329 1879 eam
388 1820 586 1876 solum
639 1820 777 1874 κατά
822 1821 886 1874 τὸ
934 1824 1053 1882 πῶς
1103 1820 1235 1874 εἶναι
1291 1817 1572 1898 διαφορὰν,
1607 1839 1735 1893 quas
1778 1838 1859 1878 se-

1977 1827 2193 1895 tusque
2223 1823 2556 1896 patriarcha
2585 1823 2822 1892 Beccus,
2855 1827 3130 1880 aeternam
3162 1841 3228 1880 ac
3265 1825 3628 1883 substantia-

200 1911 466 1967 cnndum
500 1911 823 1967 exsistendi
855 1911 1098 1966 modum
1131 1914 1239 1978 est,
1263 1911 1652 1968 differentiam
1682 1916 1873 1967 osten-
1899 1945 1947 2010 B
1978 1910 2094 1968 lem
2121 1912 2464 1968 ostendebat
2492 1911 2679 1968 sancti
2707 1911 2961 1984 Spiritus
2990 1913 3422 1985 processionem
3451 1932 3487 1972 a
3514 1917 3625 1973 Pa-

203 2002 422 2056 dimus.
461 2021 491 2048 n
529 2001 660 2055 Haec
708 1998 903 2071 palam
937 1999 1232 2067 evincunt,
1261 2000 1546 2073 Spiritum
1597 2005 1868 2057 sanctum
1899 1998 1944 2010 "
1980 2009 2061 2057 tre
2083 2017 2188 2073 per
2234 2002 2439 2066 Filium
2474 2019 2487 2056 :
2523 2000 2967 2075 colligebatque,
2998 2018 3164 2060 voces
3202 2020 3305 2076 per
3331 2008 3391 2061 et
3420 2021 3491 2061 ea:
3518 2021 3628 2062 ne-

1978 2092 2136 2162 gotio
2167 2091 2226 2146 in
2255 2090 2370 2146 isto
2401 2089 2838 2162 aequipollentes
2868 2093 3187 2158 esse.Quod
3217 2093 3396 2148 etiam
3423 2093 3627 2152 diserte

1977 2179 2160 2236 doceri
2203 2179 2387 2235 aiebat
2432 2178 2811 2252 (Pachymere
2857 2179 2984 2237 loco
3033 2181 3208 2238 citato
3263 2183 3624 2254 adnotante),

1978 2271 2038 2324 in
2071 2268 2237 2340 Opere
2285 2270 2380 2324 cui
2409 2267 2578 2324 Sacra
2623 2269 2975 2341 Hoplotheca,
3005 2271 3119 2326 sive
3164 2270 3394 2327 Sacrum
3435 2272 3628 2329 Arma-

1976 2361 2336 2427 mentarium,
2361 2375 2559 2415 nomen
2586 2363 2668 2414 est
2695 2377 2717 2414 .°
2745 2361 2845 2431 qui
2868 2359 3008 2415 liber
3035 2360 3186 2416 inter
3213 2361 3627 2434 authenticos,et

1975 2464 2110 2503 sane
2153 2449 2407 2506 Ecclesiae
2452 2447 2757 2504 doctrinam
2800 2448 3157 2516 declarantes,
3206 2453 3417 2508 censeri
3462 2452 3625 2510 solet.

207 2106 320 2144 non
352 2088 473 2144 dici
523 2104 594 2144 ex
625 2088 790 2156 Filio,
825 2091 927 2144 aut
974 2105 1076 2160 per
1105 2088 1318 2144 Filium
1363 2105 1510 2157 esse,
1547 2106 1612 2144 ac
1641 2089 1690 2144 si
1740 2106 1869 2161 per-

200 2179 336 2234 inde
369 2177 523 2233 foret
553 2194 621 2233 ac
652 2177 850 2249 ipsum
883 2193 1014 2234 esse
1043 2177 1113 2233 de
1141 2178 1401 2234 essentia
1433 2177 1560 2234 Filii
1589 2180 1720 2246 ;sed
1753 2178 1868 2234 uti-

199 2283 312 2339 que
344 2266 522 2322 illum
550 2283 681 2322 esse
711 2283 779 2322 ex
809 2266 938 2321 Filii
970 2283 1244 2338 persona,
1276 2283 1340 2322 ac
1373 2283 1478 2339 per
1506 2266 1635 2322 Filii
1669 2284 1867 2340 perso-

193 2373 360 2428 nam,
412 2355 597 2412 veluti
654 2351 849 2424 ai’uov,
900 2372 1144 2427 causam,
1187 2361 1288 2412 aut
1342 2359 1686 2429 principium
1735 2374 1749 2414 :
1799 2374 1868 2414 ex

190 2461 406 2517 eoque,
461 2449 568 2500 aut
614 2461 721 2516 per
770 2444 969 2516 ipsum
1019 2445 1278 2517 accipere
1327 2462 1462 2500 cum
1529 2447 1869 2503 exsistentia

187 2534 462 2589 divinam
527 2537 829 2588 naturam.
879 2533 1016 2597 Quae
1075 2538 1372 2606 postrema
1430 2536 1670 2591 nomina
1727 2537 1864 2607 duo,
1975 2541 2086 2593 Pro
2117 2554 2360 2593 suarum
2391 2537 2648 2609 partium
2681 2537 2875 2593 studio
2904 2537 3026 2594 haec
3055 2542 3352 2610 postrema
3398 2541 3627 2616 Pachy-

182 2639 399 2687 causae,
435 2627 496 2677 et
522 2623 794 2694 principii
826 2627 1150 2678 memorata
1183 2622 1370 2678 sancti
1400 2623 1637 2678 Thomas
1669 2624 1865 2679 anim-
1977 2643 2168 2682 meres
2216 2625 2428 2698 adjecit
2476 2626 2672 2681 verba.
2723 2627 2804 2681 De
2850 2632 3105 2694 auctore,
3157 2629 3403 2701 ejusque
3451 2645 3627 2703 opera

182 2712 610 2767 adversionem
665 2716 990 2783 suggerunt
1027 2728 1039 2766 :
1074 2711 1309 2783 parcius
1355 2729 1535 2768 causae
1582 2712 1865 2769 vocabulo
1968 2714 2655 2787 judiciumaccipeBecci
2677 2715 3020 2787 patriarchae
3044 2717 3103 2771 in
3128 2717 3624 2792 Refutationibus,

182 2815 327 2854 usos
361 2815 499 2854 esse
531 2815 641 2871 pro
671 2799 950 2870 principio
983 2797 1240 2864 Latinos,
1267 2814 1333 2853 ac
1356 2801 1722 2869 processionis
1751 2803 1864 2856 ori-

183 2890 341 2960 gine,
397 2888 504 2944 sed
565 2893 888 2960 utrumque
917 2886 1132 2943 Graecis
1163 2887 1403 2959 perinde
1451 2889 1652 2945 fuisse.
1685 2890 1863 2961 Aqui-

188 2983 390 3033 natem
425 2977 683 3033 consule
714 2977 773 3031 in
804 2975 1100 3049 Opusculo
1134 2994 1171 3047 ι,
1207 2981 1407 3032 contra
1453 2994 1678 3034 errores
1709 2979 1861 3035 Grae-

194 3083 425 3135 corum,
452 3067 654 3139 capite
692 3068 741 3121 1.

271 3157 348 3226 (6)
381 3178 407 3208 ι
433 3155 839 3228 Epiphanium
889 3171 1124 3226 quoque
1153 3154 1536 3226 deprehendit
1564 3161 1618 3211 et
1658 3156 1862 3213 multis

1974 2822 2102 2878 quae
2132 2809 2364 2860 exstant
2407 2802 2468 2858 in
2498 2804 2719 2860 Gracia
2765 2803 3099 2872 orthodoxa,
3132 2808 3292 2862 torno
3323 2806 3374 2862 II
3421 2824 3434 2863 :
3471 2827 3495 2858 ι
3528 2809 3624 2864 Li-

1976 2895 2135 2950 brum
2183 2894 2293 2950 sub
2337 2892 2582 2966 imperio
2628 2891 2916 2948 Manuelis
2959 2893 3113 2967 regis
3161 2893 3256 2967 (ab
3301 2911 3455 2952 anno
3486 2897 3626 2953 1M3

1973 2983 2043 3038 ad
2103 2999 2326 3038 annum
2385 2982 2565 3054 1180),
2626 2981 2916 3038 Manuelis
2975 2999 3288 3055 personam
3345 2985 3620 3058 induens,

1973 3071 2343 3126 Andronicus
2374 3086 2616 3126 munere
2653 3070 2957 3143 drungarii
2987 3071 3156 3146 viglm
3183 3076 3326 3131 tunc
3371 3075 3624 3150 fungens

1971 3161 2114 3232 (sive
2165 3161 2470 3232 praefectus
2498 3159 2788 3232 vigilum),
2823 3165 3209 3232 cognomento
3257 3163 3619 3235 Camaterus,

189 3245 253 3300 in
286 3245 474 3316 libris,
508 3249 572 3301 et
625 3259 782 3315 saepe
813 3243 873 3298 in
927 3259 1282 3315 unoquoque
1311 3245 1514 3300 eadem
1555 3245 1861 3300 aiﬁrman-
1897 3315 1932 3327 Α
1970 3251 2059 3305 vir
2088 3250 2376 3322 sapientia
2408 3265 2524 3304 non
2554 3247 2832 3322 ignobilis
2869 3251 3202 3323 composuit
3232 3270 3245 3308 :
3278 3252 3340 3308 in
3373 3270 3489 3327 quo
3513 3271 3622 3312 ca-

183 3341 325 3391 tem.
357 3357 388 3384 ιν
416 3315 749 3390 Innumera
801 3335 942 3388 sunt
970 3349 1036 3388 ac
1086 3331 1558 3390 luculentissima
1607 3334 1859 3407 Epipha-
1890 3315 1932 3383 (ἶ
1970 3344 2067 3395 tus
2097 3315 2195 3394 ille
2239 3338 2346 3406 vir,
2380 3355 2494 3394 non
2543 3315 2863 3410 prudenter
2904 3315 3200 3396 certamen
3229 3315 3407 3410 iniit;
3433 3359 3622 3417 neque

174 3425 264 3480 nii
310 3423 692 3481 testimonia.
728 3422 920 3477 Pauca
951 3421 1170 3493 accipe.
1201 3423 1266 3477 In
1318 3427 1614 3493 Ancorato,
1649 3441 1706 3478 n.
1739 3425 1809 3479 67
1844 3444 1856 3482 :

165 3517 299 3570 Jam
350 3529 481 3570 vero
529 3528 662 3568 cum
714 3511 964 3566 Christus
993 3528 1028 3566 a
1066 3512 1250 3582 Patre,
1301 3512 1442 3567 Deus
1487 3511 1745 3568 videlicet
1789 3530 1862 3569 ea:

167 3605 302 3671 Deo,
357 3601 638 3658 creditur
669 3617 682 3654 :
717 3609 768 3655 et
799 3600 1038 3671 Spiritus
1066 3597 1126 3654 ἐκ
1153 3603 1250 3654 τοῦ
1298 3604 1552 3675 Χριστοῦ,
1583 3618 1654 3657 ex
1701 3603 1859 3659 Chri-

161 3704 254 3749 sto
282 3711 298 3762 ;
331 3692 370 3760 ἢ
407 3691 546 3763 παρ’
595 3686 951 3766 ἀμφοτέρων,
983 3706 1079 3746 seu
1128 3690 1207 3745 ab
1248 3693 1474 3762 utroque
1506 3707 1517 3746 :
1551 3694 1696 3747 sicut
1747 3694 1862 3764 ipse

163 3783 308 3838 dicit
365 3781 662 3847 Christus,
712 3779 810 3850 qui
855 3795 890 3833 a
935 3779 1105 3833 Patre
1146 3779 1421 3850 procedit,
1459 3778 1558 3832 Καὶ
1611 3777 1767 3841 οὗτος
1800 3778 1861 3834 ἐκ

165 3875 266 3924 to;
299 3869 460 3942 ἐμοῦ
519 3867 783 3940 λήψεται,
809 3869 875 3922 Et
903 3869 994 3923 hic
1021 3869 1088 3924 de
1116 3884 1234 3924 meo
1263 3870 1508 3941 accipiet.
1542 3869 1651 3925 Ubi
1688 3887 1858 3927 voces

169 3960 305 4028 illae,
341 3961 414 4016 de
473 3974 626 4026 meo,
660 3973 974 4029 personam
1005 3957 1178 4013 Verbi
1225 3958 1567 4030 respiciunt,
1605 3976 1720 4015 non
1751 3960 1856 4016 Pa-

178 4049 301 4104 tris.
357 4047 626 4115 Ibidem,
681 4063 844 4102 num.
877 4047 969 4113 71,
1020 4047 1223 4101 Filium
1249 4055 1407 4102 vocat
1447 4045 1538 4100 τὸν
1569 4045 1619 4116 ἐξ
1669 4046 1855 4119 αὐτοῦ,

177 4141 276 4209 qui
304 4155 380 4195 ex
412 4139 547 4209 ipso
578 4135 793 4207 (Patre)
827 4152 840 4190 ε
875 4135 1144 4207 Spiritum
1187 4151 1312 4191 vero
1339 4139 1611 4203 sanctum,
1639 4137 1702 4190 τὸ
1731 4137 1856 4210 παρ’

174 4224 548 4303 ἆμᾳοτέρων,
581 4241 679 4297 qui
725 4240 794 4280 ex
821 4225 1155 4281 ambobus...
1188 4225 1358 4293 Audi,
1401 4226 1860 4297 quemadmodum

183 4316 352 4371 Pater
403 4330 544 4370 vere
574 4316 650 4368 sit
695 4313 830 4368 Filii
871 4319 1058 4385 pater,
1099 4319 1348 4387 totusque
1389 4314 1526 4384 tua;
1575 4324 1632 4370 et
1675 4316 1858 4372 Filius

182 4421 303 4460 rere
352 4408 432 4460 sit
483 4405 672 4458 Patrzs
717 4404 892 4473 ﬁlius,
945 4403 1131 4458 lumen
1177 4403 1243 4459 de
1291 4407 1501 4460 lumine
1552 4421 1565 4459 :
1613 4403 1859 4476 Spiritus

187 4494 423 4566 denique
479 4500 704 4547 sanctus
755 4493 1007 4548 Veritatis
1053 4495 1127 4548 sit
1191 4493 1455 4564 Spiritus,
1503 4495 1616 4570 φῶς
1671 4491 1853 4568 τρίτον

183 4583 324 4657 παρὰ
382 4579 640 4656 ΙΙατρὸς,
688 4578 777 4633 καὶ
824 4580 975 4651 Υἱοῦ,
1027 4584 1250 4637 tertium
1296 4599 1330 4637 a
1374 4587 1558 4651 Patre,
1606 4584 1856 4656 Filioque

1970 3445 2073 3501 pro
2121 3444 2240 3482 sua:
2272 3427 2574 3498 sapientia:
2623 3427 2946 3500 dignitate;
2979 3429 3132 3499 quod
3181 3428 3269 3485 vol
3316 3433 3618 3504 proprium

1971 3521 2207 3573 secutus
2257 3517 2336 3571 sit
2383 3515 2716 3588 arbitrium,
2766 3515 2856 3572 vel
2904 3516 3264 3574 dominantis
3305 3520 3498 3591 jussu,
3527 3523 3620 3580 vel

1973 3605 2255 3678 temporis
2303 3603 2825 3677 opportunitatem,
2857 3604 2946 3660 vel
2993 3605 3216 3678 aliquid
3247 3606 3429 3677 aliud,
3460 3611 3616 3683 quod

1969 3695 2115 3750 mihi
2147 3695 2408 3750 nondum
2439 3694 2644 3766 liquet.
2680 3716 2705 3743 ›ι

2040 3787 2105 3839 In
2137 3800 2207 3840 ea
2257 3782 2392 3838 libri
2440 3786 2603 3855 parte
2649 3799 2776 3854 quas
2827 3782 3110 3856 Spiritum
3161 3788 3434 3843 sanctum
3483 3804 3614 3861 spe-

1967 3877 2105 3940 ctat,
2139 3874 2400 3945 quinque
2453 3873 2696 3942 conﬁctis
2727 3873 3070 3944 dogmatum
3119 3875 3444 3948 principiis,
3475 3893 3617 3950 quo-

1965 3981 2092 4018 rum
2120 3963 2364 4029 nullum,
2397 3961 2583 4033 (Becci
2611 3961 2788 4016 verba
2817 3964 2977 4031 sunt)
3007 3963 3138 4018 licet
3165 3964 3443 4038 quispiam
3468 3967 3615 4024 divi-

1965 4069 2163 4108 norum
2213 4055 2449 4107 Patrum
2494 4050 2900 4106 Commentaria
2947 4053 3248 4109 evolvendo
3293 4053 3620 4129 delassetur,

1967 4158 2002 4196 a
2031 4155 2304 4213 quoquam
2332 4155 2575 4211 unquam
2602 4147 2870 4195 assertum
2899 4141 3152 4212 reperiet,
3184 4143 3620 4201 adversantium

1967 4228 2299 4285 Graecorum
2330 4227 2675 4300 exoogitatio
2706 4228 3223 4300 comprehenditur
3263 4231 3478 4288 omnis.
3509 4231 3620 4291 Re-

1967 4319 2078 4373 fert
2107 4334 2175 4373 ea
2205 4317 2422 4372 ibidem
2455 4333 2607 4389 sape
2633 4315 2909 4373 laudatus
2956 4317 3292 4390 patriarcha
3324 4337 3336 4376 :
3370 4321 3624 4378 Primum

1965 4423 2090 4479 ergo
2138 4422 2381 4463 asserens
2412 4425 2432 4461 :
2458 4407 2750 4478 proprium
2799 4408 2987 4463 Patris
3038 4423 3157 4464 esse
3182 4410 3453 4482 Spiritum
3495 4427 3625 4482 pro-

1965 4496 2183 4552 ducere.
2219 4497 2340 4551 Imo
2393 4495 2635 4568 spiratio
2666 4496 2872 4564 activa,
2905 4513 3040 4552 cum
3071 4513 3176 4553 nec
3199 4497 3356 4554 Patri
3385 4511 3492 4556 nec
3522 4499 3621 4557 Fi-

1965 4586 2042 4641 lio
2091 4589 2442 4658 opponatur,
2478 4585 2711 4657 utrique
2762 4586 3096 4642 communis
3149 4590 3261 4642 est.
3296 4586 3422 4644 Dici
3471 4589 3623 4647 solet

180 4673 388 4729 lumen.
425 4670 582 4737 Quis
633 4669 860 4725 inficias
892 4670 1078 4740 iverit,
1113 4670 1206 4744 agi
1236 4671 1347 4726 hoc
1381 4669 1508 4727 loco
1539 4672 1609 4727 de
1641 4673 1857 4744 produ-
1889 4689 1938 4752 D
1965 4673 2446 4748 praprietas,quia
2476 4690 2591 4729 non
2625 4678 2715 4730 est
2743 4674 3076 4730 communis
3103 4675 3297 4733 tribus
3328 4676 3619 4748 personis,

179 4763 372 4817 ctione
406 4757 767 4816 substantias
799 4775 864 4814 ac
895 4777 1158 4832 personas
1187 4760 1439 4833 Spiritus
1470 4760 1706 4817 sancti?

247 4850 534 4923 lnsignes
567 4847 719 4903 alias
736 4863 851 4903 non
881 4849 1360 4921 praetermiserim
1384 4849 1444 4904 in
1463 4851 1667 4905 eodem
1689 4849 1857 4906 Anco-

182 4945 295 4995 rato
346 4935 708 4995 sententias.
757 4937 931 4992 Num.
980 4939 1014 4990 8
1063 4938 1187 4993 ait:
1240 4939 1382 4994 Inest
1430 4955 1556 5010 ergo
1604 4940 1741 4994 Deus
1791 4941 1855 4994 in

177 5035 365 5099 Patre,
400 5029 556 5083 inest
579 5027 644 5080 in
676 5026 838 5095 Filio,
871 5028 1014 5082 inest
1060 5028 1119 5082 in
1149 5027 1365 5100 Spiritu
1392 5035 1578 5083 sancto
1609 5045 1630 5089 ;
1661 5030 1758 5099 qui
1786 5045 1856 5084 ea:

171 5119 280 5173 Deo
307 5118 560 5191 pariter,
593 5123 651 5170 et
684 5115 830 5170 Deus
859 5123 959 5170 est.
994 5115 1235 5186 Spiritus
1265 5118 1416 5171 enim
1464 5117 1582 5184 Dei,
1614 5117 1854 5188 Spiritus

170 5209 362 5263 Patris
414 5216 473 5263 et
515 5205 667 5263 Filii
714 5203 955 5276 Spiritus
985 5223 1005 5260 :
1033 5222 1152 5261 non
1200 5205 1585 5279 compositione
1637 5207 1848 5279 aliqua,

173 5296 646 5368 quemadmodum
692 5294 756 5348 in
793 5295 948 5349 nobis
988 5296 1180 5349 anima
1222 5309 1522 5366 corpusque
1563 5295 1851 5367 conjungi-

178 5392 262 5442 tur
298 5388 449 5444 :sed
500 5381 727 5456 ἐνμέσῳ
785 5381 1001 5454 Πατρὸς
1049 5379 1138 5435 καὶ
1186 5382 1334 5454 Υἱοῦ,
1387 5382 1446 5437 ἐκ
1496 5386 1592 5437 τοῦ
1640 5385 1850 5459 ΙΙατρὸς

177 5475 380 5530 καὶτοῦ
422 5474 581 5544 Ποῦ,
637 5467 827 5547 τρίτον
861 5473 930 5542 τῇ
983 5469 1290 5543 ὀνομασίᾳ;
1341 5473 1487 5528 Inter
1533 5474 1756 5528 Patrem
1803 5483 1855 5530 et

177 5566 362 5624 Filium
404 5566 639 5624 medius
687 5566 774 5617 est
822 5561 991 5616 Patre
1036 5561 1301 5632 Filioque,
1355 5563 1544 5616 tertius
1603 5562 1848 5633 appella-

170 5659 319 5717 tione.
353 5657 558 5715 Verba
611 5649 833 5712 refero.
867 5665 997 5721 quas
1054 5667 1218 5705 num.
1249 5650 1322 5703 73
1365 5649 1660 5705 habentur
1691 5666 1703 5704 :
1737 5652 1848 5720 Igi-

168 5755 247 5804 tur
267 5755 321 5808 si
343 5769 380 5809 a
407 5751 612 5810 Patre
634 5739 900 5817 procedit
931 5756 951 5794 :
981 5743 1036 5796 et
1063 5739 1130 5795 de
1158 5755 1296 5812 meo,
1328 5741 1412 5796 ait
1441 5741 1724 5811 Dominus,
1755 5756 1845 5795 ac-

1968 4782 2100 4820 cum
2131 4769 2363 4820 tantum
2398 4763 2704 4819 conveniat
2744 4763 2897 4818 Patri
2927 4767 2984 4819 et
3011 4763 3174 4820 Filio.
3207 4764 3332 4821 Non
3365 4769 3454 4822 est
3481 4779 3618 4826 vero

1959 4855 2270 4927 proprietas
2294 4852 2772 4925 personalis,quia
2801 4868 3112 4924 personam
3142 4869 3260 4910 non
3291 4855 3614 4929 constituit,

1966 4944 2066 4998 sed
2102 4959 2380 5016 personas
2428 4942 2576 4996 duas
2605 4941 2958 4998 constitutas
3007 4941 3208 5014 afﬁcit,
3240 4959 3308 5000 ac
3337 4943 3512 5000 refert
3540 4945 3614 5002 ad

1966 5031 2217 5087 tertiam.
2253 5030 2562 5086 Secundum
2591 5049 2609 5083 :
2641 5029 2909 5101 quidquid
2935 5029 3000 5086 de
3029 5031 3297 5088 Trinitate
3325 5033 3612 5104 asseritur,

1963 5129 2060 5176 aut
2089 5125 2167 5177 est
2197 5121 2384 5187 unius,
2419 5122 2515 5174 aut
2544 5119 2838 5174 trium.7l
2874 5118 2938 5174 Id
2969 5119 3185 5192 Oppido
3215 5119 3430 5177 falsum
3461 5121 3616 5178 evin-

1964 5214 2127 5277 cunt,
2163 5226 2289 5281 quas
2335 5209 2612 5264 adnotata
2659 5211 2819 5263 sunt.
2879 5208 3135 5281 Spiratio
3182 5208 3386 5282 activa,
3437 5209 3612 5267 sicuti

1962 5317 2078 5354 non
2135 5298 2450 5371 opponitur
2498 5296 2837 5369 paternitati
2884 5302 2942 5353 et
2979 5297 3266 5367 filiationi,
3299 5297 3382 5355 ita
3432 5313 3614 5371 oppo-

1961 5388 2122 5443 nitur
2150 5385 2456 5460 spirationi
2485 5385 2728 5458 passives
2755 5403 2768 5454 ;
2801 5387 2958 5443 unde
2984 5386 3226 5460 spiratio
3278 5386 3464 5443 activa
3493 5403 3612 5445 non

1959 5480 2048 5530 est
2065 5477 2161 5530 uni
2174 5491 2384 5541 us,non
2403 5478 2492 5529 est
2503 5473 2813 5544 trium,sed
2827 5480 2917 5530 est
2931 5475 3178 5531 duarum
3199 5491 3609 5548 personarum.

1964 5566 2200 5620 Tertium
2216 5581 2234 5618 :
2248 5562 2515 5635 quidquid
2536 5563 2608 5618 de
2629 5563 2835 5619 divinis
2854 5565 3101 5635 personis
3121 5565 3517 5635 asseritur,aut
3536 5571 3615 5622 est

1957 5655 2366 5726 personale,aut
2386 5661 2467 5707 est
2485 5653 2947 5725 naturale.Atqui
2976 5669 3111 5709 vero
3133 5653 3259 5724 jam
3288 5656 3464 5726 patet,
3488 5652 3610 5726 spi-

1958 5743 2242 5800 rationem
2276 5741 2524 5799 activam
2555 5757 2670 5798 non
2723 5757 2851 5798 esse
2879 5743 3111 5814 proprie
3138 5740 3406 5799 naturale
3433 5739 3606 5812 quid-
