4090 6444
440 425 518 491 83
1489 426 1809 492 GEORGII
1852 426 2115 492 CYPRll
2159 426 2279 492 GP.
2324 425 2864 492 PATRIARCHE
3785 418 3863 487 84

442 558 624 633 piam,
656 574 765 617 nec
810 573 940 617 esse
981 558 1287 633 personale
1319 578 1333 618 :
1367 577 1496 619 esse
1542 566 1740 619 tamen
1771 563 1909 634 quid
1959 579 2089 636 pro-
2119 565 2175 631 Α
2280 564 2368 619 IV.
2404 562 2757 635 Hujusmodi
2777 558 3204 618 sententiarum
3234 556 3613 626 indicatione,
3643 558 3858 631 quibus

446 649 662 722 prium,
694 649 851 721 quod
881 648 1017 704 licet
1054 650 1286 707 duabus
1337 652 1646 707 conveniat
1677 653 1962 724 personis,
1996 653 2100 707 Pa-
2210 669 2280 709 ex
2305 657 2565 709 veterum
2601 654 2834 709 Patrum
2867 667 3021 723 penu
3051 649 3384 721 desumptis
3412 665 3582 705 suam
3612 652 3671 704 et
3700 648 3858 704 Lati-

446 738 523 794 tri
554 743 612 794 et
641 737 807 805 Filio,
840 742 1038 810 utpote
1068 756 1257 811 neque
1290 740 1621 811 paternitati
1652 758 1842 812 neque
1872 741 2101 796 ﬁliatio-
2210 758 2421 797 norum
2471 756 2710 797 causam
2760 740 3070 812 perorabat
3118 742 3364 804 Beccus,
3419 737 3712 810 egregiam
3765 753 3866 810 pro

451 827 512 883 ni
557 828 914 899 oppositum,
969 845 1085 884 non
1135 832 1225 884 est
1270 845 1584 885 commune
1625 830 1836 897 tribus,
1893 847 2103 903 nempe
2212 831 2419 886 eadem
2454 847 2632 885 causa
2675 828 3002 901 apologiam
3036 828 3181 884 texit
3211 826 3617 897 Pacbymeres.
3667 827 3774 882 Pro
3802 842 3867 882 eo

451 921 653 973 sancto
698 915 875 973 etiam
924 917 1185 990 Spiritui,
1224 919 1317 973 cui
1367 918 1588 974 scilicet
1640 918 1876 975 relative
1922 936 2103 992 oppo-
2209 924 2431 987 tamen,
2479 936 2594 990 quo
2639 918 2941 974 laborabat
2987 917 3329 973 schismatis
3384 916 3610 983 morbo,
3641 916 3735 970 vix
3780 914 3868 970 in-

452 1004 631 1061 nitur.
666 1005 827 1061 Hanc
878 1008 1096 1077 promit
1124 1007 1335 1063 Doctor
1365 1005 1665 1078 angelicus
1714 1008 2103 1079 objectionem
2212 1008 2481 1080 telligens
2528 1025 2657 1080 quas
2702 1006 2996 1063 scribebat
3044 1022 3057 1060 :
3110 1005 3309 1072 locum,
3367 1005 3469 1072 ait,
3537 1006 3873 1061 accusationi

453 1099 658 1167 quaest.
694 1096 781 1160 10,
814 1096 885 1151 de
940 1095 1198 1167 potentia
1228 1096 1391 1152 artic.
1448 1097 1499 1161 4,
1532 1112 1782 1168 eamque
1829 1097 2001 1153 solvit
2031 1098 2104 1153 ad
2212 1101 2303 1153 sui
2330 1097 2537 1153 dedisse
2587 1099 2815 1153 Beccum
2859 1095 3007 1151 haud
3054 1111 3185 1151 sane
3236 1093 3648 1151 contemnendae
3675 1112 3695 1147 :
3725 1110 3792 1149 ac
3822 1093 3871 1148 si

449 1185 507 1250 7,
539 1184 749 1257 duplex
794 1184 1210 1257 distinguendo
1263 1187 1607 1257 proprium:
1643 1186 1917 1254 alterum,
1966 1186 2108 1257 quod
2215 1203 2449 1259 nempe,
2480 1186 2696 1259 duplex
2747 1185 2843 1241 ille
2873 1202 2939 1240 ac
2975 1183 3159 1240 Latini
3205 1183 3585 1256 principium,
3618 1188 3719 1239 aut
3769 1183 3877 1238 du-

450 1278 533 1329 est
572 1273 907 1348 simpliciter
936 1282 987 1329 et
1013 1274 1276 1344 absolute,
1315 1279 1367 1329 et
1398 1276 1497 1329 uni
1519 1276 1624 1330 soli
1669 1277 1941 1342 convenit,
1972 1277 2110 1332 sicut
2218 1274 2425 1348 plicem
2456 1275 2708 1346 Spiritus
2740 1275 2930 1330 sancti
2960 1290 3224 1343 causam,
3251 1272 3652 1328 admitterent.
3691 1293 3720 1323 «
3748 1272 3873 1327 Non

450 1362 667 1419 risibile
715 1363 981 1417 homini:
1012 1362 1284 1430 alterum,
1319 1363 1458 1435 quod
1504 1380 1615 1419 non
1642 1369 1719 1419 est
1760 1365 2107 1435 simpliciter,
2218 1364 2380 1429 levis,
2412 1380 2518 1420 nec
2574 1363 2831 1435 vulgaris
2888 1380 3050 1418 error
3106 1362 3431 1429 videbatur,
3492 1366 3702 1433 preter
3758 1363 3877 1416 vim

453 1453 547 1510 sed
573 1452 647 1507 ad
674 1451 928 1523 aliquid;
959 1460 1020 1507 ut
1065 1454 1115 1507 si
1143 1452 1359 1507 dicatur
1387 1455 1531 1523 quod
1562 1454 1836 1508 rationale
1864 1457 1943 1509 est
1976 1469 2109 1524 pro-
2216 1455 2487 1525 principii
2529 1456 2579 1508 et
2609 1467 2812 1520 causae,
2846 1469 2973 1525 quae
3022 1454 3083 1507 in
3126 1454 3292 1507 Patre
3327 1468 3362 1506 a
3410 1451 3638 1506 cunctis
3690 1466 3876 1521 agno-

452 1543 644 1615 prium
674 1540 887 1596 homini
916 1542 974 1595 in
1005 1544 1414 1612 comparatione
1444 1542 1514 1596 ad
1541 1543 1902 1615 equum,licet
1931 1547 1983 1597 et
2007 1543 2112 1597 alii
2220 1542 2675 1613 scitur,respectu
2705 1542 2941 1613 Spiritus
2976 1540 3377 1606 sancti;etiam
3398 1541 3539 1596 Filio
3559 1540 3878 1595 attribuere

454 1631 764 1697 conveniat,
793 1630 1004 1685 scilicet
1033 1630 1255 1698 angelo.
1290 1631 1495 1702 Itaque
1526 1647 1789 1703 personae
1822 1632 1969 1701 duae,
2002 1635 2109 1686 Pa-
2219 1634 2489 1687 rationem
2514 1632 2790 1703 principii
2815 1635 2867 1686 et
2895 1645 3078 1687 causa
3106 1645 3246 1702 erga
3272 1628 3547 1701 Spiritum
3571 1628 3874 1684 eumdem.-

455 1723 545 1775 ter
575 1723 634 1774 et
660 1718 862 1786 Filius,
895 1736 1004 1774 sua
1032 1718 1277 1791 singulas
1329 1719 1681 1792 proprietate
1714 1720 1864 1792 (qua
1894 1722 2111 1792 simpli-
2221 1721 2598 1793 Consequens
2627 1720 2786 1775 istud
2817 1720 2890 1775 ab
2936 1719 3285 1775 adversariis
3316 1719 3514 1790 inepte
3546 1717 3776 1773 illatum
3807 1715 3876 1771 il-

456 1811 595 1865 citer
621 1816 673 1865 et
701 1809 951 1864 absolute
979 1807 1194 1863 dicitur
1224 1809 1916 1881 pr0prietas)constitutae
1948 1814 2110 1865 sunt:
2221 1809 2443 1865 lidebat
2469 1809 2686 1865 Beccus
2710 1816 3038 1876 argumento
3063 1824 3093 1864 e
3122 1806 3318 1863 Graecis
3346 1807 3503 1863 ducto
3534 1807 3689 1878 ipsis,
3723 1806 3878 1876 quod

460 1914 527 1953 ac
578 1901 718 1952 sunt
746 1897 779 1964 ἡ
811 1894 1086 1969 πατρότης
1117 1895 1206 1949 καὶ
1257 1896 1469 1965 υἱότης,
1518 1899 1821 1969 paternitas
1867 1903 1921 1953 et
1967 1899 2075 1969 ﬁlia

2267 1914 2354 1967 )se
2409 1898 2791 1970 Pacbymeres
2850 1896 3016 1953 affert
3074 1912 3088 1952 :
3150 1897 3345 1953 Annon
3398 1895 3721 1967 (inquiens)
3788 1910 3882 1951 vos

460 1990 577 2052 tas,
609 1986 827 2054 quibus
875 1985 1114 2058 integrae
1147 1990 1204 2041 et
1233 1986 1483 2041 invicem
1514 1986 1804 2042 distinctae
1846 1986 2031 2042 Patris
2062 1991 2119 2042 et
2149 1985 2197 2001 ⁵¹
2226 2004 2438 2064 quoque
2466 1996 2518 2043 et
2545 1988 2751 2052 dicitis,
2782 1994 2832 2042 et
2860 1994 3001 2041 recte
3049 1985 3162 2041 dici
3183 1986 3463 2056 fatemini,
3496 1985 3722 2040 Patrem
3773 2000 3884 2041 esse

461 2074 591 2130 Filii
621 2074 969 2147 hypostases
1000 2074 1487 2130 exsistunt.Hisce
1516 2091 1649 2131 vero
1676 2076 1798 2145 jam
1831 2075 2117 2130 constitu-
2221 2081 2526 2152 perfectum
2556 2078 2745 2143 Deum,
2786 2077 3087 2147 perfectum
3114 2075 3249 2129 item
3281 2075 3449 2129 Deum
3496 2090 3612 2130 esse
3653 2074 3881 2129 Filium.

460 2162 540 2219 tis
570 2163 794 2219 accedit
823 2161 1093 2234 alia,qu£e
1124 2166 1214 2217 est
1244 2162 1506 2234 spirandi
1539 2163 1864 2235 proprietas
1898 2180 1910 2218 :
1936 2178 2119 2234 eaque
2227 2169 2461 2239 denique
2489 2166 2846 2221 Paracletum
2889 2166 3193 2235 perfectum
3224 2168 3277 2217 et
3308 2164 3495 2235 ipsum
3525 2178 3641 2219 esse
3668 2164 3888 2218 Deum?

464 2251 725 2308 divinam
767 2251 1106 2319 essentiam,
1150 2268 1218 2307 ac
1265 2252 1564 2323 virtutem,
1597 2256 1656 2307 et
1694 2251 2116 2324 operationem,
2233 2260 2426 2315 Utrum
2454 2257 2645 2325 igitur,
2675 2256 2809 2326 quia
2828 2254 2955 2309 inde
2978 2257 3087 2309 tres
3116 2268 3234 2308 esse
3262 2252 3387 2307 deos
3414 2251 3629 2307 videtur
3658 2252 3885 2325 inferri,

463 2346 532 2398 ut
562 2345 652 2398 est
679 2340 738 2396 in
792 2340 961 2396 Patre
1000 2348 1058 2396 et
1106 2341 1165 2395 in
1198 2339 1366 2409 Filio,
1400 2340 1521 2396 sive
1570 2344 1634 2396 ut
1680 2345 1771 2396 est
1817 2340 1877 2396 in
1928 2340 2120 2410 Patre,
2227 2345 2369 2418 falso
2399 2346 2503 2401 isto
2541 2348 2592 2399 et
2619 2342 2916 2415 respuendo
2966 2340 3270 2398 corollario
3317 2340 3651 2412 theologiam
3698 2342 3887 2415 inqui-

465 2434 524 2486 et
551 2447 586 2485 a
615 2429 785 2485 Patre
834 2430 893 2484 in
940 2429 1107 2499 Filio,
1141 2430 1523 2501 consequitur
1570 2434 1629 2485 et
1680 2429 1978 2485 modificat
2007 2447 2021 2484 :
2056 2446 2122 2485 ac
2229 2436 2532 2491 nubimus?
2560 2432 2762 2489 Unitas
2794 2448 2861 2488 ac
2890 2430 3166 2487 identitas
3209 2430 3474 2487 assentire
3505 2430 3888 2503 divinm,qum

463 2519 549 2576 ita
580 2519 823 2575 demum
868 2519 954 2586 fit,
990 2524 1056 2574 ut
1099 2535 1282 2573 unum
1312 2518 1416 2575 fiat
1462 2535 1531 2573 ex
1560 2519 1850 2575 ambobus
1899 2520 2122 2591 princi-
2231 2524 2421 2579 tribus
2466 2522 2623 2578 inest
2672 2521 2887 2577 divinis
2938 2520 3232 2593 personis,
3263 2524 3384 2575 tres
3432 2518 3570 2575 licet
3615 2519 3759 2584 sint,
3791 2536 3891 2576 eas

466 2608 654 2682 pium.
687 2611 745 2663 θι
774 2624 931 2663 unus
959 2600 1270 2682 προϐολεὺς
1303 2606 1597 2680 spirator;
1632 2625 1748 2663 non
1779 2611 1973 2663 tamen
2006 2624 2123 2663 una
2232 2611 2413 2668 efﬁcit
2460 2627 2644 2666 unum
2678 2626 2808 2667 esse
2835 2610 3042 2665 Deum.
3077 2613 3190 2664 Par
3240 2612 3329 2664 est
3360 2607 3693 2680 exemplum
3723 2608 3788 2664 in
3820 2607 3892 2663 iis

466 2712 739 2771 persona.
774 2696 916 2752 Hinc
963 2712 1330 2768 consequens
1360 2695 1510 2751 illud
1543 2696 1799 2764 eliditur,
1835 2712 1951 2769 quo
1991 2697 2121 2769 Spi-
2235 2718 2363 2774 quae
2398 2701 2470 2757 ad
2503 2707 2665 2756 extra
2686 2704 2970 2756 vocantur
2991 2697 3593 2771 Operationes.Mundi
3625 2698 3897 2753 conditor

467 2785 649 2842 ritum
680 2788 953 2841 sanctum
985 2801 1105 2841 sua:
1136 2784 1531 2857 processionis
1559 2790 1856 2841 auctorem
1883 2786 2003 2841 fore
2029 2786 2125 2842 de-
2232 2796 2322 2847 est
2351 2794 2537 2863 pater,
2572 2789 2672 2845 sed
2723 2787 2902 2843 etiam
2932 2786 3111 2843 Filius
3142 2785 3413 2842 conditor
3442 2785 3651 2841 mundi
3688 2789 3802 2854 est,
3836 2789 3895 2841 et

467 2875 731 2943 ducunt;
763 2874 903 2947 quia
949 2878 1007 2929 et
1036 2874 1164 2946 ipse
1192 2875 1458 2930 eamdem
1508 2891 1641 2930 cum
1676 2879 1848 2931 Patre
1895 2879 1952 2930 et
1984 2874 2123 2930 Filio
2233 2885 2325 2937 est
2344 2879 2612 2936 conditor
2631 2877 2834 2933 mundi
2853 2876 3102 2949 Spiritus
3125 2879 3394 2931 sanctus:
3422 2874 3524 2931 sed
3543 2874 3684 2947 quia
3703 2873 3897 2930 omni-

467 2963 810 3030 essentiam,
840 2967 899 3019 et
943 2962 1240 3028 virtutem,
1273 2967 1330 3019 et
1372 2963 1770 3035 Operationem
1802 2964 2000 3020 habet.
2034 2965 2124 3021 Si-
2234 2968 2640 3041 potentia,qua
2670 2965 2943 3022 conditur
2971 2964 3379 3032 mundus,una
3405 2962 3560 3019 inest
3588 2978 3656 3019 ac
3685 2964 3898 3019 eadem

469 3051 709 3124 quidem
739 3068 855 3106 non
887 3050 946 3105 id
977 3052 1217 3123 praecise
1248 3051 1594 3124 operationi,
1626 3057 1730 3109 aut
1767 3052 1991 3120 virtuti,
2024 3058 2127 3110 aut
2234 3058 2425 3115 tribus
2473 3055 2760 3129 personis,
2792 3072 2911 3110 non
2959 3057 3101 3109 sunt
3129 3058 3253 3109 tres
3283 3050 3488 3108 mundi
3533 3051 3898 3118 conditores,

469 3140 756 3204 essentia,
790 3139 1078 3206 convenit,
1111 3156 1229 3211 qua
1280 3140 1536 3195 essentia
1577 3145 1691 3208 est,
1723 3146 1787 3196 ut
1841 3142 2126 3214 producat
2237 3147 2338 3203 sed
2373 3163 2526 3203 unus
2553 3145 2839 3201 conditor.
2855 3143 3074 3200 Verum
3104 3142 3263 3198 enim
3293 3157 3429 3198 vero
3458 3156 3577 3196 una
3606 3139 3791 3196 etiam
3813 3143 3907 3195 est

471 3228 757 3301 Spiritum
800 3232 1071 3283 sanctum
1106 3244 1120 3285 :
1154 3229 1256 3283 sed
1288 3228 1579 3300 essentia,
1612 3246 1729 3302 qua
1777 3230 2127 3302 paternitate
2170 3305 2199 3309 Α,
2235 3237 2472 3309 spiratio
2521 3235 2697 3289 activa
2730 3233 2888 3289 Patri
2917 3237 2975 3288 et
3022 3230 3165 3287 Filio
3214 3228 3546 3287 communis
3580 3244 3594 3283 :
3633 3228 3905 3301 adeoque

471 3322 539 3374 ab
569 3316 849 3373 ἢὶὶιιῐίοηθ
895 3316 1100 3373 allecto.
1129 3321 1237 3385 est.
1270 3317 1627 3389 quibuscum
1679 3318 1942 3391 spirandi
1989 3337 2125 3393 pro-
2157 3305 2201 3375 Ο
2239 3305 2354 3381 duo
2384 3322 2595 3391 Patris,
2628 3327 2686 3377 et
2718 3320 2848 3377 Filii
2878 3320 3077 3376 divina
3106 3318 3413 3393 supposita
3441 3321 3581 3374 sunt
3605 3334 3719 3373 una
3758 3334 3902 3373 cau-

474 3406 692 3479 prietas
737 3411 828 3461 est
877 3404 1200 3479 complexa.
1229 3407 1364 3471 Quae
1420 3408 1660 3462 demum
1710 3407 1971 3480 spirandi
2005 3426 2135 3481 pro-
2241 3430 2323 3479 sa,
2357 3416 2461 3467 aut
2490 3427 2661 3467 unum
2690 3412 3033 3482 principium
3061 3407 3250 3464 sancti
3280 3406 3556 3480 Spiritus.

475 3496 695 3568 prietes
724 3495 961 3550 tametsi
1003 3511 1114 3551 non
1143 3495 1367 3568 diﬁerat
1410 3496 1713 3552 secundum
1744 3514 1860 3553 rem
1889 3516 1924 3553 a
1959 3501 2135 3570 pater-
2319 3503 2445 3557 Haec
2473 3499 2747 3556 doctrinae
2778 3498 3121 3555 Christianae
3150 3499 3505 3553 documenta
3546 3495 3910 3551 inconcussa

476 3587 658 3641 nitate
685 3592 737 3640 et
762 3583 1059 3655 ﬁliatione,
1081 3589 1144 3639 ut
1173 3586 1400 3658 egregie
1432 3586 1844 3642 animadvertit
1870 3588 2136 3660 Aquinas
2246 3591 2454 3647 scribit
2483 3588 2886 3661 Pachymeres.
2919 3588 2990 3643 ad
3018 3587 3432 3657 subterfugium
3449 3585 3706 3641 criminis
3726 3587 3912 3640 astute

484 3672 545 3728 in
575 3673 933 3745 Compendio
964 3672 1268 3746 theologia:
1298 3676 1522 3746 cap.65,
1547 3680 1680 3731 Haec
1706 3679 1953 3733 attamen
1983 3678 2140 3749 diﬁe-
2247 3698 2282 3736 a
2311 3680 2491 3735 Becco
2523 3679 2857 3734 adinventa.
2902 3677 3077 3732 Addit
3103 3675 3280 3731 etiam
3323 3674 3393 3729 ad
3439 3673 3689 3731 eumdem
3713 3674 3918 3744 ﬁnem,

482 3766 617 3818 runt
643 3762 942 3818 secundum
970 3780 1036 3818 ea
1080 3763 1151 3818 ad
1187 3778 1315 3836 quae
1345 3766 1698 3835 referuntur;
1725 3783 1859 3821 nam
1892 3768 2140 3837 paterni—
2246 3769 2532 3825 decretum
2562 3767 2830 3838 ﬁdei,legi
2858 3767 3091 3823 solitum
3122 3766 3184 3820 in
3212 3764 3457 3819 Ecclesia
3484 3763 3726 3833 dieque?
3751 3778 3922 3817 voca-

481 3861 591 3907 tate
619 3856 786 3907 Pater
815 3854 1061 3923 refertur
1088 3853 1159 3907 ad
1188 3854 1416 3922 Filium,
1448 3863 1499 3909 et
1527 3856 1806 3909 communi
1831 3856 2141 3926 spiratione
2246 3863 2340 3915 tur
2368 3853 3096 3933 ’OpBoSoEiac,0rthodoxiae
3116 3852 3445 3926 (Dominica
3475 3851 3698 3908 scilicet
3717 3850 3922 3923 prima

480 3942 553 3996 ad
601 3940 871 4012 Spiritum
916 3949 1174 3996 sanctum
1203 3960 1225 3996 .·
1254 3945 1305 3997 et
1333 3944 1597 3999 similiter
1642 3945 1820 3999 Fitius
1860 3944 2141 4015 ﬁliatione
2248 3947 2763 4018 Quadragesimaa),
2791 3946 2969 4000 tribus
3015 3947 3245 3999 auctum
3294 3942 3555 4014 capitulis
3584 3940 3657 3996 ab
3702 3939 3919 3995 eodem

480 4031 702 4102 quidem
729 4029 801 4084 ad
828 4031 1076 4095 Patrem,
1106 4033 1387 4086 communi
1415 4048 1538 4087 vero
1567 4034 1869 4103 spiratione
1898 4033 1977 4089 ad
2016 4032 2140 4104 Spi-
2249 4035 2583 4109 patriarcha
2616 4036 2714 4091 78
2746 4049 2873 4089 cum
2900 4032 3073 4088 tribus
3100 4030 3639 4087 anathematismiszu
3658 4030 3723 4083 In
3747 4044 3920 4097 eum,

480 4122 663 4176 ritum
689 4122 965 4176 sanctum.
1006 4120 1252 4176 Abunde
1278 4119 1460 4176 Graeci
1485 4122 1612 4192 jam
1663 4121 1901 4189 habent,
1936 4138 2139 4193 quem-
2249 4125 2352 4196 qui
2402 4129 2468 4179 ut
2496 4125 2711 4196 dogma
2761 4122 2894 4178 ﬁdei
2926 4125 3234 4190 assereret,
3266 4119 3477 4195 Filium
3522 4134 3637 4175 esse
3681 4133 3925 4174 causam

486 4209 807 4266 admodum
857 4208 966 4264 hoc
1018 4209 1143 4263 fieri
1194 4209 1397 4281 possit,
1448 4214 1515 4264 ut
1560 4227 1696 4265 eum
1748 4214 1920 4267 Pater
1965 4215 2023 4265 et
2050 4210 2142 4266 Fi-
2251 4213 2545 4287 Spiritus:
2577 4213 2686 4280 Qui
2737 4211 2975 4278 diceret,
3021 4210 3229 4265 Filium
3257 4223 3369 4265 esse
3402 4222 3532 4264 cum
3576 4210 3746 4263 Patre
3791 4222 3927 4264 con-

484 4297 605 4353 lius
633 4298 764 4354 duas
796 4296 917 4353 sint
964 4313 1246 4369 personae,
1280 4297 1513 4353 unicam
1540 4303 1735 4354 tamen
1778 4304 1836 4355 et
1878 4298 2143 4372 singula-
2250 4318 2476 4357 causam
2523 4301 2815 4373 Spiritus:
2867 4298 2975 4363 Qui
3026 4297 3218 4354 sciens
3264 4295 3752 4365 communicaret,
3805 4311 3922 4351 nec

489 4404 613 4444 rem
645 4387 904 4443 habeant
933 4386 1305 4443 accedentem
1336 4387 1836 4459 proprietatem,in
1869 4405 1987 4460 qua
2012 4405 2141 4445 con-
2252 4389 2497 4462 adjungi
2528 4392 2800 4445 renueret
2829 4386 3135 4459 quibusvis
3166 4386 3251 4442 ita
3280 4383 3752 4457 loquentibus,et
3780 4399 3928 4439 cre-

487 4477 745 4543 veniant,
776 4480 835 4532 et
864 4476 925 4531 in
957 4493 1074 4548 qua
1104 4492 1287 4531 unum
1320 4476 1443 4531 sint
1473 4476 1767 4548 idemque.
2253 4479 2554 4534 dentibus.
2606 4478 2734 4533 Haec
2782 4476 3012 4532 dicebat
3063 4475 3352 4546 (Beccus),
3406 4473 3526 4529 hac
3595 4472 3927 4539 scribebat,

552 4566 863 4621 Assertum
914 4572 1176 4637 quartum
1201 4572 1298 4635 est,
1351 4565 1507 4636 quod
1563 4564 1824 4621 insinuat
1871 4565 2143 4622 Camate-
2252 4567 2358 4639 (ait
2405 4566 2833 4640 Pacbymeres),
2889 4564 3034 4620 illud
3093 4580 3328 4636 quoque
3375 4562 3599 4618 addens
3631 4579 3646 4618 :
3682 4561 3733 4616 si
3782 4560 3934 4634 quis

485 4670 591 4709 rus
623 4672 638 4709 z
672 4658 913 4721 Patrem,
946 4668 1073 4724 quae
1126 4655 1223 4709 73
1258 4670 1327 4710 ex
1354 4670 1412 4709 se
1441 4654 1615 4709 veluti
1661 4670 1828 4709 causa
1873 4655 2144 4725 producit,
2177 4674 2223 4737 D
2253 4658 2449 4711 inesse
2479 4654 2848 4711 contenderit
2895 4652 3291 4726 praepositioni
3323 4647 3434 4718 διὰ,
3464 4666 3583 4723 per,
3615 4649 3934 4706 notionem

484 4743 712 4798 ratione
739 4759 1002 4813 persona,
1050 4758 1162 4798 non
1210 4751 1396 4798 autem
1443 4751 1664 4800 natura?
1713 4760 1779 4799 ea
1818 4744 2137 4816 producere.
2251 4762 2461 4814 causae,
2495 4746 2686 4800 audax
2714 4743 2771 4799 id
2803 4743 2965 4798 dictu
2998 4742 3376 4814 cogitatuque
3406 4739 3601 4796 fuerit.
3634 4760 3664 4789 ιο

486 4830 852 4903 Principium
883 4830 1366 4905 distingue,quod
1399 4833 1708 4902 producit:
1744 4836 1802 4886 et
1833 4832 2143 4901 rationem,
2326 4834 2773 4905 Subterfugium,
2806 4829 3072 4887 criminis
3123 4828 3380 4901 nullum,
3412 4844 3520 4884 nec
3544 4827 3670 4885 ulla
3707 4828 3937 4885 subter-

487 4936 594 4976 seu
648 4920 951 4988 virtutem,
981 4935 1099 4991 qua
1144 4919 1290 4975 illud
1331 4920 1618 4992 producit.
1654 4921 1907 4977 Persona
1960 4921 2149 4977 Patris
2256 4924 2404 4996 fugii
2435 4922 2659 4995 species
2685 4922 2745 4976 in
2776 4919 2869 4975 bis
2918 4919 3068 4975 latet
3095 4917 3631 4974 anathematismis.
3664 4916 3768 4972 His
3800 4917 3935 4974 imo

488 5007 763 5080 producit
790 5006 1077 5079 Spiritum
1110 5013 1381 5065 sanetum
1412 5010 1626 5064 virtute
1655 5009 1974 5081 spirativa:
2008 5026 2145 5083 qua,
2257 5010 2546 5066 catholica
2594 5007 3042 5066 accuratissime
3090 5006 3437 5079 exprimitur
3483 5005 3700 5061 veritas
3744 5007 3939 5062 unius

488 5112 624 5152 cum
654 5096 923 5151 eamdem
953 5095 1094 5152 Filio
1126 5096 1270 5153 insit
1318 5097 1753 5153 communicata
1786 5115 1821 5153 a
1851 5097 2144 5169 Patre,ille
2256 5105 2306 5155 et
2335 5099 2580 5172 ejusdem
2610 5099 2933 5171 spirationis
2982 5098 3180 5153 activae
3209 5095 3270 5151 in
3304 5096 3471 5152 Patre
3498 5098 3556 5150 et
3584 5092 3728 5150 Filio
3767 5095 3940 5150 exsi-

488 5184 667 5241 etiam
699 5184 981 5257 Spiritum
1036 5193 1309 5242 sanctum
1342 5187 1629 5258 producit.
1663 5189 1812 5242 Sunt
1842 5203 1981 5259 ergo
2012 5188 2144 5242 duae
2255 5188 2486 5245 stentis.
2520 5189 2668 5244 Hinc
2717 5188 2887 5242 Pater
2915 5189 2973 5241 et
3017 5184 3201 5241 Filius
3240 5186 3357 5241 duo
3408 5183 3649 5257 quidem
3701 5198 3942 5254 suppo-

488 5289 774 5348 personae,
813 5277 913 5329 aut
943 5274 1060 5329 duo
1091 5275 1418 5347 supposita,
1452 5292 1579 5347 quas
1611 5292 1732 5330 una
1761 5275 1971 5332 virtute
2011 5293 2143 5348 pro-
2256 5277 2372 5332 sita
2402 5280 2539 5332 sunt
2575 5294 2588 5344 ;
2625 5275 2727 5331 sed
2761 5290 2884 5330 una
2912 5289 3108 5339 causa,
3159 5277 3216 5328 et
3246 5288 3433 5328 unum
3484 5268 3737 5343 Spiritus
3781 5285 3941 5327 san-

489 5364 718 5419 ducunt
762 5362 1049 5435 Spiritum
1096 5368 1369 5419 sanctum
1411 5380 1425 5419 :
1461 5365 1723 5436 adeoque
1769 5370 1912 5421 sunt
1956 5382 2141 5421 unum
2254 5365 2299 5420 ti
2332 5364 2710 5437 principium.
2762 5362 2887 5426 Quo
2939 5378 3119 5418 sensu
3170 5378 3279 5418 vox
3326 5356 3417 5414 διὰ
3462 5358 3944 5433 apud-Graecos,

490 5451 865 5525 principium.
898 5453 1167 5522 Quintum
1213 5452 1466 5524 denique,
1499 5453 1640 5525 quod
1681 5454 1969 5509 decernit:
2015 5453 2140 5526 Spi-
2255 5459 2311 5507 et
2336 5470 2439 5524 per
2468 5453 2622 5524 apud
2658 5452 2919 5523 Latinos,
2946 5467 3083 5507 cum
3113 5450 3334 5506 indicet
3362 5448 3744 5520 spirationem
3773 5449 3943 5504 acti-

491 5543 659 5596 ritum
692 5558 764 5595 ea:
795 5546 962 5596 Patre
1008 5556 1124 5596 esse
1150 5543 1402 5613 contigue
1428 5546 1477 5597 et
1509 5543 1850 5598 immediate.
1885 5542 2007 5597 Imo
2038 5560 2139 5615 op-
2251 5559 2407 5612 vam,
2457 5558 2636 5596 unam
2689 5542 3087 5613 eamdemque
3142 5539 3287 5595 Filio
3342 5537 3847 5593 communicatam
3908 5556 3951 5595 a

490 5630 2135 5705 positumdocentemaudivimusGregoriumNyssenum.
2251 5631 2441 5698 Patre,
2492 5631 2787 5703 gignendo
2820 5631 3041 5704 ipsum,
3075 5644 3191 5685 non
3235 5626 3463 5683 indicat
3490 5626 3778 5682 rationem
3834 5624 3942 5680 ul-

490 5718 728 5792 Insigne
759 5719 1162 5777 testimonium
1187 5720 1315 5792 ejus
1345 5719 1551 5777 recole.
2247 5719 2366 5777 lam
2429 5736 2640 5794 causa,
2698 5724 2801 5777 aut
2859 5719 3164 5793 principii,
3224 5734 3352 5790 quae
3423 5719 3716 5790 competat
3772 5713 3939 5772 Filio
