  <div class='ocr_page' id='page_1' title='image "/cluster/home/n/w/nwhite01/storage/ocr_20150623/142/coo.31924054870476/050.png"; bbox 0 0 2045 3223; ppageno 0'>
   <div class='ocr_carea' id='block_1_1' title="bbox 135 209 1848 245">
    <p class='ocr_par' dir='ltr' id='par_1_1' title="bbox 135 209 1848 245">
     <span class='ocr_line' id='line_1_1' title="bbox 135 209 1848 245; baseline -0.001 -2"><span class='ocrx_word' id='word_1_1' title='bbox 135 211 172 243; x_wconf 74' lang='grc'><strong>85</strong></span> <span class='ocrx_word' id='word_1_2' title='bbox 753 213 859 245; x_wconf 83' lang='lat' dir='ltr'><strong>VITA.</strong></span> <span class='ocrx_word' id='word_1_3' title='bbox 874 229 912 235; x_wconf 93' lang='lat'><strong>-—</strong></span> <span class='ocrx_word' id='word_1_4' title='bbox 927 211 1189 243; x_wconf 82' lang='lat' dir='ltr'><strong>DISSERTA&#39;I‘IO</strong></span> <span class='ocrx_word' id='word_1_5' title='bbox 1210 212 1233 244; x_wconf 96' lang='lat' dir='ltr'><strong>I.</strong></span> <span class='ocrx_word' id='word_1_6' title='bbox 1807 209 1848 244; x_wconf 82' lang='lat'><strong><em>86</em></strong></span> 
     </span>
    </p>
   </div>
   <div class='ocr_carea' id='block_1_2' title="bbox 138 276 1847 316">
    <p class='ocr_par' dir='ltr' id='par_1_2' title="bbox 138 276 1847 316">
     <span class='ocr_line' id='line_1_2' title="bbox 138 276 1847 316; baseline -0.001 -9"><span class='ocrx_word' id='word_1_7' title='bbox 138 279 171 307; x_wconf 81' lang='lat' dir='ltr'><strong>ab</strong></span> <span class='ocrx_word' id='word_1_8' title='bbox 184 286 215 307; x_wconf 82' lang='lat' dir='ltr'><strong>ea</strong></span> <span class='ocrx_word' id='word_1_9' title='bbox 236 276 412 307; x_wconf 79' lang='lat' dir='ltr'><strong>distinctam</strong></span> <span class='ocrx_word' id='word_1_10' title='bbox 429 286 495 315; x_wconf 68' lang='lat' dir='ltr'><strong>quae</strong></span> <span class='ocrx_word' id='word_1_11' title='bbox 510 278 586 307; x_wconf 88' lang='lat' dir='ltr'><strong>inest</strong></span> <span class='ocrx_word' id='word_1_12' title='bbox 609 279 696 313; x_wconf 88' lang='lat' dir='ltr'><strong>Patri,</strong></span> <span class='ocrx_word' id='word_1_13' title='bbox 713 287 861 316; x_wconf 82' lang='lat' dir='ltr'><strong>quamque</strong></span> <span class='ocrx_word' id='word_1_14' title='bbox 876 280 960 307; x_wconf 87' lang='lat' dir='ltr'><strong>Pater</strong></span> <span class='ocrx_word' id='word_1_15' title='bbox 974 280 1001 312; x_wconf 82' lang='grc' dir='ltr'><strong>Α</strong></span> <span class='ocrx_word' id='word_1_16' title='bbox 1053 279 1201 307; x_wconf 88' lang='lat' dir='ltr'><strong>Postrema</strong></span> <span class='ocrx_word' id='word_1_17' title='bbox 1219 278 1279 307; x_wconf 65' lang='lat' dir='ltr'><strong>hinc</strong></span> <span class='ocrx_word' id='word_1_18' title='bbox 1309 277 1414 306; x_wconf 88' lang='lat' dir='ltr'><strong>solutio</strong></span> <span class='ocrx_word' id='word_1_19' title='bbox 1437 286 1495 306; x_wconf 87' lang='lat' dir='ltr'><strong>non</strong></span> <span class='ocrx_word' id='word_1_20' title='bbox 1520 279 1574 314; x_wconf 86' lang='lat' dir='ltr'><strong>est,</strong></span> <span class='ocrx_word' id='word_1_21' title='bbox 1600 277 1774 312; x_wconf 71' lang='lat' dir='ltr'><strong>verisimilis,</strong></span> <span class='ocrx_word' id='word_1_22' title='bbox 1797 280 1847 306; x_wconf 86' lang='lat' dir='ltr'><strong>aut</strong></span> 
     </span>
    </p>
   </div>
   <div class='ocr_carea' id='block_1_3' title="bbox 139 322 433 352">
    <p class='ocr_par' dir='ltr' id='par_1_3' title="bbox 139 322 433 352">
     <span class='ocr_line' id='line_1_3' title="bbox 139 322 433 352; baseline -0.003 0"><span class='ocrx_word' id='word_1_23' title='bbox 139 322 329 352; x_wconf 76' lang='lat' dir='ltr'><strong>communicat</strong></span> <span class='ocrx_word' id='word_1_24' title='bbox 345 323 433 351; x_wconf 90' lang='lat' dir='ltr'><strong>Filio.</strong></span> 
     </span>
    </p>
   </div>
   <div class='ocr_carea' id='block_1_4' title="bbox 170 367 963 405">
    <p class='ocr_par' dir='ltr' id='par_1_4' title="bbox 170 367 963 405">
     <span class='ocr_line' id='line_1_4' title="bbox 170 367 963 405; baseline 0.001 -11"><span class='ocrx_word' id='word_1_25' title='bbox 170 367 212 395; x_wconf 85' lang='lat' dir='ltr'><strong>Vl.</strong></span> <span class='ocrx_word' id='word_1_26' title='bbox 236 367 301 395; x_wconf 79' lang='lat' dir='ltr'><strong>Hzec</strong></span> <span class='ocrx_word' id='word_1_27' title='bbox 328 368 438 396; x_wconf 89' lang='lat' dir='ltr'><strong>docere</strong></span> <span class='ocrx_word' id='word_1_28' title='bbox 464 368 560 404; x_wconf 85' lang='lat' dir='ltr'><strong>palam</strong></span> <span class='ocrx_word' id='word_1_29' title='bbox 580 377 749 405; x_wconf 90' lang='lat' dir='ltr'><strong>coramque,</strong></span> <span class='ocrx_word' id='word_1_30' title='bbox 789 369 849 396; x_wconf 63' lang='lat' dir='ltr'><strong>haec</strong></span> <span class='ocrx_word' id='word_1_31' title='bbox 874 369 963 396; x_wconf 85' lang='lat' dir='ltr'><strong>etiam</strong></span> 
     </span>
    </p>
   </div>
   <div class='ocr_carea' id='block_1_5' title="bbox 138 412 964 450">
    <p class='ocr_par' dir='ltr' id='par_1_5' title="bbox 138 412 964 450">
     <span class='ocr_line' id='line_1_5' title="bbox 138 412 964 450; baseline 0 -11"><span class='ocrx_word' id='word_1_32' title='bbox 138 412 247 448; x_wconf 77' lang='lat' dir='ltr'><strong>scriptis</strong></span> <span class='ocrx_word' id='word_1_33' title='bbox 270 420 472 448; x_wconf 81' lang='lat' dir='ltr'><strong>progugnare,</strong></span> <span class='ocrx_word' id='word_1_34' title='bbox 501 413 607 441; x_wconf 89' lang='lat' dir='ltr'><strong>invicto</strong></span> <span class='ocrx_word' id='word_1_35' title='bbox 642 416 795 450; x_wconf 88' lang='lat' dir='ltr'><strong>erectoque</strong></span> <span class='ocrx_word' id='word_1_36' title='bbox 824 413 964 450; x_wconf 79' lang='lat' dir='ltr'><strong>pergebat</strong></span> 
     </span>
    </p>
   </div>
   <div class='ocr_carea' id='block_1_6' title="bbox 138 457 963 494">
    <p class='ocr_par' dir='ltr' id='par_1_6' title="bbox 138 457 963 494">
     <span class='ocr_line' id='line_1_6' title="bbox 138 457 963 494; baseline 0.001 -10"><span class='ocrx_word' id='word_1_37' title='bbox 138 457 228 484; x_wconf 82' lang='lat' dir='ltr'><strong>animo</strong></span> <span class='ocrx_word' id='word_1_38' title='bbox 243 457 357 485; x_wconf 89' lang='lat' dir='ltr'><strong>Beccus</strong></span> <span class='ocrx_word' id='word_1_39' title='bbox 374 457 555 493; x_wconf 83' lang='lat' dir='ltr'><strong>patriarcha,</strong></span> <span class='ocrx_word' id='word_1_40' title='bbox 579 458 669 486; x_wconf 87' lang='lat' dir='ltr'><strong>vitam</strong></span> <span class='ocrx_word' id='word_1_41' title='bbox 697 461 801 494; x_wconf 82' lang='lat' dir='ltr'><strong>agente</strong></span> <span class='ocrx_word' id='word_1_42' title='bbox 823 457 963 485; x_wconf 83' lang='lat' dir='ltr'><strong>Michaelo</strong></span> 
     </span>
    </p>
   </div>
   <div class='ocr_carea' id='block_1_7' title="bbox 137 502 963 538">
    <p class='ocr_par' dir='ltr' id='par_1_7' title="bbox 137 502 963 538">
     <span class='ocr_line' id='line_1_7' title="bbox 137 502 963 538; baseline 0.002 -10"><span class='ocrx_word' id='word_1_43' title='bbox 137 502 318 536; x_wconf 80' lang='lat' dir='ltr'><strong>imperatore.</strong></span> <span class='ocrx_word' id='word_1_44' title='bbox 361 502 487 530; x_wconf 87' lang='lat' dir='ltr'><strong>Mortem</strong></span> <span class='ocrx_word' id='word_1_45' title='bbox 516 502 542 529; x_wconf 91' lang='lat' dir='ltr'><strong>is</strong></span> <span class='ocrx_word' id='word_1_46' title='bbox 570 502 651 535; x_wconf 86' lang='lat' dir='ltr'><strong>obiit,</strong></span> <span class='ocrx_word' id='word_1_47' title='bbox 687 505 759 530; x_wconf 83' lang='lat' dir='ltr'><strong>teste</strong></span> <span class='ocrx_word' id='word_1_48' title='bbox 787 502 963 538; x_wconf 82' lang='lat' dir='ltr'><strong>Pachymere</strong></span> 
     </span>
    </p>
   </div>
   <div class='ocr_carea' id='block_1_8' title="bbox 135 545 963 582">
    <p class='ocr_par' dir='ltr' id='par_1_8' title="bbox 135 545 963 582">
     <span class='ocr_line' id='line_1_8' title="bbox 135 545 963 582; baseline 0.001 -10"><span class='ocrx_word' id='word_1_49' title='bbox 135 545 161 572; x_wconf 91' lang='lat' dir='ltr'><strong>in</strong></span> <span class='ocrx_word' id='word_1_50' title='bbox 176 545 280 573; x_wconf 84' lang='lat' dir='ltr'><strong>eodem</strong></span> <span class='ocrx_word' id='word_1_51' title='bbox 304 545 447 573; x_wconf 84' lang='lat' dir='ltr'><strong>Michaele</strong></span> <span class='ocrx_word' id='word_1_52' title='bbox 476 545 550 573; x_wconf 92' lang='lat' dir='ltr'><strong>libro</strong></span> <span class='ocrx_word' id='word_1_53' title='bbox 566 555 604 578; x_wconf 79' lang='lat' dir='ltr'><strong>v1,</strong></span> <span class='ocrx_word' id='word_1_54' title='bbox 637 546 730 582; x_wconf 86' lang='lat' dir='ltr'><strong>capite</strong></span> <span class='ocrx_word' id='word_1_55' title='bbox 744 547 789 579; x_wconf 90' lang='lat'><strong>36,</strong></span> <span class='ocrx_word' id='word_1_56' title='bbox 818 546 963 573; x_wconf 81' lang='lat' dir='ltr'><strong>undecima</strong></span> 
     </span>
    </p>
   </div>
   <div class='ocr_carea' id='block_1_9' title="bbox 133 590 961 627">
    <p class='ocr_par' dir='ltr' id='par_1_9' title="bbox 133 590 961 627">
     <span class='ocr_line' id='line_1_9' title="bbox 133 590 961 627; baseline 0 -10"><span class='ocrx_word' id='word_1_57' title='bbox 133 590 172 617; x_wconf 76' lang='lat' dir='ltr'><strong>dic</strong></span> <span class='ocrx_word' id='word_1_58' title='bbox 212 590 378 622; x_wconf 75' lang='lat' dir='ltr'><strong>decembris,</strong></span> <span class='ocrx_word' id='word_1_59' title='bbox 414 592 646 627; x_wconf 74' lang='grc' dir='ltr'><strong>Σκιροφοριῶνος,</strong></span> <span class='ocrx_word' id='word_1_60' title='bbox 689 591 734 618; x_wconf 82' lang='lat' dir='ltr'><strong>die</strong></span> <span class='ocrx_word' id='word_1_61' title='bbox 775 592 961 618; x_wconf 80' lang='lat' dir='ltr'><strong>Parasceve...</strong></span> 
     </span>
    </p>
   </div>
   <div class='ocr_carea' id='block_1_10' title="bbox 132 634 962 671">
    <p class='ocr_par' dir='ltr' id='par_1_10' title="bbox 132 634 962 671">
     <span class='ocr_line' id='line_1_10' title="bbox 132 634 962 671; baseline 0.001 -10"><span class='ocrx_word' id='word_1_62' title='bbox 132 636 196 661; x_wconf 80' lang='lat' dir='ltr'><strong>anni</strong></span> <span class='ocrx_word' id='word_1_63' title='bbox 231 634 330 671; x_wconf 43' lang='lat' dir='ltr'><strong>gibber,</strong></span> <span class='ocrx_word' id='word_1_64' title='bbox 361 635 443 662; x_wconf 87' lang='grc'>6791.</span> <span class='ocrx_word' id='word_1_65' title='bbox 481 635 568 662; x_wconf 89' lang='lat' dir='ltr'><strong>Facta</strong></span> <span class='ocrx_word' id='word_1_66' title='bbox 595 635 774 663; x_wconf 81' lang='lat' dir='ltr'><strong>detractione</strong></span> <span class='ocrx_word' id='word_1_67' title='bbox 794 635 874 668; x_wconf 91' lang='lat'>5508,</span> <span class='ocrx_word' id='word_1_68' title='bbox 891 634 962 662; x_wconf 89' lang='lat' dir='ltr'><strong>resi-</strong></span> 
     </span>
    </p>
   </div>
   <div class='ocr_carea' id='block_1_11' title="bbox 131 679 962 708">
    <p class='ocr_par' dir='ltr' id='par_1_11' title="bbox 131 679 962 708">
     <span class='ocr_line' id='line_1_11' title="bbox 131 679 962 708; baseline 0 -2"><span class='ocrx_word' id='word_1_69' title='bbox 131 680 205 706; x_wconf 87' lang='lat' dir='ltr'><strong>duus</strong></span> <span class='ocrx_word' id='word_1_70' title='bbox 222 687 369 706; x_wconf 86' lang='lat' dir='ltr'><strong>numerus</strong></span> <span class='ocrx_word' id='word_1_71' title='bbox 398 681 444 706; x_wconf 86' lang='lat' dir='ltr'><strong>est</strong></span> <span class='ocrx_word' id='word_1_72' title='bbox 471 679 552 707; x_wconf 89' lang='lat'>4283.</span> <span class='ocrx_word' id='word_1_73' title='bbox 578 679 724 707; x_wconf 82' lang='lat' dir='ltr'><strong>Nimirum</strong></span> <span class='ocrx_word' id='word_1_74' title='bbox 755 680 879 708; x_wconf 85' lang='lat' dir='ltr'><strong>habetur</strong></span> <span class='ocrx_word' id='word_1_75' title='bbox 899 679 962 707; x_wconf 90' lang='lat' dir='ltr'><strong>vul-</strong></span> 
     </span>
    </p>
   </div>
   <div class='ocr_carea' id='block_1_12' title="bbox 129 724 961 760">
    <p class='ocr_par' dir='ltr' id='par_1_12' title="bbox 129 724 961 760">
     <span class='ocr_line' id='line_1_12' title="bbox 129 724 961 760; baseline 0.001 -9"><span class='ocrx_word' id='word_1_76' title='bbox 129 724 208 760; x_wconf 82' lang='lat' dir='ltr'><strong>garis</strong></span> <span class='ocrx_word' id='word_1_77' title='bbox 224 732 288 751; x_wconf 67' lang='lat' dir='ltr'><strong>aera:</strong></span> <span class='ocrx_word' id='word_1_78' title='bbox 304 732 402 751; x_wconf 85' lang='lat' dir='ltr'><strong>annus</strong></span> <span class='ocrx_word' id='word_1_79' title='bbox 419 724 499 758; x_wconf 87' lang='grc'>1283,</span> <span class='ocrx_word' id='word_1_80' title='bbox 517 732 692 752; x_wconf 79' lang='lat' dir='ltr'><strong>concurrens</strong></span> <span class='ocrx_word' id='word_1_81' title='bbox 708 733 774 752; x_wconf 89' lang='lat' dir='ltr'><strong>cum</strong></span> <span class='ocrx_word' id='word_1_82' title='bbox 790 733 867 752; x_wconf 86' lang='lat' dir='ltr'><strong>anno</strong></span> <span class='ocrx_word' id='word_1_83' title='bbox 882 724 961 752; x_wconf 59' lang='lat' dir='ltr'><strong>Gras-</strong></span> 
     </span>
    </p>
   </div>
   <div class='ocr_carea' id='block_1_13' title="bbox 128 768 963 804">
    <p class='ocr_par' dir='ltr' id='par_1_13' title="bbox 128 768 963 804">
     <span class='ocr_line' id='line_1_13' title="bbox 128 768 963 804; baseline -0.001 -7"><span class='ocrx_word' id='word_1_84' title='bbox 128 777 231 797; x_wconf 88' lang='lat' dir='ltr'><strong>corum</strong></span> <span class='ocrx_word' id='word_1_85' title='bbox 276 768 602 804; x_wconf 77' lang='lat' dir='ltr'><strong>Constantinopolitano</strong></span> <span class='ocrx_word' id='word_1_86' title='bbox 642 770 723 802; x_wconf 85' lang='lat'>6794,</span> <span class='ocrx_word' id='word_1_87' title='bbox 767 769 903 797; x_wconf 87' lang='lat' dir='ltr'><strong>inchoato</strong></span> <span class='ocrx_word' id='word_1_88' title='bbox 947 778 963 797; x_wconf 90' lang='lat' dir='ltr'><strong>a</strong></span> 
     </span>
    </p>
   </div>
   <div class='ocr_carea' id='block_1_14' title="bbox 128 812 963 849">
    <p class='ocr_par' dir='ltr' id='par_1_14' title="bbox 128 812 963 849">
     <span class='ocr_line' id='line_1_14' title="bbox 128 812 963 849; baseline 0 -9"><span class='ocrx_word' id='word_1_89' title='bbox 128 812 333 849; x_wconf 84' lang='lat' dir='ltr'><strong>Semptembri</strong></span> <span class='ocrx_word' id='word_1_90' title='bbox 348 821 450 840; x_wconf 83' lang='lat' dir='ltr'><strong>mense</strong></span> <span class='ocrx_word' id='word_1_91' title='bbox 461 813 530 840; x_wconf 88' lang='lat' dir='ltr'><strong>anni</strong></span> <span class='ocrx_word' id='word_1_92' title='bbox 541 813 730 849; x_wconf 65' lang='lat' dir='ltr'><strong>precedentis</strong></span> <span class='ocrx_word' id='word_1_93' title='bbox 748 813 899 841; x_wconf 81' lang='lat' dir='ltr'><strong>4282.Vita</strong></span> <span class='ocrx_word' id='word_1_94' title='bbox 913 813 963 849; x_wconf 85' lang='lat' dir='ltr'><strong>igi-</strong></span> 
     </span>
    </p>
   </div>
   <div class='ocr_carea' id='block_1_15' title="bbox 128 857 963 893">
    <p class='ocr_par' dir='ltr' id='par_1_15' title="bbox 128 857 963 893">
     <span class='ocr_line' id='line_1_15' title="bbox 128 857 963 893; baseline 0.001 -9"><span class='ocrx_word' id='word_1_95' title='bbox 128 860 178 884; x_wconf 88' lang='lat' dir='ltr'><strong>tur</strong></span> <span class='ocrx_word' id='word_1_96' title='bbox 204 857 334 885; x_wconf 82' lang='lat' dir='ltr'><strong>decessit</strong></span> <span class='ocrx_word' id='word_1_97' title='bbox 363 857 524 893; x_wconf 84' lang='lat' dir='ltr'><strong>imperator</strong></span> <span class='ocrx_word' id='word_1_98' title='bbox 551 858 652 886; x_wconf 88' lang='lat' dir='ltr'><strong>eodem</strong></span> <span class='ocrx_word' id='word_1_99' title='bbox 674 867 750 886; x_wconf 88' lang='lat' dir='ltr'><strong>anno</strong></span> <span class='ocrx_word' id='word_1_100' title='bbox 767 859 846 892; x_wconf 86' lang='lat'>4282,</span> <span class='ocrx_word' id='word_1_101' title='bbox 863 866 963 886; x_wconf 83' lang='lat' dir='ltr'><strong>mense</strong></span> 
     </span>
    </p>
   </div>
   <div class='ocr_carea' id='block_1_16' title="bbox 128 901 963 939">
    <p class='ocr_par' dir='ltr' id='par_1_16' title="bbox 128 901 963 939">
     <span class='ocr_line' id='line_1_16' title="bbox 128 901 963 939; baseline 0.002 -10"><span class='ocrx_word' id='word_1_102' title='bbox 128 901 302 929; x_wconf 87' lang='lat' dir='ltr'><strong>Decembri.</strong></span> <span class='ocrx_word' id='word_1_103' title='bbox 319 901 483 938; x_wconf 85' lang='lat' dir='ltr'><strong>lnsignitus</strong></span> <span class='ocrx_word' id='word_1_104' title='bbox 513 911 608 930; x_wconf 86' lang='lat' dir='ltr'><strong>annus</strong></span> <span class='ocrx_word' id='word_1_105' title='bbox 636 902 684 931; x_wconf 90' lang='lat' dir='ltr'><strong>ille</strong></span> <span class='ocrx_word' id='word_1_106' title='bbox 700 904 875 939; x_wconf 82' lang='lat' dir='ltr'><strong>procedebat</strong></span> <span class='ocrx_word' id='word_1_107' title='bbox 889 905 963 939; x_wconf 85' lang='lat' dir='ltr'><strong>cyclo</strong></span> 
     </span>
    </p>
   </div>
   <div class='ocr_carea' id='block_1_17' title="bbox 130 946 1003 997">
    <p class='ocr_par' dir='ltr' id='par_1_17' title="bbox 130 946 1003 997">
     <span class='ocr_line' id='line_1_17' title="bbox 130 946 1003 997; baseline 0.003 -24"><span class='ocrx_word' id='word_1_108' title='bbox 130 946 263 997; x_wconf 34' lang='lat' dir='ltr'><strong>solisﬁlll&#39;,</strong></span> <span class='ocrx_word' id='word_1_109' title='bbox 289 946 437 997; x_wconf 49' lang='lat' dir='ltr'><strong>ac‘l&#39;i&#39;ttera</strong></span> <span class='ocrx_word' id='word_1_110' title='bbox 448 947 627 997; x_wconf 66' lang='lat' dir='ltr'><strong>Pominicali</strong></span> <span class='ocrx_word' id='word_1_111' title='bbox 641 948 675 980; x_wconf 88' lang='lat' dir='ltr'><strong>D,</strong></span> <span class='ocrx_word' id='word_1_112' title='bbox 696 956 759 983; x_wconf 75' lang='lat' dir='ltr'><strong>quae</strong></span> <span class='ocrx_word' id='word_1_113' title='bbox 776 948 963 982; x_wconf 84' lang='lat' dir='ltr'><strong>Parasceven,</strong></span> <span class='ocrx_word' id='word_1_114' title='bbox 979 964 1003 997; x_wconf 83' lang='grc' dir='ltr'><strong>Β</strong></span> 
     </span>
    </p>
   </div>
   <div class='ocr_carea' id='block_1_18' title="bbox 132 990 963 1024">
    <p class='ocr_par' dir='ltr' id='par_1_18' title="bbox 132 990 963 1024">
     <span class='ocr_line' id='line_1_18' title="bbox 132 990 963 1024; baseline 0.005 -6"><span class='ocrx_word' id='word_1_115' title='bbox 132 999 182 1018; x_wconf 85' lang='lat' dir='ltr'><strong>seu</strong></span> <span class='ocrx_word' id='word_1_116' title='bbox 199 990 303 1018; x_wconf 81' lang='lat' dir='ltr'><strong>feriam</strong></span> <span class='ocrx_word' id='word_1_117' title='bbox 330 991 379 1024; x_wconf 93' lang='lat' dir='ltr'><strong>Vl,</strong></span> <span class='ocrx_word' id='word_1_118' title='bbox 406 991 519 1018; x_wconf 82' lang='lat' dir='ltr'><strong>indicat</strong></span> <span class='ocrx_word' id='word_1_119' title='bbox 532 991 709 1020; x_wconf 86' lang='lat' dir='ltr'><strong>incidentem</strong></span> <span class='ocrx_word' id='word_1_120' title='bbox 725 993 755 1019; x_wconf 90' lang='lat' dir='ltr'><strong>in</strong></span> <span class='ocrx_word' id='word_1_121' title='bbox 777 993 855 1020; x_wconf 89' lang='lat' dir='ltr'><strong>diem</strong></span> <span class='ocrx_word' id='word_1_122' title='bbox 872 994 963 1022; x_wconf 89' lang='lat' dir='ltr'><strong>unde—</strong></span> 
     </span>
    </p>
   </div>
   <div class='ocr_carea' id='block_1_19' title="bbox 132 1035 963 1066">
    <p class='ocr_par' dir='ltr' id='par_1_19' title="bbox 132 1035 963 1066">
     <span class='ocr_line' id='line_1_19' title="bbox 132 1035 963 1066; baseline 0.005 -4"><span class='ocrx_word' id='word_1_123' title='bbox 132 1035 238 1063; x_wconf 84' lang='lat' dir='ltr'><strong>cimam</strong></span> <span class='ocrx_word' id='word_1_124' title='bbox 255 1035 437 1063; x_wconf 88' lang='lat' dir='ltr'><strong>Decembris.</strong></span> <span class='ocrx_word' id='word_1_125' title='bbox 455 1035 586 1063; x_wconf 89' lang='lat' dir='ltr'><strong>Eundem</strong></span> <span class='ocrx_word' id='word_1_126' title='bbox 605 1036 798 1064; x_wconf 78' lang='lat' dir='ltr'><strong>emortualem</strong></span> <span class='ocrx_word' id='word_1_127' title='bbox 813 1038 963 1066; x_wconf 76' lang='lat' dir='ltr'><strong>Michaelis</strong></span> 
     </span>
    </p>
   </div>
   <div class='ocr_carea' id='block_1_20' title="bbox 131 1079 963 1118">
    <p class='ocr_par' dir='ltr' id='par_1_20' title="bbox 131 1079 963 1118">
     <span class='ocr_line' id='line_1_20' title="bbox 131 1079 963 1118; baseline 0.004 -11"><span class='ocrx_word' id='word_1_128' title='bbox 131 1088 242 1107; x_wconf 83' lang='lat' dir='ltr'><strong>annum</strong></span> <span class='ocrx_word' id='word_1_129' title='bbox 259 1079 364 1107; x_wconf 89' lang='lat' dir='ltr'><strong>mundi</strong></span> <span class='ocrx_word' id='word_1_130' title='bbox 378 1079 445 1107; x_wconf 86' lang='lat'>6794</span> <span class='ocrx_word' id='word_1_131' title='bbox 463 1080 609 1107; x_wconf 85' lang='lat' dir='ltr'><strong>deﬁniunt</strong></span> <span class='ocrx_word' id='word_1_132' title='bbox 620 1080 800 1117; x_wconf 88' lang='lat' dir='ltr'><strong>Nicephorus</strong></span> <span class='ocrx_word' id='word_1_133' title='bbox 811 1084 963 1118; x_wconf 85' lang='lat' dir='ltr'><strong>Gregoras,</strong></span> 
     </span>
    </p>
   </div>
   <div class='ocr_carea' id='block_1_21' title="bbox 130 1124 964 1162">
    <p class='ocr_par' dir='ltr' id='par_1_21' title="bbox 130 1124 964 1162">
     <span class='ocr_line' id='line_1_21' title="bbox 130 1124 964 1162; baseline 0.004 -11"><span class='ocrx_word' id='word_1_134' title='bbox 130 1124 206 1152; x_wconf 89' lang='lat' dir='ltr'><strong>libro</strong></span> <span class='ocrx_word' id='word_1_135' title='bbox 219 1132 248 1151; x_wconf 90' lang='lat' dir='ltr'><strong>v.</strong></span> <span class='ocrx_word' id='word_1_136' title='bbox 267 1124 363 1159; x_wconf 83' lang='lat' dir='ltr'><strong>capite</strong></span> <span class='ocrx_word' id='word_1_137' title='bbox 375 1125 402 1156; x_wconf 90' lang='lat'><strong>7,</strong></span> <span class='ocrx_word' id='word_1_138' title='bbox 419 1132 502 1152; x_wconf 89' lang='lat' dir='ltr'><strong>num.</strong></span> <span class='ocrx_word' id='word_1_139' title='bbox 515 1125 542 1159; x_wconf 90' lang='lat'><strong>6,</strong></span> <span class='ocrx_word' id='word_1_140' title='bbox 557 1127 586 1152; x_wconf 89' lang='lat' dir='ltr'><strong>et</strong></span> <span class='ocrx_word' id='word_1_141' title='bbox 597 1125 739 1161; x_wconf 85' lang='lat' dir='ltr'><strong>Georgius</strong></span> <span class='ocrx_word' id='word_1_142' title='bbox 753 1126 887 1154; x_wconf 89' lang='lat' dir='ltr'><strong>Phranza</strong></span> <span class='ocrx_word' id='word_1_143' title='bbox 901 1135 964 1162; x_wconf 87' lang='lat' dir='ltr'><strong>pro-</strong></span> 
     </span>
    </p>
   </div>
   <div class='ocr_carea' id='block_1_22' title="bbox 129 1168 819 1205">
    <p class='ocr_par' dir='ltr' id='par_1_22' title="bbox 129 1168 819 1205">
     <span class='ocr_line' id='line_1_22' title="bbox 129 1168 819 1205; baseline 0.003 -9"><span class='ocrx_word' id='word_1_144' title='bbox 129 1168 321 1196; x_wconf 81' lang='lat' dir='ltr'><strong>tovestiarius</strong></span> <span class='ocrx_word' id='word_1_145' title='bbox 337 1168 367 1195; x_wconf 91' lang='lat' dir='ltr'><strong>in</strong></span> <span class='ocrx_word' id='word_1_146' title='bbox 382 1168 538 1204; x_wconf 87' lang='lat' dir='ltr'><strong>Chronico,</strong></span> <span class='ocrx_word' id='word_1_147' title='bbox 559 1168 632 1196; x_wconf 92' lang='lat' dir='ltr'><strong>libro</strong></span> <span class='ocrx_word' id='word_1_148' title='bbox 648 1177 667 1203; x_wconf 82' lang='lat'><strong>1,</strong></span> <span class='ocrx_word' id='word_1_149' title='bbox 685 1170 780 1205; x_wconf 82' lang='lat' dir='ltr'><strong>capite</strong></span> <span class='ocrx_word' id='word_1_150' title='bbox 793 1171 819 1198; x_wconf 89' lang='lat'><strong>6.</strong></span> 
     </span>
    </p>
   </div>
   <div class='ocr_carea' id='block_1_23' title="bbox 165 1212 963 1251">
    <p class='ocr_par' dir='ltr' id='par_1_23' title="bbox 165 1212 963 1251">
     <span class='ocr_line' id='line_1_23' title="bbox 165 1212 963 1251; baseline 0.005 -12"><span class='ocrx_word' id='word_1_151' title='bbox 165 1213 208 1240; x_wconf 82' lang='lat' dir='ltr'><strong>Ex</strong></span> <span class='ocrx_word' id='word_1_152' title='bbox 235 1220 271 1240; x_wconf 81' lang='lat' dir='ltr'><strong>ea</strong></span> <span class='ocrx_word' id='word_1_153' title='bbox 300 1212 471 1240; x_wconf 84' lang='lat' dir='ltr'><strong>Perasceves</strong></span> <span class='ocrx_word' id='word_1_154' title='bbox 503 1212 559 1246; x_wconf 77' lang='lat' dir='ltr'><strong>die,</strong></span> <span class='ocrx_word' id='word_1_155' title='bbox 589 1221 640 1241; x_wconf 77' lang='lat' dir='ltr'><strong>seu</strong></span> <span class='ocrx_word' id='word_1_156' title='bbox 667 1214 738 1242; x_wconf 84' lang='lat' dir='ltr'><strong>feria</strong></span> <span class='ocrx_word' id='word_1_157' title='bbox 753 1217 843 1248; x_wconf 77' lang='lat' dir='ltr'><strong>sexta,</strong></span> <span class='ocrx_word' id='word_1_158' title='bbox 874 1224 963 1251; x_wconf 85' lang='lat' dir='ltr'><strong>quam</strong></span> 
     </span>
    </p>
   </div>
   <div class='ocr_carea' id='block_1_24' title="bbox 128 1257 963 1294">
    <p class='ocr_par' dir='ltr' id='par_1_24' title="bbox 128 1257 963 1294">
     <span class='ocr_line' id='line_1_24' title="bbox 128 1257 963 1294; baseline 0.004 -10"><span class='ocrx_word' id='word_1_159' title='bbox 128 1257 326 1292; x_wconf 81' lang='lat' dir='ltr'><strong>Pachymeres</strong></span> <span class='ocrx_word' id='word_1_160' title='bbox 356 1258 448 1290; x_wconf 86' lang='lat' dir='ltr'><strong>notat,</strong></span> <span class='ocrx_word' id='word_1_161' title='bbox 489 1257 692 1286; x_wconf 82' lang='lat' dir='ltr'><strong>difﬁcultatem</strong></span> <span class='ocrx_word' id='word_1_162' title='bbox 723 1259 832 1294; x_wconf 86' lang='lat' dir='ltr'><strong>promit</strong></span> <span class='ocrx_word' id='word_1_163' title='bbox 860 1260 963 1287; x_wconf 85' lang='lat' dir='ltr'><strong>Petrus</strong></span> 
     </span>
    </p>
   </div>
   <div class='ocr_carea' id='block_1_25' title="bbox 127 1301 963 1339">
    <p class='ocr_par' dir='ltr' id='par_1_25' title="bbox 127 1301 963 1339">
     <span class='ocr_line' id='line_1_25' title="bbox 127 1301 963 1339; baseline 0.002 -9"><span class='ocrx_word' id='word_1_164' title='bbox 127 1301 273 1330; x_wconf 85' lang='lat' dir='ltr'><strong>Pessinus</strong></span> <span class='ocrx_word' id='word_1_165' title='bbox 302 1301 378 1328; x_wconf 92' lang='lat' dir='ltr'><strong>libro</strong></span> <span class='ocrx_word' id='word_1_166' title='bbox 408 1310 440 1328; x_wconf 87' lang='lat' dir='ltr'><strong>III</strong></span> <span class='ocrx_word' id='word_1_167' title='bbox 478 1301 694 1338; x_wconf 86' lang='lat' dir='ltr'><strong>chronologico,</strong></span> <span class='ocrx_word' id='word_1_168' title='bbox 725 1304 818 1339; x_wconf 82' lang='lat' dir='ltr'><strong>capite</strong></span> <span class='ocrx_word' id='word_1_169' title='bbox 845 1305 872 1331; x_wconf 86' lang='lat'><strong>9.</strong></span> <span class='ocrx_word' id='word_1_170' title='bbox 901 1304 963 1332; x_wconf 89' lang='lat' dir='ltr'><strong>Sibi</strong></span> 
     </span>
    </p>
   </div>
   <div class='ocr_carea' id='block_1_26' title="bbox 126 1345 961 1383">
    <p class='ocr_par' dir='ltr' id='par_1_26' title="bbox 126 1345 961 1383">
     <span class='ocr_line' id='line_1_26' title="bbox 126 1345 961 1383; baseline 0.004 -10"><span class='ocrx_word' id='word_1_171' title='bbox 126 1354 236 1382; x_wconf 88' lang='lat' dir='ltr'><strong>nempe</strong></span> <span class='ocrx_word' id='word_1_172' title='bbox 252 1345 326 1373; x_wconf 81' lang='lat' dir='ltr'><strong>satis</strong></span> <span class='ocrx_word' id='word_1_173' title='bbox 340 1347 524 1381; x_wconf 81' lang='lat' dir='ltr'><strong>perspectam</strong></span> <span class='ocrx_word' id='word_1_174' title='bbox 542 1354 600 1373; x_wconf 84' lang='lat' dir='ltr'><strong>non</strong></span> <span class='ocrx_word' id='word_1_175' title='bbox 616 1347 707 1374; x_wconf 89' lang='lat' dir='ltr'><strong>fuisse</strong></span> <span class='ocrx_word' id='word_1_176' title='bbox 723 1348 830 1383; x_wconf 85' lang='lat' dir='ltr'><strong>prodit,</strong></span> <span class='ocrx_word' id='word_1_177' title='bbox 848 1349 961 1376; x_wconf 87' lang='lat' dir='ltr'><strong>metho-</strong></span> 
     </span>
    </p>
   </div>
   <div class='ocr_carea' id='block_1_27' title="bbox 126 1390 964 1428">
    <p class='ocr_par' dir='ltr' id='par_1_27' title="bbox 126 1390 964 1428">
     <span class='ocr_line' id='line_1_27' title="bbox 126 1390 964 1428; baseline 0.005 -11"><span class='ocrx_word' id='word_1_178' title='bbox 126 1391 199 1418; x_wconf 88' lang='lat' dir='ltr'><strong>dum</strong></span> <span class='ocrx_word' id='word_1_179' title='bbox 217 1398 314 1418; x_wconf 85' lang='lat' dir='ltr'><strong>annos</strong></span> <span class='ocrx_word' id='word_1_180' title='bbox 328 1392 495 1418; x_wconf 66' lang='lat' dir='ltr'><strong>Graecorum</strong></span> <span class='ocrx_word' id='word_1_181' title='bbox 522 1390 864 1428; x_wconf 84' lang='lat' dir='ltr'><strong>Constantinopolitanos</strong></span> <span class='ocrx_word' id='word_1_182' title='bbox 879 1394 964 1421; x_wconf 91' lang='lat' dir='ltr'><strong>redu-</strong></span> 
     </span>
    </p>
   </div>
   <div class='ocr_carea' id='block_1_28' title="bbox 126 1434 960 1471">
    <p class='ocr_par' dir='ltr' id='par_1_28' title="bbox 126 1434 960 1471">
     <span class='ocr_line' id='line_1_28' title="bbox 126 1434 960 1471; baseline 0.001 -7"><span class='ocrx_word' id='word_1_183' title='bbox 126 1436 213 1464; x_wconf 86' lang='lat' dir='ltr'><strong>cendi</strong></span> <span class='ocrx_word' id='word_1_184' title='bbox 229 1436 266 1463; x_wconf 85' lang='lat' dir='ltr'><strong>ad</strong></span> <span class='ocrx_word' id='word_1_185' title='bbox 277 1434 416 1463; x_wconf 80' lang='lat' dir='ltr'><strong>Julianos</strong></span> <span class='ocrx_word' id='word_1_186' title='bbox 431 1434 579 1471; x_wconf 81' lang='lat' dir='ltr'><strong>vulgares.</strong></span> <span class='ocrx_word' id='word_1_187' title='bbox 596 1435 691 1464; x_wconf 84' lang='lat' dir='ltr'><strong>Verba</strong></span> <span class='ocrx_word' id='word_1_188' title='bbox 706 1437 770 1471; x_wconf 86' lang='lat' dir='ltr'><strong>ejus</strong></span> <span class='ocrx_word' id='word_1_189' title='bbox 790 1439 861 1465; x_wconf 87' lang='lat' dir='ltr'><strong>sunt</strong></span> <span class='ocrx_word' id='word_1_190' title='bbox 875 1446 903 1465; x_wconf 92' lang='lat' dir='ltr'><strong>n.</strong></span> <span class='ocrx_word' id='word_1_191' title='bbox 920 1439 938 1465; x_wconf 83' lang='lat'><strong>2</strong></span> <span class='ocrx_word' id='word_1_192' title='bbox 954 1447 960 1465; x_wconf 92' lang='lat'>:</span> 
     </span>
    </p>
   </div>
   <div class='ocr_carea' id='block_1_29' title="bbox 128 1480 962 1516">
    <p class='ocr_par' dir='ltr' id='par_1_29' title="bbox 128 1480 962 1516">
     <span class='ocr_line' id='line_1_29' title="bbox 128 1480 962 1516; baseline 0.006 -11"><span class='ocrx_word' id='word_1_193' title='bbox 128 1492 141 1505; x_wconf 70' lang='grc' dir='ltr'><strong><em>οι</em></strong></span> <span class='ocrx_word' id='word_1_194' title='bbox 158 1481 211 1508; x_wconf 82' lang='lat' dir='ltr'><strong>Est</strong></span> <span class='ocrx_word' id='word_1_195' title='bbox 224 1488 322 1508; x_wconf 88' lang='lat' dir='ltr'><strong>annus</strong></span> <span class='ocrx_word' id='word_1_196' title='bbox 338 1487 403 1507; x_wconf 66' lang='lat' dir='ltr'><strong>aera:</strong></span> <span class='ocrx_word' id='word_1_197' title='bbox 428 1480 532 1507; x_wconf 88' lang='lat' dir='ltr'><strong>mundi</strong></span> <span class='ocrx_word' id='word_1_198' title='bbox 557 1482 723 1508; x_wconf 72' lang='lat' dir='ltr'><strong>Graecorum</strong></span> <span class='ocrx_word' id='word_1_199' title='bbox 748 1481 830 1516; x_wconf 85' lang='lat'>6794,</span> <span class='ocrx_word' id='word_1_200' title='bbox 854 1481 962 1510; x_wconf 84' lang='lat' dir='ltr'><strong>Christi</strong></span> 
     </span>
    </p>
   </div>
   <div class='ocr_carea' id='block_1_30' title="bbox 131 1523 961 1562">
    <p class='ocr_par' dir='ltr' id='par_1_30' title="bbox 131 1523 961 1562">
     <span class='ocr_line' id='line_1_30' title="bbox 131 1523 961 1562; baseline 0.002 -10"><span class='ocrx_word' id='word_1_201' title='bbox 131 1524 275 1559; x_wconf 81' lang='lat' dir='ltr'><strong>4283,boc</strong></span> <span class='ocrx_word' id='word_1_202' title='bbox 293 1526 339 1552; x_wconf 88' lang='lat' dir='ltr'><strong>est</strong></span> <span class='ocrx_word' id='word_1_203' title='bbox 355 1524 465 1559; x_wconf 88' lang='lat' dir='ltr'><strong>periodi</strong></span> <span class='ocrx_word' id='word_1_204' title='bbox 482 1523 606 1552; x_wconf 71' lang='lat' dir='ltr'><strong>Julianae</strong></span> <span class='ocrx_word' id='word_1_205' title='bbox 621 1525 703 1558; x_wconf 87' lang='lat'>5996,</span> <span class='ocrx_word' id='word_1_206' title='bbox 718 1533 775 1561; x_wconf 93' lang='lat' dir='ltr'><strong>quo</strong></span> <span class='ocrx_word' id='word_1_207' title='bbox 793 1526 847 1553; x_wconf 84' lang='lat' dir='ltr'><strong>fuit</strong></span> <span class='ocrx_word' id='word_1_208' title='bbox 863 1526 961 1562; x_wconf 84' lang='lat' dir='ltr'><strong>cyclus</strong></span> 
     </span>
    </p>
   </div>
   <div class='ocr_carea' id='block_1_31' title="bbox 132 1569 959 1606">
    <p class='ocr_par' dir='ltr' id='par_1_31' title="bbox 132 1569 959 1606">
     <span class='ocr_line' id='line_1_31' title="bbox 132 1569 959 1606; baseline 0.004 -10"><span class='ocrx_word' id='word_1_209' title='bbox 132 1569 203 1597; x_wconf 87' lang='lat' dir='ltr'><strong>solis</strong></span> <span class='ocrx_word' id='word_1_210' title='bbox 219 1578 253 1604; x_wconf 82' lang='lat' dir='ltr'><strong>1v,</strong></span> <span class='ocrx_word' id='word_1_211' title='bbox 271 1577 383 1596; x_wconf 89' lang='lat' dir='ltr'><strong>aureus</strong></span> <span class='ocrx_word' id='word_1_212' title='bbox 411 1577 554 1596; x_wconf 86' lang='lat' dir='ltr'><strong>numerus</strong></span> <span class='ocrx_word' id='word_1_213' title='bbox 582 1577 623 1603; x_wconf 88' lang='lat' dir='ltr'><strong>x1,</strong></span> <span class='ocrx_word' id='word_1_214' title='bbox 652 1569 772 1597; x_wconf 88' lang='lat' dir='ltr'><strong>indictio</strong></span> <span class='ocrx_word' id='word_1_215' title='bbox 792 1571 902 1606; x_wconf 88' lang='lat' dir='ltr'><strong>pariter</strong></span> <span class='ocrx_word' id='word_1_216' title='bbox 917 1571 959 1605; x_wconf 87' lang='grc'>11,</span> 
     </span>
    </p>
   </div>
   <div class='ocr_carea' id='block_1_32' title="bbox 134 1612 960 1650">
    <p class='ocr_par' dir='ltr' id='par_1_32' title="bbox 134 1612 960 1650">
     <span class='ocr_line' id='line_1_32' title="bbox 134 1612 960 1650; baseline 0.002 -9"><span class='ocrx_word' id='word_1_217' title='bbox 134 1613 230 1650; x_wconf 70' lang='lat' dir='ltr'><strong>cyclus</strong></span> <span class='ocrx_word' id='word_1_218' title='bbox 245 1621 335 1650; x_wconf 90' lang='lat' dir='ltr'><strong>porro</strong></span> <span class='ocrx_word' id='word_1_219' title='bbox 351 1612 422 1641; x_wconf 90' lang='lat' dir='ltr'><strong>solis</strong></span> <span class='ocrx_word' id='word_1_220' title='bbox 437 1612 473 1640; x_wconf 91' lang='lat' dir='ltr'><strong>IV</strong></span> <span class='ocrx_word' id='word_1_221' title='bbox 488 1613 614 1641; x_wconf 80' lang='lat' dir='ltr'><strong>litteram</strong></span> <span class='ocrx_word' id='word_1_222' title='bbox 630 1613 740 1641; x_wconf 85' lang='lat' dir='ltr'><strong>indicat</strong></span> <span class='ocrx_word' id='word_1_223' title='bbox 752 1614 960 1643; x_wconf 87' lang='lat' dir='ltr'><strong>Dominicalem</strong></span> 
     </span>
    </p>
   </div>
   <div class='ocr_carea' id='block_1_33' title="bbox 129 1647 1000 1694">
    <p class='ocr_par' dir='ltr' id='par_1_33' title="bbox 129 1647 1000 1694">
     <span class='ocr_line' id='line_1_33' title="bbox 129 1647 1000 1694; baseline 0 -7"><span class='ocrx_word' id='word_1_224' title='bbox 129 1647 159 1693; x_wconf 69' lang='grc' dir='ltr'><strong>οξ</strong></span> <span class='ocrx_word' id='word_1_225' title='bbox 176 1647 336 1694; x_wconf 53' lang='lat' dir='ltr'><strong>quae—cum</strong></span> <span class='ocrx_word' id='word_1_226' title='bbox 363 1657 505 1694; x_wconf 81' lang='lat' dir='ltr'><strong>insigniat</strong></span> <span class='ocrx_word' id='word_1_227' title='bbox 526 1657 603 1685; x_wconf 86' lang='lat' dir='ltr'><strong>diem</strong></span> <span class='ocrx_word' id='word_1_228' title='bbox 620 1658 827 1686; x_wconf 88' lang='lat' dir='ltr'><strong>duodecimum</strong></span> <span class='ocrx_word' id='word_1_229' title='bbox 843 1660 961 1687; x_wconf 86' lang='lat' dir='ltr'><strong>Decem-</strong></span> <span class='ocrx_word' id='word_1_230' title='bbox 979 1647 1000 1681; x_wconf 67' lang='grc' dir='ltr'><strong>ί]</strong></span> 
     </span>
    </p>
   </div>
   <div class='ocr_carea' id='block_1_34' title="bbox 123 1702 961 1740">
    <p class='ocr_par' dir='ltr' id='par_1_34' title="bbox 123 1702 961 1740">
     <span class='ocr_line' id='line_1_34' title="bbox 123 1702 961 1740; baseline 0 -9"><span class='ocrx_word' id='word_1_231' title='bbox 123 1703 198 1736; x_wconf 86' lang='lat' dir='ltr'><strong>bris,</strong></span> <span class='ocrx_word' id='word_1_232' title='bbox 215 1702 398 1730; x_wconf 86' lang='lat' dir='ltr'><strong>undecimus</strong></span> <span class='ocrx_word' id='word_1_233' title='bbox 423 1702 588 1730; x_wconf 82' lang='lat' dir='ltr'><strong>necessario</strong></span> <span class='ocrx_word' id='word_1_234' title='bbox 615 1702 703 1730; x_wconf 85' lang='lat' dir='ltr'><strong>fuerit</strong></span> <span class='ocrx_word' id='word_1_235' title='bbox 726 1703 775 1730; x_wconf 67' lang='lat'><strong>74</strong></span> <span class='ocrx_word' id='word_1_236' title='bbox 791 1704 961 1740; x_wconf 85' lang='lat' dir='ltr'><strong>Sabbatum,</strong></span> 
     </span>
    </p>
   </div>
   <div class='ocr_carea' id='block_1_35' title="bbox 120 1746 961 1780">
    <p class='ocr_par' dir='ltr' id='par_1_35' title="bbox 120 1746 961 1780">
     <span class='ocr_line' id='line_1_35' title="bbox 120 1746 961 1780; baseline 0 -4"><span class='ocrx_word' id='word_1_237' title='bbox 120 1756 180 1776; x_wconf 87' lang='lat' dir='ltr'><strong>non</strong></span> <span class='ocrx_word' id='word_1_238' title='bbox 213 1750 319 1775; x_wconf 81' lang='lat' dir='ltr'><strong>autem</strong></span> <span class='ocrx_word' id='word_1_239' title='bbox 350 1747 518 1779; x_wconf 84' lang='lat' dir='ltr'><strong>Parasceve,</strong></span> <span class='ocrx_word' id='word_1_240' title='bbox 548 1746 607 1774; x_wconf 85' lang='lat' dir='ltr'><strong>sive</strong></span> <span class='ocrx_word' id='word_1_241' title='bbox 637 1749 718 1775; x_wconf 84' lang='lat' dir='ltr'><strong>sexta</strong></span> <span class='ocrx_word' id='word_1_242' title='bbox 742 1747 824 1775; x_wconf 88' lang='lat' dir='ltr'><strong>feria.</strong></span> <span class='ocrx_word' id='word_1_243' title='bbox 841 1748 961 1780; x_wconf 82' lang='lat' dir='ltr'><strong>Qualem</strong></span> 
     </span>
    </p>
   </div>
   <div class='ocr_carea' id='block_1_36' title="bbox 117 1790 962 1828">
    <p class='ocr_par' dir='ltr' id='par_1_36' title="bbox 117 1790 962 1828">
     <span class='ocr_line' id='line_1_36' title="bbox 117 1790 962 1828; baseline 0.002 -9"><span class='ocrx_word' id='word_1_244' title='bbox 117 1795 224 1820; x_wconf 84' lang='lat' dir='ltr'><strong>tamen</strong></span> <span class='ocrx_word' id='word_1_245' title='bbox 239 1791 295 1819; x_wconf 92' lang='lat' dir='ltr'><strong>illo</strong></span> <span class='ocrx_word' id='word_1_246' title='bbox 323 1799 401 1818; x_wconf 86' lang='lat' dir='ltr'><strong>anno</strong></span> <span class='ocrx_word' id='word_1_247' title='bbox 427 1790 589 1825; x_wconf 81' lang='lat' dir='ltr'><strong>(Michaelis</strong></span> <span class='ocrx_word' id='word_1_248' title='bbox 603 1791 770 1827; x_wconf 86' lang='lat' dir='ltr'><strong>emortuali)</strong></span> <span class='ocrx_word' id='word_1_249' title='bbox 788 1792 880 1820; x_wconf 86' lang='lat' dir='ltr'><strong>fuisse</strong></span> <span class='ocrx_word' id='word_1_250' title='bbox 910 1801 962 1828; x_wconf 86' lang='lat' dir='ltr'><strong>pro</strong></span> 
     </span>
    </p>
   </div>
   <div class='ocr_carea' id='block_1_37' title="bbox 115 1834 960 1873">
    <p class='ocr_par' dir='ltr' id='par_1_37' title="bbox 115 1834 960 1873">
     <span class='ocr_line' id='line_1_37' title="bbox 115 1834 960 1873; baseline -0.001 -8"><span class='ocrx_word' id='word_1_251' title='bbox 115 1835 295 1865; x_wconf 82' lang='lat' dir='ltr'><strong>certissimo</strong></span> <span class='ocrx_word' id='word_1_252' title='bbox 311 1838 339 1863; x_wconf 90' lang='lat' dir='ltr'><strong>et</strong></span> <span class='ocrx_word' id='word_1_253' title='bbox 355 1834 440 1871; x_wconf 87' lang='lat' dir='ltr'><strong>vulgo</strong></span> <span class='ocrx_word' id='word_1_254' title='bbox 461 1834 616 1863; x_wconf 89' lang='lat' dir='ltr'><strong>notissimo</strong></span> <span class='ocrx_word' id='word_1_255' title='bbox 633 1836 723 1863; x_wconf 83' lang='lat' dir='ltr'><strong>tradit</strong></span> <span class='ocrx_word' id='word_1_256' title='bbox 742 1836 960 1873; x_wconf 84' lang='lat' dir='ltr'><strong>Pascbymeres.</strong></span> 
     </span>
    </p>
   </div>
   <div class='ocr_carea' id='block_1_38' title="bbox 117 1879 961 1917">
    <p class='ocr_par' dir='ltr' id='par_1_38' title="bbox 117 1879 961 1917">
     <span class='ocr_line' id='line_1_38' title="bbox 117 1879 961 1917; baseline 0.001 -9"><span class='ocrx_word' id='word_1_257' title='bbox 117 1881 218 1917; x_wconf 83' lang='lat' dir='ltr'><strong>Igitur</strong></span> <span class='ocrx_word' id='word_1_258' title='bbox 234 1888 318 1908; x_wconf 86' lang='lat' dir='ltr'><strong>anno</strong></span> <span class='ocrx_word' id='word_1_259' title='bbox 334 1879 445 1907; x_wconf 84' lang='lat' dir='ltr'><strong>Christi</strong></span> <span class='ocrx_word' id='word_1_260' title='bbox 461 1880 542 1914; x_wconf 85' lang='lat'>4282,</span> <span class='ocrx_word' id='word_1_261' title='bbox 573 1880 647 1907; x_wconf 90' lang='lat' dir='ltr'><strong>mori</strong></span> <span class='ocrx_word' id='word_1_262' title='bbox 664 1880 835 1908; x_wconf 85' lang='lat' dir='ltr'><strong>Michaelem</strong></span> <span class='ocrx_word' id='word_1_263' title='bbox 856 1881 961 1910; x_wconf 64' lang='grc' dir='ltr'><strong>1³81ωο-</strong></span> 
     </span>
    </p>
   </div>
   <div class='ocr_carea' id='block_1_39' title="bbox 114 1923 962 1961">
    <p class='ocr_par' dir='ltr' id='par_1_39' title="bbox 114 1923 962 1961">
     <span class='ocr_line' id='line_1_39' title="bbox 114 1923 962 1961; baseline 0 -8"><span class='ocrx_word' id='word_1_264' title='bbox 114 1925 225 1961; x_wconf 81' lang='lat' dir='ltr'><strong>logum</strong></span> <span class='ocrx_word' id='word_1_265' title='bbox 241 1924 386 1960; x_wconf 85' lang='lat' dir='ltr'><strong>oportuit,</strong></span> <span class='ocrx_word' id='word_1_266' title='bbox 400 1932 459 1961; x_wconf 86' lang='lat' dir='ltr'><strong>quo</strong></span> <span class='ocrx_word' id='word_1_267' title='bbox 475 1924 574 1960; x_wconf 80' lang='lat' dir='ltr'><strong>cyclus</strong></span> <span class='ocrx_word' id='word_1_268' title='bbox 594 1923 665 1952; x_wconf 87' lang='lat' dir='ltr'><strong>solis</strong></span> <span class='ocrx_word' id='word_1_269' title='bbox 680 1933 711 1952; x_wconf 83' lang='lat' dir='ltr'><strong>IlI</strong></span> <span class='ocrx_word' id='word_1_270' title='bbox 726 1925 853 1952; x_wconf 82' lang='lat' dir='ltr'><strong>litteram</strong></span> <span class='ocrx_word' id='word_1_271' title='bbox 868 1926 962 1953; x_wconf 91' lang='lat' dir='ltr'><strong>Domi-</strong></span> 
     </span>
    </p>
   </div>
   <div class='ocr_carea' id='block_1_40' title="bbox 117 1968 962 1998">
    <p class='ocr_par' dir='ltr' id='par_1_40' title="bbox 117 1968 962 1998">
     <span class='ocr_line' id='line_1_40' title="bbox 117 1968 962 1998; baseline 0 -1"><span class='ocrx_word' id='word_1_272' title='bbox 117 1971 193 1998; x_wconf 73' lang='lat' dir='ltr'><strong>nicaa</strong></span> <span class='ocrx_word' id='word_1_273' title='bbox 211 1968 347 1996; x_wconf 87' lang='lat' dir='ltr'><strong>indicem</strong></span> <span class='ocrx_word' id='word_1_274' title='bbox 364 1968 444 1996; x_wconf 86' lang='lat' dir='ltr'><strong>dedit</strong></span> <span class='ocrx_word' id='word_1_275' title='bbox 461 1968 495 1996; x_wconf 90' lang='lat' dir='ltr'><strong>D.</strong></span> <span class='ocrx_word' id='word_1_276' title='bbox 525 1969 591 1996; x_wconf 75' lang='lat' dir='ltr'><strong>Haec</strong></span> <span class='ocrx_word' id='word_1_277' title='bbox 607 1969 686 1996; x_wconf 91' lang='lat' dir='ltr'><strong>enim</strong></span> <span class='ocrx_word' id='word_1_278' title='bbox 701 1969 798 1997; x_wconf 83' lang='lat' dir='ltr'><strong>littera</strong></span> <span class='ocrx_word' id='word_1_279' title='bbox 812 1970 890 1998; x_wconf 89' lang='lat' dir='ltr'><strong>diem</strong></span> <span class='ocrx_word' id='word_1_280' title='bbox 904 1972 962 1997; x_wconf 86' lang='lat' dir='ltr'><strong>ter-</strong></span> 
     </span>
    </p>
   </div>
   <div class='ocr_carea' id='block_1_41' title="bbox 118 2013 960 2049">
    <p class='ocr_par' dir='ltr' id='par_1_41' title="bbox 118 2013 960 2049">
     <span class='ocr_line' id='line_1_41' title="bbox 118 2013 960 2049; baseline 0 -7"><span class='ocrx_word' id='word_1_281' title='bbox 118 2015 199 2042; x_wconf 81' lang='lat' dir='ltr'><strong>tium</strong></span> <span class='ocrx_word' id='word_1_282' title='bbox 218 2013 376 2041; x_wconf 89' lang='lat' dir='ltr'><strong>decimum</strong></span> <span class='ocrx_word' id='word_1_283' title='bbox 392 2013 562 2041; x_wconf 88' lang='lat' dir='ltr'><strong>Decembris</strong></span> <span class='ocrx_word' id='word_1_284' title='bbox 578 2013 720 2048; x_wconf 83' lang='lat' dir='ltr'><strong>afﬁciens,</strong></span> <span class='ocrx_word' id='word_1_285' title='bbox 736 2014 856 2042; x_wconf 90' lang='lat' dir='ltr'><strong>tertium</strong></span> <span class='ocrx_word' id='word_1_286' title='bbox 874 2017 960 2049; x_wconf 88' lang='lat' dir='ltr'><strong>retro,</strong></span> 
     </span>
    </p>
   </div>
   <div class='ocr_carea' id='block_1_42' title="bbox 121 2057 961 2091">
    <p class='ocr_par' dir='ltr' id='par_1_42' title="bbox 121 2057 961 2091">
     <span class='ocr_line' id='line_1_42' title="bbox 121 2057 961 2091; baseline 0.001 -5"><span class='ocrx_word' id='word_1_287' title='bbox 121 2058 242 2086; x_wconf 84' lang='lat' dir='ltr'><strong>scilicet</strong></span> <span class='ocrx_word' id='word_1_288' title='bbox 258 2057 465 2091; x_wconf 86' lang='lat' dir='ltr'><strong>undecimum,</strong></span> <span class='ocrx_word' id='word_1_289' title='bbox 484 2057 575 2085; x_wconf 88' lang='lat' dir='ltr'><strong>fuisse</strong></span> <span class='ocrx_word' id='word_1_290' title='bbox 595 2060 707 2085; x_wconf 82' lang='lat' dir='ltr'><strong>sextam</strong></span> <span class='ocrx_word' id='word_1_291' title='bbox 722 2058 824 2086; x_wconf 87' lang='lat' dir='ltr'><strong>feriam</strong></span> <span class='ocrx_word' id='word_1_292' title='bbox 841 2059 961 2087; x_wconf 90' lang='lat' dir='ltr'><strong>demon-</strong></span> 
     </span>
    </p>
   </div>
   <div class='ocr_carea' id='block_1_43' title="bbox 120 2096 960 2138">
    <p class='ocr_par' dir='ltr' id='par_1_43' title="bbox 120 2096 960 2138">
     <span class='ocr_line' id='line_1_43' title="bbox 120 2096 960 2138; baseline 0.001 -8"><span class='ocrx_word' id='word_1_293' title='bbox 120 2105 209 2130; x_wconf 83' lang='lat' dir='ltr'><strong>strat.</strong></span> <span class='ocrx_word' id='word_1_294' title='bbox 243 2101 324 2134; x_wconf 88' lang='lat' dir='ltr'><strong>Quid</strong></span> <span class='ocrx_word' id='word_1_295' title='bbox 353 2096 422 2138; x_wconf 78' lang='lat' dir='ltr'><strong>ergo</strong></span> <span class='ocrx_word' id='word_1_296' title='bbox 438 2102 580 2138; x_wconf 85' lang='lat' dir='ltr'><strong>dicemus,</strong></span> <span class='ocrx_word' id='word_1_297' title='bbox 597 2111 711 2130; x_wconf 86' lang='lat' dir='ltr'><strong>errasse</strong></span> <span class='ocrx_word' id='word_1_298' title='bbox 735 2102 847 2130; x_wconf 68' lang='lat' dir='ltr'><strong>Graecos</strong></span> <span class='ocrx_word' id='word_1_299' title='bbox 867 2103 960 2131; x_wconf 88' lang='lat' dir='ltr'><strong>histo-</strong></span> 
     </span>
    </p>
   </div>
   <div class='ocr_carea' id='block_1_44' title="bbox 121 2146 961 2182">
    <p class='ocr_par' dir='ltr' id='par_1_44' title="bbox 121 2146 961 2182">
     <span class='ocr_line' id='line_1_44' title="bbox 121 2146 961 2182; baseline 0.001 -8"><span class='ocrx_word' id='word_1_300' title='bbox 121 2148 199 2175; x_wconf 84' lang='lat' dir='ltr'><strong>ricos</strong></span> <span class='ocrx_word' id='word_1_301' title='bbox 226 2147 258 2174; x_wconf 90' lang='lat' dir='ltr'><strong>in</strong></span> <span class='ocrx_word' id='word_1_302' title='bbox 286 2154 364 2174; x_wconf 86' lang='lat' dir='ltr'><strong>anno</strong></span> <span class='ocrx_word' id='word_1_303' title='bbox 392 2146 496 2174; x_wconf 82' lang='lat' dir='ltr'><strong>mortis</strong></span> <span class='ocrx_word' id='word_1_304' title='bbox 519 2146 679 2180; x_wconf 88' lang='lat' dir='ltr'><strong>Michaelis,</strong></span> <span class='ocrx_word' id='word_1_305' title='bbox 710 2149 739 2174; x_wconf 90' lang='lat' dir='ltr'><strong>et</strong></span> <span class='ocrx_word' id='word_1_306' title='bbox 761 2156 812 2182; x_wconf 90' lang='lat' dir='ltr'><strong>pro</strong></span> <span class='ocrx_word' id='word_1_307' title='bbox 828 2148 899 2175; x_wconf 86' lang='lat'><strong>6790</strong></span> <span class='ocrx_word' id='word_1_308' title='bbox 914 2157 961 2176; x_wconf 87' lang='lat' dir='ltr'><strong>se-</strong></span> 
     </span>
    </p>
   </div>
   <div class='ocr_carea' id='block_1_45' title="bbox 121 2190 960 2227">
    <p class='ocr_par' dir='ltr' id='par_1_45' title="bbox 121 2190 960 2227">
     <span class='ocr_line' id='line_1_45' title="bbox 121 2190 960 2227; baseline 0.002 -9"><span class='ocrx_word' id='word_1_309' title='bbox 121 2194 271 2227; x_wconf 87' lang='lat' dir='ltr'><strong>quentem</strong></span> <span class='ocrx_word' id='word_1_310' title='bbox 296 2191 364 2218; x_wconf 83' lang='lat'>6794</span> <span class='ocrx_word' id='word_1_311' title='bbox 385 2190 556 2218; x_wconf 81' lang='lat' dir='ltr'><strong>indicasse?</strong></span> <span class='ocrx_word' id='word_1_312' title='bbox 574 2191 613 2220; x_wconf 87' lang='lat' dir='ltr'><strong>Ne</strong></span> <span class='ocrx_word' id='word_1_313' title='bbox 630 2199 771 2227; x_wconf 84' lang='lat' dir='ltr'><strong>cogamur</strong></span> <span class='ocrx_word' id='word_1_314' title='bbox 786 2192 841 2220; x_wconf 86' lang='lat' dir='ltr'><strong>hoc</strong></span> <span class='ocrx_word' id='word_1_315' title='bbox 856 2193 960 2227; x_wconf 87' lang='lat' dir='ltr'><strong>dicere,</strong></span> 
     </span>
    </p>
   </div>
   <div class='ocr_carea' id='block_1_46' title="bbox 122 2234 962 2273">
    <p class='ocr_par' dir='ltr' id='par_1_46' title="bbox 122 2234 962 2273">
     <span class='ocr_line' id='line_1_46' title="bbox 122 2234 962 2273; baseline 0.001 -10"><span class='ocrx_word' id='word_1_316' title='bbox 122 2236 237 2272; x_wconf 84' lang='lat' dir='ltr'><strong>duplex</strong></span> <span class='ocrx_word' id='word_1_317' title='bbox 268 2235 362 2270; x_wconf 85' lang='lat' dir='ltr'><strong>hujus</strong></span> <span class='ocrx_word' id='word_1_318' title='bbox 390 2234 567 2270; x_wconf 72' lang='lat' dir='ltr'><strong>explicandae</strong></span> <span class='ocrx_word' id='word_1_319' title='bbox 595 2235 795 2272; x_wconf 84' lang='lat' dir='ltr'><strong>perplexltatis</strong></span> <span class='ocrx_word' id='word_1_320' title='bbox 832 2237 962 2273; x_wconf 83' lang='lat' dir='ltr'><strong>suppetit</strong></span> 
     </span>
    </p>
   </div>
   <div class='ocr_carea' id='block_1_47' title="bbox 122 2279 961 2317">
    <p class='ocr_par' dir='ltr' id='par_1_47' title="bbox 122 2279 961 2317">
     <span class='ocr_line' id='line_1_47' title="bbox 122 2279 961 2317; baseline 0.002 -10"><span class='ocrx_word' id='word_1_321' title='bbox 122 2283 211 2308; x_wconf 76' lang='lat' dir='ltr'><strong>ratio.</strong></span> <span class='ocrx_word' id='word_1_322' title='bbox 227 2281 291 2307; x_wconf 80' lang='lat' dir='ltr'><strong>Aut</strong></span> <span class='ocrx_word' id='word_1_323' title='bbox 306 2279 386 2307; x_wconf 88' lang='lat' dir='ltr'><strong>enim</strong></span> <span class='ocrx_word' id='word_1_324' title='bbox 401 2279 528 2307; x_wconf 86' lang='lat' dir='ltr'><strong>labentis</strong></span> <span class='ocrx_word' id='word_1_325' title='bbox 539 2280 603 2315; x_wconf 87' lang='lat' dir='ltr'><strong>jam</strong></span> <span class='ocrx_word' id='word_1_326' title='bbox 619 2281 689 2308; x_wconf 85' lang='lat' dir='ltr'><strong>anni</strong></span> <span class='ocrx_word' id='word_1_327' title='bbox 713 2281 785 2307; x_wconf 88' lang='grc'>6790</span> <span class='ocrx_word' id='word_1_328' title='bbox 808 2283 837 2309; x_wconf 91' lang='lat' dir='ltr'><strong>et</strong></span> <span class='ocrx_word' id='word_1_329' title='bbox 852 2290 961 2317; x_wconf 81' lang='lat' dir='ltr'><strong>paucos</strong></span> 
     </span>
    </p>
   </div>
   <div class='ocr_carea' id='block_1_48' title="bbox 121 2324 1003 2362">
    <p class='ocr_par' dir='ltr' id='par_1_48' title="bbox 121 2324 1003 2362">
     <span class='ocr_line' id='line_1_48' title="bbox 121 2324 1003 2362; baseline 0.001 -9"><span class='ocrx_word' id='word_1_330' title='bbox 121 2325 275 2353; x_wconf 75' lang='lat' dir='ltr'><strong>duntaxat</strong></span> <span class='ocrx_word' id='word_1_331' title='bbox 291 2324 413 2351; x_wconf 78' lang='lat' dir='ltr'><strong>extremi</strong></span> <span class='ocrx_word' id='word_1_332' title='bbox 429 2325 598 2352; x_wconf 89' lang='lat' dir='ltr'><strong>Decembris</strong></span> <span class='ocrx_word' id='word_1_333' title='bbox 614 2325 677 2353; x_wconf 87' lang='lat' dir='ltr'><strong>dies</strong></span> <span class='ocrx_word' id='word_1_334' title='bbox 698 2325 826 2361; x_wconf 87' lang='lat' dir='ltr'><strong>reliquos</strong></span> <span class='ocrx_word' id='word_1_335' title='bbox 847 2326 964 2354; x_wconf 89' lang='lat' dir='ltr'><strong>trahen-</strong></span> <span class='ocrx_word' id='word_1_336' title='bbox 979 2330 1003 2362; x_wconf 79' lang='grc' dir='ltr'>Ι)</span> 
     </span>
    </p>
   </div>
   <div class='ocr_carea' id='block_1_49' title="bbox 120 2368 963 2405">
    <p class='ocr_par' dir='ltr' id='par_1_49' title="bbox 120 2368 963 2405">
     <span class='ocr_line' id='line_1_49' title="bbox 120 2368 963 2405; baseline 0 -8"><span class='ocrx_word' id='word_1_337' title='bbox 120 2370 175 2402; x_wconf 84' lang='lat' dir='ltr'><strong>tis,</strong></span> <span class='ocrx_word' id='word_1_338' title='bbox 192 2369 345 2397; x_wconf 85' lang='lat' dir='ltr'><strong>rationem</strong></span> <span class='ocrx_word' id='word_1_339' title='bbox 362 2377 420 2396; x_wconf 91' lang='lat' dir='ltr'><strong>non</strong></span> <span class='ocrx_word' id='word_1_340' title='bbox 447 2368 614 2396; x_wconf 85' lang='lat' dir='ltr'><strong>habendam</strong></span> <span class='ocrx_word' id='word_1_341' title='bbox 640 2369 767 2405; x_wconf 90' lang='lat' dir='ltr'><strong>populus</strong></span> <span class='ocrx_word' id='word_1_342' title='bbox 790 2372 818 2397; x_wconf 90' lang='lat' dir='ltr'><strong>et</strong></span> <span class='ocrx_word' id='word_1_343' title='bbox 833 2369 963 2398; x_wconf 89' lang='lat' dir='ltr'><strong>historici</strong></span> 
     </span>
    </p>
   </div>
   <div class='ocr_carea' id='block_1_50' title="bbox 121 2413 963 2450">
    <p class='ocr_par' dir='ltr' id='par_1_50' title="bbox 121 2413 963 2450">
     <span class='ocr_line' id='line_1_50' title="bbox 121 2413 963 2450; baseline 0 -8"><span class='ocrx_word' id='word_1_344' title='bbox 121 2415 299 2448; x_wconf 84' lang='lat' dir='ltr'><strong>censentes,</strong></span> <span class='ocrx_word' id='word_1_345' title='bbox 331 2413 443 2441; x_wconf 90' lang='lat' dir='ltr'><strong>obitum</strong></span> <span class='ocrx_word' id='word_1_346' title='bbox 459 2414 523 2448; x_wconf 82' lang='lat' dir='ltr'><strong>ejus</strong></span> <span class='ocrx_word' id='word_1_347' title='bbox 553 2422 588 2441; x_wconf 79' lang='lat' dir='ltr'><strong>ex</strong></span> <span class='ocrx_word' id='word_1_348' title='bbox 616 2422 693 2442; x_wconf 87' lang='lat' dir='ltr'><strong>anno</strong></span> <span class='ocrx_word' id='word_1_349' title='bbox 709 2422 776 2441; x_wconf 90' lang='lat' dir='ltr'><strong>mox</strong></span> <span class='ocrx_word' id='word_1_350' title='bbox 798 2414 963 2450; x_wconf 88' lang='lat' dir='ltr'><strong>insequenti</strong></span> 
     </span>
    </p>
   </div>
   <div class='ocr_carea' id='block_1_51' title="bbox 120 2457 962 2495">
    <p class='ocr_par' dir='ltr' id='par_1_51' title="bbox 120 2457 962 2495">
     <span class='ocr_line' id='line_1_51' title="bbox 120 2457 962 2495; baseline 0.004 -11"><span class='ocrx_word' id='word_1_351' title='bbox 120 2459 209 2493; x_wconf 84' lang='grc'>6791,</span> <span class='ocrx_word' id='word_1_352' title='bbox 225 2466 288 2493; x_wconf 88' lang='lat' dir='ltr'><strong>quo</strong></span> <span class='ocrx_word' id='word_1_353' title='bbox 306 2457 332 2485; x_wconf 88' lang='lat' dir='ltr'><strong>is</strong></span> <span class='ocrx_word' id='word_1_354' title='bbox 348 2457 480 2485; x_wconf 89' lang='lat' dir='ltr'><strong>videlicet</strong></span> <span class='ocrx_word' id='word_1_355' title='bbox 509 2458 649 2492; x_wconf 86' lang='lat' dir='ltr'><strong>innotuit,</strong></span> <span class='ocrx_word' id='word_1_356' title='bbox 673 2458 892 2495; x_wconf 85' lang='lat' dir='ltr'><strong>insigniendum</strong></span> <span class='ocrx_word' id='word_1_357' title='bbox 909 2468 962 2495; x_wconf 90' lang='lat' dir='ltr'><strong>pu-</strong></span> 
     </span>
    </p>
   </div>
   <div class='ocr_carea' id='block_1_52' title="bbox 120 2502 964 2538">
    <p class='ocr_par' dir='ltr' id='par_1_52' title="bbox 120 2502 964 2538">
     <span class='ocr_line' id='line_1_52' title="bbox 120 2502 964 2538; baseline 0.002 -9"><span class='ocrx_word' id='word_1_358' title='bbox 120 2504 268 2530; x_wconf 80' lang='lat' dir='ltr'><strong>taverunt</strong></span> <span class='ocrx_word' id='word_1_359' title='bbox 283 2511 290 2530; x_wconf 90' lang='lat'><strong>:</strong></span> <span class='ocrx_word' id='word_1_360' title='bbox 307 2503 439 2538; x_wconf 82' lang='lat' dir='ltr'><strong>neglecto</strong></span> <span class='ocrx_word' id='word_1_361' title='bbox 455 2502 626 2530; x_wconf 83' lang='lat' dir='ltr'><strong>discrimine</strong></span> <span class='ocrx_word' id='word_1_362' title='bbox 643 2502 755 2531; x_wconf 89' lang='lat' dir='ltr'><strong>nullius</strong></span> <span class='ocrx_word' id='word_1_363' title='bbox 772 2503 913 2531; x_wconf 90' lang='lat' dir='ltr'><strong>momenti</strong></span> <span class='ocrx_word' id='word_1_364' title='bbox 929 2504 964 2531; x_wconf 89' lang='lat' dir='ltr'><strong>ad</strong></span> 
     </span>
    </p>
   </div>
   <div class='ocr_carea' id='block_1_53' title="bbox 120 2546 965 2583">
    <p class='ocr_par' dir='ltr' id='par_1_53' title="bbox 120 2546 965 2583">
     <span class='ocr_line' id='line_1_53' title="bbox 120 2546 965 2583; baseline 0.001 -9"><span class='ocrx_word' id='word_1_365' title='bbox 120 2547 245 2574; x_wconf 85' lang='lat' dir='ltr'><strong>civilem</strong></span> <span class='ocrx_word' id='word_1_366' title='bbox 262 2546 502 2574; x_wconf 69' lang='lat' dir='ltr'><strong>estimationem.</strong></span> <span class='ocrx_word' id='word_1_367' title='bbox 519 2548 577 2574; x_wconf 90' lang='lat' dir='ltr'><strong>Aut</strong></span> <span class='ocrx_word' id='word_1_368' title='bbox 588 2548 678 2583; x_wconf 90' lang='lat' dir='ltr'><strong>(quod</strong></span> <span class='ocrx_word' id='word_1_369' title='bbox 693 2547 878 2575; x_wconf 85' lang='lat' dir='ltr'><strong>virisimilius</strong></span> <span class='ocrx_word' id='word_1_370' title='bbox 891 2548 965 2583; x_wconf 88' lang='lat' dir='ltr'><strong>reor)</strong></span> 
     </span>
    </p>
   </div>
   <div class='ocr_carea' id='block_1_54' title="bbox 122 2591 966 2627">
    <p class='ocr_par' dir='ltr' id='par_1_54' title="bbox 122 2591 966 2627">
     <span class='ocr_line' id='line_1_54' title="bbox 122 2591 966 2627; baseline 0.001 -9"><span class='ocrx_word' id='word_1_371' title='bbox 122 2599 277 2619; x_wconf 80' lang='lat' dir='ltr'><strong>annorum</strong></span> <span class='ocrx_word' id='word_1_372' title='bbox 294 2591 412 2625; x_wconf 90' lang='lat' dir='ltr'><strong>mundi,</strong></span> <span class='ocrx_word' id='word_1_373' title='bbox 429 2593 458 2618; x_wconf 89' lang='lat' dir='ltr'><strong>et</strong></span> <span class='ocrx_word' id='word_1_374' title='bbox 485 2600 549 2619; x_wconf 60' lang='lat' dir='ltr'><strong>area</strong></span> <span class='ocrx_word' id='word_1_375' title='bbox 565 2600 624 2619; x_wconf 84' lang='lat' dir='ltr'><strong>suae</strong></span> <span class='ocrx_word' id='word_1_376' title='bbox 640 2591 831 2627; x_wconf 85' lang='lat' dir='ltr'><strong>principium,</strong></span> <span class='ocrx_word' id='word_1_377' title='bbox 848 2592 916 2619; x_wconf 88' lang='lat' dir='ltr'><strong>item</strong></span> <span class='ocrx_word' id='word_1_378' title='bbox 933 2594 966 2619; x_wconf 93' lang='lat' dir='ltr'><strong>ut</strong></span> 
     </span>
    </p>
   </div>
   <div class='ocr_carea' id='block_1_55' title="bbox 123 2635 965 2672">
    <p class='ocr_par' dir='ltr' id='par_1_55' title="bbox 123 2635 965 2672">
     <span class='ocr_line' id='line_1_55' title="bbox 123 2635 965 2672; baseline 0.001 -10"><span class='ocrx_word' id='word_1_379' title='bbox 123 2636 312 2669; x_wconf 88' lang='lat' dir='ltr'><strong>indictionis,</strong></span> <span class='ocrx_word' id='word_1_380' title='bbox 329 2645 346 2664; x_wconf 85' lang='lat' dir='ltr'><strong>a</strong></span> <span class='ocrx_word' id='word_1_381' title='bbox 361 2636 528 2672; x_wconf 89' lang='lat' dir='ltr'><strong>Septembri</strong></span> <span class='ocrx_word' id='word_1_382' title='bbox 558 2635 648 2663; x_wconf 55' lang='lat' dir='ltr'><strong>Graeci</strong></span> <span class='ocrx_word' id='word_1_383' title='bbox 670 2636 841 2672; x_wconf 86' lang='lat' dir='ltr'><strong>repetebant</strong></span> <span class='ocrx_word' id='word_1_384' title='bbox 858 2645 864 2664; x_wconf 93' lang='lat'>:</span> <span class='ocrx_word' id='word_1_385' title='bbox 888 2636 965 2663; x_wconf 89' lang='lat' dir='ltr'><strong>unde</strong></span> 
     </span>
    </p>
   </div>
   <div class='ocr_carea' id='block_1_56' title="bbox 123 2680 965 2717">
    <p class='ocr_par' dir='ltr' id='par_1_56' title="bbox 123 2680 965 2717">
     <span class='ocr_line' id='line_1_56' title="bbox 123 2680 965 2717; baseline -0.001 -8"><span class='ocrx_word' id='word_1_386' title='bbox 123 2680 186 2715; x_wconf 76' lang='lat' dir='ltr'><strong>jam</strong></span> <span class='ocrx_word' id='word_1_387' title='bbox 197 2685 263 2709; x_wconf 88' lang='lat' dir='ltr'><strong>tum</strong></span> <span class='ocrx_word' id='word_1_388' title='bbox 280 2689 380 2709; x_wconf 87' lang='lat' dir='ltr'><strong>annus</strong></span> <span class='ocrx_word' id='word_1_389' title='bbox 398 2680 599 2715; x_wconf 81' lang='lat' dir='ltr'><strong>mundijuxta</strong></span> <span class='ocrx_word' id='word_1_390' title='bbox 614 2680 694 2716; x_wconf 89' lang='lat' dir='ltr'><strong>ipsos</strong></span> <span class='ocrx_word' id='word_1_391' title='bbox 708 2681 776 2708; x_wconf 82' lang='lat'><strong>6791</strong></span> <span class='ocrx_word' id='word_1_392' title='bbox 794 2684 920 2717; x_wconf 86' lang='lat' dir='ltr'><strong>cceperat</strong></span> <span class='ocrx_word' id='word_1_393' title='bbox 949 2690 965 2708; x_wconf 87' lang='lat' dir='ltr'><strong>a</strong></span> 
     </span>
    </p>
   </div>
   <div class='ocr_carea' id='block_1_57' title="bbox 128 2724 964 2762">
    <p class='ocr_par' dir='ltr' id='par_1_57' title="bbox 128 2724 964 2762">
     <span class='ocr_line' id='line_1_57' title="bbox 128 2724 964 2762; baseline -0.001 -10"><span class='ocrx_word' id='word_1_394' title='bbox 128 2733 228 2754; x_wconf 86' lang='lat' dir='ltr'><strong>mense</strong></span> <span class='ocrx_word' id='word_1_395' title='bbox 244 2726 341 2762; x_wconf 86' lang='lat' dir='ltr'><strong>tertio,</strong></span> <span class='ocrx_word' id='word_1_396' title='bbox 359 2734 432 2753; x_wconf 88' lang='lat' dir='ltr'><strong>cum</strong></span> <span class='ocrx_word' id='word_1_397' title='bbox 464 2724 534 2752; x_wconf 86' lang='lat' dir='ltr'><strong>anni</strong></span> <span class='ocrx_word' id='word_1_398' title='bbox 564 2725 670 2752; x_wconf 86' lang='lat' dir='ltr'><strong>Christi</strong></span> <span class='ocrx_word' id='word_1_399' title='bbox 685 2725 755 2752; x_wconf 88' lang='lat'>4282</span> <span class='ocrx_word' id='word_1_400' title='bbox 769 2725 881 2753; x_wconf 85' lang='lat' dir='ltr'><strong>mensis</strong></span> <span class='ocrx_word' id='word_1_401' title='bbox 897 2724 964 2752; x_wconf 90' lang='lat' dir='ltr'><strong>ulti-</strong></span> 
     </span>
    </p>
   </div>
   <div class='ocr_carea' id='block_1_58' title="bbox 129 2769 966 2805">
    <p class='ocr_par' dir='ltr' id='par_1_58' title="bbox 129 2769 966 2805">
     <span class='ocr_line' id='line_1_58' title="bbox 129 2769 966 2805; baseline -0.001 -8"><span class='ocrx_word' id='word_1_402' title='bbox 129 2778 193 2799; x_wconf 86' lang='lat' dir='ltr'><strong>mus</strong></span> <span class='ocrx_word' id='word_1_403' title='bbox 205 2772 369 2802; x_wconf 82' lang='lat' dir='ltr'><strong>December</strong></span> <span class='ocrx_word' id='word_1_404' title='bbox 378 2769 568 2799; x_wconf 84' lang='lat' dir='ltr'><strong>volvebatur.</strong></span> <span class='ocrx_word' id='word_1_405' title='bbox 586 2769 620 2797; x_wconf 88' lang='lat' dir='ltr'><strong>Ut</strong></span> <span class='ocrx_word' id='word_1_406' title='bbox 639 2778 705 2797; x_wconf 89' lang='lat' dir='ltr'><strong>vere</strong></span> <span class='ocrx_word' id='word_1_407' title='bbox 718 2770 844 2797; x_wconf 87' lang='lat' dir='ltr'><strong>dixerint</strong></span> <span class='ocrx_word' id='word_1_408' title='bbox 859 2770 966 2805; x_wconf 83' lang='lat' dir='ltr'><strong>Pachy-</strong></span> 
     </span>
    </p>
   </div>
   <div class='ocr_carea' id='block_1_59' title="bbox 128 2813 963 2855">
    <p class='ocr_par' dir='ltr' id='par_1_59' title="bbox 128 2813 963 2855">
     <span class='ocr_line' id='line_1_59' title="bbox 128 2813 963 2855; baseline 0 -13"><span class='ocrx_word' id='word_1_409' title='bbox 128 2822 223 2854; x_wconf 82' lang='lat' dir='ltr'><strong>meres,</strong></span> <span class='ocrx_word' id='word_1_410' title='bbox 240 2818 394 2855; x_wconf 84' lang='lat' dir='ltr'><strong>Gregoras</strong></span> <span class='ocrx_word' id='word_1_411' title='bbox 428 2816 459 2842; x_wconf 89' lang='lat' dir='ltr'><strong>et</strong></span> <span class='ocrx_word' id='word_1_412' title='bbox 479 2813 650 2849; x_wconf 87' lang='lat' dir='ltr'><strong>Phrantzes,</strong></span> <span class='ocrx_word' id='word_1_413' title='bbox 668 2814 775 2842; x_wconf 88' lang='lat' dir='ltr'><strong>obiisse</strong></span> <span class='ocrx_word' id='word_1_414' title='bbox 790 2814 963 2843; x_wconf 87' lang='lat' dir='ltr'><strong>Michaelem</strong></span> 
     </span>
    </p>
   </div>
   <div class='ocr_carea' id='block_1_60' title="bbox 125 2865 321 2894">
    <p class='ocr_par' dir='ltr' id='par_1_60' title="bbox 125 2865 321 2894">
     <span class='ocr_line' id='line_1_60' title="bbox 125 2865 321 2894; baseline 0.026 -4"><span class='ocrx_word' id='word_1_415' title='bbox 125 2868 190 2893; x_wconf 77' lang='lat' dir='ltr'><strong>anno</strong></span> <span class='ocrx_word' id='word_1_416' title='bbox 204 2865 288 2894; x_wconf 85' lang='lat'>6794.</span> <span class='ocrx_word' id='word_1_417' title='bbox 305 2876 321 2890; x_wconf 85' lang='grc'><em>››</em></span> 
     </span>
    </p>
   </div>
   <div class='ocr_carea' id='block_1_61' title="bbox 1019 322 1847 359">
    <p class='ocr_par' dir='ltr' id='par_1_61' title="bbox 1019 322 1847 359">
     <span class='ocr_line' id='line_1_61' title="bbox 1019 322 1847 359; baseline 0 -9"><span class='ocrx_word' id='word_1_418' title='bbox 1019 324 1197 351; x_wconf 72' lang='lat' dir='ltr'><strong>vcrisimilior</strong></span> <span class='ocrx_word' id='word_1_419' title='bbox 1211 333 1219 350; x_wconf 90' lang='lat'><em>:</em></span> <span class='ocrx_word' id='word_1_420' title='bbox 1236 324 1285 351; x_wconf 89' lang='lat' dir='ltr'><strong>sed</strong></span> <span class='ocrx_word' id='word_1_421' title='bbox 1303 322 1465 357; x_wconf 86' lang='lat' dir='ltr'><strong>verissima,</strong></span> <span class='ocrx_word' id='word_1_422' title='bbox 1479 325 1511 350; x_wconf 91' lang='lat' dir='ltr'><strong>ut</strong></span> <span class='ocrx_word' id='word_1_423' title='bbox 1527 322 1673 359; x_wconf 86' lang='lat' dir='ltr'><strong>colligitur</strong></span> <span class='ocrx_word' id='word_1_424' title='bbox 1687 331 1721 351; x_wconf 85' lang='lat' dir='ltr'><strong>ex</strong></span> <span class='ocrx_word' id='word_1_425' title='bbox 1737 322 1847 351; x_wconf 77' lang='lat' dir='ltr'><strong>metho-</strong></span> 
     </span>
    </p>
   </div>
   <div class='ocr_carea' id='block_1_62' title="bbox 1019 367 1845 403">
    <p class='ocr_par' dir='ltr' id='par_1_62' title="bbox 1019 367 1845 403">
     <span class='ocr_line' id='line_1_62' title="bbox 1019 367 1845 403; baseline -0.001 -7"><span class='ocrx_word' id='word_1_426' title='bbox 1019 369 1066 402; x_wconf 91' lang='lat' dir='ltr'><strong>do,</strong></span> <span class='ocrx_word' id='word_1_427' title='bbox 1083 376 1175 396; x_wconf 87' lang='lat' dir='ltr'><strong>annos</strong></span> <span class='ocrx_word' id='word_1_428' title='bbox 1192 368 1360 395; x_wconf 71' lang='lat' dir='ltr'><strong>Graecorum</strong></span> <span class='ocrx_word' id='word_1_429' title='bbox 1377 367 1714 403; x_wconf 87' lang='lat' dir='ltr'><strong>Constantinopolitanos</strong></span> <span class='ocrx_word' id='word_1_430' title='bbox 1727 376 1845 396; x_wconf 90' lang='lat' dir='ltr'><strong>conver-</strong></span> 
     </span>
    </p>
   </div>
   <div class='ocr_carea' id='block_1_63' title="bbox 1017 412 1846 448">
    <p class='ocr_par' dir='ltr' id='par_1_63' title="bbox 1017 412 1846 448">
     <span class='ocr_line' id='line_1_63' title="bbox 1017 412 1846 448; baseline -0.001 -8"><span class='ocrx_word' id='word_1_431' title='bbox 1017 413 1098 440; x_wconf 90' lang='lat' dir='ltr'><strong>tendi</strong></span> <span class='ocrx_word' id='word_1_432' title='bbox 1114 413 1142 440; x_wconf 93' lang='lat' dir='ltr'><strong>in</strong></span> <span class='ocrx_word' id='word_1_433' title='bbox 1158 412 1290 440; x_wconf 84' lang='lat' dir='ltr'><strong>Julianos</strong></span> <span class='ocrx_word' id='word_1_434' title='bbox 1307 421 1400 440; x_wconf 85' lang='lat' dir='ltr'><strong>annos</strong></span> <span class='ocrx_word' id='word_1_435' title='bbox 1416 421 1478 440; x_wconf 61' lang='lat' dir='ltr'><strong>sera</strong></span> <span class='ocrx_word' id='word_1_436' title='bbox 1503 412 1643 448; x_wconf 84' lang='lat' dir='ltr'><strong>vulgaris,</strong></span> <span class='ocrx_word' id='word_1_437' title='bbox 1659 421 1746 448; x_wconf 87' lang='lat' dir='ltr'><strong>quam</strong></span> <span class='ocrx_word' id='word_1_438' title='bbox 1764 412 1846 439; x_wconf 86' lang='lat' dir='ltr'><strong>deni-</strong></span> 
     </span>
    </p>
   </div>
   <div class='ocr_carea' id='block_1_64' title="bbox 1019 456 1847 492">
    <p class='ocr_par' dir='ltr' id='par_1_64' title="bbox 1019 456 1847 492">
     <span class='ocr_line' id='line_1_64' title="bbox 1019 456 1847 492; baseline -0.001 -8"><span class='ocrx_word' id='word_1_439' title='bbox 1019 465 1074 492; x_wconf 91' lang='lat' dir='ltr'><strong>que</strong></span> <span class='ocrx_word' id='word_1_440' title='bbox 1106 457 1169 492; x_wconf 83' lang='lat' dir='ltr'><strong>ipse</strong></span> <span class='ocrx_word' id='word_1_441' title='bbox 1198 457 1339 485; x_wconf 82' lang='lat' dir='ltr'><strong>Pessinus</strong></span> <span class='ocrx_word' id='word_1_442' title='bbox 1361 457 1449 492; x_wconf 87' lang='lat' dir='ltr'><strong>probe</strong></span> <span class='ocrx_word' id='word_1_443' title='bbox 1469 457 1612 484; x_wconf 86' lang='lat' dir='ltr'><strong>intellexit</strong></span> <span class='ocrx_word' id='word_1_444' title='bbox 1640 456 1714 484; x_wconf 90' lang='lat' dir='ltr'><strong>libro</strong></span> <span class='ocrx_word' id='word_1_445' title='bbox 1744 465 1775 483; x_wconf 74' lang='grc' dir='ltr'>ιιι</span> <span class='ocrx_word' id='word_1_446' title='bbox 1799 457 1847 484; x_wconf 90' lang='lat' dir='ltr'><strong>ob-</strong></span> 
     </span>
    </p>
   </div>
   <div class='ocr_carea' id='block_1_65' title="bbox 1018 500 1846 537">
    <p class='ocr_par' dir='ltr' id='par_1_65' title="bbox 1018 500 1846 537">
     <span class='ocr_line' id='line_1_65' title="bbox 1018 500 1846 537; baseline 0 -9"><span class='ocrx_word' id='word_1_447' title='bbox 1018 501 1213 529; x_wconf 83' lang='lat' dir='ltr'><strong>servationum</strong></span> <span class='ocrx_word' id='word_1_448' title='bbox 1230 501 1433 537; x_wconf 85' lang='lat' dir='ltr'><strong>cbronologico</strong></span> <span class='ocrx_word' id='word_1_449' title='bbox 1454 501 1483 529; x_wconf 89' lang='lat' dir='ltr'><strong>in</strong></span> <span class='ocrx_word' id='word_1_450' title='bbox 1513 501 1671 528; x_wconf 86' lang='lat' dir='ltr'><strong>Historiam</strong></span> <span class='ocrx_word' id='word_1_451' title='bbox 1688 500 1846 528; x_wconf 83' lang='lat' dir='ltr'><strong>Andronici</strong></span> 
     </span>
    </p>
   </div>
   <div class='ocr_carea' id='block_1_66' title="bbox 1018 545 1846 581">
    <p class='ocr_par' dir='ltr' id='par_1_66' title="bbox 1018 545 1846 581">
     <span class='ocr_line' id='line_1_66' title="bbox 1018 545 1846 581; baseline 0.001 -9"><span class='ocrx_word' id='word_1_452' title='bbox 1018 545 1113 581; x_wconf 74' lang='lat' dir='ltr'><strong>capite</strong></span> <span class='ocrx_word' id='word_1_453' title='bbox 1129 546 1154 580; x_wconf 84' lang='grc'>1,</span> <span class='ocrx_word' id='word_1_454' title='bbox 1172 554 1253 573; x_wconf 91' lang='lat' dir='ltr'><strong>num.</strong></span> <span class='ocrx_word' id='word_1_455' title='bbox 1268 546 1284 572; x_wconf 79' lang='grc'>4</span> <span class='ocrx_word' id='word_1_456' title='bbox 1316 554 1321 572; x_wconf 92' lang='lat'>:</span> <span class='ocrx_word' id='word_1_457' title='bbox 1351 556 1363 570; x_wconf 76' lang='grc' dir='ltr'><strong>(ι</strong></span> <span class='ocrx_word' id='word_1_458' title='bbox 1380 545 1416 572; x_wconf 88' lang='lat' dir='ltr'><strong>Ut</strong></span> <span class='ocrx_word' id='word_1_459' title='bbox 1432 546 1501 573; x_wconf 89' lang='lat' dir='ltr'><strong>anni</strong></span> <span class='ocrx_word' id='word_1_460' title='bbox 1527 554 1588 573; x_wconf 69' lang='grc' dir='ltr'><strong>831*ᾶέ</strong></span> <span class='ocrx_word' id='word_1_461' title='bbox 1605 546 1782 578; x_wconf 64' lang='lat' dir='ltr'><strong>Graecorum,</strong></span> <span class='ocrx_word' id='word_1_462' title='bbox 1798 545 1846 573; x_wconf 91' lang='lat' dir='ltr'><strong>in-</strong></span> 
     </span>
    </p>
   </div>
   <div class='ocr_carea' id='block_1_67' title="bbox 1018 590 1847 626">
    <p class='ocr_par' dir='ltr' id='par_1_67' title="bbox 1018 590 1847 626">
     <span class='ocr_line' id='line_1_67' title="bbox 1018 590 1847 626; baseline 0 -9"><span class='ocrx_word' id='word_1_463' title='bbox 1018 590 1093 625; x_wconf 84' lang='lat' dir='ltr'><strong>quit,</strong></span> <span class='ocrx_word' id='word_1_464' title='bbox 1110 590 1146 617; x_wconf 86' lang='lat' dir='ltr'><strong>ad</strong></span> <span class='ocrx_word' id='word_1_465' title='bbox 1163 599 1251 617; x_wconf 75' lang='lat' dir='ltr'><strong>teram</strong></span> <span class='ocrx_word' id='word_1_466' title='bbox 1268 592 1400 618; x_wconf 85' lang='lat' dir='ltr'><strong>nostram</strong></span> <span class='ocrx_word' id='word_1_467' title='bbox 1414 590 1563 626; x_wconf 85' lang='lat' dir='ltr'><strong>vulgarem</strong></span> <span class='ocrx_word' id='word_1_468' title='bbox 1579 591 1767 623; x_wconf 87' lang='lat' dir='ltr'><strong>reducantur,</strong></span> <span class='ocrx_word' id='word_1_469' title='bbox 1784 598 1847 626; x_wconf 91' lang='lat' dir='ltr'><strong>per-</strong></span> 
     </span>
    </p>
   </div>
   <div class='ocr_carea' id='block_1_68' title="bbox 1018 634 1845 671">
    <p class='ocr_par' dir='ltr' id='par_1_68' title="bbox 1018 634 1845 671">
     <span class='ocr_line' id='line_1_68' title="bbox 1018 634 1845 671; baseline -0.001 -9"><span class='ocrx_word' id='word_1_470' title='bbox 1018 637 1106 670; x_wconf 88' lang='lat' dir='ltr'><strong>petua</strong></span> <span class='ocrx_word' id='word_1_471' title='bbox 1135 635 1272 662; x_wconf 89' lang='lat' dir='ltr'><strong>methodo</strong></span> <span class='ocrx_word' id='word_1_472' title='bbox 1288 643 1321 662; x_wconf 84' lang='lat' dir='ltr'><strong>ex</strong></span> <span class='ocrx_word' id='word_1_473' title='bbox 1349 634 1407 671; x_wconf 84' lang='lat' dir='ltr'><strong>illis</strong></span> <span class='ocrx_word' id='word_1_474' title='bbox 1434 635 1553 662; x_wconf 88' lang='lat' dir='ltr'><strong>tollendi</strong></span> <span class='ocrx_word' id='word_1_475' title='bbox 1583 637 1652 663; x_wconf 90' lang='lat' dir='ltr'><strong>sunt</strong></span> <span class='ocrx_word' id='word_1_476' title='bbox 1667 635 1735 662; x_wconf 92' lang='lat' dir='ltr'><strong>anni</strong></span> <span class='ocrx_word' id='word_1_477' title='bbox 1758 635 1845 662; x_wconf 89' lang='lat' dir='ltr'><strong>solidi</strong></span> 
     </span>
    </p>
   </div>
   <div class='ocr_carea' id='block_1_69' title="bbox 1016 678 1844 715">
    <p class='ocr_par' dir='ltr' id='par_1_69' title="bbox 1016 678 1844 715">
     <span class='ocr_line' id='line_1_69' title="bbox 1016 678 1844 715; baseline 0.001 -10"><span class='ocrx_word' id='word_1_478' title='bbox 1016 679 1098 706; x_wconf 87' lang='lat'>5580.</span> <span class='ocrx_word' id='word_1_479' title='bbox 1115 678 1177 706; x_wconf 87' lang='lat' dir='ltr'><strong>’l‘ali</strong></span> <span class='ocrx_word' id='word_1_480' title='bbox 1203 678 1401 706; x_wconf 86' lang='lat' dir='ltr'><strong>subtractione</strong></span> <span class='ocrx_word' id='word_1_481' title='bbox 1430 680 1519 713; x_wconf 90' lang='lat' dir='ltr'><strong>facta,</strong></span> <span class='ocrx_word' id='word_1_482' title='bbox 1549 679 1709 715; x_wconf 80' lang='lat' dir='ltr'><strong>reperietur</strong></span> <span class='ocrx_word' id='word_1_483' title='bbox 1738 688 1844 707; x_wconf 83' lang='lat' dir='ltr'><strong>annus.</strong></span> 
     </span>
    </p>
   </div>
   <div class='ocr_carea' id='block_1_70' title="bbox 1018 723 1845 760">
    <p class='ocr_par' dir='ltr' id='par_1_70' title="bbox 1018 723 1845 760">
     <span class='ocr_line' id='line_1_70' title="bbox 1018 723 1845 760; baseline 0.001 -10"><span class='ocrx_word' id='word_1_484' title='bbox 1018 723 1074 750; x_wconf 89' lang='lat' dir='ltr'><strong>Sed</strong></span> <span class='ocrx_word' id='word_1_485' title='bbox 1090 723 1119 750; x_wconf 91' lang='lat' dir='ltr'><strong>in</strong></span> <span class='ocrx_word' id='word_1_486' title='bbox 1136 723 1182 751; x_wconf 89' lang='lat' dir='ltr'><strong>his</strong></span> <span class='ocrx_word' id='word_1_487' title='bbox 1212 723 1366 759; x_wconf 80' lang='lat' dir='ltr'><strong>diligenter</strong></span> <span class='ocrx_word' id='word_1_488' title='bbox 1382 724 1534 751; x_wconf 87' lang='lat' dir='ltr'><strong>observare</strong></span> <span class='ocrx_word' id='word_1_489' title='bbox 1560 726 1672 760; x_wconf 88' lang='lat' dir='ltr'><strong>oportet</strong></span> <span class='ocrx_word' id='word_1_490' title='bbox 1686 724 1845 760; x_wconf 81' lang='lat' dir='ltr'><strong>discrepan-</strong></span> 
     </span>
    </p>
   </div>
   <div class='ocr_carea' id='block_1_71' title="bbox 1017 768 1847 796">
    <p class='ocr_par' dir='ltr' id='par_1_71' title="bbox 1017 768 1847 796">
     <span class='ocr_line' id='line_1_71' title="bbox 1017 768 1847 796; baseline 0.002 -2"><span class='ocrx_word' id='word_1_491' title='bbox 1017 768 1088 795; x_wconf 85' lang='lat' dir='ltr'><strong>tiam</strong></span> <span class='ocrx_word' id='word_1_492' title='bbox 1114 768 1192 795; x_wconf 81' lang='lat' dir='ltr'><strong>initii</strong></span> <span class='ocrx_word' id='word_1_493' title='bbox 1221 776 1367 796; x_wconf 81' lang='lat' dir='ltr'><strong>annorum.</strong></span> <span class='ocrx_word' id='word_1_494' title='bbox 1400 768 1474 796; x_wconf 87' lang='lat' dir='ltr'><strong>Nam</strong></span> <span class='ocrx_word' id='word_1_495' title='bbox 1496 768 1586 796; x_wconf 63' lang='lat' dir='ltr'><strong>Graci</strong></span> <span class='ocrx_word' id='word_1_496' title='bbox 1616 777 1709 796; x_wconf 86' lang='lat' dir='ltr'><strong>annos</strong></span> <span class='ocrx_word' id='word_1_497' title='bbox 1729 777 1800 796; x_wconf 89' lang='lat' dir='ltr'><strong>suos</strong></span> <span class='ocrx_word' id='word_1_498' title='bbox 1829 777 1847 795; x_wconf 87' lang='lat' dir='ltr'><strong>a</strong></span> 
     </span>
    </p>
   </div>
   <div class='ocr_carea' id='block_1_72' title="bbox 1019 812 1846 848">
    <p class='ocr_par' dir='ltr' id='par_1_72' title="bbox 1019 812 1846 848">
     <span class='ocr_line' id='line_1_72' title="bbox 1019 812 1846 848; baseline 0.001 -9"><span class='ocrx_word' id='word_1_499' title='bbox 1019 812 1194 848; x_wconf 88' lang='lat' dir='ltr'><strong>Septembri,</strong></span> <span class='ocrx_word' id='word_1_500' title='bbox 1226 813 1303 840; x_wconf 91' lang='lat' dir='ltr'><strong>sicut</strong></span> <span class='ocrx_word' id='word_1_501' title='bbox 1333 814 1361 840; x_wconf 89' lang='lat' dir='ltr'><strong>et</strong></span> <span class='ocrx_word' id='word_1_502' title='bbox 1377 812 1578 847; x_wconf 90' lang='lat' dir='ltr'><strong>indictionem,</strong></span> <span class='ocrx_word' id='word_1_503' title='bbox 1595 813 1735 841; x_wconf 87' lang='lat' dir='ltr'><strong>inchoant</strong></span> <span class='ocrx_word' id='word_1_504' title='bbox 1762 822 1768 840; x_wconf 90' lang='lat'>:</span> <span class='ocrx_word' id='word_1_505' title='bbox 1792 821 1846 840; x_wconf 88' lang='lat' dir='ltr'><strong>nos</strong></span> 
     </span>
    </p>
   </div>
   <div class='ocr_carea' id='block_1_73' title="bbox 1018 856 1844 893">
    <p class='ocr_par' dir='ltr' id='par_1_73' title="bbox 1018 856 1844 893">
     <span class='ocr_line' id='line_1_73' title="bbox 1018 856 1844 893; baseline 0.001 -10"><span class='ocrx_word' id='word_1_506' title='bbox 1018 864 1084 884; x_wconf 89' lang='lat' dir='ltr'><strong>vero</strong></span> <span class='ocrx_word' id='word_1_507' title='bbox 1098 865 1115 884; x_wconf 85' lang='lat' dir='ltr'><strong>a</strong></span> <span class='ocrx_word' id='word_1_508' title='bbox 1130 856 1264 885; x_wconf 85' lang='lat' dir='ltr'><strong>Kalendis</strong></span> <span class='ocrx_word' id='word_1_509' title='bbox 1278 857 1421 885; x_wconf 85' lang='lat' dir='ltr'><strong>Januarii.</strong></span> <span class='ocrx_word' id='word_1_510' title='bbox 1446 858 1546 893; x_wconf 89' lang='lat' dir='ltr'><strong>Itaque</strong></span> <span class='ocrx_word' id='word_1_511' title='bbox 1574 858 1692 893; x_wconf 89' lang='lat' dir='ltr'><strong>quando</strong></span> <span class='ocrx_word' id='word_1_512' title='bbox 1718 866 1769 893; x_wconf 92' lang='lat' dir='ltr'><strong>per</strong></span> <span class='ocrx_word' id='word_1_513' title='bbox 1784 865 1844 885; x_wconf 90' lang='lat' dir='ltr'><strong>me-</strong></span> 
     </span>
    </p>
   </div>
   <div class='ocr_carea' id='block_1_74' title="bbox 1018 900 1847 938">
    <p class='ocr_par' dir='ltr' id='par_1_74' title="bbox 1018 900 1847 938">
     <span class='ocr_line' id='line_1_74' title="bbox 1018 900 1847 938; baseline 0.002 -10"><span class='ocrx_word' id='word_1_514' title='bbox 1018 900 1141 928; x_wconf 88' lang='lat' dir='ltr'><strong>thodum</strong></span> <span class='ocrx_word' id='word_1_515' title='bbox 1155 902 1240 929; x_wconf 88' lang='lat' dir='ltr'><strong>modo</strong></span> <span class='ocrx_word' id='word_1_516' title='bbox 1257 902 1415 929; x_wconf 88' lang='lat' dir='ltr'><strong>indicatam</strong></span> <span class='ocrx_word' id='word_1_517' title='bbox 1432 902 1631 938; x_wconf 89' lang='lat' dir='ltr'><strong>comperimus</strong></span> <span class='ocrx_word' id='word_1_518' title='bbox 1645 911 1755 930; x_wconf 90' lang='lat' dir='ltr'><strong>annum</strong></span> <span class='ocrx_word' id='word_1_519' title='bbox 1771 902 1847 930; x_wconf 67' lang='lat' dir='ltr'><strong>Grie-</strong></span> 
     </span>
    </p>
   </div>
   <div class='ocr_carea' id='block_1_75' title="bbox 1018 946 1844 982">
    <p class='ocr_par' dir='ltr' id='par_1_75' title="bbox 1018 946 1844 982">
     <span class='ocr_line' id='line_1_75' title="bbox 1018 946 1844 982; baseline 0.002 -9"><span class='ocrx_word' id='word_1_520' title='bbox 1018 954 1131 981; x_wconf 86' lang='lat' dir='ltr'><strong>corum,</strong></span> <span class='ocrx_word' id='word_1_521' title='bbox 1144 955 1172 974; x_wconf 89' lang='lat' dir='ltr'><strong>v.</strong></span> <span class='ocrx_word' id='word_1_522' title='bbox 1189 954 1216 982; x_wconf 84' lang='lat' dir='ltr'><strong>g.</strong></span> <span class='ocrx_word' id='word_1_523' title='bbox 1233 946 1314 980; x_wconf 88' lang='lat'>6829,</span> <span class='ocrx_word' id='word_1_524' title='bbox 1341 947 1516 982; x_wconf 85' lang='lat' dir='ltr'><strong>respondere</strong></span> <span class='ocrx_word' id='word_1_525' title='bbox 1541 955 1617 975; x_wconf 86' lang='lat' dir='ltr'><strong>anno</strong></span> <span class='ocrx_word' id='word_1_526' title='bbox 1633 947 1739 975; x_wconf 87' lang='lat' dir='ltr'><strong>Christi</strong></span> <span class='ocrx_word' id='word_1_527' title='bbox 1763 947 1844 979; x_wconf 86' lang='lat'>4324,</span> 
     </span>
    </p>
   </div>
   <div class='ocr_carea' id='block_1_76' title="bbox 1019 990 1844 1027">
    <p class='ocr_par' dir='ltr' id='par_1_76' title="bbox 1019 990 1844 1027">
     <span class='ocr_line' id='line_1_76' title="bbox 1019 990 1844 1027; baseline 0.002 -10"><span class='ocrx_word' id='word_1_528' title='bbox 1019 990 1244 1026; x_wconf 88' lang='lat' dir='ltr'><strong>intelligendum</strong></span> <span class='ocrx_word' id='word_1_529' title='bbox 1273 991 1301 1018; x_wconf 90' lang='lat' dir='ltr'><strong>id</strong></span> <span class='ocrx_word' id='word_1_530' title='bbox 1327 993 1371 1019; x_wconf 86' lang='lat' dir='ltr'><strong>est</strong></span> <span class='ocrx_word' id='word_1_531' title='bbox 1399 1000 1433 1019; x_wconf 80' lang='lat' dir='ltr'><strong>ex</strong></span> <span class='ocrx_word' id='word_1_532' title='bbox 1449 991 1551 1027; x_wconf 84' lang='lat' dir='ltr'><strong>majori</strong></span> <span class='ocrx_word' id='word_1_533' title='bbox 1584 992 1727 1019; x_wconf 78' lang='lat' dir='ltr'><strong>duntaxat</strong></span> <span class='ocrx_word' id='word_1_534' title='bbox 1752 993 1844 1027; x_wconf 88' lang='lat' dir='ltr'><strong>parte,</strong></span> 
     </span>
    </p>
   </div>
   <div class='ocr_carea' id='block_1_77' title="bbox 1019 1035 1845 1072">
    <p class='ocr_par' dir='ltr' id='par_1_77' title="bbox 1019 1035 1845 1072">
     <span class='ocr_line' id='line_1_77' title="bbox 1019 1035 1845 1072; baseline 0.002 -10"><span class='ocrx_word' id='word_1_535' title='bbox 1019 1043 1077 1062; x_wconf 89' lang='lat' dir='ltr'><strong>non</strong></span> <span class='ocrx_word' id='word_1_536' title='bbox 1106 1038 1215 1069; x_wconf 87' lang='lat' dir='ltr'><strong>autem,</strong></span> <span class='ocrx_word' id='word_1_537' title='bbox 1243 1038 1275 1063; x_wconf 91' lang='lat' dir='ltr'><strong>ut</strong></span> <span class='ocrx_word' id='word_1_538' title='bbox 1303 1035 1376 1063; x_wconf 81' lang='lat' dir='ltr'><strong>alter</strong></span> <span class='ocrx_word' id='word_1_539' title='bbox 1402 1036 1526 1063; x_wconf 85' lang='lat' dir='ltr'><strong>alterum</strong></span> <span class='ocrx_word' id='word_1_540' title='bbox 1555 1036 1680 1072; x_wconf 81' lang='lat' dir='ltr'><strong>perfecte</strong></span> <span class='ocrx_word' id='word_1_541' title='bbox 1703 1036 1845 1072; x_wconf 71' lang='lat' dir='ltr'><strong>aquuet.</strong></span> 
     </span>
    </p>
   </div>
   <div class='ocr_carea' id='block_1_78' title="bbox 1019 1080 1848 1116">
    <p class='ocr_par' dir='ltr' id='par_1_78' title="bbox 1019 1080 1848 1116">
     <span class='ocr_line' id='line_1_78' title="bbox 1019 1080 1848 1116; baseline 0.002 -9"><span class='ocrx_word' id='word_1_542' title='bbox 1019 1080 1204 1108; x_wconf 87' lang='lat' dir='ltr'><strong>Concurrunt</strong></span> <span class='ocrx_word' id='word_1_543' title='bbox 1218 1081 1297 1108; x_wconf 89' lang='lat' dir='ltr'><strong>enim</strong></span> <span class='ocrx_word' id='word_1_544' title='bbox 1312 1081 1343 1107; x_wconf 92' lang='lat' dir='ltr'><strong>in</strong></span> <span class='ocrx_word' id='word_1_545' title='bbox 1362 1085 1418 1108; x_wconf 90' lang='lat' dir='ltr'><strong>octo</strong></span> <span class='ocrx_word' id='word_1_546' title='bbox 1446 1080 1584 1108; x_wconf 70' lang='lat' dir='ltr'><strong>duntawat</strong></span> <span class='ocrx_word' id='word_1_547' title='bbox 1598 1081 1748 1115; x_wconf 79' lang='lat' dir='ltr'><strong>mensibus,</strong></span> <span class='ocrx_word' id='word_1_548' title='bbox 1774 1089 1848 1116; x_wconf 89' lang='lat' dir='ltr'><strong>quo-</strong></span> 
     </span>
    </p>
   </div>
   <div class='ocr_carea' id='block_1_79' title="bbox 1019 1124 1848 1153">
    <p class='ocr_par' dir='ltr' id='par_1_79' title="bbox 1019 1124 1848 1153">
     <span class='ocr_line' id='line_1_79' title="bbox 1019 1124 1848 1153; baseline 0.002 -2"><span class='ocrx_word' id='word_1_549' title='bbox 1019 1132 1084 1151; x_wconf 89' lang='lat' dir='ltr'><strong>rum</strong></span> <span class='ocrx_word' id='word_1_550' title='bbox 1101 1132 1201 1152; x_wconf 89' lang='lat' dir='ltr'><strong>ormus</strong></span> <span class='ocrx_word' id='word_1_551' title='bbox 1229 1124 1389 1152; x_wconf 85' lang='lat' dir='ltr'><strong>Januarius</strong></span> <span class='ocrx_word' id='word_1_552' title='bbox 1416 1125 1465 1152; x_wconf 89' lang='lat' dir='ltr'><strong>sit.</strong></span> <span class='ocrx_word' id='word_1_553' title='bbox 1493 1126 1535 1153; x_wconf 90' lang='lat' dir='ltr'><strong>Ab</strong></span> <span class='ocrx_word' id='word_1_554' title='bbox 1562 1126 1616 1153; x_wconf 89' lang='lat' dir='ltr'><strong>hoc</strong></span> <span class='ocrx_word' id='word_1_555' title='bbox 1645 1125 1725 1153; x_wconf 90' lang='lat' dir='ltr'><strong>enim</strong></span> <span class='ocrx_word' id='word_1_556' title='bbox 1745 1125 1848 1153; x_wconf 86' lang='lat' dir='ltr'><strong>ineunt</strong></span> 
     </span>
    </p>
   </div>
   <div class='ocr_carea' id='block_1_80' title="bbox 1019 1169 1843 1205">
    <p class='ocr_par' dir='ltr' id='par_1_80' title="bbox 1019 1169 1843 1205">
     <span class='ocr_line' id='line_1_80' title="bbox 1019 1169 1843 1205; baseline 0.002 -10"><span class='ocrx_word' id='word_1_557' title='bbox 1019 1169 1126 1196; x_wconf 87' lang='lat' dir='ltr'><strong>Christi</strong></span> <span class='ocrx_word' id='word_1_558' title='bbox 1142 1169 1210 1196; x_wconf 87' lang='lat' dir='ltr'><strong>anni</strong></span> <span class='ocrx_word' id='word_1_559' title='bbox 1226 1169 1346 1204; x_wconf 85' lang='lat' dir='ltr'><strong>(Juliani</strong></span> <span class='ocrx_word' id='word_1_560' title='bbox 1375 1169 1531 1205; x_wconf 84' lang='lat' dir='ltr'><strong>vulgares),</strong></span> <span class='ocrx_word' id='word_1_561' title='bbox 1550 1170 1666 1205; x_wconf 85' lang='lat' dir='ltr'><strong>quando</strong></span> <span class='ocrx_word' id='word_1_562' title='bbox 1678 1171 1742 1205; x_wconf 89' lang='lat' dir='ltr'><strong>jam</strong></span> <span class='ocrx_word' id='word_1_563' title='bbox 1758 1178 1775 1197; x_wconf 84' lang='lat' dir='ltr'><strong>a</strong></span> <span class='ocrx_word' id='word_1_564' title='bbox 1789 1171 1843 1197; x_wconf 83' lang='lat' dir='ltr'><strong>Ka-</strong></span> 
     </span>
    </p>
   </div>
   <div class='ocr_carea' id='block_1_81' title="bbox 1019 1213 1850 1249">
    <p class='ocr_par' dir='ltr' id='par_1_81' title="bbox 1019 1213 1850 1249">
     <span class='ocr_line' id='line_1_81' title="bbox 1019 1213 1850 1249; baseline 0.002 -9"><span class='ocrx_word' id='word_1_565' title='bbox 1019 1213 1108 1241; x_wconf 83' lang='lat' dir='ltr'><strong>lendis</strong></span> <span class='ocrx_word' id='word_1_566' title='bbox 1126 1213 1290 1249; x_wconf 76' lang='lat' dir='ltr'><strong>Septembris</strong></span> <span class='ocrx_word' id='word_1_567' title='bbox 1304 1214 1454 1249; x_wconf 76' lang='lat' dir='ltr'><strong>superioris</strong></span> <span class='ocrx_word' id='word_1_568' title='bbox 1471 1214 1551 1249; x_wconf 85' lang='lat' dir='ltr'><strong>(anni</strong></span> <span class='ocrx_word' id='word_1_569' title='bbox 1568 1214 1649 1249; x_wconf 85' lang='lat'>4320)</span> <span class='ocrx_word' id='word_1_570' title='bbox 1661 1214 1850 1242; x_wconf 80' lang='lat' dir='ltr'><strong>inchoaverat</strong></span> 
     </span>
    </p>
   </div>
   <div class='ocr_carea' id='block_1_82' title="bbox 1019 1257 1849 1294">
    <p class='ocr_par' dir='ltr' id='par_1_82' title="bbox 1019 1257 1849 1294">
     <span class='ocr_line' id='line_1_82' title="bbox 1019 1257 1849 1294; baseline 0.001 -10"><span class='ocrx_word' id='word_1_571' title='bbox 1019 1265 1115 1285; x_wconf 88' lang='lat' dir='ltr'><strong>annus</strong></span> <span class='ocrx_word' id='word_1_572' title='bbox 1129 1265 1194 1285; x_wconf 68' lang='grc' dir='ltr'><em>κνᾱιη</em></span> <span class='ocrx_word' id='word_1_573' title='bbox 1211 1260 1380 1291; x_wconf 70' lang='lat' dir='ltr'><strong>Graecorum,</strong></span> <span class='ocrx_word' id='word_1_574' title='bbox 1411 1257 1460 1294; x_wconf 88' lang='lat' dir='ltr'><strong>qui</strong></span> <span class='ocrx_word' id='word_1_575' title='bbox 1487 1259 1662 1293; x_wconf 90' lang='lat' dir='ltr'><strong>respondere</strong></span> <span class='ocrx_word' id='word_1_576' title='bbox 1676 1258 1727 1286; x_wconf 87' lang='lat' dir='ltr'><strong>tali</strong></span> <span class='ocrx_word' id='word_1_577' title='bbox 1742 1258 1849 1286; x_wconf 87' lang='lat' dir='ltr'><strong>Christi</strong></span> 
     </span>
    </p>
   </div>
   <div class='ocr_carea' id='block_1_83' title="bbox 1018 1302 1849 1338">
    <p class='ocr_par' dir='ltr' id='par_1_83' title="bbox 1018 1302 1849 1338">
     <span class='ocr_line' id='line_1_83' title="bbox 1018 1302 1849 1338; baseline 0.001 -9"><span class='ocrx_word' id='word_1_578' title='bbox 1018 1310 1095 1329; x_wconf 84' lang='lat' dir='ltr'><strong>anno</strong></span> <span class='ocrx_word' id='word_1_579' title='bbox 1120 1302 1249 1329; x_wconf 88' lang='lat' dir='ltr'><strong>creditur</strong></span> <span class='ocrx_word' id='word_1_580' title='bbox 1277 1302 1476 1338; x_wconf 88' lang='lat' dir='ltr'><strong>(diciturque).</strong></span> <span class='ocrx_word' id='word_1_581' title='bbox 1503 1314 1516 1327; x_wconf 82' lang='grc'><strong>››</strong></span> <span class='ocrx_word' id='word_1_582' title='bbox 1544 1302 1651 1330; x_wconf 86' lang='lat' dir='ltr'><strong>Mirum</strong></span> <span class='ocrx_word' id='word_1_583' title='bbox 1676 1304 1730 1335; x_wconf 88' lang='lat' dir='ltr'><strong>est,</strong></span> <span class='ocrx_word' id='word_1_584' title='bbox 1747 1302 1778 1329; x_wconf 91' lang='lat' dir='ltr'><strong>in</strong></span> <span class='ocrx_word' id='word_1_585' title='bbox 1794 1302 1849 1330; x_wconf 88' lang='lat' dir='ltr'><strong>hu-</strong></span> 
     </span>
    </p>
   </div>
   <div class='ocr_carea' id='block_1_84' title="bbox 1014 1346 1845 1382">
    <p class='ocr_par' dir='ltr' id='par_1_84' title="bbox 1014 1346 1845 1382">
     <span class='ocr_line' id='line_1_84' title="bbox 1014 1346 1845 1382; baseline 0.001 -9"><span class='ocrx_word' id='word_1_586' title='bbox 1014 1346 1098 1381; x_wconf 84' lang='lat' dir='ltr'><strong>jusce</strong></span> <span class='ocrx_word' id='word_1_587' title='bbox 1129 1346 1236 1382; x_wconf 77' lang='lat' dir='ltr'><strong>regulae</strong></span> <span class='ocrx_word' id='word_1_588' title='bbox 1260 1355 1327 1381; x_wconf 89' lang='lat' dir='ltr'><strong>usu,</strong></span> <span class='ocrx_word' id='word_1_589' title='bbox 1359 1355 1447 1381; x_wconf 87' lang='lat' dir='ltr'><strong>quam</strong></span> <span class='ocrx_word' id='word_1_590' title='bbox 1476 1347 1596 1374; x_wconf 89' lang='lat' dir='ltr'><strong>demum</strong></span> <span class='ocrx_word' id='word_1_591' title='bbox 1626 1347 1708 1374; x_wconf 86' lang='lat' dir='ltr'><strong>novit</strong></span> <span class='ocrx_word' id='word_1_592' title='bbox 1723 1346 1845 1382; x_wconf 88' lang='lat' dir='ltr'><strong>optime,</strong></span> 
     </span>
    </p>
   </div>
   <div class='ocr_carea' id='block_1_85' title="bbox 1018 1389 1851 1425">
    <p class='ocr_par' dir='ltr' id='par_1_85' title="bbox 1018 1389 1851 1425">
     <span class='ocr_line' id='line_1_85' title="bbox 1018 1389 1851 1425; baseline 0 -8"><span class='ocrx_word' id='word_1_593' title='bbox 1018 1390 1118 1417; x_wconf 89' lang='lat' dir='ltr'><strong>minus</strong></span> <span class='ocrx_word' id='word_1_594' title='bbox 1134 1393 1303 1418; x_wconf 85' lang='lat' dir='ltr'><strong>accuratum</strong></span> <span class='ocrx_word' id='word_1_595' title='bbox 1320 1389 1539 1425; x_wconf 81' lang='lat' dir='ltr'><strong>exercitumque</strong></span> <span class='ocrx_word' id='word_1_596' title='bbox 1556 1390 1603 1418; x_wconf 73' lang='lat'>15</span> <span class='ocrx_word' id='word_1_597' title='bbox 1622 1398 1653 1418; x_wconf 83' lang='lat' dir='ltr'><strong>se</strong></span> <span class='ocrx_word' id='word_1_598' title='bbox 1691 1389 1851 1425; x_wconf 64' lang='lat' dir='ltr'><strong>praebuisse</strong></span> 
     </span>
    </p>
   </div>
   <div class='ocr_carea' id='block_1_86' title="bbox 1017 1434 1848 1471">
    <p class='ocr_par' dir='ltr' id='par_1_86' title="bbox 1017 1434 1848 1471">
     <span class='ocr_line' id='line_1_86' title="bbox 1017 1434 1848 1471; baseline 0 -9"><span class='ocrx_word' id='word_1_599' title='bbox 1017 1434 1184 1471; x_wconf 85' lang='lat' dir='ltr'><strong>Possinum,</strong></span> <span class='ocrx_word' id='word_1_600' title='bbox 1201 1434 1399 1470; x_wconf 87' lang='lat' dir='ltr'><strong>incidisseque</strong></span> <span class='ocrx_word' id='word_1_601' title='bbox 1415 1435 1445 1461; x_wconf 89' lang='lat' dir='ltr'><strong>in</strong></span> <span class='ocrx_word' id='word_1_602' title='bbox 1469 1442 1582 1462; x_wconf 90' lang='lat' dir='ltr'><strong>errores</strong></span> <span class='ocrx_word' id='word_1_603' title='bbox 1599 1434 1649 1470; x_wconf 90' lang='lat' dir='ltr'><strong>qui</strong></span> <span class='ocrx_word' id='word_1_604' title='bbox 1665 1434 1751 1462; x_wconf 85' lang='lat' dir='ltr'><strong>venia</strong></span> <span class='ocrx_word' id='word_1_605' title='bbox 1766 1434 1848 1470; x_wconf 85' lang='lat' dir='ltr'><strong>digni</strong></span> 
     </span>
    </p>
   </div>
   <div class='ocr_carea' id='block_1_87' title="bbox 1017 1479 1604 1514">
    <p class='ocr_par' dir='ltr' id='par_1_87' title="bbox 1017 1479 1604 1514">
     <span class='ocr_line' id='line_1_87' title="bbox 1017 1479 1604 1514; baseline -0.002 -7"><span class='ocrx_word' id='word_1_606' title='bbox 1017 1488 1074 1507; x_wconf 92' lang='lat' dir='ltr'><strong>non</strong></span> <span class='ocrx_word' id='word_1_607' title='bbox 1090 1479 1236 1512; x_wconf 87' lang='lat' dir='ltr'><strong>videntur,</strong></span> <span class='ocrx_word' id='word_1_608' title='bbox 1253 1479 1294 1507; x_wconf 90' lang='lat' dir='ltr'><strong>uti</strong></span> <span class='ocrx_word' id='word_1_609' title='bbox 1307 1480 1370 1514; x_wconf 81' lang='lat' dir='ltr'><strong>jam</strong></span> <span class='ocrx_word' id='word_1_610' title='bbox 1386 1479 1604 1507; x_wconf 87' lang='lat' dir='ltr'><strong>adnotavimus.</strong></span> 
     </span>
    </p>
   </div>
   <div class='ocr_carea' id='block_1_88' title="bbox 1052 1545 1843 1581">
    <p class='ocr_par' dir='ltr' id='par_1_88' title="bbox 1052 1545 1843 1581">
     <span class='ocr_line' id='line_1_88' title="bbox 1052 1545 1843 1581; baseline 0.001 -8"><span class='ocrx_word' id='word_1_611' title='bbox 1052 1546 1112 1573; x_wconf 89' lang='lat' dir='ltr'><strong>VII.</strong></span> <span class='ocrx_word' id='word_1_612' title='bbox 1141 1545 1300 1581; x_wconf 89' lang='lat' dir='ltr'><strong>Imperium</strong></span> <span class='ocrx_word' id='word_1_613' title='bbox 1343 1545 1424 1573; x_wconf 89' lang='lat' dir='ltr'><strong>solus</strong></span> <span class='ocrx_word' id='word_1_614' title='bbox 1463 1545 1618 1581; x_wconf 88' lang='lat' dir='ltr'><strong>capessivit</strong></span> <span class='ocrx_word' id='word_1_615' title='bbox 1645 1546 1843 1574; x_wconf 80' lang='lat' dir='ltr'><strong>Andronicus.</strong></span> 
     </span>
    </p>
   </div>
   <div class='ocr_carea' id='block_1_89' title="bbox 1016 1590 1847 1627">
    <p class='ocr_par' dir='ltr' id='par_1_89' title="bbox 1016 1590 1847 1627">
     <span class='ocr_line' id='line_1_89' title="bbox 1016 1590 1847 1627; baseline 0.002 -10"><span class='ocrx_word' id='word_1_616' title='bbox 1016 1590 1107 1618; x_wconf 74' lang='lat' dir='ltr'><strong>Anxia</strong></span> <span class='ocrx_word' id='word_1_617' title='bbox 1122 1590 1271 1626; x_wconf 70' lang='lat' dir='ltr'><strong>quaerebat</strong></span> <span class='ocrx_word' id='word_1_618' title='bbox 1286 1598 1400 1624; x_wconf 89' lang='lat' dir='ltr'><strong>secum,</strong></span> <span class='ocrx_word' id='word_1_619' title='bbox 1423 1599 1494 1618; x_wconf 88' lang='lat' dir='ltr'><strong>num</strong></span> <span class='ocrx_word' id='word_1_620' title='bbox 1509 1599 1572 1626; x_wconf 79' lang='lat' dir='ltr'><strong>quae</strong></span> <span class='ocrx_word' id='word_1_621' title='bbox 1588 1599 1682 1627; x_wconf 86' lang='lat' dir='ltr'><strong>nuper</strong></span> <span class='ocrx_word' id='word_1_622' title='bbox 1702 1590 1779 1618; x_wconf 88' lang='lat' dir='ltr'><strong>circa</strong></span> <span class='ocrx_word' id='word_1_623' title='bbox 1793 1600 1847 1627; x_wconf 85' lang='lat' dir='ltr'><strong>pa-</strong></span> 
     </span>
    </p>
   </div>
   <div class='ocr_carea' id='block_1_90' title="bbox 1019 1634 1847 1669">
    <p class='ocr_par' dir='ltr' id='par_1_90' title="bbox 1019 1634 1847 1669">
     <span class='ocr_line' id='line_1_90' title="bbox 1019 1634 1847 1669; baseline 0.001 -7"><span class='ocrx_word' id='word_1_624' title='bbox 1019 1643 1082 1662; x_wconf 89' lang='lat' dir='ltr'><strong>cem</strong></span> <span class='ocrx_word' id='word_1_625' title='bbox 1110 1634 1307 1663; x_wconf 86' lang='lat' dir='ltr'><strong>Ecclesiarum</strong></span> <span class='ocrx_word' id='word_1_626' title='bbox 1338 1635 1410 1662; x_wconf 85' lang='lat' dir='ltr'><strong>inita</strong></span> <span class='ocrx_word' id='word_1_627' title='bbox 1437 1635 1563 1669; x_wconf 85' lang='lat' dir='ltr'><strong>fuerant,</strong></span> <span class='ocrx_word' id='word_1_628' title='bbox 1579 1635 1757 1663; x_wconf 87' lang='lat' dir='ltr'><strong>rescinderet</strong></span> <span class='ocrx_word' id='word_1_629' title='bbox 1771 1638 1847 1664; x_wconf 86' lang='lat' dir='ltr'><strong>acta.</strong></span> 
     </span>
    </p>
   </div>
   <div class='ocr_carea' id='block_1_91' title="bbox 1018 1679 1847 1715">
    <p class='ocr_par' dir='ltr' id='par_1_91' title="bbox 1018 1679 1847 1715">
     <span class='ocr_line' id='line_1_91' title="bbox 1018 1679 1847 1715; baseline 0.001 -9"><span class='ocrx_word' id='word_1_630' title='bbox 1018 1680 1049 1707; x_wconf 90' lang='lat' dir='ltr'><strong>Id</strong></span> <span class='ocrx_word' id='word_1_631' title='bbox 1066 1688 1132 1707; x_wconf 87' lang='lat' dir='ltr'><strong>vero</strong></span> <span class='ocrx_word' id='word_1_632' title='bbox 1148 1681 1181 1706; x_wconf 87' lang='lat' dir='ltr'><strong>ut</strong></span> <span class='ocrx_word' id='word_1_633' title='bbox 1206 1681 1425 1715; x_wconf 86' lang='lat' dir='ltr'><strong>exsequeretur,</strong></span> <span class='ocrx_word' id='word_1_634' title='bbox 1457 1679 1551 1708; x_wconf 88' lang='lat' dir='ltr'><strong>suasit</strong></span> <span class='ocrx_word' id='word_1_635' title='bbox 1573 1680 1663 1707; x_wconf 88' lang='lat' dir='ltr'><strong>amita</strong></span> <span class='ocrx_word' id='word_1_636' title='bbox 1678 1679 1743 1715; x_wconf 90' lang='lat' dir='ltr'><strong>ejus</strong></span> <span class='ocrx_word' id='word_1_637' title='bbox 1758 1680 1847 1707; x_wconf 92' lang='lat' dir='ltr'><strong>Eulo-</strong></span> 
     </span>
    </p>
   </div>
   <div class='ocr_carea' id='block_1_92' title="bbox 1018 1724 1846 1759">
    <p class='ocr_par' dir='ltr' id='par_1_92' title="bbox 1018 1724 1846 1759">
     <span class='ocr_line' id='line_1_92' title="bbox 1018 1724 1846 1759; baseline 0.001 -9"><span class='ocrx_word' id='word_1_638' title='bbox 1018 1724 1075 1759; x_wconf 84' lang='lat' dir='ltr'><strong>gia,</strong></span> <span class='ocrx_word' id='word_1_639' title='bbox 1092 1732 1181 1759; x_wconf 85' lang='lat' dir='ltr'><strong>quam</strong></span> <span class='ocrx_word' id='word_1_640' title='bbox 1198 1724 1425 1751; x_wconf 87' lang='lat' dir='ltr'><strong>memoravimus</strong></span> <span class='ocrx_word' id='word_1_641' title='bbox 1441 1724 1534 1759; x_wconf 88' lang='lat' dir='ltr'><strong>capite</strong></span> <span class='ocrx_word' id='word_1_642' title='bbox 1552 1725 1580 1758; x_wconf 89' lang='lat'><strong>2,</strong></span> <span class='ocrx_word' id='word_1_643' title='bbox 1597 1732 1680 1752; x_wconf 88' lang='lat' dir='ltr'><strong>num.</strong></span> <span class='ocrx_word' id='word_1_644' title='bbox 1697 1725 1724 1751; x_wconf 82' lang='grc'><strong>4.</strong></span> <span class='ocrx_word' id='word_1_645' title='bbox 1739 1724 1846 1751; x_wconf 83' lang='lat' dir='ltr'><strong>Datum</strong></span> 
     </span>
    </p>
   </div>
   <div class='ocr_carea' id='block_1_93' title="bbox 1018 1767 1845 1804">
    <p class='ocr_par' dir='ltr' id='par_1_93' title="bbox 1018 1767 1845 1804">
     <span class='ocr_line' id='line_1_93' title="bbox 1018 1767 1845 1804; baseline 0 -9"><span class='ocrx_word' id='word_1_646' title='bbox 1018 1768 1054 1795; x_wconf 90' lang='lat' dir='ltr'><strong>ab</strong></span> <span class='ocrx_word' id='word_1_647' title='bbox 1070 1776 1104 1795; x_wconf 86' lang='lat' dir='ltr'><strong>ea</strong></span> <span class='ocrx_word' id='word_1_648' title='bbox 1123 1767 1278 1795; x_wconf 88' lang='lat' dir='ltr'><strong>consilium</strong></span> <span class='ocrx_word' id='word_1_649' title='bbox 1294 1770 1394 1795; x_wconf 87' lang='lat' dir='ltr'><strong>narrat</strong></span> <span class='ocrx_word' id='word_1_650' title='bbox 1412 1768 1608 1804; x_wconf 80' lang='lat' dir='ltr'><strong>Pachymeres</strong></span> <span class='ocrx_word' id='word_1_651' title='bbox 1624 1768 1654 1795; x_wconf 92' lang='lat' dir='ltr'><strong>in</strong></span> <span class='ocrx_word' id='word_1_652' title='bbox 1668 1768 1845 1802; x_wconf 88' lang='lat' dir='ltr'><strong>Andronico,</strong></span> 
     </span>
    </p>
   </div>
   <div class='ocr_carea' id='block_1_94' title="bbox 1017 1811 1844 1849">
    <p class='ocr_par' dir='ltr' id='par_1_94' title="bbox 1017 1811 1844 1849">
     <span class='ocr_line' id='line_1_94' title="bbox 1017 1811 1844 1849; baseline 0.002 -11"><span class='ocrx_word' id='word_1_653' title='bbox 1017 1812 1092 1840; x_wconf 88' lang='lat' dir='ltr'><strong>libro</strong></span> <span class='ocrx_word' id='word_1_654' title='bbox 1108 1821 1127 1846; x_wconf 80' lang='grc' dir='ltr'>ι,</span> <span class='ocrx_word' id='word_1_655' title='bbox 1138 1811 1232 1848; x_wconf 90' lang='lat' dir='ltr'><strong>capite</strong></span> <span class='ocrx_word' id='word_1_656' title='bbox 1250 1813 1278 1846; x_wconf 89' lang='lat'><strong>2,</strong></span> <span class='ocrx_word' id='word_1_657' title='bbox 1294 1815 1327 1839; x_wconf 90' lang='lat' dir='ltr'><strong>ut</strong></span> <span class='ocrx_word' id='word_1_658' title='bbox 1343 1813 1405 1848; x_wconf 90' lang='lat' dir='ltr'><strong>ipse</strong></span> <span class='ocrx_word' id='word_1_659' title='bbox 1416 1821 1514 1840; x_wconf 88' lang='lat' dir='ltr'><strong>coram</strong></span> <span class='ocrx_word' id='word_1_660' title='bbox 1531 1812 1690 1848; x_wconf 85' lang='lat' dir='ltr'><strong>palamque</strong></span> <span class='ocrx_word' id='word_1_661' title='bbox 1702 1813 1844 1849; x_wconf 83' lang='lat' dir='ltr'><strong>proﬁtens,</strong></span> 
     </span>
    </p>
   </div>
   <div class='ocr_carea' id='block_1_95' title="bbox 1017 1857 1844 1892">
    <p class='ocr_par' dir='ltr' id='par_1_95' title="bbox 1017 1857 1844 1892">
     <span class='ocr_line' id='line_1_95' title="bbox 1017 1857 1844 1892; baseline 0 -8"><span class='ocrx_word' id='word_1_662' title='bbox 1017 1857 1139 1884; x_wconf 83' lang='lat' dir='ltr'><strong>invitum</strong></span> <span class='ocrx_word' id='word_1_663' title='bbox 1156 1865 1184 1884; x_wconf 80' lang='lat' dir='ltr'><strong>se</strong></span> <span class='ocrx_word' id='word_1_664' title='bbox 1198 1858 1285 1892; x_wconf 78' lang='lat' dir='ltr'><strong>patris</strong></span> <span class='ocrx_word' id='word_1_665' title='bbox 1312 1857 1477 1884; x_wconf 77' lang='lat' dir='ltr'><strong>auctoritate</strong></span> <span class='ocrx_word' id='word_1_666' title='bbox 1502 1857 1537 1884; x_wconf 85' lang='lat' dir='ltr'><strong>ad</strong></span> <span class='ocrx_word' id='word_1_667' title='bbox 1552 1865 1584 1884; x_wconf 79' lang='lat' dir='ltr'><strong>ea</strong></span> <span class='ocrx_word' id='word_1_668' title='bbox 1611 1857 1755 1892; x_wconf 87' lang='lat' dir='ltr'><strong>probanda</strong></span> <span class='ocrx_word' id='word_1_669' title='bbox 1781 1865 1844 1892; x_wconf 85' lang='lat' dir='ltr'><strong>per-</strong></span> 
     </span>
    </p>
   </div>
   <div class='ocr_carea' id='block_1_96' title="bbox 1017 1901 1843 1936">
    <p class='ocr_par' dir='ltr' id='par_1_96' title="bbox 1017 1901 1843 1936">
     <span class='ocr_line' id='line_1_96' title="bbox 1017 1901 1843 1936; baseline 0 -8"><span class='ocrx_word' id='word_1_670' title='bbox 1017 1902 1155 1934; x_wconf 88' lang='lat' dir='ltr'><strong>tractum;</strong></span> <span class='ocrx_word' id='word_1_671' title='bbox 1170 1909 1244 1928; x_wconf 85' lang='lat' dir='ltr'><strong>nunc</strong></span> <span class='ocrx_word' id='word_1_672' title='bbox 1270 1901 1418 1934; x_wconf 82' lang='lat' dir='ltr'><strong>damnare,</strong></span> <span class='ocrx_word' id='word_1_673' title='bbox 1432 1909 1534 1936; x_wconf 78' lang='lat' dir='ltr'><strong>proque</strong></span> <span class='ocrx_word' id='word_1_674' title='bbox 1549 1902 1648 1935; x_wconf 77' lang='lat' dir='ltr'><strong>infecto</strong></span> <span class='ocrx_word' id='word_1_675' title='bbox 1664 1901 1763 1929; x_wconf 80' lang='lat' dir='ltr'><strong>habere</strong></span> <span class='ocrx_word' id='word_1_676' title='bbox 1787 1902 1843 1928; x_wconf 83' lang='lat' dir='ltr'><strong>vel-</strong></span> 
     </span>
    </p>
   </div>
   <div class='ocr_carea' id='block_1_97' title="bbox 1018 1945 1843 1981">
    <p class='ocr_par' dir='ltr' id='par_1_97' title="bbox 1018 1945 1843 1981">
     <span class='ocr_line' id='line_1_97' title="bbox 1018 1945 1843 1981; baseline 0.001 -9"><span class='ocrx_word' id='word_1_677' title='bbox 1018 1946 1055 1973; x_wconf 87' lang='lat' dir='ltr'><strong>let</strong></span> <span class='ocrx_word' id='word_1_678' title='bbox 1070 1946 1145 1981; x_wconf 86' lang='lat' dir='ltr'><strong>qnod</strong></span> <span class='ocrx_word' id='word_1_679' title='bbox 1157 1953 1304 1981; x_wconf 81' lang='lat' dir='ltr'><strong>perperam</strong></span> <span class='ocrx_word' id='word_1_680' title='bbox 1318 1947 1424 1980; x_wconf 80' lang='lat' dir='ltr'><strong>egisset.</strong></span> <span class='ocrx_word' id='word_1_681' title='bbox 1456 1945 1487 1972; x_wconf 91' lang='lat' dir='ltr'><strong>In</strong></span> <span class='ocrx_word' id='word_1_682' title='bbox 1505 1945 1580 1973; x_wconf 81' lang='lat' dir='ltr'><strong>hanc</strong></span> <span class='ocrx_word' id='word_1_683' title='bbox 1602 1945 1652 1973; x_wconf 90' lang='lat' dir='ltr'><strong>ille</strong></span> <span class='ocrx_word' id='word_1_684' title='bbox 1667 1946 1843 1973; x_wconf 88' lang='lat' dir='ltr'><strong>sententiam</strong></span> 
     </span>
    </p>
   </div>
   <div class='ocr_carea' id='block_1_98' title="bbox 1018 1989 1845 2026">
    <p class='ocr_par' dir='ltr' id='par_1_98' title="bbox 1018 1989 1845 2026">
     <span class='ocr_line' id='line_1_98' title="bbox 1018 1989 1845 2026; baseline 0.001 -9"><span class='ocrx_word' id='word_1_685' title='bbox 1018 1990 1172 2023; x_wconf 87' lang='lat' dir='ltr'><strong>concessit,</strong></span> <span class='ocrx_word' id='word_1_686' title='bbox 1203 1998 1364 2026; x_wconf 87' lang='lat' dir='ltr'><strong>pacemque</strong></span> <span class='ocrx_word' id='word_1_687' title='bbox 1394 1989 1521 2017; x_wconf 81' lang='lat' dir='ltr'><strong>violavit.</strong></span> <span class='ocrx_word' id='word_1_688' title='bbox 1552 1989 1643 2025; x_wconf 77' lang='lat' dir='ltr'><strong>Igitur</strong></span> <span class='ocrx_word' id='word_1_689' title='bbox 1671 1991 1845 2018; x_wconf 76' lang='lat' dir='ltr'><strong>illucescente</strong></span> 
     </span>
    </p>
   </div>
   <div class='ocr_carea' id='block_1_99' title="bbox 1017 2034 1844 2067">
    <p class='ocr_par' dir='ltr' id='par_1_99' title="bbox 1017 2034 1844 2067">
     <span class='ocr_line' id='line_1_99' title="bbox 1017 2034 1844 2067; baseline -0.001 -5"><span class='ocrx_word' id='word_1_690' title='bbox 1017 2036 1212 2062; x_wconf 79' lang='lat' dir='ltr'><strong>anniversaria</strong></span> <span class='ocrx_word' id='word_1_691' title='bbox 1237 2035 1282 2061; x_wconf 83' lang='lat' dir='ltr'><strong>die</strong></span> <span class='ocrx_word' id='word_1_692' title='bbox 1298 2034 1401 2061; x_wconf 79' lang='lat' dir='ltr'><strong>Christi</strong></span> <span class='ocrx_word' id='word_1_693' title='bbox 1427 2035 1540 2062; x_wconf 80' lang='lat' dir='ltr'><strong>Domini</strong></span> <span class='ocrx_word' id='word_1_694' title='bbox 1554 2035 1646 2061; x_wconf 79' lang='lat' dir='ltr'><strong>natali</strong></span> <span class='ocrx_word' id='word_1_695' title='bbox 1658 2034 1715 2067; x_wconf 86' lang='lat' dir='ltr'><strong>(die</strong></span> <span class='ocrx_word' id='word_1_696' title='bbox 1729 2035 1765 2061; x_wconf 87' lang='lat'>25</span> <span class='ocrx_word' id='word_1_697' title='bbox 1788 2034 1844 2061; x_wconf 92' lang='lat' dir='ltr'><strong>De-</strong></span> 
     </span>
    </p>
   </div>
   <div class='ocr_carea' id='block_1_100' title="bbox 1017 2077 1846 2114">
    <p class='ocr_par' dir='ltr' id='par_1_100' title="bbox 1017 2077 1846 2114">
     <span class='ocr_line' id='line_1_100' title="bbox 1017 2077 1846 2114; baseline -0.001 -8"><span class='ocrx_word' id='word_1_698' title='bbox 1017 2079 1144 2107; x_wconf 84' lang='lat' dir='ltr'><strong>cembris</strong></span> <span class='ocrx_word' id='word_1_699' title='bbox 1158 2078 1227 2106; x_wconf 87' lang='lat' dir='ltr'><strong>anni</strong></span> <span class='ocrx_word' id='word_1_700' title='bbox 1242 2078 1334 2114; x_wconf 87' lang='lat'>4282),</span> <span class='ocrx_word' id='word_1_701' title='bbox 1350 2086 1412 2105; x_wconf 88' lang='lat' dir='ltr'><strong>cum</strong></span> <span class='ocrx_word' id='word_1_702' title='bbox 1438 2077 1491 2106; x_wconf 82' lang='lat' dir='ltr'><strong>illo</strong></span> <span class='ocrx_word' id='word_1_703' title='bbox 1514 2079 1585 2113; x_wconf 84' lang='lat' dir='ltr'><strong>festo</strong></span> <span class='ocrx_word' id='word_1_704' title='bbox 1605 2077 1637 2105; x_wconf 78' lang='lat' dir='ltr'><strong>de</strong></span> <span class='ocrx_word' id='word_1_705' title='bbox 1651 2086 1726 2105; x_wconf 81' lang='lat' dir='ltr'><strong>more</strong></span> <span class='ocrx_word' id='word_1_706' title='bbox 1740 2082 1846 2113; x_wconf 83' lang='lat' dir='ltr'><strong>oporte-</strong></span> 
     </span>
    </p>
   </div>
   <div class='ocr_carea' id='block_1_101' title="bbox 1017 2123 1846 2159">
    <p class='ocr_par' dir='ltr' id='par_1_101' title="bbox 1017 2123 1846 2159">
     <span class='ocr_line' id='line_1_101' title="bbox 1017 2123 1846 2159; baseline -0.001 -8"><span class='ocrx_word' id='word_1_707' title='bbox 1017 2125 1058 2151; x_wconf 85' lang='lat' dir='ltr'><strong>ret</strong></span> <span class='ocrx_word' id='word_1_708' title='bbox 1077 2123 1189 2159; x_wconf 82' lang='lat' dir='ltr'><strong>prodire</strong></span> <span class='ocrx_word' id='word_1_709' title='bbox 1216 2123 1367 2158; x_wconf 79' lang='lat' dir='ltr'><strong>Augustum</strong></span> <span class='ocrx_word' id='word_1_710' title='bbox 1393 2127 1418 2150; x_wconf 77' lang='lat' dir='ltr'><strong>et</strong></span> <span class='ocrx_word' id='word_1_711' title='bbox 1445 2123 1593 2158; x_wconf 84' lang='lat' dir='ltr'><strong>mysticum</strong></span> <span class='ocrx_word' id='word_1_712' title='bbox 1619 2123 1790 2157; x_wconf 83' lang='lat' dir='ltr'><strong>sacriﬁcium</strong></span> <span class='ocrx_word' id='word_1_713' title='bbox 1815 2123 1846 2150; x_wconf 84' lang='lat' dir='ltr'><strong>in</strong></span> 
     </span>
    </p>
   </div>
   <div class='ocr_carea' id='block_1_102' title="bbox 1016 2167 1847 2203">
    <p class='ocr_par' dir='ltr' id='par_1_102' title="bbox 1016 2167 1847 2203">
     <span class='ocr_line' id='line_1_102' title="bbox 1016 2167 1847 2203; baseline -0.001 -7"><span class='ocrx_word' id='word_1_714' title='bbox 1016 2168 1075 2197; x_wconf 61' lang='lat' dir='ltr'><strong>(Ede</strong></span> <span class='ocrx_word' id='word_1_715' title='bbox 1097 2176 1176 2195; x_wconf 80' lang='lat' dir='ltr'><strong>sacra</strong></span> <span class='ocrx_word' id='word_1_716' title='bbox 1202 2168 1333 2203; x_wconf 77' lang='lat' dir='ltr'><strong>palatina</strong></span> <span class='ocrx_word' id='word_1_717' title='bbox 1348 2168 1407 2194; x_wconf 79' lang='lat' dir='ltr'><strong>ritu</strong></span> <span class='ocrx_word' id='word_1_718' title='bbox 1424 2167 1544 2195; x_wconf 82' lang='lat' dir='ltr'><strong>solemni</strong></span> <span class='ocrx_word' id='word_1_719' title='bbox 1558 2167 1701 2201; x_wconf 82' lang='lat' dir='ltr'><strong>celebrari,</strong></span> <span class='ocrx_word' id='word_1_720' title='bbox 1715 2171 1847 2195; x_wconf 81' lang='lat' dir='ltr'><strong>neutrum</strong></span> 
     </span>
    </p>
   </div>
   <div class='ocr_carea' id='block_1_103' title="bbox 1017 2211 1846 2247">
    <p class='ocr_par' dir='ltr' id='par_1_103' title="bbox 1017 2211 1846 2247">
     <span class='ocr_line' id='line_1_103' title="bbox 1017 2211 1846 2247; baseline -0.001 -8"><span class='ocrx_word' id='word_1_721' title='bbox 1017 2212 1116 2240; x_wconf 86' lang='lat' dir='ltr'><strong>horum</strong></span> <span class='ocrx_word' id='word_1_722' title='bbox 1134 2215 1175 2240; x_wconf 78' lang='lat' dir='ltr'><strong>est</strong></span> <span class='ocrx_word' id='word_1_723' title='bbox 1203 2213 1306 2247; x_wconf 82' lang='lat' dir='ltr'><strong>factum</strong></span> <span class='ocrx_word' id='word_1_724' title='bbox 1324 2219 1330 2239; x_wconf 90' lang='lat'><strong>:</strong></span> <span class='ocrx_word' id='word_1_725' title='bbox 1347 2212 1522 2246; x_wconf 60' lang='lat' dir='ltr'><strong>omissaque</strong></span> <span class='ocrx_word' id='word_1_726' title='bbox 1538 2212 1667 2247; x_wconf 71' lang='lat' dir='ltr'><strong>mysticae</strong></span> <span class='ocrx_word' id='word_1_727' title='bbox 1690 2211 1846 2239; x_wconf 88' lang='lat' dir='ltr'><strong>oblationis</strong></span> 
     </span>
    </p>
   </div>
   <div class='ocr_carea' id='block_1_104' title="bbox 1017 2256 1845 2291">
    <p class='ocr_par' dir='ltr' id='par_1_104' title="bbox 1017 2256 1845 2291">
     <span class='ocr_line' id='line_1_104' title="bbox 1017 2256 1845 2291; baseline 0 -8"><span class='ocrx_word' id='word_1_728' title='bbox 1017 2265 1084 2285; x_wconf 87' lang='lat' dir='ltr'><strong>vera</strong></span> <span class='ocrx_word' id='word_1_729' title='bbox 1112 2258 1208 2284; x_wconf 83' lang='lat' dir='ltr'><strong>fuerat</strong></span> <span class='ocrx_word' id='word_1_730' title='bbox 1224 2256 1307 2290; x_wconf 88' lang='lat' dir='ltr'><strong>ratio,</strong></span> <span class='ocrx_word' id='word_1_731' title='bbox 1338 2265 1373 2283; x_wconf 78' lang='lat' dir='ltr'><strong>ne</strong></span> <span class='ocrx_word' id='word_1_732' title='bbox 1397 2256 1579 2291; x_wconf 61' lang='lat' dir='ltr'><strong>patriarchw,</strong></span> <span class='ocrx_word' id='word_1_733' title='bbox 1594 2264 1673 2291; x_wconf 83' lang='lat' dir='ltr'><strong>quem</strong></span> <span class='ocrx_word' id='word_1_734' title='bbox 1687 2263 1772 2283; x_wconf 81' lang='lat' dir='ltr'><strong>novus</strong></span> <span class='ocrx_word' id='word_1_735' title='bbox 1787 2256 1845 2283; x_wconf 83' lang='lat' dir='ltr'><strong>Au-</strong></span> 
     </span>
    </p>
   </div>
   <div class='ocr_carea' id='block_1_105' title="bbox 1018 2301 1846 2337">
    <p class='ocr_par' dir='ltr' id='par_1_105' title="bbox 1018 2301 1846 2337">
     <span class='ocr_line' id='line_1_105' title="bbox 1018 2301 1846 2337; baseline -0.002 -8"><span class='ocrx_word' id='word_1_736' title='bbox 1018 2303 1111 2337; x_wconf 83' lang='lat' dir='ltr'><strong>gustus</strong></span> <span class='ocrx_word' id='word_1_737' title='bbox 1139 2301 1316 2329; x_wconf 71' lang='lat' dir='ltr'><strong>exauctorari</strong></span> <span class='ocrx_word' id='word_1_738' title='bbox 1329 2301 1447 2335; x_wconf 82' lang='lat' dir='ltr'><strong>volebat,</strong></span> <span class='ocrx_word' id='word_1_739' title='bbox 1478 2301 1509 2327; x_wconf 83' lang='lat' dir='ltr'><strong>in</strong></span> <span class='ocrx_word' id='word_1_740' title='bbox 1525 2301 1653 2336; x_wconf 82' lang='lat' dir='ltr'><strong>palatino</strong></span> <span class='ocrx_word' id='word_1_741' title='bbox 1681 2301 1846 2328; x_wconf 81' lang='lat' dir='ltr'><strong>recitaretur</strong></span> 
     </span>
    </p>
   </div>
   <div class='ocr_carea' id='block_1_106' title="bbox 1017 2344 1845 2380">
    <p class='ocr_par' dir='ltr' id='par_1_106' title="bbox 1017 2344 1845 2380">
     <span class='ocr_line' id='line_1_106' title="bbox 1017 2344 1845 2380; baseline -0.001 -7"><span class='ocrx_word' id='word_1_742' title='bbox 1017 2354 1116 2373; x_wconf 80' lang='lat' dir='ltr'><strong>nomen</strong></span> <span class='ocrx_word' id='word_1_743' title='bbox 1134 2347 1207 2373; x_wconf 86' lang='lat' dir='ltr'><strong>inter</strong></span> <span class='ocrx_word' id='word_1_744' title='bbox 1219 2353 1308 2373; x_wconf 87' lang='lat' dir='ltr'><strong>sacra.</strong></span> <span class='ocrx_word' id='word_1_745' title='bbox 1325 2347 1392 2372; x_wconf 78' lang='lat' dir='ltr'><strong>Haec</strong></span> <span class='ocrx_word' id='word_1_746' title='bbox 1407 2347 1477 2372; x_wconf 89' lang='lat' dir='ltr'><strong>sunt</strong></span> <span class='ocrx_word' id='word_1_747' title='bbox 1491 2344 1678 2380; x_wconf 89' lang='lat' dir='ltr'><strong>Pachymeris</strong></span> <span class='ocrx_word' id='word_1_748' title='bbox 1693 2345 1780 2372; x_wconf 86' lang='lat' dir='ltr'><strong>verba</strong></span> <span class='ocrx_word' id='word_1_749' title='bbox 1794 2353 1845 2372; x_wconf 89' lang='lat' dir='ltr'><strong>ca-</strong></span> 
     </span>
    </p>
   </div>
   <div class='ocr_carea' id='block_1_107' title="bbox 1018 2390 1117 2426">
    <p class='ocr_par' dir='ltr' id='par_1_107' title="bbox 1018 2390 1117 2426">
     <span class='ocr_line' id='line_1_107' title="bbox 1018 2390 1117 2426; baseline -0.01 -9"><span class='ocrx_word' id='word_1_750' title='bbox 1018 2390 1078 2426; x_wconf 84' lang='lat' dir='ltr'><strong>pite</strong></span> <span class='ocrx_word' id='word_1_751' title='bbox 1091 2391 1117 2417; x_wconf 93' lang='lat'><strong>3.</strong></span> 
     </span>
    </p>
   </div>
   <div class='ocr_carea' id='block_1_108' title="bbox 1056 2455 1844 2492">
    <p class='ocr_par' dir='ltr' id='par_1_108' title="bbox 1056 2455 1844 2492">
     <span class='ocr_line' id='line_1_108' title="bbox 1056 2455 1844 2492; baseline 0 -9"><span class='ocrx_word' id='word_1_752' title='bbox 1056 2455 1291 2484; x_wconf 84' lang='lat' dir='ltr'><strong>Machinationes</strong></span> <span class='ocrx_word' id='word_1_753' title='bbox 1315 2455 1500 2492; x_wconf 87' lang='lat' dir='ltr'><strong>imperatoris</strong></span> <span class='ocrx_word' id='word_1_754' title='bbox 1523 2457 1642 2483; x_wconf 88' lang='lat' dir='ltr'><strong>noverat</strong></span> <span class='ocrx_word' id='word_1_755' title='bbox 1662 2456 1769 2483; x_wconf 86' lang='lat' dir='ltr'><strong>Beccus</strong></span> <span class='ocrx_word' id='word_1_756' title='bbox 1794 2464 1844 2491; x_wconf 89' lang='lat' dir='ltr'><strong>pa-</strong></span> 
     </span>
    </p>
   </div>
   <div class='ocr_carea' id='block_1_109' title="bbox 1020 2500 1845 2536">
    <p class='ocr_par' dir='ltr' id='par_1_109' title="bbox 1020 2500 1845 2536">
     <span class='ocr_line' id='line_1_109' title="bbox 1020 2500 1845 2536; baseline -0.001 -8"><span class='ocrx_word' id='word_1_757' title='bbox 1020 2501 1158 2528; x_wconf 85' lang='lat' dir='ltr'><strong>triarcha.</strong></span> <span class='ocrx_word' id='word_1_758' title='bbox 1187 2500 1350 2528; x_wconf 84' lang='lat' dir='ltr'><strong>Consilium</strong></span> <span class='ocrx_word' id='word_1_759' title='bbox 1379 2509 1466 2527; x_wconf 90' lang='lat' dir='ltr'><strong>suum</strong></span> <span class='ocrx_word' id='word_1_760' title='bbox 1492 2500 1585 2535; x_wconf 86' lang='lat' dir='ltr'><strong>jussit</strong></span> <span class='ocrx_word' id='word_1_761' title='bbox 1607 2500 1663 2536; x_wconf 87' lang='lat' dir='ltr'><strong>ipsi</strong></span> <span class='ocrx_word' id='word_1_762' title='bbox 1681 2500 1845 2528; x_wconf 87' lang='lat' dir='ltr'><strong>renuntiari</strong></span> 
     </span>
    </p>
   </div>
   <div class='ocr_carea' id='block_1_110' title="bbox 1020 2544 1845 2581">
    <p class='ocr_par' dir='ltr' id='par_1_110' title="bbox 1020 2544 1845 2581">
     <span class='ocr_line' id='line_1_110' title="bbox 1020 2544 1845 2581; baseline -0.001 -8"><span class='ocrx_word' id='word_1_763' title='bbox 1020 2546 1182 2581; x_wconf 82' lang='lat' dir='ltr'><strong>Augustus,</strong></span> <span class='ocrx_word' id='word_1_764' title='bbox 1198 2553 1252 2573; x_wconf 86' lang='lat' dir='ltr'><strong>non</strong></span> <span class='ocrx_word' id='word_1_765' title='bbox 1277 2546 1433 2579; x_wconf 83' lang='lat' dir='ltr'><strong>contemptu</strong></span> <span class='ocrx_word' id='word_1_766' title='bbox 1448 2547 1497 2572; x_wconf 87' lang='lat' dir='ltr'><strong>aut</strong></span> <span class='ocrx_word' id='word_1_767' title='bbox 1522 2544 1583 2572; x_wconf 82' lang='lat' dir='ltr'><strong>odio</strong></span> <span class='ocrx_word' id='word_1_768' title='bbox 1610 2544 1703 2580; x_wconf 88' lang='lat' dir='ltr'><strong>ipsius</strong></span> <span class='ocrx_word' id='word_1_769' title='bbox 1720 2544 1845 2580; x_wconf 86' lang='lat' dir='ltr'><strong>patriar-</strong></span> 
     </span>
    </p>
   </div>
   <div class='ocr_carea' id='block_1_111' title="bbox 1021 2589 1847 2625">
    <p class='ocr_par' dir='ltr' id='par_1_111' title="bbox 1021 2589 1847 2625">
     <span class='ocr_line' id='line_1_111' title="bbox 1021 2589 1847 2625; baseline -0.001 -7"><span class='ocrx_word' id='word_1_770' title='bbox 1021 2590 1091 2624; x_wconf 82' lang='lat' dir='ltr'><strong>rbae,</strong></span> <span class='ocrx_word' id='word_1_771' title='bbox 1116 2590 1166 2617; x_wconf 88' lang='lat' dir='ltr'><strong>sed</strong></span> <span class='ocrx_word' id='word_1_772' title='bbox 1181 2590 1304 2625; x_wconf 83' lang='lat' dir='ltr'><strong>periculo</strong></span> <span class='ocrx_word' id='word_1_773' title='bbox 1333 2589 1505 2624; x_wconf 70' lang='lat' dir='ltr'><strong>reipublicae,</strong></span> <span class='ocrx_word' id='word_1_774' title='bbox 1537 2597 1570 2616; x_wconf 84' lang='lat' dir='ltr'><strong>ac</strong></span> <span class='ocrx_word' id='word_1_775' title='bbox 1597 2597 1676 2617; x_wconf 83' lang='lat' dir='ltr'><strong>mera</strong></span> <span class='ocrx_word' id='word_1_776' title='bbox 1689 2590 1847 2617; x_wconf 76' lang='lat' dir='ltr'><strong>necessitate</strong></span> 
     </span>
    </p>
   </div>
   <div class='ocr_carea' id='block_1_112' title="bbox 1020 2634 1847 2670">
    <p class='ocr_par' dir='ltr' id='par_1_112' title="bbox 1020 2634 1847 2670">
     <span class='ocr_line' id='line_1_112' title="bbox 1020 2634 1847 2670; baseline 0 -8"><span class='ocrx_word' id='word_1_777' title='bbox 1020 2636 1084 2662; x_wconf 82' lang='lat' dir='ltr'><strong>novi</strong></span> <span class='ocrx_word' id='word_1_778' title='bbox 1096 2634 1230 2669; x_wconf 81' lang='lat' dir='ltr'><strong>ﬁrmandi</strong></span> <span class='ocrx_word' id='word_1_779' title='bbox 1241 2634 1425 2670; x_wconf 80' lang='lat' dir='ltr'><strong>principatus.</strong></span> <span class='ocrx_word' id='word_1_780' title='bbox 1441 2634 1541 2669; x_wconf 88' lang='lat' dir='ltr'><strong>Itaque</strong></span> <span class='ocrx_word' id='word_1_781' title='bbox 1555 2642 1622 2661; x_wconf 89' lang='lat' dir='ltr'><strong>cum</strong></span> <span class='ocrx_word' id='word_1_782' title='bbox 1633 2634 1747 2661; x_wconf 76' lang='lat' dir='ltr'><strong>aliunde</strong></span> <span class='ocrx_word' id='word_1_783' title='bbox 1757 2637 1847 2662; x_wconf 85' lang='lat' dir='ltr'><strong>rectus</strong></span> 
     </span>
    </p>
   </div>
   <div class='ocr_carea' id='block_1_113' title="bbox 1019 2679 1845 2716">
    <p class='ocr_par' dir='ltr' id='par_1_113' title="bbox 1019 2679 1845 2716">
     <span class='ocr_line' id='line_1_113' title="bbox 1019 2679 1845 2716; baseline -0.001 -9"><span class='ocrx_word' id='word_1_784' title='bbox 1019 2684 1087 2708; x_wconf 80' lang='lat' dir='ltr'><strong>esset</strong></span> <span class='ocrx_word' id='word_1_785' title='bbox 1099 2681 1210 2714; x_wconf 81' lang='lat' dir='ltr'><strong>Bcccus,</strong></span> <span class='ocrx_word' id='word_1_786' title='bbox 1227 2687 1360 2716; x_wconf 75' lang='lat' dir='ltr'><strong>quemque</strong></span> <span class='ocrx_word' id='word_1_787' title='bbox 1384 2681 1522 2714; x_wconf 69' lang='lat' dir='ltr'><strong>praetcrea</strong></span> <span class='ocrx_word' id='word_1_788' title='bbox 1545 2679 1657 2706; x_wconf 77' lang='lat' dir='ltr'><strong>satietas</strong></span> <span class='ocrx_word' id='word_1_789' title='bbox 1676 2681 1743 2714; x_wconf 82' lang='lat' dir='ltr'><strong>jam</strong></span> <span class='ocrx_word' id='word_1_790' title='bbox 1756 2679 1845 2714; x_wconf 80' lang='lat' dir='ltr'><strong>copis-</strong></span> 
     </span>
    </p>
   </div>
   <div class='ocr_carea' id='block_1_114' title="bbox 1019 2723 1847 2759">
    <p class='ocr_par' dir='ltr' id='par_1_114' title="bbox 1019 2723 1847 2759">
     <span class='ocr_line' id='line_1_114' title="bbox 1019 2723 1847 2759; baseline -0.001 -8"><span class='ocrx_word' id='word_1_791' title='bbox 1019 2726 1058 2752; x_wconf 84' lang='lat' dir='ltr'><strong>set</strong></span> <span class='ocrx_word' id='word_1_792' title='bbox 1070 2724 1266 2759; x_wconf 71' lang='lat' dir='ltr'><strong>patriam/talis</strong></span> <span class='ocrx_word' id='word_1_793' title='bbox 1282 2723 1395 2751; x_wconf 82' lang='lat' dir='ltr'><strong>honoris</strong></span> <span class='ocrx_word' id='word_1_794' title='bbox 1408 2723 1550 2756; x_wconf 88' lang='lat' dir='ltr'><strong>(historici</strong></span> <span class='ocrx_word' id='word_1_795' title='bbox 1563 2723 1650 2751; x_wconf 85' lang='lat' dir='ltr'><strong>verba</strong></span> <span class='ocrx_word' id='word_1_796' title='bbox 1666 2725 1736 2750; x_wconf 90' lang='lat' dir='ltr'><strong>sunt</strong></span> <span class='ocrx_word' id='word_1_797' title='bbox 1752 2723 1847 2758; x_wconf 83' lang='lat' dir='ltr'><strong>capite</strong></span> 
     </span>
    </p>
   </div>
   <div class='ocr_carea' id='block_1_115' title="bbox 1019 2767 1846 2804">
    <p class='ocr_par' dir='ltr' id='par_1_115' title="bbox 1019 2767 1846 2804">
     <span class='ocr_line' id='line_1_115' title="bbox 1019 2767 1846 2804; baseline -0.002 -8"><span class='ocrx_word' id='word_1_798' title='bbox 1019 2769 1047 2804; x_wconf 82' lang='grc'>4)</span> <span class='ocrx_word' id='word_1_799' title='bbox 1062 2768 1198 2804; x_wconf 81' lang='lat' dir='ltr'><strong>postridie</strong></span> <span class='ocrx_word' id='word_1_800' title='bbox 1212 2769 1276 2803; x_wconf 83' lang='lat' dir='ltr'><strong>festi</strong></span> <span class='ocrx_word' id='word_1_801' title='bbox 1291 2768 1348 2803; x_wconf 90' lang='lat' dir='ltr'><strong>(die</strong></span> <span class='ocrx_word' id='word_1_802' title='bbox 1363 2769 1398 2795; x_wconf 87' lang='grc'>26</span> <span class='ocrx_word' id='word_1_803' title='bbox 1416 2768 1582 2795; x_wconf 87' lang='lat' dir='ltr'><strong>Decembris</strong></span> <span class='ocrx_word' id='word_1_804' title='bbox 1598 2767 1667 2795; x_wconf 84' lang='lat' dir='ltr'><strong>anni</strong></span> <span class='ocrx_word' id='word_1_805' title='bbox 1682 2767 1772 2802; x_wconf 80' lang='lat'>4282),</span> <span class='ocrx_word' id='word_1_806' title='bbox 1788 2767 1846 2794; x_wconf 81' lang='lat' dir='ltr'><strong>des-</strong></span> 
     </span>
    </p>
   </div>
   <div class='ocr_carea' id='block_1_116' title="bbox 1018 2812 1845 2848">
    <p class='ocr_par' dir='ltr' id='par_1_116' title="bbox 1018 2812 1845 2848">
     <span class='ocr_line' id='line_1_116' title="bbox 1018 2812 1845 2848; baseline -0.002 -7"><span class='ocrx_word' id='word_1_807' title='bbox 1018 2813 1134 2841; x_wconf 80' lang='lat' dir='ltr'><strong>cendens</strong></span> <span class='ocrx_word' id='word_1_808' title='bbox 1155 2812 1338 2848; x_wconf 85' lang='lat' dir='ltr'><strong>patriarchio,</strong></span> <span class='ocrx_word' id='word_1_809' title='bbox 1364 2813 1394 2840; x_wconf 79' lang='lat' dir='ltr'><strong>in</strong></span> <span class='ocrx_word' id='word_1_810' title='bbox 1418 2812 1623 2840; x_wconf 71' lang='lat' dir='ltr'><strong>Panachrantaz</strong></span> <span class='ocrx_word' id='word_1_811' title='bbox 1645 2812 1845 2840; x_wconf 83' lang='lat' dir='ltr'><strong>monasterium</strong></span> 
     </span>
    </p>
   </div>
   <div class='ocr_carea' id='block_1_117' title="bbox 1018 2858 1183 2887">
    <p class='ocr_par' dir='ltr' id='par_1_117' title="bbox 1018 2858 1183 2887">
     <span class='ocr_line' id='line_1_117' title="bbox 1018 2858 1183 2887; baseline 0 -2"><span class='ocrx_word' id='word_1_812' title='bbox 1018 2866 1046 2886; x_wconf 83' lang='lat' dir='ltr'><strong>se</strong></span> <span class='ocrx_word' id='word_1_813' title='bbox 1058 2858 1183 2887; x_wconf 76' lang='lat' dir='ltr'><strong>contulit.</strong></span> 
     </span>
    </p>
   </div>
  </div>
