4090 6450
403 427 483 488 8⁸7
1443 431 1763 498 GEORGII
1805 432 2067 496 CYPRII
2109 432 2230 497 GP.
2274 431 2805 497 PATRIARCHE
3742 433 3820 498 88

943 565 1042 622 ’τῦ
1099 565 1330 624 CAPUT
1377 566 1478 625 VI.

402 687 667 765 Iosephus
699 688 971 765 Galesiota
998 692 1203 746 iterum
1250 692 1567 762 patriarcha
1598 700 1955 765 promovetur
1991 696 2059 751 ab

471 762 782 818 Andronico
804 779 828 827 ;
855 778 920 817 ac
946 766 1181 818 Prusam
1218 765 1377 819 exsul
1422 762 1665 820 mittitur
1694 766 1911 833 Beccus,
1946 783 2061 822 rem

474 837 645 907 etiam
671 835 985 907 consulente
1016 833 1248 904 Georgio
1281 836 1499 907 Cyprio.
1542 836 1858 893 Sermonem
1878 840 1926 893 is
1947 840 2060 893 An-

478 906 829 981 tirrheticum
873 906 1069 981 scribit
1100 906 1333 981 contra
1358 906 1525 963 ’Beccz
1565 909 1944 981 blasphemzas,
2000 913 2061 965 ut

479 976 1043 1053 aiebat._0rat_ionem
1090 979 1290 1053 Beccus
1336 982 1572 1053 reponit,
1615 976 1740 1051 qua
1764 976 2060 1053 perperam

481 1049 747 1125 i_nscrlpta
775 1047 991 1103 videtur
1019 1051 1205 1105 oratio
1234 1047 1469 1125 secunda
1501 1054 1561 1106 in
1592 1047 1816 1125 Tomum
1847 1047 2055 1125 Cyprii.

481 1120 714 1194 Hujusce
740 1127 1111 1194 assertaicum
1134 1122 1316 1194 fBecci
1365 1122 1722 1193 refutatione,
1754 1120 2062 1194 nostrisque

481 1191 1076 1265 animaduersionibus,
1111 1193 1259 1261 Quid
1311 1195 1384 1248 sit
1427 1191 1624 1249 missio
1674 1191 2059 1265 personarum,

484 1267 536 1319 et
563 1265 623 1318 in
646 1280 748 1335 quo
772 1265 1001 1335 propria
1019 1264 1139 1333 ejus
1159 1266 1303 1320 ratio
1322 1268 1501 1335 posita
1525 1268 1614 1332 sit,
1640 1264 1836 1322 latiore
1863 1281 2063 1324 sermo-

482 1351 554 1390 ne
580 1335 1099 1411 enucleatur.Locus
1117 1335 1727 1411 expenditurhomilia
1744 1338 1810 1395 de
1841 1339 2065 1411 Spiritu

482 1414 671 1462 sancto
696 1407 797 1461 sub
836 1408 1067 1463 Joannis
1102 1406 1476 1481 Chrysostomi
1500 1411 1739 1465 nomine.

487 1550 531 1604 Ι.
576 1552 781 1622 Caeth
824 1549 1211 1623 Pachymeres
1243 1550 1563 1606 narrationi
1620 1550 1925 1620 insistens,
1969 1569 2063 1608 ca-

414 1638 533 1713 pite
561 1641 616 1709 5,
650 1638 736 1694 sic
766 1639 850 1694 ait
899 1655 912 1693 :
964 1639 1217 1707 Ejusdem
1273 1640 1477 1695 mensis
1524 1640 1882 1711 (Decembris
1929 1642 2066 1697 anni

415 1729 576 1800 1282)
603 1744 703 1801 pos
731 1727 879 1784 diem
922 1730 1279 1794 tricesimum,
1311 1729 1411 1785 sub
1443 1745 1746 1801 vesperam,
1780 1732 2069 1802 impositus

415 1819 708 1890 gestatorio
737 1816 1004 1889 Iosephus
1043 1821 1262 1873 tantum
1288 1834 1401 1874 non
1428 1821 1730 1886 exanimis,
1757 1821 1951 1875 multis
1998 1837 2067 1875 u-

2089 569 2143 635 Α
2172 584 2370 640 parum
2399 570 2684 640 promovit.
2717 568 2850 625 Haec
2896 582 3050 625 anno
3081 566 3221 624 1284
3257 566 3653 643 contigerunt,
3683 584 3815 641 pro-

2167 662 2436 713 movente
2465 658 2631 714 Becci
2661 657 3075 731 relegationem
3145 657 3206 713 in
3237 672 3429 714 arcem
3461 657 3651 715 sancti
3680 662 3817 715 Gre-

2168 746 2315 819 gorii
2345 748 2473 817 ipso
2502 746 2710 819 Cyprio
2743 749 2869 818 jam
2902 746 3254 818 patriarcha.
3317 747 3429 803 Sed
3462 746 3584 803 hanc
3614 748 3814 804 eadem

2168 835 2358 908 Cyprii
2391 835 2627 903 invidia,
2660 852 2777 908 qua
2816 838 2868 890 is
2929 836 3263 906 patriarcha
3292 836 3562 892 initiatus
3594 837 3816 892 fereba-

2167 931 2266 979 tur
2290 925 2348 979 in
2384 927 2656 993 Beccum,
2686 925 2938 980 movisse
2968 925 3198 981 videtur
3226 926 3443 993 ipsum,
3467 929 3605 982 ante
3635 926 3819 998 digni-

2166 1018 2349 1069 tatem
2380 1013 2704 1085 indeptam,
2740 1018 2806 1070 ut
2845 1013 3190 1085 eloquentia
3223 1030 3344 1070 sua:
3398 1015 3571 1082 vires,
3604 1016 3820 1087 quibus

2164 1102 2419 1159 nimium
2452 1103 2689 1169 ﬁdebat,
2723 1108 2926 1160 contra
2952 1103 3248 1176 insignem
3275 1102 3576 1170 amulum,
3605 1105 3825 1176 experi-

2168 1196 2333 1247 retur
2360 1191 2421 1247 in
2483 1192 2742 1249 Sermone
2795 1193 3193 1262 Antirrhetico,
3254 1209 3435 1264 quam
3473 1193 3822 1250 memoravi-

2172 1298 2325 1337 IDUS.

2243 1370 2455 1443 Incipit
2481 1386 2615 1426 vero
2675 1387 2688 1424 :
2740 1368 2850 1424 Οὐκ
2879 1366 3055 1445 ἔγωγε
3110 1371 3393 1443 θαυμάζω,
3451 1368 3708 1450 φιλότης.
3738 1374 3827 1429 Ad

2173 1460 2432 1516 amicum
2466 1476 2658 1516 sermo
2686 1458 2945 1516 directus
2973 1464 3064 1516 est
3094 1477 3110 1515 :
3143 1476 3319 1533 quem
3341 1461 3499 1518 circa
3527 1463 3704 1518 ﬁnem
3733 1479 3829 1518 vo-

2174 1554 2270 1607 cat
2300 1548 2680 1604 Demetrium.
2712 1548 2903 1605 Verba
2933 1553 3072 1605 sunt
3104 1567 3117 1604 :
3149 1548 3325 1604 Ταῦτά
3354 1569 3461 1616 σοι,
3491 1550 3538 1604 ὦ
3568 1548 3696 1627 φίλε
3726 1557 3829 1618 Δη-

2180 1640 2397 1713 μήτριε,
2475 1633 2815 1712 ἐσχεδίασται
2871 1637 3011 1708 πρὸς
3082 1637 3151 1692 τὰ
3207 1639 3552 1715 προτεθὲντν
3616 1639 3829 1715 βραχέα

2182 1728 2299 1801 μὲν,
2347 1731 2445 1781 τοῦ
2500 1730 2691 1799 καιροῦ
2748 1726 3160 1803 κατεπείγοντος
3191 1771 3205 1784 .
3288 1730 3413 1785 Hac
3471 1730 3594 1795 tibi.
3653 1732 3829 1787 amice

2179 1819 2441 1884 Demetri,
2483 1818 2557 1872 ad
2582 1818 2860 1889 proposita
2887 1833 2957 1873 ex
2984 1825 3222 1889 tempore
3248 1820 3399 1889 facta
3426 1822 3555 1875 sunt
3592 1836 3611 1874 :
3643 1819 3831 1876 brevia

418 1909 647 1979 triaque
675 1907 1151 1975 comitantibus,et
1173 1910 1430 1964 certatim
1454 1908 1890 1965 acclamantibus
1918 1910 2074 1982 faus-
2100 1939 2149 2004 Β
2180 1907 2421 1979 quidem.
2455 1910 2697 2004 tempore
2717 1914 2958 2004 urgente:
2986 1906 3142 1962 Inter
3170 1906 3459 2004 Epistolas
3489 1908 3594 1964 abs
3621 1908 3831 1982 Cyprio

421 2005 536 2053 tum
563 1996 824 2063 reditum,
848 2012 978 2053 cum
1000 1997 1229 2069 hymnis
1257 2005 1309 2052 et
1332 1997 1619 2069 plausibus
1648 2001 1955 2062 hominum.
2012 2016 2073 2055 u-

421 2090 505 2141 ter
527 2085 988 2142 increbrescentes
1008 2087 1248 2141 tinnitus
1276 2089 1540 2158 campani
1561 2089 1781 2155 aris,in
1804 2090 1949 2146 ades
1972 2104 2070 2160 pa-

421 2174 756 2231 triarchales
803 2178 1135 2248 reportatur.
1181 2175 1323 2230 Eum
1354 2192 1488 2232 vero
1518 2176 1578 2231 in
1610 2178 1874 2247 ejusdem
1903 2179 2071 2234 lose—

422 2263 525 2336 phi
556 2264 1033 2320 communionem
1060 2263 1273 2335 recepti
1293 2263 1674 2321 ecclesiastici
1702 2266 1832 2331 viri,
1863 2269 2071 2323 mensis

420 2354 685 2411 Januarii
707 2353 902 2425 quinta
927 2352 1027 2408 sub
1057 2368 1333 2424 vesperam
1352 2353 1529 2425 (anno
1562 2355 1722 2426 1283)
1740 2357 2070 2413 imminente

421 2441 763 2514 Theophanio
791 2442 948 2512 festo,
985 2445 1048 2497 ut
1074 2440 1156 2497 ait
1183 2441 1568 2514 Pachymeres
1596 2445 1786 2516 capite
1829 2446 1885 2498 7.

484 2530 621 2587 Sine
672 2547 839 2587 mora
895 2531 1155 2604 synodus
1221 2535 1441 2599 coacta,
1492 2532 1697 2588 eodem
1754 2534 2069 2590 adnotante

415 2620 606 2692 capite
668 2621 724 2687 8,
783 2619 878 2675 cui
930 2634 1176 2691 prasens
1249 2622 1451 2677 aderat
1505 2637 1742 2692 magnus
1799 2623 2070 2694 logotheta

415 2708 797 2781 (Theodorus)
862 2709 1074 2765 Muzalo
1133 2726 1153 2765 :
1208 2723 1453 2781 prasens
1518 2712 1750 2781 insuper
1812 2711 2068 2784 Georgius

414 2798 670 2872 Cyprius.
715 2801 766 2855 et
797 2799 985 2854 rhetor
1015 2798 1304 2854 Holobolus
1334 2816 1354 2853 :
1385 2798 1765 2872 assidebatque
1788 2804 2069 2872 praterea

409 2888 711 2945 monachus
764 2887 1086 2943 Theodosius
1134 2886 1534 2959 Saponopulus,
1598 2890 1696 2959 qui
1745 2906 1817 2945 ea:
1869 2890 2067 2947 ordine

404 2979 921 3049 pratonotariorum
973 2978 1326 3048 imperatoris
1381 2979 1443 3031 in
1492 2979 1662 3033 vitam
1706 2981 2068 3036 monasticam

413 3066 731 3121 transierat
758 3081 778 3118 :
810 3065 1022 3135 aliique
1065 3065 1289 3120 demum
1328 3066 1661 3121 assistebant
1690 3067 1943 3137 plurimi.
1974 3071 2065 3125 Ad

413 3153 572 3210 hunc
602 3152 1069 3225 Saponopulum,
1118 3157 1176 3208 et
1232 3153 1302 3209 ad
1363 3153 1729 3210 Muzalonem
1760 3154 1958 3227 plures
2005 3156 2065 3213 in

409 3242 783 3315 Apographo,
843 3241 998 3313 quod
1053 3240 1238 3298 habeo
1305 3242 1522 3298 codicis
1581 3243 2065 3316 Lugduno-Bata-

2181 1997 2445 2052 nondum
2479 1995 2812 2068 patriarcha
2839 1995 3094 2067 scriptas
3110 1997 3362 2051 occurrit
3386 1996 3832 2054 Thessalonicen-

2179 2088 2256 2141 sis
2285 2087 2348 2141 D.
2397 2084 2726 2150 Demetrius,
2758 2086 3017 2156 itemque
3046 2085 3351 2142 monachus
3378 2090 3448 2142 D.
3498 2087 3832 2144 Demetrius.

2181 2173 2385 2231 Libelli
2415 2173 2710 2231 scribendi
2764 2189 3003 2229 causam
3033 2174 3210 2230 verba
3250 2173 3352 2230 illa
3380 2175 3604 2245 aperire
3632 2177 3835 2232 viden-

2177 2268 2296 2335 tur,
2331 2280 2457 2335 quae
2490 2262 2770 2336 leguntur
2826 2262 2936 2318 sub
2992 2262 3253 2319 initium.
3285 2260 3396 2317 Οὐκ
3426 2260 3486 2317 ἃν
3518 2259 3715 2326 ἄλλοις
3737 2267 3834 2319 τοῦ

2178 2349 2538 2406 καθάπτεσθαί
2595 2371 2700 2423 μου
2760 2347 2983 2412 δικαίως
3013 2346 3229 2425 παρέξω
3256 2349 3466 2427 καιρόν*
3496 2353 3618 2409 Non
3661 2355 3838 2411 etiam

2178 2443 2317 2498 aliis
2371 2459 2462 2497 me
2493 2442 2644 2513 juste
2700 2439 3108 2513 perstringendi
3160 2443 3497 2498 occasionem
3545 2444 3835 2514 prabucro

2177 2531 2326 2603 (ipse
2358 2530 2621 2586 videlicet
2648 2528 2941 2602 Cyprius),

2246 2624 2362 2676 Suo
2392 2619 2453 2675 in
2483 2635 2655 2691 opere
2708 2624 2868 2676 totus
2900 2623 3009 2687 est,
3067 2624 3134 2676 ut
3189 2625 3530 2677 sanctorum
3567 2620 3834 2689 Patrum,

2176 2709 2585 2781 praecipueque
2613 2708 2831 2781 Cyrilli,
2864 2725 2931 2764 ac
2961 2709 3230 2782 Nysseni,
3272 2713 3330 2765 et
3359 2709 3557 2766 Basilii
3591 2714 3838 2767 senten—

2175 2800 2309 2867 tias,
2344 2814 2489 2870 quas
2521 2799 2739 2854 Beccus
2772 2799 3124 2870 opponebat,
3149 2813 3287 2854 suas
3319 2797 3578 2855 traheret
3607 2798 3667 2854 in
3698 2814 3839 2872 par-

2175 2891 2266 2944 tes
2315 2905 2327 2943 :
2357 2886 2911 2959 processionsmque
2968 2885 3223 2959 Spiritus
3264 2886 3453 2943 sancti
3482 2902 3517 2941 a
3545 2888 3709 2944 Patre
3734 2903 3842 2960 per

2175 2976 2381 3032 Filium
2407 2974 2634 3032 offuciis
2662 2974 2781 3031 illis
2800 2973 3206 3039 attenuuabat,
3239 2991 3391 3047 quas
3414 2991 3449 3031 a
3476 2975 3842 3049 Pachymere

2179 3069 2534 3121 memoratas
2563 3063 2977 3132 narravimus;
3023 3080 3123 3121 eas
3151 3081 3185 3120 a
3216 3063 3487 3121 Patribus
3519 3070 3843 3137 usurpatas

2174 3170 2344 3211 voces
2402 3170 2702 3226 opponens
2738 3195 2751 3221 ,
2812 3151 3134 3229 φανέρωσιν,
3195 3148 3479 3225 ἀνάδειξιν,
3537 3153 3841 3229 χορηγίαν,

2177 3236 2384 3316 πέμψιν
2415 3244 2513 3296 τοῦ
2566 3239 2880 3312 Πνεύματος
2936 3239 3082 3316 παρᾶ
3109 3244 3207 3295 τοῦ
3237 3240 3386 3308 Υἱοῦ,
3428 3244 3843 3313 manifestatio-

411 3307 610 3387 vens'is
640 3307 878 3387 exstant
902 3330 1091 3402 Cyprii
1131 3330 1410 3403 epistolas.
1443 3307 1935 3390 ContravBeccum
1967 3336 2066 3391 de-
2098 3307 2142 3375 (ἶ
2353 3307 2736 3397 ostensionem,
2768 3307 3497 3401 prabitionem,missionem
3520 3307 3776 3403 Spiritus
3804 3351 3844 3390 a

412 3421 542 3476 lata;
572 3420 998 3486 accusationes,
1042 3424 1099 3475 et
1126 3424 1334 3475 contra
1363 3420 1529 3489 alios,
1562 3422 1887 3495 pracipuos
1935 3440 2070 3481 cum

410 3508 512 3565 illo
546 3509 799 3565 duarum
829 3508 1224 3564 Ecclesiarum
1256 3510 1577 3565 concordiae
1607 3516 1895 3569 auctores.
1931 3513 2069 3569 Bec-

413 3615 518 3655 cus
538 3597 665 3669 ipse
686 3597 746 3653 in
769 3597 1061 3671 synodum
1083 3598 1437 3655 advocatus:
1467 3598 1806 3673 missusque
1830 3602 2068 3658 demum

414 3689 660 3745 Prusam
690 3688 855 3745 exsul
888 3688 949 3743 in
982 3686 1337 3760 Bithyniam.

487 3777 555 3834 II.
590 3781 700 3833 Per
728 3777 853 3832 hanc
881 3780 1149 3850 tempore
1196 3777 1480 3851 Georgius
1510 3779 1883 3852 Cyprius,aut
1912 3780 2071 3853 prio—

416 3884 478 3923 re
535 3870 765 3922 mutata
821 3866 1134 3934 sententia,
1177 3873 1278 3922 aut
1306 3870 1465 3923 certe
1519 3868 1786 3941 deposita
1833 3868 2074 3926 simula-

417 3957 601 4024 tione,
634 3954 921 4012 catholico
952 3955 1236 4027 dogmati,
1268 3959 1323 4011 et
1354 3956 1700 4027 patriarcha
1759 3962 1937 4014 Becco
1969 3960 2071 4015 ad-

417 4044 1108 4102 versabatur.Memorato
1139 4045 1199 4099 in
1226 4045 1424 4100 codice
1458 4047 1615 4116 Lugd
1628 4048 2074 4104 uno—Batavensi

414 4134 682 4205 ejusdem
743 4132 929 4189 Sermo
986 4136 1175 4189 exstat
1228 4130 1609 4208 ἀντιρῥητικὸς
1657 4134 1793 4189 κατὰ
1836 4139 1943 4189 τῶν
1977 4139 2074 4190 τοῦ

418 4221 623 4275 Βὲκκου
704 4217 1097 4298 βλασφημιῶν,
1176 4222 1582 4277 Antirrheticus
1653 4228 1845 4280 contra
1918 4227 2078 4282 Becci

418 4309 957 4383 blasphemias.Haac
988 4309 1290 4366 adduntur
1319 4309 1381 4366 in
1410 4311 1609 4367 codice
1636 4313 2076 4369 ‘Vindobonensi

414 4400 614 4471 verba,
661 4396 938 4460 Έκδοθεὶς
994 4397 1102 4472 πρὸ
1155 4402 1254 4451 τοῦ
1311 4399 1480 4475 ψήφῳ
1538 4403 1672 4454 Θεοῦ
1729 4399 1804 4462 εἰς
1851 4400 1943 4455 τὸν
1973 4422 2074 4455 πα-

416 4488 736 4565 τριαρχικὸν
810 4485 1073 4554 ἀνελθεῖν,
1132 4489 1202 4542 ab
1273 4489 1390 4558 ipso
1474 4487 1671 4557 editus,
1750 4492 2078 4561 priusquam

420 4579 679 4634 thronum
700 4577 1373 4647 Constantinopolitanum
1415 4577 1454 4631 7
1469 4578 1509 4632 ⁸1
1560 4580 1746 4649 gratia
1769 4581 1869 4635 Dei
1890 4596 2075 4635 ascen-

2178 3423 2346 3478 Filio.

2251 3509 2346 3566 III.
2378 3508 2488 3566 Diu
2518 3508 2640 3565 haec
2667 3509 2957 3565 Joannem
2987 3513 3232 3565 Beccum
3259 3507 3436 3565 latuit
3488 3509 3698 3582 opella.
3762 3510 3844 3567 Ut

2181 3598 2296 3655 sibi
2326 3597 2605 3666 innotuit,
2639 3614 2768 3654 eam
2815 3597 3088 3654 refutavit
3132 3598 3398 3654 oratione
3427 3614 3555 3670 quas
3581 3602 3743 3655 tome
3791 3599 3843 3655 ll

2183 3689 2417 3746 Gracia
2446 3686 2774 3744 Orthodoxa
2831 3690 3075 3759 prostat,
3108 3684 3568 3758 inscribiturqus
3598 3688 3849 3744 secunda

2180 3780 2241 3833 in
2282 3777 2505 3833 Tomum
2533 3775 2727 3849 Cyprii
2754 3779 2815 3832 et
2855 3790 3024 3832 novas
3079 3775 3324 3845 ejusdem
3351 3776 3607 3832 hareses.
3649 3775 3847 3833 Theo-

2183 3866 2416 3932 dorum,
2450 3865 2542 3922 cui
2574 3864 2750 3921 etiam
2796 3864 2989 3937 prima
3016 3867 3357 3935 nuncupata
3384 3863 3602 3937 legitur
3630 3865 3847 3938 oratio,

2183 3953 2268 4010 sic
2299 3955 2574 4010 admonet
2603 3953 2823 4011 Beccus
2881 3969 3046 4009 num.
3089 3954 3116 4007 1
3169 3969 3184 4010 :
3245 3954 3378 4022 Qua
3403 3955 3562 4026 prius
3589 3969 3850 4011 occurre-

2182 4051 2335 4111 runt,
2368 4041 2479 4098 illa
2516 4042 2674 4113 prius
2705 4042 2791 4114 (in
2844 4041 3124 4109 oratione,
3156 4057 3286 4114 quo
3342 4041 3536 4114 prima
3564 4057 3850 4099 numera-

2182 4131 2327 4204 tur),
2357 4134 2797 4204 oppugnavimus
2853 4149 2872 4186 :
2920 4146 3045 4203 qua
3072 4146 3207 4187 vero
3236 4130 3471 4186 secundo
3499 4132 3560 4186 in
3594 4131 3692 4188 78
3739 4148 3847 4189 no-

2183 4224 2359 4276 stram
2389 4221 2766 4291 cognitionem
2816 4222 3105 4286 venerunt,
3159 4220 3263 4275 hac
3287 4221 3581 4292 posteriori
3627 4222 3855 4277 contr-ap

2183 4310 2426 4365 dictione
2452 4310 2754 4378 reficimus.
2788 4309 2860 4365 Et
2886 4308 3044 4364 intra
3076 4323 3090 4363 :
3121 4310 3265 4377 Qua
3299 4323 3425 4364 vero
3480 4310 3662 4380 ipse...
3691 4323 3852 4366 nova

2185 4402 2394 4454 eructat
2424 4398 2701 4468 dogmata,
2732 4414 2769 4453 a
2797 4399 2896 4453 Dei
2939 4397 3186 4454 Ecclesia
3237 4412 3472 4469 prorsus
3527 4398 3737 4466 aliena,
3767 4415 3852 4454 ea:

2185 4489 2436 4544 oratione
2466 4485 2886 4558 (Antirrhetica
2907 4486 3227 4553 scilicet,de
3258 4502 3376 4557 qua
3407 4502 3564 4542 nunc
3584 4486 3850 4560 agimus)

2186 4594 2354 4648 quam
2372 4575 2477 4633 ille
2494 4578 2711 4649 primus
2731 4578 2894 4631 nobis
2913 4577 3299 4632 contradicens
3316 4576 3850 4648 coneinnavit,pra-

420 4666 588 4722 deret.
666 4685 690 4715 α
765 4665 1291 4721 Animadversione
1346 4665 1525 4737 digna
1599 4671 1738 4722 sunt
1812 4672 2078 4740 Gregorio
2109 4679 2156 4743 ι)
2187 4675 2430 4732 secantes
2468 4668 2531 4722 in
2560 4666 2802 4722 medium
2831 4665 3183 4721 adducemus.

419 4755 599 4810 verba
626 4753 776 4812 libro
797 4772 874 4822 v1,
899 4754 1087 4826 capite
1122 4754 1180 4822 2,
1221 4770 1384 4809 num.
1418 4758 1490 4809 2:
1527 4755 1663 4811 Cum
1698 4755 1853 4813 velut
1881 4759 1942 4812 in
1973 4757 2077 4813 hu-

419 4843 757 4900 midioribus
813 4844 982 4914 lignis
1037 4859 1248 4899 vermes
1303 4851 1631 4915 nascuntur,
1692 4847 1773 4900 ita
1816 4848 1985 4902 etiam
2013 4848 2076 4902 in

422 4932 727 4989 ambitiosis
780 4933 1026 5003 ingeniis
1084 4932 1464 4990 amulationis
1517 4936 1571 4988 et
1606 4933 1837 4992 invidia
1862 4936 2080 4991 stimuli

420 5020 595 5091 vulgo
624 5022 877 5077 existant
906 5024 1099 5083 contra
1156 5021 1398 5093 ejusdem
1451 5024 1788 5094 professores
1819 5027 1976 5095 artis,
2016 5027 2079 5079 in

423 5126 486 5167 eo
510 5110 823 5182 praesertim
848 5125 1047 5181 genere
1099 5126 1156 5166 in
1216 5126 1320 5182 quo
1348 5113 1595 5167 maxime
1635 5111 1967 5180 elaborant
1999 5116 2080 5169 sic

426 5199 765 5272 Gragorium
804 5199 1175 5272 patriarcham
1218 5200 1454 5271 angebat
1502 5201 1694 5258 vivida
1739 5202 1841 5256 illa
1868 5204 2081 5274 ingenii

424 5297 481 5345 et
514 5288 799 5358 facundia
824 5290 928 5358 vis,
969 5303 1088 5360 qua
1117 5288 1180 5343 in
1220 5291 1380 5344 Becco
1408 5292 1528 5343 erat
1560 5307 1601 5358 ;:
1635 5290 1792 5361 eique
1820 5290 1968 5346 haud
1995 5293 2079 5362 fe-

422 5378 657 5434 rendum
680 5377 986 5445 videbatur,
1020 5378 1073 5432 si
1096 5377 1242 5432 solus
1271 5378 1391 5449 ipse
1419 5378 1709 5450 (Cyprius)
1749 5381 1895 5434 inter
1923 5381 2080 5436 illius

424 5475 609 5525 atatis
641 5466 850 5524 Gracos
889 5466 1136 5533 celebris,
1195 5469 1249 5520 et
1305 5467 1452 5520 inter
1497 5467 1842 5538 patriarchas
1871 5484 2083 5540 quoque

425 5556 667 5625 eruditos
696 5556 963 5612 celebrem
1019 5571 1077 5610 se
1125 5555 1244 5626 fore
1270 5570 1513 5625 sperans,
1557 5555 1722 5611 illius
1752 5556 1963 5627 (Becci)
2020 5559 2081 5613 in

427 5646 893 5717 disputationibus
948 5645 1259 5717 eloquentia
1304 5648 1612 5715 superatus,
1675 5648 1824 5701 tanto
1876 5644 2082 5703 honore

426 5734 802 5806 fraudaretur.
850 5739 973 5806 Qua
1018 5735 1084 5790 de
1133 5749 1311 5791 causa
1358 5734 1755 5805 relegationem
1801 5737 1920 5806 eius
1968 5752 2077 5793 non

2258 4757 2320 4812 In
2355 4756 2464 4811 hac
2495 4756 2661 4811 Becci
2695 4756 2957 4811 oratione
2986 4769 3056 4810 ea
3082 4754 3324 4810 omnino
3354 4753 3690 4809 refutantur
3713 4769 3852 4825 quae

2187 4845 2435 4918 Cyprius
2464 4844 2644 4901 habet
2673 4845 2733 4899 in
2789 4844 3045 4900 Sermone
3081 4843 3477 4909 Antirrhctico,
3510 4841 3715 4898 eodem
3746 4856 3851 4899 as-

2189 4933 2514 4989 sertionum
2536 4933 2726 5006 ipsius
2740 4932 2932 5005 Cyprii
2954 4935 3251 4988 asservato
3271 4929 3851 5002 ordine,eisdemque

2187 5022 2377 5079 verbis
2409 5022 2741 5094 exscriptis,
2773 5037 2905 5092 qua
2943 5020 3185 5092 pradict
3224 5019 3287 5074 in
3333 5034 3604 5076 sermons
3632 5018 3853 5091 legun-

2188 5116 2304 5167 tur.
2340 5112 2562 5167 Tomus
2592 5110 2711 5177 ille,
2738 5124 2914 5183 quem
2947 5109 3284 5165 Andronico
3311 5110 3575 5181 Augusto
3597 5108 3855 5179 jubente

2189 5201 2517 5256 contectum
2546 5218 2581 5257 a
2600 5200 2807 5274 Cyprio
2837 5199 2991 5254 infra
3017 5197 3411 5266 narrabimus,
3444 5196 3634 5253 sancti
3664 5197 3852 5254 Joan-

2189 5288 2282 5344 nis
2313 5288 2656 5346 Damasceni
2686 5288 3044 5356 testimonia,
3070 5303 3198 5360 quas
3218 5286 3438 5343 Beccus
3467 5292 3850 5358 opposuerat,

2190 5395 2512 5450 eorumque
2540 5376 3008 5434 conciliationem
3061 5376 3317 5433 maxime
3348 5375 3653 5447 spectabat
3685 5391 3697 5431 :
3727 5390 3856 5448 qua

2189 5469 2261 5522 de
2290 5484 2352 5523 re
2383 5467 2531 5522 nihil
2591 5466 2847 5523 occurrit
2892 5466 3141 5523 ‘omnino
3198 5464 3258 5519 in
3299 5463 3560 5521 Sermone
3586 5464 3852 5520 Atirrhe—

2188 5558 2316 5621 lico,
2344 5571 2534 5627 neque
2563 5555 2625 5610 iii
2654 5555 2798 5611 locis
2827 5573 2862 5612 a
2908 5560 3090 5612 Becco
3141 5553 3452 5623 decerptis,
3494 5568 3561 5609 ac
3586 5553 3853 5609 secunda

2190 5646 2248 5700 in
2282 5644 2383 5701 illa
2413 5645 2673 5701 oratione
2703 5645 2989 5702 refutatis.
3018 5643 3164 5700 Hinc
3206 5641 3393 5698 evinci
3434 5642 3686 5709 videtur,
3717 5656 3853 5714 per-

2189 5749 2389 5807 peram
2421 5733 2762 5806 praedictam
2820 5731 3065 5790 inscribi
3123 5729 3442 5788 orationem
3502 5732 3565 5786 in
3623 5726 3850 5788 Tomum
