4090 6474
343 458 427 521 89

1579 458 1792 522 VITA.
1824 487 1902 504 —
1929 456 2450 521 DISSERTATIO
2492 457 2544 520 Ῑ.

3688 449 3770 515 90

350 593 552 665 Cyprii.
583 594 719 647 Haec
751 606 1090 664 anonymus
1118 589 1406 665 interpres
1441 593 1613 662 cujus
1647 592 1846 648 Latina
1875 607 2002 647 ver-
2031 592 2086 658 Α
2115 592 2189 647 ab
2239 591 2536 664 utroque).
2590 611 2618 641 »
2664 589 2880 647 Eadem
2932 588 3226 646 habentur
3274 583 3335 643 in
3383 585 3676 660 Opusculo
3721 587 3768 641 I’

349 684 433 738 sio
462 682 748 754 Lugdune
779 681 1132 737 Batavorum
1164 682 1236 738 ad
1269 698 1375 737 nos
1424 682 1777 738 transmissa
1807 686 1916 750 est,
1950 680 1998 736 si

349 771 623 838 novisset,
677 768 1020 823 nitidiorem
1067 769 1266 841 utique
1298 770 1576 825 Sermonis
1624 769 2002 840 Antirrhetici,

348 857 680 915 subsidium
735 856 952 912 Allatio
984 863 1314 928 praestante,
1352 859 1617 914 Latinam
1667 859 2007 930 interpreta-

345 948 560 1003 tionem
597 947 1088 1002 adornasset.Sed
1119 946 1298 1002 etiam
1322 947 1701 1003 doctissimus
1730 948 2004 1015 Allatius,

346 1037 690 1092 Sermonem
733 1035 893 1091 hunc
923 1035 974 1091 si
1009 1037 1328 1107 expendere
1359 1037 1547 1092 eidem
1599 1036 1878 1106 licuisset,
1912 1037 2004 1090 di-

342 1124 652 1196 ligentiore
681 1125 820 1180 crisi
869 1125 943 1181 de
969 1125 1204 1180 secunda
1231 1125 1536 1197 illa,quam
1569 1125 1827 1197 vulgavit
1872 1143 2002 1184 ora-

344 1216 515 1280 tione,
540 1213 898 1284 judicasset.
1576 1201 1578 1203 b

412 1302 509 1356 IV.
571 1302 806 1374 Georgii
862 1303 1055 1374 Cyprii
1111 1308 1336 1360 asserta
1391 1305 1618 1376 profero
1687 1303 2000 1376 praecipua,

339 1409 471 1463 qua
505 1391 802 1446 habentur
831 1391 892 1447 in
944 1391 1204 1448 Sermone
1230 1393 1619 1463 Antirrhetzco,
1649 1411 1784 1449 cum
1837 1393 2002 1449 Becci

338 1480 832 1537 refutationibus.
863 1480 967 1536 His
997 1482 1530 1538 animadversiones
1560 1484 1731 1549 addo,
1757 1499 1824 1538 ex
1851 1482 2004 1538 Tho-

339 1586 452 1625 me
483 1569 800 1641 Aquinatis
827 1569 1094 1626 doctrina
1123 1569 1472 1644 plerumque
1504 1573 1864 1643 desumptas.

413 1660 497 1729 (1)
526 1658 769 1730 Spiritus
814 1663 1058 1728 sanctus,
1089 1676 1214 1715 cum
1260 1661 1464 1716 dicitur
1491 1678 1564 1716 ea:
1612 1662 1849 1716 essentia
1893 1667 2002 1716 Pa-

337 1749 466 1813 tris,
499 1756 648 1804 recte
692 1750 893 1819 pieque
923 1757 977 1803 et
1023 1765 1093 1804 ex
1133 1752 1372 1806 essentia
1421 1751 1556 1806 Filii
1596 1753 1814 1806 dicetur
1843 1771 1861 1806 :
1890 1767 2005 1806 una

335 1838 621 1909 siquidem
667 1840 765 1906 est,
799 1847 852 1894 et
877 1839 966 1893 uti
991 1840 1248 1906 essentia,
1279 1840 1505 1895 nullam
1548 1839 1876 1896 divisionem
1904 1840 2002 1895 ad-

335 1929 539 2029 mittit.
569 1931 637 1982 Et
687 1928 839 2030 quqd
865 1943 982 1982 una
1009 1931 1110 1998 est,
1142 1929 1240 2000 qui
1283 1945 1356 1984 ea:
1384 1931 1620 1985 essentia
1664 1931 1852 1985 Patris
1881 1929 2002 2001 Spi-
2035 1966 2083 2030 Β

339 2017 483 2072 ritus
537 2031 653 2071 esse
696 2015 1044 2088 afﬁrmatur,
1083 2025 1132 2073 et
1179 2034 1252 2072 ea:
1293 2020 1525 2074 essentia
1569 2020 1702 2074 Filii
1745 2020 2007 2075 exsistere

337 2106 634 2160 asseritur.
664 2110 786 2162 Non
805 2114 1095 2177 prapterea
1126 2110 1310 2163 tamen
1339 2109 1584 2179 Spiritus
1612 2124 1682 2164 eo:
1728 2109 2008 2180 hypostasi

337 2195 474 2250 Filii
518 2197 628 2249 erit
653 2211 674 2255 ;
714 2195 840 2250 licet
888 2199 1264 2252 asseveranter
1309 2212 1382 2251 ex
1428 2199 1694 2263 essentia,
1745 2207 1796 2253 et
1841 2198 2006 2270 hypo-

335 2284 476 2338 stasi
513 2284 705 2338 Patris
750 2283 987 2340 dicatur.
1021 2307 1050 2334 «
1103 2285 1290 2358 Magis
1343 2302 1478 2359 ergo
1529 2286 1691 2358 pium
1739 2291 1914 2354 esset,
1947 2290 2004 2342 te

327 2372 539 2444 judice
563 2372 763 2442 (verba
794 2376 933 2428 sunt
980 2373 1187 2444 Becci),
1221 2373 1271 2430 si
1302 2378 1360 2430 et
1389 2391 1458 2430 ea:
1485 2391 1590 2430 sua
1618 2376 1796 2447 ipsius
1823 2391 2004 2432 essen-

335 2463 423 2517 tia
451 2460 711 2533 Spiritus
760 2461 1072 2517 diceretur.
1106 2462 1169 2517 Id
1201 2464 1356 2519 enim
1389 2464 1439 2520 si
1467 2481 1600 2520 vere
1640 2467 2002 2521 demonstre-

339 2555 457 2621 tur,
489 2567 626 2606 vere
675 2550 930 2606 auditori
977 2551 1270 2620 suadebit,
1304 2552 1527 2610 nullam
1559 2555 1632 2610 ob
1683 2554 1860 2611 aliam
1910 2572 2001 2611 ra-

337 2639 585 2709 tionem,
647 2638 752 2694 sed
817 2641 1228 2696 tantummodo
1286 2643 1350 2696 ob
1419 2644 1691 2698 unitatem
1760 2645 2004 2699 essentia:

331 2729 526 2784 Patris
555 2736 608 2783 et
631 2729 861 2796 Filii,ex
893 2728 1206 2801 utriusque
1225 2730 1480 2786 essentia
1503 2731 1786 2803 Spiritum
1813 2733 1998 2788 dici...

329 2819 528 2882 Quare
560 2834 696 2873 vero
743 2817 946 2884 dicito,
980 2835 1202 2890 quaeso,
1233 2821 1388 2891 quod
1419 2836 1489 2876 ex
1515 2822 1758 2876 essentia
1789 2823 1997 2889 Patris,

329 2917 381 2962 et
407 2923 482 2963 ex
510 2907 801 2978 hypostasi
828 2907 993 2962 illius
1022 2907 1238 2963 dicitur
1261 2907 1290 2962 ‘I
1310 2909 1474 2972 Quod
1505 2925 1641 2966 vero
1669 2925 1740 2965 ea:
1767 2913 2003 2967 essentia

331 2998 471 3052 Filii
510 3013 588 3051 ea:
638 2997 924 3066 hypostasi
953 2997 1114 3052 illius
1157 3013 1272 3052 non
1298 2997 1554 3054 dicetur?
1587 3019 1608 3049 υ
1647 2998 1860 3054 Nicaeni
1891 3004 1999 3055 Pa-

335 3088 468 3149 tres,
492 3083 570 3138 de
600 3082 751 3138 Filio
783 3084 1095 3138 adversum
1125 3084 1372 3140 Arianos
1402 3090 2000 3160 agentes,utrumque

339 3175 757 3243 expresserunt
807 3172 866 3226 in
899 3171 1200 3244 Symbolo,
1235 3172 1448 3228 Filium
1477 3191 1592 3230 esse
1621 3191 1690 3230 ea:
1717 3181 1910 3244 Patre,
1943 3181 2001 3233 et

334 3277 406 3317 ea:
443 3262 762 3316 substantia
810 3262 998 3316 Patris
1028 3278 1048 3314 :
1078 3277 1144 3316 ac
1178 3277 1318 3317 sane
1368 3262 1470 3334 qui
1522 3263 1781 3333 primum
1832 3265 1994 3337 dicit,

2115 685 2318 736 contra
2349 681 2681 737 Graecorum
2713 696 2960 736 errores.

2185 770 2262 841 (‘2)
2291 773 2442 826 Licet
2473 771 2578 840 (ait
2627 770 2893 843 Cyprius)
2925 769 3171 824 divinam
3195 767 3536 839 hypostasim
3563 766 3765 822 dividi-

2115 877 2234 915 mus
2264 861 2330 914 ab
2376 861 2613 915 essentia
2658 869 2715 914 at
2743 877 2854 914 non
2909 875 3134 926 carnea,
3165 871 3459 928 crassaque
3498 857 3770 912 divisione

2114 951 2405 1004 essentiam
2434 951 2502 1005 ab
2534 949 2813 1021 hypostasi
2839 951 3158 1020 partimur,-
3188 962 3362 1018 neque
3389 946 3556 1001 alteri
3582 945 3650 1000 ab
3677 946 3767 1000 αι-

2112 1040 2224 1094 tero
2254 1039 2498 1110 sejuncto
2525 1041 2812 1110 propriam
2839 1037 3156 1093 exhibemus
3185 1036 3580 1092 exsistentiam.
3608 1039 3765 1090 Tan-

2112 1127 2386 1182 tummodo
2414 1143 2478 1182 ea
2505 1128 2622 1182 sola
2651 1129 2866 1182 ratione
2883 1127 3244 1197 sejungimus,
3266 1139 3392 1196 quae
3417 1123 3635 1194 sejungi
3659 1139 3764 1177 na-

2114 1219 2241 1270 tura
2283 1232 2386 1271 sua
2435 1220 2566 1287 apta
2609 1231 2721 1271 non
2757 1221 2904 1271 sunt.
2957 1214 3044 1269 Ita
3072 1230 3230 1269 sane.
3264 1215 3337 1267 At
3380 1212 3429 1267 si
3478 1211 3599 1266 haec
3649 1227 3765 1266 non

2114 1304 2290 1360 fuerit
2319 1303 2431 1358 nisi
2461 1321 2566 1376 per
2593 1303 3003 1376 cogitationem
3029 1302 3326 1358 distinctio
3352 1319 3366 1370 ;
3399 1323 3428 1351 «
3464 1301 3764 1366 Quomodo

2113 1409 2249 1466 ergo
2291 1409 2636 1464 progressus
2687 1393 2941 1464 Spiritus
2993 1391 3184 1447 sancti
3225 1407 3294 1446 ex
3344 1389 3599 1445 essentia
3637 1388 3764 1443 Filii

2111 1483 2307 1550 fuerit,
2341 1483 2390 1538 si
2420 1499 2490 1538 ex
2541 1481 2798 1538 essentia
2846 1482 3069 1553 absque
3115 1478 3416 1552 hypostasi
3463 1478 3764 1550 progredi-

2111 1572 2258 1627 tur?
2293 1592 2322 1621 »
2355 1572 2608 1627 Persona
2652 1587 2928 1643 namque,
2963 1575 3065 1626 aut
3095 1568 3430 1642 hypostasis
3459 1566 3586 1622 Filii
3618 1566 3766 1622 nihil

2113 1661 2271 1717 aliud
2303 1665 2409 1726 est,
2445 1677 2623 1732 quam
2673 1660 2929 1716 essentia
2981 1660 3312 1715 subsistens
3357 1657 3416 1712 in
3467 1656 3634 1724 Filio,
3664 1659 3766 1712 aut

2113 1749 2413 1805 filiationis
2463 1754 2728 1821 respectu
2776 1749 2980 1805 aﬁ‘ecta
3012 1766 3024 1802 :
3057 1765 3184 1820 quae
3236 1747 3436 1802 ﬁliatio
3486 1761 3588 1818 per
3625 1744 3766 1800 acti-

2111 1854 2245 1892 vam
2292 1837 2674 1910 spirationem
2724 1836 2972 1892 refertur
3020 1837 3092 1892 ad
3140 1834 3422 1906 Spiritum
3467 1837 3757 1889 sanctum.

2113 1927 2257 1982 Vide
2287 1931 2463 1999 caput
2491 1926 2547 1992 5,
2581 1942 2746 1982 num.
2779 1927 2813 1980 3
2843 1925 2942 1998 (7).

2184 2016 2260 2088 (3)
2293 2016 2443 2085 Quod
2487 2018 2538 2072 si
2584 2032 2810 2072 causam
2859 2017 2920 2071 in
2964 2015 3259 2070 essentiam
3299 2014 3529 2084 referas,
3561 2015 3613 2068 et
3653 2026 3765 2067 non

2113 2108 2172 2161 in
2222 2105 2605 2177 hypostasim;
2634 2103 2897 2176 quomodo
2948 2106 3110 2159 Pater
3143 2105 3325 2174 potius
3373 2101 3605 2156 duorum
3632 2116 3763 2156 cau-

2112 2211 2176 2250 sa
2222 2197 2346 2261 erit,
2379 2203 2429 2250 et
2476 2210 2592 2250 non
2637 2198 2807 2249 etiam
2837 2195 2957 2264 ipsa
3002 2180 3330 2248 mutuosui
3375 2191 3552 2262 ipsius
3599 2205 3766 2246 causa

2112 2287 2293 2354 erunt,
2325 2287 2377 2338 et
2425 2284 2625 2351 Patris,
2659 2298 2785 2338 cum
2828 2299 3004 2337 unum
3045 2297 3193 2352 aque
3237 2282 3350 2336 sint
3395 2295 3624 2350 prorsus
3671 2295 3764 2333 se-

2112 2372 2353 2428 cundum
2399 2374 2693 2428 essentiam
2725 2376 2750 2425 .9
2798 2393 2827 2422 «
2879 2371 2982 2426 Hic
3030 2370 3289 2442 primum
3342 2368 3596 2424 dicimus
3647 2385 3660 2424 :
3713 2366 3765 2423 si

2114 2478 2350 2518 causam
2384 2461 2441 2517 in
2492 2461 2808 2517 essentiam
2859 2460 2992 2533 quis
3023 2475 3138 2515 non
3191 2458 3433 2526 deferat,
3468 2457 3762 2514 undenam

2114 2550 2350 2607 aliunde
2379 2567 2580 2607 eorum
2613 2567 2741 2622 quas
2773 2567 2841 2606 ex
2870 2565 3048 2604 causa
3077 2552 3234 2615 sunt,
3259 2563 3392 2602 cum
3425 2563 3602 2603 causa
3633 2561 3763 2602 con-

2113 2638 2500 2696 substantiale
2548 2624 2852 2711 colligetur
2870 2639 2964 2692 ‘2...
3015 2636 3187 2692 Nulla
3237 2636 3392 2709 cogit
3440 2634 3762 2692 necessitas

2113 2734 2348 2802 propter
2375 2731 2680 2784 essentiam
2699 2730 2760 2782 in
2788 2727 3040 2784 omnibus
3060 2726 3298 2782 similem
3325 2725 3534 2780 horum
3553 2724 3759 2793 trium,

2115 2835 2486 2876 communem
2521 2819 2709 2874 facere
2738 2817 2911 2874 etiam
2937 2816 3192 2872 causatis
3221 2819 3475 2888 paternas
3504 2813 3763 2870 essentia

2110 2907 2527 2964 fecunditatem
2559 2910 2602 2960 ἐ
2655 2924 2788 2963 cum
2839 2921 3225 2978 personarum
3275 2903 3660 2976 proprietates
3704 2907 3762 2959 et

2107 2996 2403 3053 secundum
2449 2996 2738 3052 essentiam
2769 2993 3019 3068 singulis
3049 2994 3243 3050 inesse
3289 2992 3626 3061 creduntur,
3657 2991 3761 3048 80

2109 3087 2159 3142 si
2201 3085 2430 3142 nullum
2481 3085 2541 3140 in
2593 3084 2711 3140 illis
2761 3084 3052 3150 accidens,
3087 3100 3275 3155 neque
3319 3081 3536 3138 deforis
3586 3080 3761 3137 adve-

2110 3175 2295 3231 niens.
2329 3180 2387 3229 et
2433 3173 2699 3230 essentiae
2731 3189 2834 3246 per
2880 3173 3078 3228 omnia
3109 3171 3299 3227 simile
3343 3187 3459 3227 non
3492 3171 3760 3244 deperdi-

2107 3270 2220 3319 tur.
2259 3287 2280 3316 ι
2319 3264 2462 3318 Rem
2514 3267 2757 3318 sanctus
2804 3262 3063 3318 Thomas
3110 3260 3357 3316 mirifice
3405 3259 3660 3316 illustrat
3688 3259 3761 3314 iis

333 3350 472 3406 dicit
501 3354 564 3406 et
611 3350 889 3417 alterum,
922 3353 982 3405 et
1013 3367 1043 3404 e
1071 3366 1370 3406 converso.
1404 3351 1521 3406 Cur
1566 3369 1704 3424 ergo
1753 3369 1869 3408 non
1901 3370 1995 3409 ea-
2027 3337 2068 3403 C
2107 3353 2151 3424 Ι,
2185 3353 2320 3408 dist.
2371 3369 2451 3420 x1,
2501 3351 2824 3423 quaestione
2854 3353 2901 3418 1,
2955 3355 3062 3406 art.
3097 3352 3132 3406 3
3167 3369 3179 3405 :
3212 3372 3241 3401 «
3274 3350 3465 3416 Pater,
3511 3353 3569 3404 et
3617 3347 3760 3404 Filio

331 3439 468 3494 dem
502 3438 724 3494 militet
778 3439 849 3493 de
878 3437 1101 3510 Spiritu
1133 3443 1336 3495 sancto
1367 3441 1537 3506 ratio,
1569 3457 1746 3512 quem
1798 3442 1997 3498 Patres

328 3530 549 3585 docent
578 3543 694 3584 esse
738 3543 809 3582 ea:
834 3527 982 3584 Filio
1012 3532 1070 3582 et
1091 3544 1195 3599 per
1242 3529 1473 3600 Filium,
1507 3534 1564 3584 et
1595 3544 1723 3586 esse
1754 3545 1826 3587 ea:
1870 3532 1996 3586 sub-

328 3619 549 3674 stantia
578 3615 668 3672 vel
700 3618 938 3672 essentia
971 3617 1068 3672 79
1097 3618 1278 3672 Filii?
1297 3618 1359 3673 Id
1386 3617 1448 3673 in
1480 3618 1622 3674 Filio
1655 3621 1999 3677 asserebant

326 3724 448 3762 una
496 3722 641 3762 voce
689 3706 909 3777 Patres,
973 3710 1040 3762 ut
1091 3706 1305 3762 Filium
1358 3708 1734 3764 ostenderent
1791 3726 1998 3766 verum

329 3795 548 3860 Deum,
583 3793 832 3850 minime
863 3811 898 3850 a
930 3799 1044 3850 Deo
1093 3795 1314 3850 factum
1345 3811 1414 3851 ex
1442 3812 1560 3851 non
1610 3797 1946 3853 extantibus
1978 3817 1994 3855 :

321 3884 384 3938 id
416 3883 602 3939 etiam
634 3883 710 3938 de
762 3883 986 3955 Spiritu
1028 3887 1233 3939 sancto
1282 3883 1397 3939 dici
1442 3889 1689 3956 oportet,
1724 3891 1791 3940 ut
1839 3904 1996 3944 unus

322 3989 466 4028 cum
497 3976 678 4028 Patre
726 3975 786 4028 et
814 3971 962 4028 Filio
993 3972 1150 4028 Deus
1196 3977 1512 4029 asseratur.
1545 3975 1624 4030 Eo
1665 3973 1755 4030 vel
1805 3975 1993 4032 maxi-

327 4078 422 4117 me
454 4062 726 4128 demum,
760 4061 918 4133 quod
951 4077 1044 4117 res
1075 4078 1195 4117 una
1222 4067 1330 4128 est,
1361 4066 1417 4117 et
1461 4062 1906 4135 simplicissima
1934 4065 1994 4121 in

329 4151 524 4215 Patre,
559 4154 622 4204 et
667 4148 730 4204 in
760 4148 907 4204 Filio
946 4135 1206 4218 essentia;
1235 4155 1293 4206 et
1336 4152 1647 4223 hypostasis
1675 4170 1695 4208 :
1726 4157 1792 4208 ut
1846 4153 1994 4209 nihil

325 4237 402 4294 sit
432 4236 605 4294 aliud
648 4252 906 4310 persona,
951 4253 1132 4309 quam
1178 4241 1412 4294 essentia
1461 4241 1808 4304 subsistens;
1839 4244 1996 4300 unde

326 4343 393 4382 cx
444 4327 708 4383 essentia
766 4343 882 4382 non
941 4330 1133 4398 potest
1186 4344 1317 4384 esse
1364 4344 1613 4399 persona
1678 4331 1992 4404 quospiam,

328 4416 476 4488 quin
529 4415 610 4471 sit
658 4431 729 4470 ex
779 4415 986 4471 eadem
1042 4432 1315 4488 persona,
1369 4418 1539 4488 cujus
1582 4422 1673 4475 est
1717 4421 1990 4476 essentia.

331 4505 595 4560 Sanctus
646 4503 926 4570 Thomas,
977 4502 1125 4559 libro
1175 4521 1252 4575 ιν,
1307 4504 1506 4560 Contra
1549 4511 1755 4578 gentes,
1805 4509 1994 4580 capite

327 4595 420 4664 24,
455 4609 626 4648 num.
669 4592 723 4659 3,
756 4592 908 4648 hanc
960 4591 1173 4649 refellit
1202 4593 1533 4650 Graecorum
1582 4595 1992 4668 objectionem,

327 4682 616 4754 inquiens
636 4698 670 4773 ί
681 4771 693 4773 _
714 4704 744 4732 κ
775 4681 1022 4773 Joannis
1070 4682 1214 4773 XVI,
1248 4682 1390 4739 dicit
1436 4683 1619 4739 Filius
1650 4685 1721 4741 de
1771 4685 1992 4758 Spiritu
2024 4707 2072 4773 Β

329 4775 539 4827 sancto
576 4787 590 4826 :
625 4771 726 4827 Ille
770 4787 858 4825 me
905 4771 1264 4841 clariﬁcabit,
1291 4773 1432 4844 quia
1476 4773 1541 4828 de
1579 4789 1699 4830 meo
1744 4776 1994 4846 accipiet,

328 4870 380 4918 et
405 4859 790 4917 annuntiabit
841 4858 1012 4914 vobis.
1046 4860 1172 4918 Non
1204 4864 1400 4915 autem
1432 4866 1626 4932 potest
1673 4863 1810 4928 dici,
1842 4865 2000 4935 quod

331 4949 589 5022 accipiat
633 4948 692 5004 id
739 4947 884 5020 quod
927 4951 1006 5003 est
1050 4950 1204 5021 Filii,
1237 4965 1354 5004 non
1401 4953 1599 5006 tamen
1637 4967 1672 5006 a
1715 4953 1856 5008 Filio
1885 4971 1904 5008 :
1937 4957 2003 5008 ut

333 5043 483 5111 puta
513 5038 565 5095 si
619 5037 873 5108 dicatur,
907 5038 1064 5110 quod
1097 5038 1346 5111 accipiat
1393 5040 1684 5095 essentiam
1730 5039 1997 5112 divinam,

333 5144 465 5200 qum
499 5129 596 5183 est
626 5125 781 5194 Filii,
810 5141 847 5181 a
873 5129 1064 5182 Patre.
1096 5127 1245 5182 Nam
1277 5126 1556 5184 subditur
1586 5145 1599 5183 :
1634 5127 1832 5185 Omnia
1861 5147 2002 5200 qua-

334 5233 554 5289 cunque
583 5215 759 5272 habet
782 5215 970 5284 Pater,
1002 5231 1125 5271 mea
1152 5223 1284 5272 sunt
1313 5235 1335 5272 :
1359 5220 1649 5290 propterea
1677 5217 1800 5273 dixi
1825 5221 2000 5288 vobis,

329 5309 464 5378 quia
491 5307 559 5363 de
605 5321 728 5361 meo
770 5305 1037 5375 accipiet..
1057 5304 1118 5361 Si
1168 5304 1326 5361 enim
1379 5305 1596 5375 omnia,
1632 5323 1760 5377 quae
1808 5308 1999 5365 Patris

329 5402 488 5465 sunt,
521 5400 585 5453 et
617 5393 752 5450 Filii
785 5397 944 5460 sunt,
979 5398 1208 5465 oportet
1238 5395 1395 5466 quod
1425 5395 1744 5452 auctoritas
1787 5397 1997 5463 Patris,

324 5486 662 5541 secundum
715 5498 895 5554 quam
936 5485 1026 5538 est
1055 5482 1431 5554 [principium
1482 5484 1737 5556 Spiritus
1785 5487 1995 5550 sancti,

324 5575 401 5631 sit
431 5579 490 5632 et
523 5573 681 5630 Filii.
719 5571 887 5628 Sicut
939 5587 1078 5646 ergo
1110 5577 1168 5628 et
1214 5572 1471 5645 Spiritus
1495 5577 1738 5630 sanctus
1788 5574 1999 5648 accipit

319 5664 387 5721 de
414 5682 483 5722 eo
515 5663 683 5737 quod
732 5665 824 5716 est
865 5659 1080 5729 Patris,
1114 5673 1148 5716 a
1177 5661 1346 5718 Patre
1383 5679 1395 5716 :
1429 5662 1512 5718 ita
1554 5661 1768 5734 accipit
1817 5664 1888 5719 de
1929 5680 1996 5719 eo

315 5755 466 5828 quod
515 5757 613 5812 est
657 5749 817 5819 Filii,
849 5766 884 5806 a
921 5743 1070 5806 Filio
1119 5750 1400 5821 (divinam
1449 5750 1672 5808 scilicet
1723 5756 1994 5811 naturam

2107 3441 2337 3512 spirant
2366 3439 2642 3513 spiritum
2667 3443 2961 3506 sanctum,
2994 3439 3053 3494 in
3086 3442 3373 3512 quantum
3405 3441 3546 3494 sunt
3573 3454 3760 3492 unum

2106 3529 2164 3584 in
2205 3530 2453 3602 potentia
2503 3529 2792 3599 spirativa.
2825 3527 3091 3583 Potentia
3120 3531 3316 3583 autem
3361 3525 3643 3598 spirativa
3673 3525 3762 3581 di-

2106 3618 2185 3672 cit
2213 3617 2440 3688 aliquid
2467 3617 2710 3672 medium
2739 3617 2891 3671 inter
2920 3618 3214 3672 essentiam
3243 3619 3301 3670 et
3325 3616 3714 3687 proprietatem
3739 3632 3760 3670 :

2106 3724 2173 3762 eo
2205 3707 2361 3778 quod
2392 3706 2534 3761 dicit
2563 3706 2859 3761 essentiam
2886 3707 2987 3760 sub
3025 3705 3238 3760 ratione
3263 3705 3638 3776 proprietatis.
3670 3704 3764 3758 Sic

2106 3796 2264 3852 enim
2297 3801 2463 3851 actus
2515 3793 2835 3850 notionalis
2883 3793 2992 3865 (vel
3034 3794 3350 3864 generatio,
3383 3791 3470 3848 vel
3520 3792 3762 3865 spiratio

2107 3885 2314 3957 activa)
2345 3885 2415 3940 ab
2447 3886 2683 3940 essentia
2732 3883 3034 3956 egreditur
3063 3899 3076 3938 :
3113 3899 3230 3939 non
3281 3883 3435 3938 sicut
3465 3882 3537 3937 ab
3566 3886 3762 3951 agente

2105 3974 2284 4047 (quod
2317 3973 2481 4045 agit),
2517 3973 2615 4029 sed
2657 3973 2811 4028 sicut
2840 3972 2911 4028 ab
2943 3989 3029 4040 eo,
3065 3989 3169 4043 quo
3210 3973 3416 4042 agitur.
3450 3971 3759 4027 Generatio

2105 4063 2263 4118 enim
2297 4079 2412 4117 non
2464 4061 2762 4134 egreditur
2810 4061 2881 4116 ab
2928 4063 3202 4128 essentia,
3237 4061 3296 4115 in
3347 4064 3636 4133 quantum
3668 4063 3760 4114 est

2104 4151 2380 4220 essentia,
2414 4151 2515 4206 sed
2547 4149 2606 4204 in
2640 4154 2927 4221 quantum
2961 4155 3052 4205 est
3089 4149 3430 4222 paternitas.
3464 4148 3613 4204 Etsi
3645 4148 3760 4204 ista

2104 4241 2242 4311 duo,
2274 4238 2498 4295 scilicet
2549 4238 2805 4294 essentia
2854 4242 2912 4294 et
2965 4238 3310 4310 paternitas,
3343 4237 3648 4292 diﬂ‘errent
3695 4237 3756 4293 in

2104 4329 2338 4396 divinis,
2372 4327 2745 4399 egrederetur
2791 4327 2864 4382 ab
2912 4331 3159 4400 utroque
3205 4325 3540 4399 generatio;
3574 4326 3675 4382 sed
3725 4343 3760 4381 a

2103 4417 2457 4490 paternitate
2483 4415 2841 4483 immediate,
2864 4419 2921 4471 et
2950 4415 3022 4471 ab
3051 4415 3307 4472 essentia
3328 4415 3483 4470 sicut
3512 4431 3546 4470 a
3565 4415 3755 4486 primo

2105 4506 2413 4580 principio.
2469 4505 2747 4560 Similiter
2796 4504 2945 4576 dico,
2979 4505 3132 4576 quod
3179 4506 3413 4577 spiratio
3458 4503 3757 4576 egreditur

2103 4596 2176 4651 ab
2205 4597 2465 4660 essentia,
2498 4611 2614 4649 non
2647 4593 2801 4650 sicut
2838 4611 2872 4649 a
2900 4595 3164 4665 spirante,
3197 4593 3297 4649 sed
3348 4592 3501 4649 sicut
3534 4611 3566 4649 a
3593 4595 3754 4665 prin-

2102 4686 2244 4757 cipio
2273 4685 2610 4757 spirationis
2644 4701 2662 4738 :
2691 4683 2749 4737 in
2785 4687 3073 4755 quantum
3121 4683 3299 4739 habet
3328 4669 3615 4738 rationem
3647 4682 3752 4738 ali-

2105 4775 2274 4844 cujus
2317 4772 2594 4840 notionis,
2629 4788 2756 4844 quis
2805 4776 2894 4828 est
2940 4772 3272 4828 communis
3302 4773 3460 4829 Patri
3503 4777 3560 4828 et
3589 4771 3754 4840 Filio,

2113 4879 2240 4935 quae
2267 4862 2480 4918 dicitur
2509 4863 2816 4916 communis
2843 4861 3098 4932 spiratio.
3134 4861 3203 4916 Et
3232 4861 3316 4916 ita
3349 4862 3626 4934 spirativa
3656 4879 3758 4934 po-

2110 4951 2298 5008 tentia
2327 4950 2474 5006 dicit
2515 4949 2834 5006 essentiam
2878 4949 2987 5005 sub
3017 4951 3242 5006 ratione
3272 4949 3407 5006 talis
3437 4951 3760 5024 proprieta-

2109 5041 2207 5096 tis.
2243 5044 2310 5094 Et
2340 5039 2470 5095 ideo
2500 5039 2652 5105 dico,
2687 5039 2842 5110 quod
2876 5039 3138 5110 procedit
3167 5038 3423 5111 Spiritus
3454 5044 3694 5096 sanctus
3725 5057 3760 5096 a

2110 5129 2298 5199 Patre,
2330 5134 2387 5184 et
2417 5127 2560 5184 Filio
2585 5142 2599 5183 :
2633 5126 2692 5181 in
2724 5131 3012 5198 quantum
3035 5131 3176 5184 sunt
3204 5144 3381 5184 unum
3410 5129 3472 5183 in
3500 5130 3757 5200 essentia,

2107 5227 2160 5274 et
2188 5221 2247 5274 in
2277 5220 2476 5290 aliqua
2503 5217 2744 5283 notione,
2772 5214 2995 5271 scilicet
3025 5217 3325 5272 communi
3357 5217 3695 5288 spiratione.
3725 5238 3754 5268 >ι

2110 5310 2197 5364 Ita
2226 5307 2446 5363 scilicet
2490 5306 2707 5361 Beccus
2758 5303 2884 5360 loco
2915 5305 3092 5362 citato
3124 5322 3246 5362 rem
3296 5306 3445 5362 hanc
3475 5305 3759 5378 intellige-

2108 5397 2226 5464 bat,
2259 5395 2718 5468 exponebatque.

2183 5488 2258 5558 (4)
2290 5486 2466 5545 Multa
2517 5491 2644 5539 sunt
2688 5483 2863 5555 illius,
2897 5500 2966 5540 ea:
3012 5486 3203 5556 aliquo
3248 5485 3630 5556 signiﬁcata...
3679 5486 3754 5539 si-

2105 5576 2332 5648 gniﬁcat
2380 5575 2530 5630 enim
2577 5573 2637 5628 id
2683 5573 2824 5643 quod
2869 5589 2938 5628 ea:
2965 5574 3150 5647 aliquo
3195 5573 3460 5641 subsistit,
3492 5581 3543 5630 et
3580 5589 3757 5630 essen-

2107 5667 2242 5720 tiam
2286 5664 2710 5734 consequitur...
2742 5663 2903 5718 Notat
2951 5665 3115 5718 etiam
3163 5679 3232 5718 ex
3279 5663 3756 5720 Consubstantiali

2105 5754 2628 5825 manifestationem,
2661 5755 2712 5807 et
2759 5753 2922 5826 quasi
2964 5761 3323 5810 ostenszonem
3350 5771 3372 5808 .·
3400 5765 3510 5828 qua
3537 5753 3757 5815 ratione
