4090 6490
309 423 380 486 91
1347 427 1666 492 GEORGII
1707 427 1971 492 CYPRII
2015 427 2132 490 GP.
2181 420 2709 491 PATBIARGHE
3644 431 3724 492 92

308 559 566 629 dicimus,
620 559 913 618 Dominum
961 566 1224 620 naturam
1275 582 1347 622 ex
1373 569 1532 623 nobis
1580 571 1958 640 assumpsisse,
1991 562 2045 628 Α
2074 561 2232 626 dent.
2285 561 2570 635 quidquid
2622 579 2691 618 ex
2743 566 2914 618 Ραίνε
2959 577 3058 625 per
3107 561 3315 618 Filium
3363 560 3602 631 dicitur,
3648 581 3725 621 etv

308 658 406 706 aut
430 649 595 707 nobis
644 655 1187 711 consubstantialem.
1222 656 1426 714 Veram
1475 659 1775 717 enimvero
1817 659 1959 731 quid

308 757 378 796 ex
405 742 588 813 aliquo
617 745 964 799 essentialem
997 746 1412 816 productionem
1441 751 1625 821 aptius
1655 767 1960 822 repraesen-

309 831 449 886 tabit
500 831 916 900 manifestabit,
965 836 1275 906 ostendet),
1319 837 1431 892 nisi
1479 838 1622 894 illud
1682 841 1958 912 (nempe),

313 919 415 973 hoc
444 919 579 989 quid
614 937 682 975 ex
714 922 820 977 hoc
871 924 1214 980 naturaliter
1260 928 1558 992 exsistere,
1590 933 1648 983 et
1677 929 1960 983 essentia-

310 1006 490 1063 liter?
539 1008 816 1065 Praeterea
862 1016 962 1066 aut
1008 1028 1322 1070 commune
1369 1022 1459 1070 est
1507 1018 1660 1072 Patri
1711 1022 1766 1072 et
1797 1017 1959 1084 Filio,

314 1098 676 1153 manifestari
708 1109 758 1154 et
791 1103 1018 1156 ostendi
1065 1119 1138 1158 ex
1168 1109 1420 1175 utroque
1475 1107 1759 1176 Spiritum
1791 1124 1960 1162 sanc-

313 1191 441 1241 tum
469 1205 481 1253 ;
516 1204 620 1242 cur
649 1205 762 1244 non
796 1190 972 1245 etiam
1007 1193 1241 1264 utrique
1273 1211 1584 1250 commune
1615 1197 1806 1260 fuerit,
1832 1197 1962 1266 Spi-

311 1276 492 1331 ritum
525 1282 790 1332 sanctum
825 1296 890 1334 ex
921 1285 1168 1354 utroque
1198 1283 1601 1354 subsistere,et
1638 1285 1964 1340 exsistere?

312 1367 427 1419 Aut
457 1365 814 1421 subsistendi
849 1372 904 1422 et
931 1369 1213 1425 existendi
1261 1371 1553 1426 notionem
1588 1373 1635 1427 si
1666 1371 1855 1428 solum
1891 1373 1959 1427 ad

315 1454 542 1509 Patrem
574 1455 830 1523 referas;
866 1473 970 1512 cur
1019 1459 1194 1514 etiam
1244 1461 1588 1516 ostendendi
1637 1465 1694 1516 et
1724 1462 1966 1516 manife-

314 1543 508 1598 standi
539 1544 834 1600 notionem
887 1546 990 1601 soli
1028 1549 1168 1604 Filio
1221 1567 1334 1604 non
1367 1549 1605 1605 addicas
1630 1550 1658 1605 ‘?
1704 1551 1811 1605 Sed
1845 1567 1964 1606 non

316 1634 664 1688 concedes...
707 1635 962 1706 Denique
992 1653 1059 1692 ex
1091 1643 1289 1694 nostra
1311 1645 1520 1694 natura
1551 1641 1704 1695 facta
1740 1639 1965 1694 Domini

313 1722 732 1786 manilestatio,
763 1729 821 1779 et
867 1727 1124 1782 ostensio
1155 1745 1396 1799 prorsus
1427 1730 1624 1784 innuit
1671 1729 1832 1784 illius
1869 1745 1965 1783 ex-

316 1810 644 1867 sistentiam
688 1815 1013 1870 secundum
1048 1817 1364 1873 hominem.
1399 1819 1528 1873 Hinc
1577 1819 1774 1890 itaque
1805 1819 1854 1874 si
1887 1819 1969 1874 ita

318 1917 380 1956 se
414 1901 665 2000 habent;
700 1903 878 1958 etiam
930 1922 999 1959 ex
1031 1905 1172 1960 Filio
1201 1907 1454 1977 Spiritus
1487 1907 1880 1963 manifestatio
1910 1911 1968 1962 et
1996 1936 2043 2001 B

317 1990 573 2046 ostensio
604 1994 1047 2063 repraesentabit
1075 1997 1204 2065 ejus
1230 2013 1298 2051 ex
1332 1995 1474 2052 Filio
1504 1997 1964 2052 exsistentiam.»

315 2077 624 2148 Superiora
655 2079 842 2150 capite
873 2099 1037 2137 num.
1071 2084 1105 2136 3
1136 2085 1235 2153 (1),
1270 2084 1556 2140 nonnulla
1583 2085 1818 2140 Patrum
1850 2089 1966 2140 tes-

315 2166 565 2222 timonia
592 2164 1006 2238 indicavimus,
1040 2171 1254 2242 quibus
1303 2173 1642 2228 Divinarum
1700 2191 1969 2246 persona-

317 2273 451 2311 rum
492 2257 892 2314 emanationes
938 2260 1309 2330 appellantur
1359 2262 1710 2334 effulgentiaz,
1743 2264 1967 2334 explen-

316 2345 622 2411 descentiae,
675 2363 886 2418 nempe
943 2352 1299 2417 ostensiones,
1363 2356 1420 2406 et
1465 2353 1965 2426 mani/estationes.

317 2433 464 2489 Hinc
512 2435 997 2506 frequentissimae
1046 2439 1139 2494 81
1196 2443 1436 2496 Patrum
1487 2441 1807 2504 sententias,
1839 2458 1966 2512 quae

316 2527 447 2579 tum
473 2524 752 2591 Verbum,
786 2529 913 2581 tum
947 2528 1228 2600 Spiritum
1264 2535 1533 2585 sanctum
1564 2535 1773 2585 vocant
1800 2530 1972 2585 lumi-

2068 669 2178 709 uno
2210 654 2314 708 Deo
2363 669 2510 720 esse,
2545 657 2601 708 et
2651 653 2785 708 dici.
2821 675 2848 701 ››
2881 651 3080 708 Virtus
3127 652 3425 724 spirativa,
3474 670 3601 725 quae
3632 660 3726 712 est

2071 742 2131 798 in
2162 742 2399 810 Patre,a
2433 744 2601 798 Patre
2633 742 3105 798 communicatur
3137 741 3301 811 Filio,
3326 759 3574 799 manens
3605 761 3726 800 una

2069 837 2126 888 et
2155 833 2358 888 eadem
2389 832 2448 886 in
2481 837 2750 904 utroque.

2144 923 2220 993 (7)
2251 921 2352 976 Sea
2392 939 2461 976 ea:
2488 922 2634 978 Filio
2687 921 2924 992 Spiritus
2952 921 3268 992 procedens,
3299 937 3369 977 ea:
3414 922 3583 977 Patre
3613 938 3724 978 non

2069 1010 2416 1081 procederet:
2445 1011 2538 1065 sed
2556 1013 2737 1082 potius
2763 1018 3140 1080 generaretur,
3156 1013 3208 1065 si
3236 1015 3292 1065 et
3312 1012 3504 1079 Filius,
3528 1029 3599 1066 ea:
3619 1029 3724 1083 quo

2071 1101 2336 1171 Spiritus,
2361 1116 2431 1155 ex
2457 1102 2633 1156 Patre
2653 1108 2971 1170 generatur.
2996 1100 3264 1154 Nondum
3291 1099 3549 1172 intelligo
3578 1101 3721 1172 quid

2073 1190 2143 1244 ad
2170 1189 2474 1244 veritatem
2505 1190 2616 1244 ista
2665 1189 2896 1244 faciant.
2932 1189 3079 1252 Quid
3132 1188 3288 1243 enim
3333 1187 3581 1260 impedit
3612 1206 3720 1244 nos

2073 1283 2275 1334 contra
2303 1284 2662 1350 opponentes
2706 1280 2896 1335 dicere
2927 1298 2938 1333 :
2977 1279 3035 1334 Si
3065 1295 3163 1350 per
3200 1280 3414 1335 Filium
3463 1279 3730 1350 procedit

2073 1368 2327 1439 Spiritus
2359 1373 2619 1436 sanctus,
2653 1385 2768 1423 non
2799 1386 2866 1423 ex
2897 1373 3064 1423 Patre
3098 1368 3451 1440 procederet,
3486 1368 3585 1423 sed
3619 1385 3729 1439 po-

2072 1458 2190 1512 tius
2221 1458 2641 1529 generaretur?
2673 1480 2699 1506 »
2734 1457 3172 1528 Difﬁcultatem,
3207 1458 3255 1512 si
3287 1473 3404 1528 qua
3432 1463 3539 1525 est,
3575 1458 3725 1512 Tho-

2075 1563 2202 1602 mas
2233 1545 2485 1615 exhibet,
2515 1548 2738 1618 (quaest.
2775 1547 2860 1616 10,
2895 1547 2965 1602 de
3013 1546 3291 1616 potentia,
3324 1551 3430 1601 art.
3466 1547 3520 1614 4,
3554 1563 3724 1601 num.

2073 1637 2127 1689 2.
2159 1637 2225 1692 Si
2253 1636 2430 1690 Filius
2471 1639 2552 1690 est
2596 1636 2936 1706 principium
2985 1635 3226 1707 Spiritus
3253 1637 3451 1703 sancti,
3485 1639 3582 1690 aut
3629 1635 3732 1690 hoc

2075 1725 2235 1779 habet
2263 1741 2299 1779 a
2333 1740 2410 1790 se,
2443 1732 2539 1779 aut
2585 1725 2660 1779 ab
2688 1725 2821 1780 alio.
2853 1725 2892 1778 A
2940 1741 2996 1778 se
3043 1741 3155 1779 non
3195 1724 3362 1779 habet
3387 1742 3409 1778 :
3439 1741 3548 1780 non
3579 1725 3729 1778 enim

2077 1813 2176 1869 82
2209 1814 2367 1878 Filio,
2401 1815 2463 1868 in
2489 1821 2757 1884 quantum
2796 1812 2976 1868 Filius
3006 1816 3104 1876 est,
3135 1814 3388 1868 convenit
3433 1828 3551 1868 esse
3575 1815 3734 1884 prin-

2074 1904 2303 1974 cipium,
2333 1902 2424 1958 sed
2451 1904 2632 1971 magis
2660 1919 2694 1957 a
2721 1904 3024 1974 principio.
3059 1901 3119 1957 Si
3161 1911 3346 1958 autem
3374 1901 3537 1957 habet
3565 1919 3599 1957 a
3629 1903 3736 1957 Pa-

2073 1995 2175 2058 tre,
2208 1995 2416 2062 oportet
2444 1991 2585 2062 quod
2622 1991 2720 2046 hoc
2749 1991 2904 2046 modo
2949 1993 3022 2045 sit
3069 1992 3428 2062 principium,
3456 1993 3595 2046 sicut
3627 1992 3734 2046 Pa-

2076 2090 2175 2136 ter.
2209 2082 2372 2137 Pater
2395 2085 2589 2136 'autem
2617 2086 2702 2135 est
2743 2081 3089 2152 principium
3119 2097 3218 2153 per
3264 2082 3681 2150 generationem
3719 2097 3733 2136 :

2077 2185 2205 2238 ergo
2233 2171 2408 2225 Filius
2437 2171 2542 2226 erit
2566 2171 2907 2242 principium
2957 2169 3196 2242 Spiritus
3223 2171 3400 2225 sancti
3440 2186 3543 2240 per
3570 2185 3739 2238 gene-

2077 2261 2373 2314 rationem.
2406 2259 2719 2330 Egregium
2763 2259 2956 2330 accipe
2987 2259 3222 2315 Thomas
3273 2275 3626 2330 responsum
3659 2260 3736 2314 ad
3837 2324 3840 2326 γ

2077 2349 2130 2402 2.
2163 2370 2192 2398 ‹‹
2221 2348 2569 2418 Dicendum,
2593 2349 2748 2419 quod
2782 2347 2964 2404 Filius
2983 2348 3094 2403 hoc
3117 2347 3296 2404 habet
3322 2365 3356 2404 a
3384 2348 3741 2419 Patre,quod

2079 2454 2148 2492 ex
2180 2453 2242 2492 se
2273 2437 2554 2508 Spiritum
2607 2441 2879 2492 sanctum
2929 2437 3160 2492 emittat
3191 2455 3204 2492 :
3240 2437 3396 2492 unde
3444 2441 3502 2492 et
3533 2438 3744 2493 eodem

2081 2526 2253 2581 modo
2285 2527 2553 2580 convenit
2583 2525 2654 2592 si,
2687 2525 2840 2581 sicut
2868 2529 2924 2580 et
2954 2526 3130 2581 Patri.
3161 2525 3272 2580 Sed
3304 2526 3472 2581 Pater
3501 2543 3616 2580 non
3649 2531 3744 2582 est

317 2629 413 2678 na,
447 2613 756 2684 imagines,
782 2615 997 2685 sigilla,
1024 2616 1410 2686 characteres,
1436 2635 1503 2674 ac
1533 2620 1748 2675 facies:
1782 2619 1972 2675 Patris
2075 2617 2430 2687 principium
2485 2614 2693 2669 dii/inin
2741 2631 3003 2686 personae
3036 2630 3143 2670 uno
3194 2615 3600 2682 tantummodO.
3631 2617 3737 2671 sed

316 2701 523 2774 utique
557 2701 790 2769 Filium,
823 2708 880 2759 et
927 2705 1057 2760 Filii
1089 2707 1371 2778 Spiritum
1406 2713 1699 2775 sanctum,
1732 2709 1972 2764 Germa-

317 2807 462 2846 num
493 2790 753 2847 declarat
784 2810 1026 2850 sensum
1057 2801 1300 2851 sanctus
1328 2797 1583 2854 Thomas
1614 2798 1672 2853 in
1705 2799 1972 2869 Opuscu-

318 2878 375 2935 lo
406 2879 451 2948 Ι,
486 2885 690 2937 contra
717 2898 944 2939 errores
974 2884 1328 2942 Graecorum.

390 3014 467 3084 (5)
511 3015 595 3069 Es:
648 3020 806 3086 patre
855 3016 1102 3088 Cyrillus
1148 3019 1363 3086 scribit,
1397 3022 1673 3093 Spiritum
1718 3021 1976 3093 progredi

317 3101 494 3156 veluti
530 3117 600 3157 ea:
635 3119 746 3170 ore,
780 3112 833 3160 et
860 3105 1015 3177 fonte
1069 3108 1256 3163 Patre.
1291 3109 1422 3165 Haec
1471 3126 1607 3165 vero
1652 3115 1816 3177 sunt,
1846 3128 1973 3182 quae

319 3189 575 3260 Spiritus
629 3193 812 3247 sancti
874 3196 1307 3264 processionem
1357 3199 1537 3254 etiam
1587 3217 1620 3255 a
1676 3199 1817 3254 Filio
1868 3200 1972 3254 de-

322 3282 670 3334 monstrant.
724 3300 744 3328 α
782 3282 1010 3338 Etenim
1043 3284 1090 3339 si
1127 3285 1228 3356 qui
1281 3303 1349 3342 ex
1380 3304 1479 3342 ore
1509 3289 1696 3344 Patris
1745 3305 1973 3361 progre-

321 3367 480 3422 ditur
509 3367 785 3441 Spiritus,
818 3375 875 3426 et
927 3371 1097 3428 Pater
1125 3391 1189 3430 os
1220 3375 1296 3430 sit
1327 3392 1340 3429 :
1375 3391 1442 3431 ex
1487 3377 1655 3432 Patre
1685 3381 1971 3433 exsisten-

322 3456 467 3510 tiam
501 3455 696 3522 habet,
729 3469 996 3530 apertum
1047 3469 1330 3532 remanet,
1362 3465 1644 3536 Spiritum
1677 3471 1976 3534 sanctum,

325 3545 427 3617 qui
459 3544 700 3616 Spiritus
741 3550 838 3603 ori
882 3550 983 3604 Dei
1011 3550 1247 3619 dicitur,
1279 3570 1347 3608 ex
1396 3555 1539 3610 Filio
1571 3572 1699 3611 esse
1747 3561 1804 3612 et
1832 3556 1977 3612 exsi-

326 3632 604 3688 stentiam
636 3634 849 3691 habere
884 3679 895 3690 .
927 3680 939 3692 .
977 3680 990 3692 .
1021 3638 1077 3693 Si
1101 3655 1235 3695 vero
1258 3641 1399 3714 quia
1428 3643 1558 3698 fons
1577 3645 1706 3714 fons
1736 3644 1977 3717 Spiritus

326 3725 416 3776 est
445 3725 634 3793 Pater,
680 3728 985 3796 propterea
1015 3743 1083 3782 ex
1116 3731 1285 3784 Patre
1333 3731 1582 3800 Spiritus
1627 3737 1718 3788 est
1749 3750 1762 3788 :
1797 3749 1978 3805 quare

329 3826 446 3864 non
477 3813 535 3864 et
563 3827 597 3866 a
640 3811 800 3880 Filio,
833 3831 966 3870 cum
1010 3817 1227 3872 eaedem
1277 3819 1588 3891 Scriptura
1619 3821 1978 3893 (Patresque)

327 3900 537 3969 fontem
584 3900 848 3970 ejusdem
901 3903 1153 3974 Spiritus
1199 3907 1404 3962 Filium
1451 3909 1895 3980 depraedicant?
1949 3931 1978 3960 ››

331 3987 545 4042 Praesto
575 3992 715 4043 sunt
743 3989 934 4060 Cyrilli
964 4008 998 4046 a
1027 3993 1232 4065 Cyprio
1279 3994 1500 4050 laudati
1531 3997 1889 4054 testimonia.
1925 3999 1982 4054 Is

331 4075 486 4130 enim
517 4075 666 4132 libro
707 4078 768 4132 in
799 4079 1041 4137 Joannis
1093 4083 1458 4156 evangelium
1499 4087 1570 4141 ad
1622 4087 1859 4159 septimi
1886 4105 1980 4142 ca-

333 4162 471 4235 pitis
493 4180 725 4221 comma
741 4168 832 4235 38,
854 4168 1150 4226 Christum
1174 4189 1303 4228 esse
1321 4175 1537 4243 fontem
1559 4176 1742 4246 docet,
1775 4180 1833 4231 et
1861 4176 1984 4247 Spi-

335 4251 513 4307 ritum
538 4261 807 4311 sanctum
833 4273 1040 4328 aquam
1065 4259 1513 4333 interpretatur:
1538 4263 1716 4335 idque
1737 4265 1810 4319 ad
1833 4265 1986 4334 ejus-

335 4341 468 4395 dem
501 4343 688 4398 sancti
719 4345 973 4417 Spiritus
1011 4358 1278 4404 naturam
1308 4352 1676 4407 referendum
1707 4370 1856 4420 esse,
1889 4354 1984 4418 ad-

339 4434 502 4486 notat
532 4431 764 4506 dialogo
803 4451 901 4502 vn,
935 4437 1006 4491 de
1036 4443 1240 4493 sancta
1270 4439 1552 4495 Trinitate
1591 4441 1745 4497 circa
1786 4442 1988 4499 ﬁnem.

339 4517 497 4574 Alios
518 4527 824 4577 enumerat
840 4527 1046 4581 Patres
1066 4526 1336 4582 Petavius
1357 4527 1505 4584 libro
1525 4545 1630 4595 vn,
1644 4546 1769 4601 cap.
1785 4532 1838 4596 4,
1864 4530 1991 4602 qui-

341 4607 454 4661 bus
471 4608 509 4662 ii
534 4613 876 4667 accensendi
903 4615 1435 4687 sunt,quiSpiritus
1455 4619 1642 4673 sancti
1665 4620 1988 4690 processio-

341 4713 476 4750 nem
511 4713 545 4752 a
572 4697 742 4755 Patre
771 4706 828 4756 et
857 4719 890 4756 a
920 4703 1066 4758 Filio
1095 4705 1288 4760 verbis
1319 4706 1634 4777 declarant,
1669 4724 1796 4780 quae
1823 4726 1988 4780 aquae

342 4785 413 4840 de
444 4786 602 4841 fonte
627 4791 926 4846 manantis
946 4794 1312 4863 eruptionem
1333 4795 1630 4851 exhibent:
1656 4798 1989 4868 cujusmodi

341 4878 481 4935 sunt
509 4869 847 4948 ἀναϐλύζειν,
877 4885 1224 4954 προχεῖσθαι,
1257 4883 1524 4956 προϊέναι,
1547 4889 1839 4951 scaturire,
1859 4903 1990 4958 pro-

339 4963 530 5032 fundi,
549 4966 788 5036 prodire.
809 4968 1402 5044 Alias,plurimasque
1424 4975 1578 5046 apud
1601 4977 1872 5031 eumdem
1893 4981 1994 5031 Pe-

344 5051 588 5122 tavium,
614 5055 801 5126 capite
827 5057 881 5123 5,
906 5062 1227 5118 sententias
1249 5063 1508 5135 consule,
1535 5065 1702 5136 queis
1718 5066 1871 5132 odor,
1896 5083 1991 5120 va-

341 5157 442 5212 por
469 5147 527 5196 et
555 5145 803 5215 qualitas
834 5147 1149 5204 substantiae
1176 5153 1315 5207 Filii
1341 5152 1555 5208 dicitur
1580 5154 1834 5224 Spiritus
1856 5172 1992 5210 san-

345 5234 496 5300 ctus,
519 5230 777 5304 itemque
806 5237 994 5304 ﬂatus,
1017 5247 1070 5291 et
1099 5237 1303 5295 halitus
1334 5244 1444 5297 oris
1468 5263 1486 5309 ,-
1510 5259 1576 5298 ac
1606 5244 1842 5297 demum
1870 5259 1994 5310 ope-

343 5322 486 5374 ratio
517 5321 790 5391 ejusdem.
826 5329 1019 5396 Longe
1063 5332 1231 5382 antea
1271 5329 1392 5384 haec
1439 5332 1602 5402 vidit,
1637 5337 1693 5386 et
1721 5333 1996 5404 expendit

342 5409 542 5463 omnia
569 5416 809 5467 sanctus
843 5413 1096 5470 Thomas
1126 5416 1185 5470 in
1216 5418 1509 5488 Opusculo
1525 5425 1728 5495 contra
1744 5421 1992 5477 Graecos.

417 5544 492 5613 (6)
524 5545 642 5598 Non
687 5553 769 5601 est
809 5551 1150 5619 propositum
1196 5553 1456 5623 Nysseno,
1505 5560 1730 5610 Patrem
1773 5571 1994 5626 proces-

347 5633 499 5687 sione
535 5634 776 5705 Spiritus
824 5638 1066 5709 spoliare
1127 5658 1146 5694 :
1203 5643 1462 5713 spoliaret
1506 5660 1656 5712 vero,
1689 5659 1734 5698 ει
1783 5661 1904 5700 eam
1935 5648 1997 5700 in

349 5721 559 5777 Filium
600 5725 934 5782 immutaret.
971 5727 1141 5786 Nulla
1189 5729 1382 5786 locum
1415 5731 1592 5788 habet
1640 5733 1992 5805 immutatio,

347 5826 474 5882 quae
503 5812 581 5869 sit
609 5829 714 5885 per
733 5815 1113 5875 divisionem:
1148 5819 1460 5893 Scripturae
1481 5839 1738 5895 namque
1758 5830 1997 5896 persuaé

2082 2703 2316 2758 duobus
2350 2719 2362 2756 :
2399 2702 2620 2758 scilicet
2651 2719 2752 2774 per
2793 2705 3220 2774 generationem,
3255 2708 3311 2758 et
3355 2706 3738 2776 spirationem.

2083 2793 2245 2848 Unde
2277 2809 2391 2847 non
2443 2795 2635 2863 potest
2687 2791 2978 2861 concludi,
3010 2794 3164 2865 quod
3195 2794 3371 2848 Filius
3421 2794 3498 2849 sit
3524 2795 3743 2865 princi-

2077 2892 2240 2954 pium
2267 2883 2508 2952 Spiritus
2535 2882 2716 2936 sancti
2757 2897 2858 2954 per
2883 2885 3298 2953 generationem
3329 2900 3346 2936 :
3375 2883 3474 2938 sed
3515 2888 3605 2938 est
3635 2882 3746 2938 fa]-

2081 2971 2230 3026 lacia
2277 2971 2735 3043 consequentis;
2776 2975 2834 3026 et
2881 2971 3171 3044 praecipue
3219 2988 3353 3027 cum
3403 2989 3509 3027 nec
3559 2973 3738 3028 etiam

2084 3060 2252 3115 Pater
2281 3059 2358 3114 sit
2387 3058 2742 3132 principium
2772 3059 3024 3132 Spiritus
3055 3061 3243 3116 sancti
3275 3076 3380 3132 per
3409 3061 3737 3133 generatio-

2084 3165 2241 3204 nem.
2274 3172 2303 3199 ))

2156 3237 2230 3310 (8)
2261 3239 2492 3308 Propter
2541 3239 2832 3292 nominum
2879 3241 3338 3296 constructionem
3388 3240 3578 3306 solam,
3612 3255 3740 3312 quae

2003 3306 2046 3373 (ἶ
2079 3306 2444 3399 ροὲιΓίιίιλνη
2485 3326 2916 3397 appellationem
2961 3327 3202 3399 Spiritus
3249 3327 3462 3401 affert;
3492 3337 3542 3384 et
3571 3306 3741 3400 prop-

2083 3425 2169 3472 ter
2215 3416 2479 3471 relativas
2525 3416 2952 3487 appellationes,
2999 3419 3189 3473 Patris
3234 3420 3286 3472 et
3333 3419 3485 3486 Filii,
3517 3418 3742 3473 nullum

2084 3505 2327 3561 medium
2381 3505 2526 3560 inter
2569 3520 2682 3560 sese
2727 3505 3078 3562 admittentes
3109 3526 3127 3563 :
3174 3509 3466 3578 contiguus
3508 3507 3738 3579 (Filius)

2085 3601 2137 3651 et
2164 3611 2264 3666 per
2291 3596 2614 3666 contiguum
2643 3594 2878 3665 (Filium
2909 3596 3160 3668 Spiritus
3199 3597 3460 3668 sanctus)
3488 3614 3521 3651 a
3550 3599 3738 3652 sancto

2087 3684 2371 3756 (Nysseno
2403 3683 2463 3738 in
2499 3683 2758 3756 Epistola
2804 3685 2875 3740 ad
2922 3684 3256 3758 Ablavium)
3303 3686 3481 3742 dictus
3508 3689 3587 3741 est
3622 3727 3634 3740 .
3673 3727 3685 3739 .
3724 3727 3738 3740 .

2086 3790 2199 3830 non
2246 3781 2470 3845 pr0pter
2523 3776 2961 3844 consequentiam
3024 3776 3391 3832 exsistentiw.
3451 3778 3526 3829 At
3580 3774 3740 3830 enim

2092 3863 2389 3935 Nyssenus
2416 3861 2560 3918 talia
2601 3863 2873 3919 sanciens
2902 3864 3156 3936 (divinas
3210 3881 3419 3937 nempe
3440 3871 3740 3936 personas

2091 3952 2254 4008 nulla
2283 3969 2345 4007 re
2373 3951 2489 4008 alia
2539 3952 2771 4008 differre
2812 3952 3080 4024 invicem,
3115 3953 3230 4009 nisi
3275 3954 3500 4010 razione
3549 3970 3740 4009 causas

2092 4041 2212 4097 sive
2271 4040 2564 4112 principii,
2623 4045 2681 4096 et
2735 4042 2866 4112 ejus
2898 4041 3083 4124 _quod
3137 4058 3207 4097 ex
3266 4042 3554 4114 principio
3603 4046 3739 4109 est;

2092 4147 2159 4186 ac
2215 4147 2422 4185 rursus
2497 4131 2628 4200 ejus
2707 4131 2860 4202 quod
2920 4131 3182 4202 proxime
3259 4135 3348 4187 est
3403 4148 3474 4187 ex
3529 4131 3744 4203 primo,

2092 4223 2150 4274 et
2234 4220 2361 4290 ejus
2429 4219 2583 4290 quod
2659 4224 2747 4274 est
2836 4235 2939 4290 per
3017 4219 3164 4274 illud
3244 4221 3399 4292 quod
3485 4220 3749 4292 proxime

2094 4312 2184 4363 est
2250 4325 2283 4364 a
2367 4308 2620 4380 primo),
2708 4309 2972 4379 adeoque
3039 4312 3290 4365 "Patrem
3359 4326 3392 4366 a
3460 4309 3598 4364 Filio
3665 4309 3752 4364 di-

2096 4398 2300 4453 videns
2357 4413 2523 4452 causa
2579 4397 2705 4469 (seu
2769 4399 2996 4454 ratione
3053 4415 3264 4470 caus,
3311 4401 3368 4453 et
3413 4398 3542 4469 ejus
3591 4398 3747 4470 quod

2097 4490 2187 4543 est
2234 4504 2268 4542 a
2315 4486 2514 4557 causa)
2561 4501 2574 4541 :
2627 4484 2839 4541 Filium
2890 4487 3166 4558 deinceps
3220 4504 3253 4542 a
3300 4486 3543 4558 Spiritu,
3591 4488 3748 4558 quod

2097 4577 2349 4647 contigue
2393 4574 2539 4646 ipse,
2582 4575 2681 4646 per
2725 4574 2869 4630 illud
2919 4576 3058 4648 quod
3104 4578 3429 4646 contiguum
3467 4582 3548 4631 est
3597 4577 3747 4644 iste;

2024 4673 2067 4737 Ι)
2100 4664 2410 4720 manifeste
2466 4665 2830 4720 demonstrat
2883 4665 3222 4721 exsistentiw
3285 4667 3749 4738 consequentiam,

2099 4771 2216 4810 non
2260 4751 2447 4809 solam
2497 4753 2803 4808 nominum
2856 4753 3373 4810 constructionem.
3423 4775 3452 4805 »
3501 4754 3753 4827 Nysseni

2099 4843 2276 4899 verba
2291 4843 2624 4908 expendens
2644 4843 2910 4914 Aquinas
2928 4845 2987 4898 in
3009 4843 3305 4916 Opusculo
3327 4845 3349 4900 Ι
3369 4848 3570 4900 contra
3595 4844 3752 4899 Gra-

2101 4950 2200 4989 cos
2235 4948 2247 4986 :
2285 4937 2448 4987 Patet
2474 4947 2629 5004 ergo,
2660 4932 2761 5003 ait,
2793 4933 2934 5004 quod
2977 4950 3077 4999 per
3102 4934 3344 5005 primam
3379 4933 3756 5005 differentiam

2101 5022 2338 5094 Spiritus
2382 5027 2632 5089 sanctus,
2662 5029 2718 5076 et
2755 5022 2931 5076 Filius
2988 5039 3020 5076 α
3069 5025 3241 5077 Patre
3283 5022 3705 5091 distinguuntur
3733 5040 3754 5076 .-

2095 5127 2201 5183 per
2227 5109 2527 5166 secundam
2565 5117 2744 5166 autem
2795 5109 3159 5182 distinguitur
3188 5111 3425 5183 Spiritus
3472 5114 3692 5166 sanctus
3719 5127 3756 5166 a

2100 5201 2240 5255 Filio
2260 5217 2280 5261 ,'
2308 5200 2441 5271 quia
2469 5200 2679 5255 scilicet
2729 5200 2906 5255 Filius
2959 5217 2991 5255 a
3020 5201 3188 5256 Patre
3229 5201 3475 5272 procedit
3501 5216 3613 5256 non
3651 5217 3757 5272 per

2102 5291 2376 5360 Spiritum
2403 5296 2671 5356 sanctum,
2705 5288 2796 5343 sed
2844 5289 3084 5360 Spiritus
3126 5294 3349 5346 sanctus
3375 5306 3473 5362 per
3522 5290 3753 5345 Filium.

2104 5378 2269 5434 Ullus
2307 5394 2440 5433 vero
2492 5395 2563 5432 ne
2609 5378 2829 5450 irrepat
2875 5395 3056 5447 error,
3107 5396 3222 5451 pra:
3253 5379 3438 5435 oculis
3483 5379 3757 5435 habenda

2103 5467 2369 5540 ejusdem
2401 5469 2642 5522 Thema
2692 5466 2956 5522 doctrina
2997 5469 3057 5523 in
3089 5469 3133 5540 Ι,
3169 5467 3304 5524 dist.
3337 5469 3424 5538 12,
3458 5471 3664 5540 quaest.
3701 5469 3754 5539 1,

2105 5556 2269 5612 artic.
2302 5557 2335 5609 3
2367 5573 2380 5611 :
2417 5578 2447 5605 «
2479 5555 2825 5627 Dicendum,
2857 5557 3013 5628 quod
3045 5573 3219 5612 omne
3261 5557 3521 5614 medium
3555 5557 3756 5630 aliquo

2107 5646 2280 5701 modo
2311 5644 2695 5716 distinguitur
2723 5645 2796 5700 ab
2827 5645 2941 5714 his,
2975 5645 3130 5702 inter
3159 5663 3286 5718 quae
3318 5645 3582 5702 medium
3612 5646 3757 5702 dici-

2104 5738 2220 5789 tur.
2252 5737 2396 5789 cum
2447 5736 2642 5790 autem
2671 5733 2732 5790 in
2762 5734 3075 5807 Spiratione
3122 5735 3290 5791 Pater
3317 5739 3374 5791 et
3427 5733 3607 5792 Filius
3637 5735 3760 5792 sint

2103 5823 2209 5881 duo
2238 5823 2528 5896 spirantes,
2557 5823 2616 5880 in
2667 5827 2960 5896 quantum
3013 5828 3153 5882 sunt
3181 5840 3362 5883 unum
3405 5826 3468 5882 in
3509 5826 3759 5898 potentia
