4090 6488
404 435 482 500 93
1631 435 1846 500 VITA.
1879 465 1959 481 —
1984 433 2512 497 DlSSERTATIO
2554 434 2604 497 Ι.
3749 434 3826 495 94

407 571 716 644 spirativa;
755 585 1084 643 possumus
1113 568 1275 644 loqui
1324 571 1396 627 de
1424 579 1551 627 actu
1600 573 1930 643 spirationzs
1959 586 2062 642 per
2091 571 2142 636 Α
2176 571 2408 643 quiens,
2442 571 2715 643 Spiritum
2743 579 2998 628 sanctam
3044 586 3156 628 esse
3199 571 3498 644 imaginem
3539 572 3742 638 Patris,
3776 577 3830 626 et

409 661 907 735 comparationem
939 662 1019 718 ad
1067 665 1214 732 ipsos
1263 664 1581 734 spirantes:
1614 661 1700 717 vel
1731 662 1802 717 ad
1846 662 2058 733 princi-

401 755 555 825 pium
582 752 862 823 spirandi,
895 753 1052 807 sicut
1076 752 1349 807 virtutem
1399 751 1569 822 cujus
1600 751 1676 806 sit
1706 751 1967 823 spiratio.
2001 750 2062 806 Si

407 846 595 897 autem
631 840 1080 897 consideremus
1118 841 1295 912 ipsum
1318 841 1673 912 principium,
1707 840 1927 896 scilicet
1957 856 2059 912 po-

403 931 644 986 tentiam
677 930 1046 1002 spirativam,
1097 948 1230 985 cum
1275 930 1335 984 in
1383 930 1493 985 hoc
1524 947 1638 986 non
1665 928 2063 1001 distiguantur

402 1020 570 1074 Pater
600 1024 659 1074 et
689 1019 911 1075 Filius:
976 1036 1091 1074 non
1153 1023 1342 1090 potest
1399 1019 1509 1073 dici
1571 1019 1811 1090 spiratio
1869 1035 2060 1073 essea

400 1109 570 1164 Patre
601 1108 899 1164 mediante
930 1108 1091 1163 Filio.
1143 1109 1202 1164 Si
1252 1113 1448 1164 autem
1499 1108 1938 1164 consideremus
1968 1110 2060 1177 ip-

395 1214 486 1253 sos
515 1199 817 1269 spirantes,
854 1199 956 1269 qui
1007 1197 1262 1253 distincti
1313 1203 1471 1263 sunt,
1506 1202 1562 1252 et
1592 1198 1917 1252 secundum
1949 1198 2058 1254 hoc

398 1287 665 1361 praebent
720 1287 821 1342 83
882 1287 1256 1358 suppositum
1310 1287 1652 1358 spirationi:
1713 1287 1796 1343 sic
1843 1290 1932 1342 est
1978 1287 2060 1343 ibi

396 1376 686 1441 mediatio,
746 1377 1077 1431 secundum
1136 1378 1289 1447 quod
1349 1380 1438 1431 est
1493 1376 1573 1430 ibi
1621 1376 1748 1432 ordo
1799 1385 2058 1438 naturae;

395 1464 539 1536 quia
571 1464 754 1520 Filius
786 1469 875 1520 est
906 1481 974 1520 ex
1007 1466 1190 1532 Patre,
1221 1470 1280 1520 et
1327 1465 1580 1538 Spiritus
1607 1470 1848 1522 sanctus
1879 1464 2057 1520 simul

395 1571 432 1608 a
487 1553 655 1608 Patre
685 1558 742 1608 et
767 1571 800 1609 a
861 1553 1079 1609 Filio.»
1121 1555 1235 1609 Cur
1283 1570 1414 1609 vero
1465 1554 1786 1626 Nyssenus,
1826 1571 1931 1610 cur
1960 1553 2057 1609 alii

395 1643 606 1698 Patres
683 1644 1052 1714 frequentius
1113 1643 1388 1709 dixerint,
1455 1644 1737 1715 Spiritum
1789 1647 2058 1699 sanctum

395 1747 533 1788 esse
589 1749 625 1786 a
682 1733 850 1789 Patre
901 1731 1002 1803 per
1056 1733 1263 1788 Filium
1317 1749 1416 1804 per
1469 1749 1595 1788 eum
1655 1735 1754 1804 qui
1802 1735 2060 1804 proxime

393 1824 478 1877 est
509 1837 544 1876 a
571 1823 756 1891 primo
779 1822 807 1876 ‘l
836 1821 1140 1878 Rationem
1174 1837 1324 1893 saepe
1355 1821 1571 1876 dictam
1604 1822 1769 1876 affert
1795 1823 2058 1893 Aquinas

2169 663 2305 716 Filii
2331 677 2352 723 :
2382 664 2462 717 ita
2490 663 2632 735 quod
2689 663 2990 734 imaginem
3041 663 3191 718 nihil
3243 662 3400 718 aliud
3455 663 3826 732 intelligatur,

2169 740 2272 808 84
2298 769 2466 824 quam
2496 752 2764 808 exsistens
2791 753 2856 808 ab
2887 754 3022 824 alio,
3053 761 3106 808 et
3131 754 3248 825 ejus
3276 753 3702 808 similitudinem
3729 768 3822 822 ge-

2168 858 2314 898 rens.
2378 845 2444 898 Si
2483 850 2665 898 autem
2715 859 2820 914 per
2873 844 3176 914 imaginem
3228 842 3582 912 intelligatur
3608 841 3824 913 aliquid

2167 933 2430 988 assistens
2458 933 2528 986 ab
2557 933 2752 1002 altero,
2813 940 2864 987 et
2893 949 2962 987 ea:
3015 934 3137 1003 ipsa
3178 947 3300 988 suae
3351 933 3582 1002 originis
3609 933 3824 986 ratione

2167 1021 2373 1076 habens
2403 1021 2544 1092 quod
2573 1021 3010 1077 similitudinem
3040 1024 3198 1091 gerat
3242 1022 3360 1092 ejus
3388 1037 3425 1076 a
3457 1037 3559 1092 quo
3588 1021 3819 1087 exsistit,

2167 1112 2227 1164 in
2256 1114 2523 1181 quantum
2551 1110 2620 1165 ab
2648 1112 2840 1180 altero,
2873 1115 2934 1164 ut
2954 1113 3130 1166 Filius
3147 1113 3392 1182 genitus,
3424 1111 3571 1166 velut
3602 1110 3824 1165 verbum

2165 1208 2523 1270 conceptum:
2575 1203 2631 1255 et
2683 1203 2763 1255 sic
2814 1201 2960 1256 solus
3011 1199 3192 1255 Filius
3238 1199 3442 1255 dicitur
3490 1202 3670 1270 imago
3705 1241 3717 1253 .
3756 1241 3768 1253 .
3803 1241 3818 1254 .

2165 1287 2268 1343 Sed
2299 1290 2398 1344 hoc
2426 1290 2486 1343 in
2522 1287 2737 1360 Spiritu
2766 1291 2864 1344 Dei
2892 1291 3218 1360 ueriﬁoatur
3246 1298 3472 1361 propter
3497 1289 3707 1346 divinae
3733 1305 3822 1344 es—

2165 1379 2362 1434 sentiw
2390 1378 2678 1441 unitatem,
2721 1387 2772 1433 et
2827 1380 3283 1450 simplicitatem:
3332 1394 3401 1434 ex
3450 1395 3556 1450 qua
3587 1381 3820 1449 oportet,

2166 1466 2310 1537 quod
2340 1466 2604 1538 quidquid
2629 1469 2708 1522 est
2744 1468 2804 1521 in
2832 1468 2959 1533 Deo,
2990 1468 3064 1522 sit
3111 1468 3265 1522 Deus.
3308 1465 3482 1538 Atqui
3511 1483 3644 1522 vero
3677 1465 3822 1522 satis

2167 1559 2270 1618 est,
2292 1554 2768 1627 qualemcunque
2785 1555 3068 1611 rationem
3085 1555 3362 1628 imaginis
3393 1555 3823 1611 accommodari

2168 1643 2413 1714 Spiritui
2447 1648 2650 1699 sancto
2682 1661 2796 1700 non
2850 1661 3040 1716 posse,
3093 1645 3205 1700 nisi
3232 1645 3305 1700 ab
3335 1644 3435 1700 illo
3467 1648 3736 1700 naturam
3767 1649 3824 1700 et

2166 1732 2573 1788 exsistentiam
2607 1733 2876 1804 accipiat,
2910 1735 3080 1805 cujus
3112 1734 3303 1806 imago
3337 1733 3571 1789 dicitur.

2237 1822 2349 1892 (10)
2380 1822 2511 1876 Haec
2562 1826 2701 1878 sunt
2746 1822 3038 1894 praecipua
3087 1822 3146 1876 in
3198 1823 3564 1878 Antirrhetico
3592 1822 3824 1895 Georgii

395 1910 623 2001 ibidem
657 1910 728 1965 ad
763 1912 828 1964 1:
861 1932 888 1960 ‹‹
948 1911 1059 1965 Per
1105 1909 1234 2001 hoc,
1293 1909 1588 1981 inquiens,
1649 1911 1804 1981 quod
1846 1910 2058 1965 dicitur
2089 1937 2138 2001 B
2169 1909 2362 2001 Cyprii
2413 1911 2673 2001 Sermone
2725 1915 2968 2001 asserta,
3023 1929 3148 2001 qua:
3177 1912 3446 2001 Joannes
3466 1912 3695 2001 rBeccus
3722 1928 3825 2001 pa-

397 1998 660 2070 Spiritus
707 2001 950 2054 sanctus
1011 1999 1322 2069 procedere
1378 2016 1412 2053 a
1462 2001 1625 2055 Patre
1677 2016 1776 2069 per
1827 2001 2057 2070 Filium,

397 2088 765 2160 designatur,
797 2089 1108 2144 auctoritas
1138 2089 1198 2143 in
1245 2094 1413 2143 Patre
1444 2093 1689 2159 respectu
1717 2089 1890 2144 Filii:
1922 2090 2062 2161 quia

401 2176 585 2232 Filius
615 2177 795 2232 habet
826 2193 858 2231 a
890 2177 1076 2242 Patre,
1113 2177 1268 2248 quod
1319 2176 1606 2248 Spiritum
1639 2180 1908 2232 sanctum
1940 2178 2061 2249 spi-

395 2271 506 2322 ret.
541 2267 623 2322 Ex
677 2266 786 2321 hoc
817 2271 1016 2321 autem
1075 2282 1192 2320 non
1238 2265 1475 2337 ponitur
1529 2267 1791 2322 mediatio
1837 2265 2056 2338 aliqua,

397 2355 516 2410 nisi
577 2371 648 2410 ex
699 2358 864 2426 parte
928 2355 1398 2426 suppositorum,
1458 2354 1557 2425 qui
1616 2353 2062 2427 distinguuntur

395 2461 502 2517 per
529 2444 663 2515 hoc,
697 2444 852 2516 quod
902 2460 1080 2498 unum
1113 2447 1195 2498 est
1243 2444 1317 2499 ab
1347 2445 1459 2499 alio
1481 2463 1499 2499 :
1547 2443 1770 2499 ratione
1801 2446 1969 2517 cujus
1999 2444 2059 2500 in

397 2551 518 2589 uno
553 2538 642 2589 est
671 2533 992 2589 auctoritas
1023 2537 1288 2605 respectu
1323 2533 1586 2589 alterius.
1625 2556 1651 2582 ››

469 2623 550 2695 (9)
581 2622 687 2678 Sed
715 2627 823 2678 esto
845 2640 864 2677 :
895 2639 1007 2678 non
1067 2622 1443 2678 exsistentiam
1499 2625 1676 2694 ipsam
1722 2622 1815 2678 sed
1837 2639 1941 2694 per
1970 2625 2057 2678 Fi-

394 2713 541 2767 lium
615 2712 865 2784 Spiritus
939 2712 1319 2767 emicationem
1389 2713 1507 2767 sive
1577 2713 1926 2782 e/fulsionem
2000 2715 2061 2768 in

391 2801 699 2857 dictionem
728 2802 848 2872 (per
894 2801 1037 2856 illud
1066 2800 1204 2871 quod
1251 2803 1505 2871 contigue
1548 2802 1648 2872 est)
1686 2801 1868 2858 doceat
1899 2802 2058 2874 (Gre-

390 2890 598 2963 gorius
630 2890 978 2962 Nyssenus).
1027 2890 1144 2962 E'go
1192 2905 1327 2944 vero
1373 2890 1738 2961 rffulsionem,
1771 2890 1892 2944 sive
1920 2892 2060 2944 emi-

391 2981 676 3034 cationcm
707 2977 964 3051 Spiritus
993 2993 1063 3034 ea:
1108 2982 1276 3034 Patre
1299 2995 1402 3050 per
1453 2979 1678 3044 Filium,
1714 2978 1876 3033 fateri
1909 2995 2062 3033 nun-

395 3085 580 3139 quam
611 3067 880 3140 eﬂ‘gerim
910 3085 924 3136 ;
958 3067 1276 3122 dummodo
1297 3066 1398 3122 illa
1441 3067 1763 3122 naturalem
1792 3068 2060 3124 exsistan-

399 3159 536 3212 tiam
597 3161 811 3212 notet.
847 3198 858 3209 .
896 3197 909 3210 .
951 3156 1012 3211 Si
1058 3173 1192 3212 vero
1243 3155 1535 3228 (Cyprius)
1589 3157 1946 3225 voluntatem,
2004 3160 2062 3212 et

397 3247 701 3304 consilium
749 3243 1060 3317 intelligat,
1111 3245 1611 3317 quemadmodum
1651 3247 2057 3317 suppeditatio-

393 3353 508 3404 nes,
542 3336 858 3401 missiones,
887 3308 1157 3405 dcitiones,
1209 3339 1265 3390 et
1295 3335 1583 3406 quidquid
1625 3308 1781 3389 aliud
1814 3337 1887 3390 ad
1919 3352 2054 3390 con-
2089 3308 2132 3374 θ

392 3424 728 3481 vellendam
797 3423 1200 3480 exsistentiam
1267 3425 1340 3479 ab
1417 3424 1621 3479 eodem
1680 3424 2058 3495 producitur;

389 3517 733 3586 sequantur
790 3512 875 3579 hi,
948 3512 1166 3584 quibus
1241 3512 1364 3568 haec
1436 3512 1784 3584 complacita
1839 3517 2060 3568 sunt.»

387 3605 528 3659 Jam
591 3618 745 3674 saepe
805 3602 1215 3668 adnotantum,
1285 3601 1616 3657 divinarum
1676 3619 2060 3674 personarum

389 3689 824 3759 emanationes,
913 3690 1119 3761 utique
1203 3689 1273 3744 ad
1367 3690 1788 3757 exsistendum,
1871 3691 2061 3746 vocari

385 3780 734 3850 eﬂuLsiones,
813 3782 870 3833 et
942 3779 1316 3834 emicationes.
1393 3779 1527 3842 Quae
1610 3796 1865 3850 namque
1929 3797 2060 3851 per-

387 3884 542 3924 sona
575 3867 856 3937 procedit,
912 3883 1222 3939 personam
1284 3867 1576 3938 exprimit,
1622 3884 1687 3923 ac
1721 3868 2062 3925 manifestat

387 3975 424 4013 a
457 3973 583 4028 qua
613 3956 892 4028 procedit.
943 3956 1067 4019 Quo
1115 3972 1293 4011 sensu
1339 3955 1595 4028 Spiritus
1647 3961 1889 4013 sanctus
1916 3958 2059 4014 dici-

391 4051 494 4101 tur
524 4048 713 4114 imago
740 4046 898 4101 Filii.
931 4067 960 4094 «
984 4045 1227 4100 Constat
1256 4049 1452 4100 autem
1478 4045 1676 4116 (verba
1705 4051 1846 4101 sunt
1869 4048 2058 4103 sancti

391 4135 641 4191 Thomaa
673 4134 735 4188 in
767 4133 1050 4206 Opusculo
1079 4135 1300 4206 citato),
1337 4136 1492 4207 quod
1524 4135 1719 4208 imago
1752 4136 2062 4192 deducitur

389 4225 467 4281 ab
499 4241 571 4281 eo
604 4224 776 4296 cujus
807 4228 896 4280 est
940 4225 1158 4296 imago.
1213 4225 1293 4279 Ex
1340 4224 1450 4279 hoc
1495 4240 1652 4296 ergo,
1688 4225 1843 4296 quod
1876 4225 2060 4296 Spiri-

389 4319 491 4370 tus
525 4317 772 4370 sanctus
803 4316 891 4369 est
938 4314 1124 4382 imago
1173 4314 1336 4381 Filii,
1388 4313 1657 4385 sequitur
1688 4315 1844 4386 quod
1879 4315 2058 4387 Spiri-

390 4410 494 4459 tus
524 4408 769 4459 sanctus
821 4402 962 4458 sita
1019 4401 1184 4457 Filio.
1240 4403 1445 4458 Posset
1497 4406 1692 4458 autem
1725 4402 1938 4475 aliquis
1970 4405 2056 4459 di-

394 4508 528 4548 cere
553 4510 567 4546 :
605 4491 762 4561 quod
793 4495 882 4546 est
910 4491 1103 4563 imago
1135 4490 1289 4558 Filii,
1317 4491 1376 4545 in
1399 4495 1686 4562 quantum
1711 4493 2062 4546 assimilalur

395 4580 544 4636 Filio
576 4579 878 4635 secundum
905 4581 1144 4651 aliquem
1173 4581 1454 4652 affectum,
1501 4595 1677 4651 quem
1711 4580 1869 4648 facit,
1903 4581 2059 4636 sicut

2167 1999 2445 2066 triarcha,
2479 2017 2588 2055 sua
2632 2000 2690 2055 in
2723 2000 2984 2056 oratione
3033 2000 3208 2056 citata
3233 2000 3526 2073 expendit,
3560 2015 3626 2056 ac
3656 1999 3824 2056 refel-

2170 2088 2254 2142 lit.
2290 2090 2515 2145 Addere
2546 2089 2661 2144 alia
2683 2088 2970 2145 nonnulla
2990 2089 3148 2155 licet,
3184 2107 3309 2161 quae
3330 2089 3548 2145 ibidem
3578 2089 3825 2161 Cyprius

2171 2177 2430 2233 disserit.
2469 2177 2620 2234 Illud
2651 2179 2910 2250 primum
2952 2179 3218 2250 profero:
3253 2178 3408 2250 quod
3441 2194 3474 2232 a
3503 2181 3671 2233 Patre
3694 2193 3823 2248 per-

2167 2267 2344 2340 fectus
2396 2268 2640 2338 procedit
2695 2267 2936 2339 Spiritus
2983 2272 3223 2323 sanctus.
3285 2266 3397 2322 Cur
3441 2267 3580 2322 addi
3629 2266 3824 2322 debeat

2168 2357 2337 2412 etiam
2364 2357 2540 2411 Filius
2559 2361 2584 2411 .9
2614 2357 2772 2412 Hanc
2795 2356 3010 2429 saepius
3035 2357 3364 2428 oppositam
3397 2355 3628 2428 egregie
3649 2354 3824 2411 solvit

2169 2445 2576 2501 difficultatem
2607 2446 2884 2502 Thomas.
2918 2446 3008 2501 Sic
3047 2445 3127 2501 ait
3173 2445 3233 2501 in
3267 2446 3288 2500 Ι
3319 2445 3456 2501 dist.
3492 2445 3577 2500 11.
3612 2449 3819 2516 quaest.

2171 2536 2221 2590 1.
2258 2539 2370 2590 art.
2431 2536 2563 2589 1ad
2611 2537 2682 2588 9:
2722 2556 2750 2585 ‹‹
2809 2535 3127 2591 Dicendum
3181 2535 3336 2606 quod
3384 2535 3548 2590 Pater
3585 2537 3824 2605 per/ecta

2167 2626 2346 2696 spirat
2375 2624 2643 2696 Spiritum
2675 2632 2944 2680 sanctum.
2990 2625 3101 2679 Sed
3134 2623 3274 2696 quia
3320 2623 3516 2678 omnis
3545 2623 3820 2695 perfectio

2171 2711 2356 2768 Patris
2390 2713 2862 2768 communicatur
2889 2712 3056 2776 Filio,
3105 2729 3232 2784 quae
3264 2727 3373 2767 non
3402 2719 3673 2783 repugnat
3699 2727 3823 2769 suae

2163 2802 2494 2873 proprietati
2539 2808 2697 2872 (cum
2747 2801 2896 2858 ratio
2939 2801 3107 2856 nulla
3152 2800 3481 2873 distinguat
3517 2801 3669 2856 inter
3698 2817 3817 2869 eos,

2168 2892 2285 2945 nisi
2308 2891 2540 2961 originis
2571 2890 2814 2960 relatio),
2849 2893 3096 2962 oportet,
3129 2890 3284 2961 quod
3317 2889 3471 2944 sicut
3495 2889 3817 2944 communi.

2170 2983 2262 3035 cat
2291 2979 2401 3034 sibi
2435 2979 2851 3051 perfectionem
2899 2977 3248 3045 divinitatis,
3298 2978 3383 3034 ita
3429 2978 3607 3034 etiam
3632 2981 3820 3049 perfe-

2168 3070 2402 3124 ctionem
2425 3068 2707 3140 spirandi.
2734 3067 2898 3123 Unde
2929 3084 3046 3122 non
3089 3071 3179 3122 est
3202 3075 3426 3138 propter
3454 3068 3820 3138 imperfectio-

2167 3173 2293 3212 nem
2375 3158 2584 3222 Patris,
2665 3157 2820 3228 quod
2889 3155 3072 3211 Filius
3153 3155 3371 3227 spiret:
3427 3155 3530 3211 sed
3603 3163 3825 3228 propter

2167 3247 2559 3317 perfectionem
2608 3247 2760 3311 Filii,
2815 3231 2915 3316 qui
2965 3245 3140 3300 habet
3185 3248 3370 3300 totam
3409 3244 3822 3316 perfectionem

2169 3335 2426 3390 Patris.»
2451 3335 2618 3390 Paria
2641 3339 2803 3400 sunt,
2830 3352 2956 3406 quae
2978 3333 3271 3390 habentur
3291 3337 3494 3406 quaest.
3520 3334 3607 3404 10,
3635 3333 3706 3389 de
3727 3350 3826 3405 po-

2169 3423 2375 3494 tentia,
2412 3427 2519 3479 art.
2554 3425 2586 3478 4
2618 3424 2687 3478 ad
2718 3425 2809 3478 20.
2843 3428 2900 3479 et
2929 3425 2970 3479 Ι.
2994 3428 3061 3478 Ρ.
3095 3427 3301 3496 quaest.
3334 3424 3388 3494 3,
3422 3427 3529 3478 art.
3601 3424 3636 3476 2
3665 3423 3737 3478 ad
3767 3424 3822 3478 6.

2243 3514 2328 3583 (11
2339 3518 2360 3579 )
2391 3511 2744 3584 Multiplices
2775 3513 3012 3568 Patrum
3066 3512 3411 3578 locutiones,
3443 3511 3660 3584 quibus
3691 3527 3824 3583 pro-

2172 3601 2360 3658 cessio
2392 3601 2644 3674 Spiritus
2676 3601 2862 3657 sancti
2893 3601 3258 3672 exprimitur,
3301 3601 3381 3656 ita
3410 3599 3630 3672 passim
3653 3600 3828 3670 jubet

2171 3691 2416 3762 Cyprius
2465 3690 2954 3762 interpretendas,
3008 3693 3072 3744 ut
3125 3689 3378 3761 Spiritus
3427 3689 3664 3761 quidem
3696 3705 3824 3744 con-

2167 3780 2623 3836 substantialitas
2655 3779 2740 3834 uti
2773 3796 2906 3834 cum
2933 3780 3122 3846 Patre,
3163 3778 3246 3833 ita
3277 3794 3410 3834 cum
3445 3777 3585 3833 Filio
3615 3776 3851 3832 intelli-.

2169 3873 2360 3941 gatur,
2394 3870 2494 3925 sed
2527 3886 2646 3924 una
2673 3885 2743 3924 ex
2772 3873 2937 3924 Patre
2967 3870 3166 3938 origo:
3201 3883 3316 3939 quo
3357 3870 3525 3940 pacto
3556 3867 3672 3922 duo
3704 3867 3824 3921 fra-

2169 3963 2287 4014 tres
2321 3958 2598 4014 dicuntur
2628 3956 3182 4025 consubstantiales,
3233 3972 3484 4029 quorum
3511 3959 3709 4011 tamen
3743 3954 3827 4010 al~

2171 4051 2256 4102 ter
2287 4048 2359 4102 ab
2390 4047 2572 4103 altero
2603 4063 2720 4102 non
2765 4046 2969 4102 oritur.
3020 4045 3314 4109 Ouinimo.
3363 4042 3562 4100 Basilii
3593 4048 3826 4100 senten-

2168 4136 2251 4192 tia
2276 4136 2508 4192 videtur
2539 4136 2596 4190 in
2630 4135 2876 4208 epistola
2905 4136 2996 4206 52,
3043 4135 3115 4190 ad
3155 4133 3474 4190 Canonicas
3506 4148 3521 4190 :
3574 4148 3688 4188 non
3715 4133 3831 4188 dici

2156 4225 2680 4304 consubstantialia,
2711 4238 2836 4296 quae
2879 4225 3121 4294 fratrum
3170 4225 3316 4278 inter
3341 4237 3399 4278 se
3429 4223 3699 4277 rationem
3727 4219 3828 4276 ha-

2172 4317 2317 4382 bent,
2349 4321 2410 4369 ut
2460 4314 2687 4386 quidam
2742 4313 3111 4374 existimant;
3169 4311 3260 4367 sed
3288 4327 3415 4366 cum
3469 4325 3659 4376 causa,
3693 4318 3744 4365 et
3771 4310 3830 4366 id

2170 4402 2312 4475 quod
2365 4419 2438 4459 ex
2492 4418 2660 4458 causa
2717 4402 3096 4456 assistentium
3166 4400 3348 4465 habet,
3402 4397 3646 4469 eiusdem
3701 4403 3831 4454 sunt

2169 4499 2408 4559 natura,
2441 4491 2934 4548 consubstantialta
2959 4490 3095 4545 dici.
3130 4489 3195 4543 In
3232 4487 3527 4558 hujusque
3560 4487 3829 4542 testimo-

2171 4580 2252 4636 nii
2285 4598 2460 4637 sensu
2493 4581 2819 4634 enarrando
2850 4576 3105 4650 theologi
3131 4593 3245 4631 non
3270 4576 3644 4632 conveniunt.
3661 4579 3827 4631 Peta-

394 4675 456 4726 et
489 4667 714 4724 Filius:
747 4668 833 4724 vel
865 4669 1006 4740 quia
1035 4673 1115 4724 est
1154 4686 1189 4723 a
1232 4670 1421 4734 Patre,
1471 4670 1616 4724 sicut
1643 4677 1694 4724 et
1721 4669 1916 4724 Filius.
1949 4671 2060 4725 Sed
2094 4679 2139 4743 D
2167 4669 2298 4725 vius
2327 4669 2430 4724 lib.
2465 4686 2567 4736 vn,
2623 4685 2749 4740 cap.
2809 4668 2863 4735 4,
2911 4683 3075 4721 num.
3138 4667 3224 4732 12,
3275 4665 3358 4720 ita
3415 4663 3615 4720 Basilii
3649 4664 3829 4719 verba

395 4760 510 4815 hoc
564 4756 901 4814 excluditur
956 4775 1060 4830 per
1115 4758 1491 4814 auctoritates
1551 4761 1912 4827 sanctorum,
1957 4759 2059 4829 qui

2171 4757 2421 4830 explicat
2444 4775 2456 4813 :
2491 4763 2557 4813 ut
2577 4756 2742 4812 illum
2766 4773 2834 4812 ea
2854 4754 3085 4827 pr0prie
3104 4754 3605 4810 consubstantialia
3635 4751 3830 4809 dicere

399 4846 693 4920 Spiritum
725 4851 997 4902 sanctum
1021 4845 1224 4902 dicunt
1243 4845 1571 4902 naturalem
1601 4847 1736 4902 Filii
1763 4847 2065 4916 imaginem
2177 4846 2491 4913 existimet,
2524 4863 2648 4916 quaa
2680 4845 2927 4917 originis
2957 4842 3344 4914 habitudinej
3356 4845 3693 4914 unguntur;
3728 4858 3831 4896 cae-

396 4951 531 4990 esse.
567 4934 695 4991 Non
728 4933 884 4990 enim
933 4938 1129 5006 potest
1185 4933 1298 4988 dici
1358 4934 1542 5005 imago
1586 4934 1883 4990 naturalis.
1931 4933 2061 4988 Filii

396 5024 658 5096 Spiritus
690 5027 951 5089 sanctus,
983 5021 1098 5077 nisi
1147 5023 1206 5077 in
1238 5027 1524 5094 quantum
1565 5023 1866 5078 secundum
1893 5031 2059 5078 natu-

397 5129 525 5169 ram
558 5111 704 5168 Filio
736 5110 1121 5177 assimilatur,
1174 5112 1467 5184 accipiens
1516 5128 1550 5166 a
1591 5111 1733 5167 Filio
1764 5115 2060 5168 naturam.

398 5203 647 5273 Semper
677 5200 835 5256 enim
867 5204 1097 5272 oportet
1127 5201 1282 5271 quod
1315 5200 1502 5256 forma
1549 5199 1825 5272 imaginis
1858 5217 2061 5272 prove~

397 5292 525 5346 niat
553 5307 590 5346 a
620 5291 812 5346 forma
838 5291 967 5360 ejus
1018 5289 1188 5361 cujus
1235 5293 1323 5346 est
1375 5289 1590 5362 imago.
1625 5311 1654 5338 »
1684 5289 1924 5345 Veteres
1954 5290 2060 5345 Pa-

396 5383 539 5446 tres,
599 5378 701 5451 qui
779 5378 1064 5450 Spiritum
1138 5382 1408 5434 sanctum
1484 5390 1693 5433 vocant
1763 5380 2057 5434 sinceram.

395 5470 836 5533 emotissimam,
863 5467 1187 5523 naturalem
1213 5469 1368 5535 Filii,
1402 5468 1662 5540 itemque
1699 5469 1893 5524 Patris
1918 5468 2060 5522 ima-

395 5560 606 5627 ginem,
690 5557 1148 5624 similitudinem,
1238 5558 1715 5623 assimilationem,
1801 5559 2062 5613 recenset

395 5651 638 5704 sanctus
667 5647 932 5704 Thomas
965 5645 1184 5700 ibidem
1234 5646 1425 5718 capite
1462 5646 1543 5713 10,
1576 5663 1692 5718 quo
1725 5646 1899 5701 etiam
1933 5644 2059 5701 loco

396 5751 744 5809 germanum
776 5734 1046 5792 declarat
1091 5750 1331 5792 sensum
1364 5752 1376 5791 :
1429 5736 1724 5792 Possumus
1763 5735 1962 5806 dicere,
1997 5735 2058 5792 in

2173 4939 2300 4992 tera
2329 4952 2464 4991 vero
2495 4934 2693 4990 minus
2739 4932 2995 5006 proprio,
3047 4935 3113 4986 ut
3141 4933 3256 4987 duo
3287 4933 3516 4988 fratres.
3560 4930 3828 4987 Monachi

2170 5024 2363 5080 Sancti
2421 5022 2631 5094 Mauri,
2689 5023 2749 5078 in
2804 5021 3146 5077 Praefatione
3201 5021 3274 5075 ad
3327 5024 3514 5075 totum
3560 5019 3658 5087 III,
3690 5022 3738 5089 §.
3769 5021 3826 5086 5,

2171 5130 2336 5168 num.
2375 5113 2424 5179 1,
2457 5115 2691 5184 putant,
2722 5111 2830 5165 hoc
2863 5113 3135 5165 sanctum
3174 5109 3403 5164 Patrem
3434 5125 3550 5163 non
3580 5107 3826 5164 inﬁciari

2169 5201 2317 5267 loco,
2352 5201 2507 5273 quod
2567 5199 2707 5255 alibi
2767 5203 3083 5267 asseverat,
3143 5199 3391 5254 homines
3437 5214 3550 5254 esse
3601 5199 3748 5254 inter
3772 5215 3828 5254 se

2171 5291 2703 5347 consubstantiales:
2763 5289 2863 5344 sed
2925 5305 3024 5344 eos
3099 5292 3330 5343 tantum
3381 5286 3664 5354 refellere,
3725 5287 3827 5359 qui

2169 5381 2653 5435 consubstantialis
2699 5379 2984 5434 notionem
3041 5378 3216 5433 rebus
3275 5378 3426 5433 inter
3478 5392 3540 5432 se
3572 5376 3829 5432 fraterna

2169 5469 2516 5541 cognatione
2540 5467 2766 5539 junctis
2809 5467 2905 5525 85
2966 5467 3051 5521 ita
3104 5465 3331 5539 proprie
3382 5465 3727 5533 attribuant,
3761 5469 3829 5520 ut

2169 5558 2382 5614 divinis
2414 5556 2600 5629 aptari
2631 5574 2747 5613 non
2780 5560 2997 5630 posset.
3025 5557 3280 5627 Utroque
3302 5572 3478 5612 sensu
3511 5554 3822 5627 permisso,

2168 5648 2449 5703 invictum
2483 5651 2596 5702 stat
2625 5646 2956 5720 argumenti
2997 5645 3248 5718 pondus.
3300 5643 3547 5700 Consule
3575 5660 3703 5716 qua
3733 5641 3823 5698 la-

2169 5737 2290 5794 tius
2319 5735 2539 5792 ibidem
2572 5735 2965 5804 disseruntur,
2997 5737 3025 5804 §
3054 5735 3107 5803 4,
3143 5751 3307 5790 num.
3339 5734 3392 5790 3.
