4090 6468
300 419 379 485 95
1337 424 1658 490 GEORGII
1705 424 1973 488 CYPRII
2015 426 2134 489 GP.
2180 425 2713 490 PATRIABCHIE
3651 425 3729 490 96

373 555 452 629 (2)
482 555 610 614 Alia
639 553 879 615 demum
907 563 996 616 est
1025 561 1453 633 argumentatio
1485 561 1834 634 Cyprii,qua
1862 579 1954 617 vo-
1983 563 2033 628 Α
2064 561 2248 629 istud,
2281 563 2626 634 donumque
2674 563 2935 617 creatum
2979 559 3557 635 communi'quidem
3591 578 3731 636 ope-

301 646 467 703 cibus
497 647 792 704 innititur.
821 655 1035 706 Docent
1056 651 1368 722 Scriptura
1395 652 1499 723 (ait
1519 651 1641 718 ille)
1667 651 1952 723 Spiritum

301 741 572 792 sanctum
602 739 893 808 procedere
918 757 952 794 a
974 741 1137 796 Patre
1163 760 1180 795 :
1203 757 1236 795 a
1258 741 1400 796 Filio
1421 757 1573 807 vero,
1607 747 1708 796 aut
1738 757 1839 812 per
1863 741 1953 795 Fi-

299 823 446 880 lium
476 829 704 897 spirari,
737 845 1014 895 emanare,
1043 831 1288 899 efﬂuere,
1335 830 1623 902 profundi,
1656 830 1954 901 explenda-

299 929 464 979 scere,
507 915 718 970 docent
767 917 982 972 Patres.
1043 919 1335 974 Nimirum
1389 919 1461 975 ad
1516 921 1645 990 ejus
1676 924 1952 974 aternam

299 1002 608 1074 originem,
641 1005 722 1060 ait
753 1005 870 1070 ille,
901 1007 1153 1076 pertinet
1203 1009 1535 1078 processio:
1570 1006 1950 1078 temporalem

300 1093 643 1148 missionem
676 1095 805 1165 ejus
833 1094 1096 1151 indicant
1124 1095 1249 1151 alia
1286 1113 1476 1151 voces.
1511 1101 1583 1150 At
1610 1096 1949 1166 hujusmodi

299 1180 476 1236 etiam
518 1181 760 1237 vocibus
808 1188 1084 1239 aeternam
1131 1201 1197 1239 ac
1247 1184 1692 1240 substantialem
1743 1185 1950 1254 exponi

301 1269 586 1341 originem
643 1271 898 1342 Spiritus
955 1273 1165 1336 sancti,
1213 1289 1341 1343 qua
1394 1275 1665 1344 processio
1714 1273 1947 1340 dicitur,

299 1358 512 1413 evincit
543 1366 782 1416 sanctus
813 1360 1089 1416 Thomas.
1115 1362 1253 1432 Ejus
1283 1362 1478 1433 accipe
1509 1362 1682 1416 verba
1712 1361 1769 1415 in
1802 1378 1949 1432 opu-

299 1447 462 1503 sculo
489 1449 510 1503 Ι
536 1465 549 1503 :
587 1471 614 1498 «ι
646 1449 725 1504 Ex
757 1451 1074 1520 pramissis
1107 1451 1392 1522 (vocibus)
1423 1453 1496 1506 de
1514 1453 1847 1506 necessitate
1871 1467 1952 1506 se-

298 1539 506 1607 quitur,
541 1539 695 1609 quod
729 1539 982 1610 Spiritus
1011 1544 1249 1594 sanctus
1277 1541 1531 1610 procedat
1559 1557 1593 1595 a
1623 1541 1780 1596 Filio.
1805 1539 1949 1594 Ver-

299 1625 441 1681 bum
469 1629 623 1682 enim
654 1630 1020 1699 processionis
1062 1629 1212 1684 inter
1240 1629 1458 1698 omnia,
1511 1646 1638 1700 qua
1668 1630 1739 1684 ad
1771 1629 1947 1700 origi-

297 1732 430 1771 nem
463 1717 774 1786 pertinent,
814 1718 1003 1789 magis
1032 1718 1324 1773 invenitur
1365 1734 1494 1773 esse
1525 1735 1857 1787 commune,
1892 1722 1950 1774 et

296 1804 495 1860 minus
553 1805 793 1860 modum
851 1807 1099 1878 originis
1174 1807 1586 1862 determinare.
1649 1807 1945 1879 Quidquid

294 1894 452 1948 enim
481 1909 802 1966 quocunque
830 1895 985 1951 modo
1015 1901 1105 1950 est
1129 1896 1199 1951 ab
1234 1895 1429 1968 aliquo
1459 1897 1782 1951 secundum
1817 1913 1948 1952 con-

296 1988 529 2038 suetum
562 1985 802 2039 modum
822 1983 1098 2056 loquendi
1128 1985 1200 2040 ab
1223 1985 1350 2056 ipso
1373 1985 1665 2056 procedere
1695 1985 1943 2041 dicitur:

295 2072 416 2128 sive
449 2072 528 2128 sit
557 2073 628 2128 ab
651 2089 718 2128 eo
747 2075 1111 2140 naturaliter,
1138 2074 1290 2129 sicut
1311 2074 1514 2130 Petrus
1543 2074 1755 2130 dicitur
1784 2091 1819 2130 a
1840 2091 1944 2130 suo

296 2166 468 2217 Patre
525 2164 918 2233 processisse:
970 2179 1073 2219 seu
1129 2179 1429 2232 emanasse,
1465 2164 1618 2218 sicut
1648 2165 1945 2235 spiramen

294 2252 556 2321 procedit
575 2268 609 2306 a
627 2252 887 2323 spirante
915 2270 927 2306 :
953 2269 1055 2308 seu
1077 2255 1377 2323 efﬂuxisse,
1401 2252 1554 2309 sicut
1576 2253 1790 2308 ﬂuvius
1814 2270 1946 2325 pro-

293 2339 446 2395 cedit
476 2357 510 2394 a
540 2341 734 2396 fonte:
769 2342 891 2397 sive
937 2342 1333 2410 artificialiter,
1386 2343 1539 2398 sicut
1569 2343 1780 2398 domus
1814 2359 1946 2414 pro-

293 2429 446 2483 cedit
473 2429 545 2484 ab
571 2429 832 2485 artifice:
869 2447 971 2485 seu
1003 2431 1256 2486 localiter
1294 2435 1547 2500 tantum,
1582 2431 1733 2486 sicut
1761 2447 1943 2500 spon-

293 2531 398 2572 sus
427 2517 642 2572 dicitur
675 2518 744 2573 de
766 2518 1024 2574 thalamo
1047 2520 1386 2591 procedens.
1409 2520 1534 2574 Non
1557 2526 1750 2575 autem
1775 2519 1945 2590 quid-

294 2605 436 2674 quid
465 2614 544 2662 εει
569 2609 638 2661 ab
676 2607 791 2663 alio
847 2623 1165 2681 quocunque
1220 2609 1398 2679 modo,
1450 2613 1640 2681 potest
1689 2607 1800 2663 dici
1829 2609 1946 2679 spi-

292 2696 434 2761 rari,
466 2695 554 2750 vel
583 2699 860 2766 generari,
893 2696 984 2752 vel
1030 2699 1220 2767 ﬂuere,
1267 2697 1355 2753 vel
1387 2700 1577 2753 mitti:
1626 2702 1682 2753 et
1714 2702 1947 2768 propter

295 2782 404 2838 hoc
433 2785 674 2840 verbum
728 2789 1089 2857 processionis
1145 2787 1320 2842 etiam
1371 2787 1581 2859 origini
1611 2787 1943 2841 divinarum

294 2888 673 2942 personarum
708 2879 798 2930 est
827 2876 1016 2948 magis
1059 2876 1545 2943 accommodum;
1580 2876 1719 2948 quia
1750 2875 1947 2931 divina

293 2977 396 3033 per
424 2963 624 3018 omnia
655 2963 892 3032 melius,
945 2981 1120 3035 quam
1172 2982 1275 3037 per
1321 2965 1598 3037 specialia
1626 2965 1944 3037 designan-

291 3054 408 3104 tur.
440 3054 519 3106 Ex
548 3068 899 3124 quocunque
928 3069 1064 3125 ergo
1093 3069 1296 3108 eorum
1345 3071 1472 3124 qua
1505 3059 1645 3109 sunt
1669 3059 1905 3110 ostensa
1929 3069 1941 3110 :

294 3139 514 3195 scilicet
543 3141 699 3212 quod
741 3141 993 3212 Spiritus
1041 3148 1282 3198 sanctus
1327 3145 1547 3198 exsistit
1597 3160 1632 3198 a
1659 3145 1823 3209 Filio,
1853 3143 1944 3199 vel

291 3229 438 3297 ﬂuit,
460 3227 547 3284 vel
569 3231 836 3300 spiratur,
857 3229 947 3286 vel
971 3239 1233 3299 emanat;
1255 3233 1326 3287 de
1348 3232 1694 3287 necessitate
1717 3231 1946 3286 conclu-

2065 652 2290 706 ratione
2339 652 2517 706 efficit
2573 650 2952 707 sanctissima
3005 651 3303 708 Trinitas:
3345 653 3447 707 sed
3478 653 3606 724 ejus
3637 670 3727 709 ra-

2061 739 2219 795 tione
2264 740 2578 811 specialem
2611 740 2980 811 prasentiam
3031 739 3256 795 obtinet
3286 757 3556 808 persona,
3601 759 3726 813 qua

2063 828 2316 884 mittitur
2341 845 2353 882 :
2380 846 2431 883 ν.
2460 846 2546 900 gr.
2570 846 2819 900 persona
2839 830 2972 884 Filii
3004 829 3374 886 humanitate
3396 836 3726 903 assumpta,

2061 923 2119 973 et
2151 935 2403 989 persona
2433 918 2675 990 Spiritus
2703 921 2887 974 sancti
2914 918 2974 973 in
3004 919 3201 974 anima
3220 935 3324 990 per
3352 919 3627 990 gratiam,
3661 923 3728 976 ut

2062 1006 2235 1077 paulo
2267 1007 2458 1061 fusius
2514 1007 2668 1062 infra
2698 1007 3032 1062 dicendum.
3093 1007 3254 1062 Hanc
3287 1009 3606 1063 missionem
3636 1025 3724 1064 re-

2063 1095 2212 1150 ferre
2252 1100 2439 1151 totam
2473 1097 2544 1150 ad
2593 1112 2742 1167 opus
2799 1100 3126 1161 externum,
3158 1113 3252 1152 res
3301 1100 3391 1152 est
3421 1097 3726 1152 absurdis—

2061 1185 2212 1240 sima
2237 1201 2249 1239 :
2288 1201 2422 1239 cum
2457 1201 2633 1240 sacra
2658 1185 2968 1256 Scriptura
2999 1185 3222 1258 passim
3250 1190 3307 1240 et
3335 1187 3541 1241 Filium
3570 1186 3728 1241 mitti

2061 1274 2386 1342 doceant,et
2418 1274 2689 1344 Spiritum
2716 1277 2994 1329 sanetum.
3037 1275 3339 1339 Quatenus
3370 1289 3505 1345 ergo
3537 1273 3727 1328 missio

2060 1361 2314 1416 refertur
2343 1362 2414 1416 ad
2445 1377 2734 1433 personam
2795 1361 3074 1431 divinam,
3135 1378 3204 1415 ea
3232 1365 3323 1416 est
3379 1365 3595 1416 aeterna
3624 1379 3636 1419 :
3673 1365 3731 1417 et

2059 1454 2350 1521 quatenus
2379 1451 2450 1505 ad
2475 1449 2730 1506 exterius
2763 1467 2913 1522 opus
2963 1450 3230 1517 refertur,
3265 1450 3607 1522 temporalis
3640 1450 3732 1505 di-

2058 1539 2211 1594 citur
2233 1539 2434 1606 ;.unde
2466 1539 2660 1594 futuro
2694 1544 2954 1611 tempore
2983 1538 3216 1594 dicebat
3247 1538 3552 1594 Christus:
3594 1538 3727 1611 Spi-

2057 1627 2238 1682 ritum
2271 1633 2543 1683 sanctum
2589 1629 2808 1683 mittam
2869 1628 3039 1684 vobis.
3103 1622 3267 1683 Prior
3314 1627 3414 1682 illa
3444 1629 3730 1684 missionis

2057 1717 2446 1772 consideratio
2482 1733 2598 1772 non
2629 1723 2719 1772 est
2739 1719 3057 1788 imperium,
3083 1717 3377 1788 quomodo
3409 1717 3556 1772 servi
3594 1717 3730 1772 mit-

2057 1810 2268 1861 tuntur
2297 1823 2332 1860 a
2376 1805 2666 1874 dominis;
2731 1823 2845 1861 non
2895 1810 2984 1862 est
3042 1805 3363 1871 consilium,
3397 1811 3498 1860 aut
3527 1805 3725 1861 simile

2057 1893 2385 1966 quidpiam,
2415 1895 2709 1966 quomodo
2741 1895 2940 1965 agroti
2976 1894 3296 1950 mittuntur
3325 1911 3360 1949 a
3389 1892 3613 1949 medico
3647 1894 3720 1949 ad

2057 1983 2406 2038 sumendam
2436 1983 2812 2048 medicinam,
2861 1987 2962 2038 aut
3010 1983 3302 2055 quomodo
3335 1999 3368 2038 a
3398 1982 3720 2054 sapientio-
3764 1976 3765 1979 “

2056 2071 2220 2127 ribus
2253 2071 2570 2127 mittuntur
2614 2073 2686 2127 ad
2740 2072 3045 2128 lectionem
3077 2073 3176 2144 qui
3211 2072 3568 2127 edocentur:
3603 2070 3716 2126 erit

2056 2177 2191 2233 ergo
2223 2161 2508 2216 naturalis
2534 2162 2838 2234 productio,
2892 2162 3186 2233 quomodo
3219 2161 3457 2216 arbores
3484 2160 3717 2216 mittere

2055 2250 2332 2305 dicuntur
2388 2252 2638 2320 radices,
2692 2250 2956 2306 emittere
3009 2251 3200 2306 ﬂores.
3259 2255 3379 2305 Hoc
3429 2266 3608 2305 sensu
3642 2249 3716 2304 ab

2054 2345 2266 2394 aterno
2297 2339 2501 2404 Filius,
2533 2340 2725 2410 quoad
2771 2340 2898 2410 ejus
2940 2338 3426 2405 incarnationem,
3459 2338 3720 2393 mittitur

2055 2443 2090 2484 a
2118 2428 2306 2495 Patre,
2343 2429 2481 2500 quia
2521 2429 2591 2483 ab
2639 2433 2854 2484 aterno
2887 2429 3172 2495 nascitur,
3220 2433 3489 2483 naturam
3523 2428 3716 2483 homi-

2057 2516 2148 2572 nis
2177 2521 2437 2588 tempore
2467 2521 2687 2572 statuto
2719 2534 3032 2573 assumens
3059 2535 3070 2571 :
3099 2521 3156 2572 et
3186 2533 3221 2572 a
3255 2518 3423 2572 Patre
3454 2515 3719 2589 Filioque

2056 2605 2210 2660 mitti
2233 2606 2513 2677 Spiritum
2539 2611 2812 2662 sanctum
2831 2606 2975 2662 nihil
2999 2607 3158 2662 aliud
3182 2611 3289 2674 est,
3315 2623 3493 2678 quam
3516 2606 3712 2678 ipsum

2055 2694 2128 2750 ab
2163 2700 2413 2766 utroque
2459 2697 2791 2767 procedere,
2849 2701 3153 2752 externum
3206 2694 3443 2766 aliquod
3475 2712 3622 2766 opus
3653 2695 3715 2750 in

2055 2788 2318 2856 tempore
2347 2785 2717 2841 efficientem.
2753 2785 2876 2840 Uno
2920 2786 3115 2853 verbo,
3143 2787 3334 2841 missio
3365 2783 3511 2839 nihil
3553 2783 3711 2840 aliud

2054 2879 2163 2938 est,
2196 2891 2374 2944 quam
2407 2878 2624 2930 aterna
2654 2875 2984 2947 productio,
3008 2874 3583 2944 communicatioque
3615 2891 3713 2929 na-

2055 2967 2236 3018 tura:
2271 2963 2330 3018 in
2362 2980 2480 3035 qua
2505 2963 2647 3019 illud
2681 2968 2788 3030 est,
2822 2969 2888 3019 ut
2910 2964 2969 3019 in
3000 2968 3263 3036 tempore
3292 2980 3440 3035 opus
3472 2963 3713 3035 aliquod

2055 3057 2359 3108 externum
2392 3054 2852 3126 appareat,quod
2905 3070 3164 3125 persona
3197 3053 3391 3108 missa
3423 3057 3708 3124 tanquam

2055 3141 2345 3213 peculiare
2376 3141 2710 3198 ascribitur.
2735 3143 3072 3199 Doctissimi
3103 3142 3315 3198 Petavii
3338 3143 3514 3196 verba
3545 3159 3714 3197 usur-

2056 3247 2285 3302 pamus.
2318 3235 2449 3286 Hac
2500 3231 2703 3302 utique
2752 3247 2889 3286 vera
2936 3247 3000 3286 ac
3052 3230 3285 3302 propria
3315 3235 3403 3285 est
3430 3232 3717 3286 missionis

293 3315 470 3382 ditur,
521 3317 676 3388 quod
735 3318 988 3390 Spiritus
1046 3325 1286 3375 sanctus
1328 3338 1362 3375 a
1407 3319 1551 3375 Filio
1600 3319 1881 3392 procedit.
1917 3340 1946 3368 »
1977 3304 2020 3370 C
2059 3321 2236 3388 notio,
2288 3337 2406 3391 qua
2437 3319 2550 3376 soli
2582 3320 2789 3389 Filius,
2833 3324 2890 3375 et
2937 3320 3194 3390 Spiritus
3223 3324 3465 3375 sanctus
3497 3319 3712 3376 divinis

291 3403 510 3476 Nempe
538 3409 664 3461 tum
682 3409 1043 3477 processio-nis
1064 3425 1190 3477 vox,
1223 3413 1349 3464 tum
1373 3408 1497 3464 alia
1520 3426 1688 3465 voces
1716 3425 1941 3464 emana-

289 3495 478 3563 tionis,
533 3496 875 3566 spirationis,
932 3499 1195 3568 e/ﬂuxus,
1266 3499 1629 3568 pro/usionis,
1688 3498 1940 3568 exsplen-

288 3582 600 3654 descentia,
634 3583 974 3656 similesque
997 3585 1280 3658 originem
1304 3587 1640 3659 signiﬁcant
1667 3586 1938 3659 alicujus,

291 3672 445 3742 quod
481 3672 1019 3744 procedit,emanat,
1053 3676 1331 3747 spiratur,
1357 3675 1562 3743 efﬂuit,
1596 3675 1936 3747 exsplende-

289 3760 402 3816 scit
424 3778 437 3816 :
463 3766 520 3815 at
541 3778 709 3818 voces
730 3762 854 3818 ista
877 3763 1228 3835 posteriores
1245 3765 1486 3820 modum
1505 3766 1817 3836 quemdam
1832 3765 1943 3820 ori-

288 3848 443 3921 ginis
473 3851 927 3907 determinatum
949 3852 1246 3920 exhibent,
1269 3855 1733 3909 communiorem
1757 3853 1939 3926 signi-

289 3940 544 3994 ﬁcatvox
561 3941 718 4011 prior
738 3941 1506 4014 processionis,quacunque
1526 3943 1827 4015 contingat
1846 3960 1940 3997 ra-

288 4028 647 4100 tione.0rigo
669 4029 925 4102 Spiritus
939 4031 1125 4086 sancti
1141 4032 1692 4104 propriorcertoque
1705 4031 1942 4087 nomine

289 4122 467 4187 caret,
500 4119 834 4188 eujuemodi
867 4124 957 4175 est
999 4121 1378 4188 generationis
1416 4119 1787 4187 vocabulum,
1824 4137 1940 4192 quo

290 4206 417 4261 Filii
449 4207 733 4280 originem
764 4208 1061 4280 appellant
1093 4225 1267 4264 sacra
1296 4209 1624 4280 Scriptura.
1649 4209 1791 4264 Hinc
1811 4224 1940 4264 eam

291 4295 624 4368 Scriptura.
677 4297 991 4369 Patresque
1047 4298 1284 4353 vocibus
1340 4298 1522 4354 variis
1572 4297 1940 4354 circumscri-

290 4385 476 4441 bunt:
510 4401 640 4456 qua
670 4388 910 4442 demum
932 4385 989 4441 id
1014 4401 1327 4442 commune
1345 4387 1697 4442 vocabulum
1723 4403 1941 4459 proces-

289 4476 483 4542 sionis,
518 4475 591 4531 ad
621 4476 908 4548 originem
940 4475 1000 4530 in
1032 4475 1247 4531 divinis
1275 4475 1677 4548 explicandam
1709 4476 1944 4548 aptissi-

290 4581 478 4632 mum,
532 4565 898 4637 rediguntur.
959 4564 1105 4620 Hinc
1163 4581 1296 4620 vero
1346 4581 1479 4620 cum
1530 4564 1751 4637 passim
1788 4565 1939 4620 Scri-

2053 3409 2110 3463 in
2144 3407 2394 3480 eloquiis
2437 3411 2594 3464 missi
2622 3424 2734 3464 esse
2780 3408 3092 3465 dicuntur:
3129 3426 3195 3464 ac
3245 3411 3410 3465 Pater
3437 3425 3714 3481 nusquam

2054 3497 2260 3566 legitur
2282 3499 2506 3564 missus,
2541 3501 2606 3552 ut
2633 3497 2715 3552 ait
2769 3497 3155 3569 Augustinus,
3201 3497 3349 3552 libro
3401 3516 3463 3563 ιι,
3495 3500 3571 3553 De
3595 3500 3711 3553 Tri-

2049 3587 2244 3654 nitate,
2280 3585 2466 3657 capite
2492 3588 2546 3640 5.
2598 3585 2744 3642 Hinc
2801 3586 3129 3643 beatissimi
3177 3585 3427 3658 Cryllus,
3461 3592 3519 3642 et
3550 3586 3712 3642 Basi-

2049 3675 2166 3731 lius
2197 3674 2577 3748 temporalem
2609 3675 2864 3748 Spiritus
2895 3676 3082 3732 sancti
3115 3675 3457 3732 missionem
3494 3676 3714 3731 edisse-

2049 3768 2208 3831 runt,
2241 3764 2423 3818 veluti
2453 3780 2521 3819 ex
2551 3769 2767 3820 aeterna
2812 3765 3182 3836 processione
3227 3769 3709 3837 consequentem.

2050 3854 2147 3908 Ait
2182 3853 2292 3908 iste
2321 3853 2421 3909 lib.
2482 3871 2569 3921 ιιι,
2627 3854 2897 3909 Adversus
2953 3855 3307 3921 Eunomium,
3343 3871 3506 3910 num.
3544 3855 3611 3909 1:
3651 3855 3715 3912 Ut

2049 3942 2146 4014 qui
2175 3942 2476 4013 (Spiritus)
2527 3959 2640 3998 esse
2685 3943 2760 3998 ab
2792 3944 2890 3998 illo
2935 3943 3173 4015 (nempe
3205 3941 3371 4012 Filio)
3408 3943 3624 4009 habeat,
3657 3946 3714 3998 et

2049 4031 2118 4086 ab
2175 4033 2290 4102 ipso
2345 4033 2612 4103 accipiat:
2673 4035 2725 4088 et
2780 4033 3080 4088 annuntiat
3129 4032 3304 4088 nobis.
3368 4031 3465 4086 Ait
3521 4030 3620 4087 ille
3650 4030 3711 4086 in

2052 4119 2341 4186 Thesauro,
2372 4137 2504 4193 pag.
2555 4121 2698 4176 358:
2732 4121 2815 4175 Ea:
2855 4123 2972 4193 ipso
3020 4120 3204 4193 (Filio)
3248 4121 3585 4176 naturaliter
3613 4135 3710 4176 ea:-

2049 4210 2244 4265 sistens
2272 4208 2566 4281 (Spiritus)
2599 4213 2649 4265 et
2678 4211 2739 4266 in
2767 4218 3086 4266 creaturam
3113 4211 3180 4265 ab
3212 4211 3329 4282 ipso
3358 4212 3578 4266 missus.

2124 4295 2216 4355 87
2255 4297 2418 4362 Quod
2452 4298 2499 4354 si
2528 4300 2768 4355 demum
2817 4299 3088 4355 exteriori
3141 4298 3516 4355 solummodo
3547 4299 3712 4371 operi

2052 4387 2210 4442 notio
2267 4388 2547 4444 missionis
2603 4387 2911 4460 alligetur:
2967 4386 3057 4443 vel
3109 4388 3264 4443 siin
3320 4387 3603 4444 missione
3651 4387 3712 4442 id

2051 4491 2236 4532 unum
2268 4476 2693 4544 consideretur,
2721 4478 2877 4548 quod
2909 4481 2999 4532 est
3025 4492 3154 4533 esse
3184 4476 3542 4548 principium
3579 4477 3717 4532 effe-

2051 4569 2200 4636 ctus,
2237 4566 2410 4636 cuius
2442 4565 2665 4621 ratione
2714 4582 2966 4638 persona
3021 4565 3220 4637 aliqua
3268 4565 3420 4621 mitti
3451 4565 3708 4634 dicitur;

292 4659 476 4725 ptura
511 4655 824 4726 Patresque
853 4655 1119 4721 doceant,
1161 4653 1446 4724 Spiritum
1479 4658 1752 4709 sanctum
1795 4653 1943 4709 acci-
1976 4667 2022 4731 D
2053 4653 2173 4709 hac
2204 4654 2409 4726 utique
2441 4654 2698 4726 primum
2731 4654 3076 4728 impropria,
3103 4671 3169 4710 ac
3199 4653 3378 4710 nimis
3409 4653 3524 4709 late
3554 4670 3715 4709 sum-

293 4757 428 4814 pere
459 4744 529 4798 de
559 4743 723 4811 Filio,
756 4749 813 4799 et
841 4743 1081 4814 aPatre,
1115 4741 1396 4814 Filioque,
1429 4742 1548 4797 sive
1591 4759 1692 4814 per
1731 4743 1943 4798 Filium

293 4847 588 4901 emanare,
621 4832 857 4904 spirari,
890 4832 1196 4904 proﬂuere,
1247 4831 1541 4903 profundi,
1571 4831 1945 4903 exsplendes-

293 4937 422 4976 cere
445 4938 458 4987 ;
492 4919 592 4975 86
613 4936 682 4975 ea:
701 4921 786 4976 his
807 4921 874 4975 de
891 4923 1212 4976 necessitate
1232 4919 1664 4976 concludendum
1680 4919 1945 4991 Aquinas

293 5011 589 5076 admonet,
620 5010 761 5082 quod
790 5009 1033 5081 Spiritus
1061 5014 1282 5065 sanctus
1313 5027 1346 5064 a
1375 5010 1526 5066 Filio
1554 5010 1817 5080 procedit.

362 5097 432 5154 V.
467 5099 576 5154 Sed
605 5098 691 5155 vel
723 5100 852 5170 ipsa
894 5099 1134 5154 demum
1164 5098 1473 5170 temporali
1503 5099 1771 5169 ejusdem
1803 5098 1946 5154 mis-

293 5187 476 5255 sione,
527 5205 643 5260 qua
692 5188 940 5243 nimium
999 5188 1325 5242 abutuntur
1372 5188 1574 5252 Graci,
1623 5191 1839 5243 aterna
1880 5204 1946 5243 ac

291 5277 702 5333 substantialis
733 5278 913 5349 origo,
947 5293 1049 5332 seu
1084 5276 1377 5347 processio
1409 5277 1665 5348 Spiritus
1697 5277 1884 5332 sancti
1913 5294 1946 5332 a

293 5367 460 5422 Patre
489 5371 546 5421 et
575 5383 608 5421 a
643 5366 806 5431 Filio,
837 5365 926 5421 vel
957 5381 1061 5438 per
1099 5366 1310 5420 Filium
1360 5367 1708 5422 ostenditur.
1741 5367 1802 5421 In
1836 5366 1944 5421 hac

292 5454 603 5526 temporali
637 5455 918 5510 missione
957 5471 1248 5527 personam
1294 5453 1609 5527 distingue,
1642 5471 1768 5526 qua
1792 5457 1947 5510 mitti

291 5545 508 5599 dicitur
536 5562 547 5599 :
574 5561 637 5598 ac
670 5544 1012 5612 terminum,
1055 5543 1175 5598 sive
1207 5559 1376 5615 opus,
1413 5543 1752 5616 donumque
1784 5560 1942 5599 crea-

294 5637 445 5699 tum,
502 5634 673 5702 cujus
723 5633 947 5687 ratione
995 5633 1168 5687 missa
1220 5637 1484 5702 'persona
1529 5648 1667 5687 novo
1711 5632 1946 5704 quodam

292 5721 450 5778 modo
479 5723 542 5776 in
591 5723 665 5780 iis
718 5723 916 5793 incipit
971 5737 1105 5794 esse,
1152 5721 1223 5777 ad
1285 5737 1434 5793 quos
1477 5721 1747 5781 mittitur.
1783 5722 1944 5794 Opus

2055 4747 2156 4815 pta
2182 4745 2466 4799 missionis
2498 4744 2645 4799 ratio
2676 4747 2802 4799 est:
2836 4760 2902 4798 ac
2934 4743 3144 4801 deinde
3192 4743 3491 4815 propriam
3521 4742 3709 4810 illam,

2055 4849 2233 4905 quam
2291 4831 2748 4902 enucleavimus,
2809 4833 2953 4888 satis
3013 4832 3280 4901 indicat;
3326 4849 3462 4888 cum
3511 4833 3571 4887 in
3603 4830 3712 4888 hac

2056 4921 2232 4978 etiam
2263 4922 2544 4978 missione
2595 4922 2918 4993 impropria
2964 4938 3257 4993 nusquam
3298 4922 3468 4977 Pater
3495 4920 3713 4993 legitur

2057 5012 2298 5077 missus,
2362 5009 2527 5066 missi
2583 5027 2718 5066 vero
2777 5011 3055 5066 dicuntur
3111 5010 3294 5066 Filius
3353 5014 3409 5066 et
3455 5009 3711 5083 Spiritus

2056 5106 2312 5156 sanctus.
2349 5103 2464 5156 Cur
2491 5117 2628 5156 vero
2649 5101 2676 5156 ?
2708 5101 2855 5164 Quia
2886 5101 3056 5156 Pater
3086 5118 3120 5156 a
3145 5101 3308 5158 nullo
3346 5106 3457 5169 est,
3491 5100 3562 5156 ab
3595 5099 3710 5156 alio

2057 5187 2238 5243 Filius
2269 5192 2328 5244 et
2374 5189 2625 5260 Spiritus
2674 5192 2915 5244 sanctus
2964 5190 3309 5260 procedunt.
3363 5189 3486 5253 Quo
3530 5203 3709 5243 sensu

2056 5276 2260 5343 Filius,
2293 5293 2427 5332 cum
2469 5293 2704 5333 carnem
2755 5279 3099 5349 assumpsit,
3151 5294 3267 5333 non
3300 5294 3334 5334 a
3363 5279 3530 5333 Patre
3561 5275 3709 5344 solo,

2055 5367 2154 5423 sed
2186 5366 2363 5422 etiam
2399 5384 2432 5421 a
2479 5366 2698 5437 Spiritu
2749 5369 2953 5421 sancto
3004 5366 3222 5423 missus
3264 5366 3518 5434 dicitur;
3551 5365 3709 5438 quod

2054 5455 2148 5510 hic
2179 5473 2298 5511 una
2327 5472 2459 5511 cum
2495 5456 2684 5520 Patre,
2714 5455 2832 5511 imo
2862 5460 2920 5511 et
2952 5473 3084 5512 cum
3118 5457 3278 5530 Filio,
3295 5462 3603 5512 externum
3635 5453 3706 5509 il-

2052 5543 2155 5600 lud
2185 5561 2333 5616 opus
2383 5544 2734 5600 elaboravit:
2783 5561 2850 5601 ao
2906 5547 3214 5617 cateroqui
3246 5545 3427 5601 Filius
3458 5549 3548 5602 est
3579 5560 3707 5616 per-

2053 5649 2199 5689 sona
2229 5633 2569 5706 procedens.
2602 5635 2725 5700 Quo
2755 5635 2934 5689 etiam
2974 5651 3151 5690 sensu
3197 5650 3315 5690 non
3366 5633 3708 5690 dubitavere

2055 5721 2252 5780 Patres
2283 5721 2364 5779 ita
2396 5722 2578 5794 loqui,
2608 5726 2676 5780 ut
2705 5723 2888 5780 Filius
2917 5737 2953 5780 a
2981 5723 3198 5796 seipse,
3235 5728 3293 5781 et
3319 5723 3496 5781 etiam
3524 5723 3706 5798 Spiri-
