  <div class='ocr_page' id='page_1' title='image "/cluster/home/n/w/nwhite01/storage/ocr_20150623/142/coo.31924054870476/056.png"; bbox 0 0 4090 6438; ppageno 0'>
   <div class='ocr_carea' id='block_1_1' title="bbox 360 395 3790 480">
    <p class='ocr_par' dir='ltr' id='par_1_1' title="bbox 360 395 3790 480">
     <span class='ocr_line' id='line_1_1' title="bbox 360 395 3790 480; baseline -0.011 -1"><span class='ocrx_word' id='word_1_1' title='bbox 360 418 437 480; x_wconf 73' lang='lat'>91</span> <span class='ocrx_word' id='word_1_2' title='bbox 1601 404 1813 468; x_wconf 79' lang='lat' dir='ltr'>VITA.</span> <span class='ocrx_word' id='word_1_3' title='bbox 1847 437 1923 447; x_wconf 97' lang='lat'><strong>—</strong></span> <span class='ocrx_word' id='word_1_4' title='bbox 1953 397 2476 464; x_wconf 81' lang='lat' dir='ltr'>DlSSERTATlO</span> <span class='ocrx_word' id='word_1_5' title='bbox 2518 396 2566 458; x_wconf 94' lang='grc' dir='ltr'><strong>Ι.</strong></span> <span class='ocrx_word' id='word_1_6' title='bbox 3707 395 3790 458; x_wconf 73' lang='lat'><strong>93</strong></span> 
     </span>
    </p>
   </div>
   <div class='ocr_carea' id='block_1_2' title="bbox 369 526 3782 612">
    <p class='ocr_par' dir='ltr' id='par_1_2' title="bbox 369 526 3782 612">
     <span class='ocr_line' id='line_1_2' title="bbox 369 526 3782 612; baseline -0.007 -7"><span class='ocrx_word' id='word_1_7' title='bbox 369 555 462 606; x_wconf 84' lang='lat' dir='ltr'>tus</span> <span class='ocrx_word' id='word_1_8' title='bbox 487 549 733 603; x_wconf 88' lang='lat' dir='ltr'>sanctus</span> <span class='ocrx_word' id='word_1_9' title='bbox 767 559 803 598; x_wconf 91' lang='lat' dir='ltr'>a</span> <span class='ocrx_word' id='word_1_10' title='bbox 832 539 1032 612; x_wconf 90' lang='lat' dir='ltr'>seipso</span> <span class='ocrx_word' id='word_1_11' title='bbox 1064 537 1348 594; x_wconf 53' lang='lat' dir='ltr'>mittatur.</span> <span class='ocrx_word' id='word_1_12' title='bbox 1383 539 1456 590; x_wconf 85' lang='lat' dir='ltr'>At</span> <span class='ocrx_word' id='word_1_13' title='bbox 1509 538 1826 592; x_wconf 75' lang='lat' dir='ltr'>missionem</span> <span class='ocrx_word' id='word_1_14' title='bbox 1884 532 2028 591; x_wconf 91' lang='lat' dir='ltr'>acci-</span> <span class='ocrx_word' id='word_1_15' title='bbox 2055 534 2112 601; x_wconf 70' lang='grc' dir='ltr'><strong>Α</strong></span> <span class='ocrx_word' id='word_1_16' title='bbox 2142 529 2493 595; x_wconf 82' lang='lat' dir='ltr'>subsistens,</span> <span class='ocrx_word' id='word_1_17' title='bbox 2526 545 2593 584; x_wconf 87' lang='lat' dir='ltr'>ac</span> <span class='ocrx_word' id='word_1_18' title='bbox 2623 527 2876 599; x_wconf 85' lang='lat' dir='ltr'>Spiritus</span> <span class='ocrx_word' id='word_1_19' title='bbox 2897 542 3167 598; x_wconf 82' lang='lat' dir='ltr'>persona,</span> <span class='ocrx_word' id='word_1_20' title='bbox 3226 543 3354 598; x_wconf 71' lang='lat' dir='ltr'>quae</span> <span class='ocrx_word' id='word_1_21' title='bbox 3437 526 3782 582; x_wconf 78' lang='lat' dir='ltr'>Trinitatem</span> 
     </span>
    </p>
   </div>
   <div class='ocr_carea' id='block_1_3' title="bbox 369 623 2024 711">
    <p class='ocr_par' dir='ltr' id='par_1_3' title="bbox 369 623 2024 711">
     <span class='ocr_line' id='line_1_3' title="bbox 369 623 2024 711; baseline -0.011 -17"><span class='ocrx_word' id='word_1_22' title='bbox 369 639 586 711; x_wconf 85' lang='lat' dir='ltr'>pientes</span> <span class='ocrx_word' id='word_1_23' title='bbox 617 630 805 690; x_wconf 60' lang='lat' dir='ltr'>Graeci</span> <span class='ocrx_word' id='word_1_24' title='bbox 839 646 944 702; x_wconf 91' lang='lat' dir='ltr'>pro</span> <span class='ocrx_word' id='word_1_25' title='bbox 994 627 1118 684; x_wconf 89' lang='lat' dir='ltr'>sola</span> <span class='ocrx_word' id='word_1_26' title='bbox 1171 627 1461 682; x_wconf 92' lang='lat' dir='ltr'>donorum</span> <span class='ocrx_word' id='word_1_27' title='bbox 1510 625 1846 698; x_wconf 81' lang='lat' dir='ltr'>largitione,</span> <span class='ocrx_word' id='word_1_28' title='bbox 1905 623 2024 678; x_wconf 85' lang='lat' dir='ltr'>sive</span> 
     </span>
    </p>
   </div>
   <div class='ocr_carea' id='block_1_4' title="bbox 369 712 2024 801">
    <p class='ocr_par' dir='ltr' id='par_1_4' title="bbox 369 712 2024 801">
     <span class='ocr_line' id='line_1_4' title="bbox 369 712 2024 801; baseline -0.01 -19"><span class='ocrx_word' id='word_1_29' title='bbox 369 744 468 801; x_wconf 87' lang='lat' dir='ltr'>pro</span> <span class='ocrx_word' id='word_1_30' title='bbox 528 723 656 780; x_wconf 89' lang='lat' dir='ltr'>sola</span> <span class='ocrx_word' id='word_1_31' title='bbox 715 720 912 792; x_wconf 88' lang='lat' dir='ltr'>operis</span> <span class='ocrx_word' id='word_1_32' title='bbox 975 716 1196 772; x_wconf 88' lang='lat' dir='ltr'>externi</span> <span class='ocrx_word' id='word_1_33' title='bbox 1252 715 1587 784; x_wconf 83' lang='lat' dir='ltr'>efﬁcientia,</span> <span class='ocrx_word' id='word_1_34' title='bbox 1620 714 1869 770; x_wconf 90' lang='lat' dir='ltr'>eludunt</span> <span class='ocrx_word' id='word_1_35' title='bbox 1899 712 2024 767; x_wconf 87' lang='lat' dir='ltr'>sine</span> 
     </span>
    </p>
   </div>
   <div class='ocr_carea' id='block_1_5' title="bbox 368 800 2025 882">
    <p class='ocr_par' dir='ltr' id='par_1_5' title="bbox 368 800 2025 882">
     <span class='ocr_line' id='line_1_5' title="bbox 368 800 2025 882; baseline -0.011 -11"><span class='ocrx_word' id='word_1_36' title='bbox 368 800 545 872; x_wconf 87' lang='lat' dir='ltr'>dubio</span> <span class='ocrx_word' id='word_1_37' title='bbox 577 811 939 882; x_wconf 82' lang='lat' dir='ltr'>Scripturas;</span> <span class='ocrx_word' id='word_1_38' title='bbox 973 823 1100 878; x_wconf 57' lang='lat' dir='ltr'>quas</span> <span class='ocrx_word' id='word_1_39' title='bbox 1133 805 1352 877; x_wconf 89' lang='lat' dir='ltr'>passim</span> <span class='ocrx_word' id='word_1_40' title='bbox 1387 804 1619 871; x_wconf 88' lang='lat' dir='ltr'>docent,</span> <span class='ocrx_word' id='word_1_41' title='bbox 1654 802 1886 869; x_wconf 88' lang='lat' dir='ltr'>Filium,</span> <span class='ocrx_word' id='word_1_42' title='bbox 1916 800 2025 854; x_wconf 92' lang='lat' dir='ltr'>hoc</span> 
     </span>
    </p>
   </div>
   <div class='ocr_carea' id='block_1_6' title="bbox 368 890 2024 974">
    <p class='ocr_par' dir='ltr' id='par_1_6' title="bbox 368 890 2024 974">
     <span class='ocr_line' id='line_1_6' title="bbox 368 890 2024 974; baseline -0.01 -15"><span class='ocrx_word' id='word_1_43' title='bbox 368 908 455 959; x_wconf 87' lang='lat' dir='ltr'>est</span> <span class='ocrx_word' id='word_1_44' title='bbox 481 917 778 974; x_wconf 76' lang='lat' dir='ltr'>personam</span> <span class='ocrx_word' id='word_1_45' title='bbox 798 897 961 962; x_wconf 82' lang='lat' dir='ltr'>Filii,</span> <span class='ocrx_word' id='word_1_46' title='bbox 995 894 1147 950; x_wconf 81' lang='lat' dir='ltr'>mitti</span> <span class='ocrx_word' id='word_1_47' title='bbox 1179 910 1213 947; x_wconf 85' lang='lat' dir='ltr'>a</span> <span class='ocrx_word' id='word_1_48' title='bbox 1242 896 1410 947; x_wconf 81' lang='lat' dir='ltr'>Patre</span> <span class='ocrx_word' id='word_1_49' title='bbox 1437 898 1538 946; x_wconf 34' lang='lat' dir='ltr'>:‘et</span> <span class='ocrx_word' id='word_1_50' title='bbox 1569 890 1852 962; x_wconf 89' lang='lat' dir='ltr'>Spiritum</span> <span class='ocrx_word' id='word_1_51' title='bbox 1883 905 2024 945; x_wconf 86' lang='lat' dir='ltr'>san-</span> 
     </span>
    </p>
   </div>
   <div class='ocr_carea' id='block_1_7' title="bbox 368 979 2029 1061">
    <p class='ocr_par' dir='ltr' id='par_1_7' title="bbox 368 979 2029 1061">
     <span class='ocr_line' id='line_1_7' title="bbox 368 979 2029 1061; baseline -0.01 -13"><span class='ocrx_word' id='word_1_52' title='bbox 368 998 552 1061; x_wconf 86' lang='lat' dir='ltr'>ctum,</span> <span class='ocrx_word' id='word_1_53' title='bbox 579 991 690 1046; x_wconf 92' lang='lat' dir='ltr'>hoc</span> <span class='ocrx_word' id='word_1_54' title='bbox 721 994 812 1044; x_wconf 90' lang='lat' dir='ltr'>est</span> <span class='ocrx_word' id='word_1_55' title='bbox 838 999 1133 1058; x_wconf 77' lang='lat' dir='ltr'>personam</span> <span class='ocrx_word' id='word_1_56' title='bbox 1153 983 1292 1054; x_wconf 82' lang='lat' dir='ltr'>ejus,</span> <span class='ocrx_word' id='word_1_57' title='bbox 1351 998 1386 1036; x_wconf 94' lang='lat' dir='ltr'>a</span> <span class='ocrx_word' id='word_1_58' title='bbox 1444 984 1616 1034; x_wconf 88' lang='lat' dir='ltr'>Patre</span> <span class='ocrx_word' id='word_1_59' title='bbox 1676 979 1852 1044; x_wconf 86' lang='lat' dir='ltr'>mitti,</span> <span class='ocrx_word' id='word_1_60' title='bbox 1909 982 1966 1033; x_wconf 91' lang='lat' dir='ltr'>et</span> <span class='ocrx_word' id='word_1_61' title='bbox 1995 993 2029 1031; x_wconf 89' lang='lat' dir='ltr'>a</span> 
     </span>
    </p>
   </div>
   <div class='ocr_carea' id='block_1_8' title="bbox 368 1066 2028 1148">
    <p class='ocr_par' dir='ltr' id='par_1_8' title="bbox 368 1066 2028 1148">
     <span class='ocr_line' id='line_1_8' title="bbox 368 1066 2028 1148; baseline -0.009 -14"><span class='ocrx_word' id='word_1_62' title='bbox 368 1082 534 1140; x_wconf 84' lang='lat' dir='ltr'>Filio.</span> <span class='ocrx_word' id='word_1_63' title='bbox 585 1078 756 1134; x_wconf 85' lang='lat' dir='ltr'>Ratio</span> <span class='ocrx_word' id='word_1_64' title='bbox 817 1078 1098 1148; x_wconf 72' lang='lat' dir='ltr'>praeterea</span> <span class='ocrx_word' id='word_1_65' title='bbox 1151 1071 1308 1125; x_wconf 87' lang='lat' dir='ltr'>haud</span> <span class='ocrx_word' id='word_1_66' title='bbox 1360 1084 1622 1140; x_wconf 86' lang='lat' dir='ltr'>unquam</span> <span class='ocrx_word' id='word_1_67' title='bbox 1678 1066 2028 1122; x_wconf 78' lang='lat' dir='ltr'>conveniens</span> 
     </span>
    </p>
   </div>
   <div class='ocr_carea' id='block_1_9' title="bbox 366 1154 2028 1238">
    <p class='ocr_par' dir='ltr' id='par_1_9' title="bbox 366 1154 2028 1238">
     <span class='ocr_line' id='line_1_9' title="bbox 366 1154 2028 1238; baseline -0.011 -12"><span class='ocrx_word' id='word_1_68' title='bbox 366 1187 434 1226; x_wconf 83' lang='lat' dir='ltr'>ac</span> <span class='ocrx_word' id='word_1_69' title='bbox 465 1168 657 1225; x_wconf 89' lang='lat' dir='ltr'>solida</span> <span class='ocrx_word' id='word_1_70' title='bbox 689 1168 901 1238; x_wconf 63' lang='lat' dir='ltr'>prasto</span> <span class='ocrx_word' id='word_1_71' title='bbox 934 1161 1051 1217; x_wconf 85' lang='lat' dir='ltr'>illis</span> <span class='ocrx_word' id='word_1_72' title='bbox 1074 1159 1270 1229; x_wconf 87' lang='lat' dir='ltr'>fuerit,</span> <span class='ocrx_word' id='word_1_73' title='bbox 1313 1174 1432 1230; x_wconf 91' lang='lat' dir='ltr'>qua</span> <span class='ocrx_word' id='word_1_74' title='bbox 1461 1158 1774 1223; x_wconf 86' lang='lat' dir='ltr'>declarent,</span> <span class='ocrx_word' id='word_1_75' title='bbox 1835 1172 1940 1211; x_wconf 93' lang='lat' dir='ltr'>cur</span> <span class='ocrx_word' id='word_1_76' title='bbox 1968 1154 2028 1208; x_wconf 90' lang='lat' dir='ltr'>in</span> 
     </span>
    </p>
   </div>
   <div class='ocr_carea' id='block_1_10' title="bbox 366 1241 2030 1326">
    <p class='ocr_par' dir='ltr' id='par_1_10' title="bbox 366 1241 2030 1326">
     <span class='ocr_line' id='line_1_10' title="bbox 366 1241 2030 1326; baseline -0.011 -11"><span class='ocrx_word' id='word_1_77' title='bbox 366 1258 596 1315; x_wconf 81' lang='lat' dir='ltr'>divinis</span> <span class='ocrx_word' id='word_1_78' title='bbox 627 1253 881 1326; x_wconf 89' lang='lat' dir='ltr'>eloquiis</span> <span class='ocrx_word' id='word_1_79' title='bbox 915 1266 982 1305; x_wconf 93' lang='lat' dir='ltr'>ac</span> <span class='ocrx_word' id='word_1_80' title='bbox 1009 1253 1132 1303; x_wconf 89' lang='lat' dir='ltr'>tota</span> <span class='ocrx_word' id='word_1_81' title='bbox 1159 1247 1400 1302; x_wconf 87' lang='lat' dir='ltr'>Patrum</span> <span class='ocrx_word' id='word_1_82' title='bbox 1428 1245 1762 1312; x_wconf 89' lang='lat' dir='ltr'>traditione,</span> <span class='ocrx_word' id='word_1_83' title='bbox 1795 1241 2030 1298; x_wconf 89' lang='lat' dir='ltr'>nonnisi</span> 
     </span>
    </p>
   </div>
   <div class='ocr_carea' id='block_1_11' title="bbox 367 1333 2031 1421">
    <p class='ocr_par' dir='ltr' id='par_1_11' title="bbox 367 1333 2031 1421">
     <span class='ocr_line' id='line_1_11' title="bbox 367 1333 2031 1421; baseline -0.01 -16"><span class='ocrx_word' id='word_1_84' title='bbox 367 1363 625 1421; x_wconf 83' lang='lat' dir='ltr'>persona</span> <span class='ocrx_word' id='word_1_85' title='bbox 655 1343 999 1417; x_wconf 87' lang='lat' dir='ltr'>procedens,</span> <span class='ocrx_word' id='word_1_86' title='bbox 1034 1339 1106 1393; x_wconf 90' lang='lat' dir='ltr'>ab</span> <span class='ocrx_word' id='word_1_87' title='bbox 1137 1337 1272 1402; x_wconf 89' lang='lat' dir='ltr'>alia,</span> <span class='ocrx_word' id='word_1_88' title='bbox 1307 1335 1458 1391; x_wconf 88' lang='lat' dir='ltr'>mitti</span> <span class='ocrx_word' id='word_1_89' title='bbox 1491 1333 1869 1390; x_wconf 85' lang='lat' dir='ltr'>enuntietur?</span> <span class='ocrx_word' id='word_1_90' title='bbox 1904 1335 2031 1388; x_wconf 61' lang='lat' dir='ltr'>Hac</span> 
     </span>
    </p>
   </div>
   <div class='ocr_carea' id='block_1_12' title="bbox 365 1420 2033 1496">
    <p class='ocr_par' dir='ltr' id='par_1_12' title="bbox 365 1420 2033 1496">
     <span class='ocr_line' id='line_1_12' title="bbox 365 1420 2033 1496; baseline -0.01 -4"><span class='ocrx_word' id='word_1_91' title='bbox 365 1420 542 1494; x_wconf 85' lang='lat' dir='ltr'>docet</span> <span class='ocrx_word' id='word_1_92' title='bbox 597 1433 797 1490; x_wconf 85' lang='lat' dir='ltr'>omnia</span> <span class='ocrx_word' id='word_1_93' title='bbox 857 1428 1143 1485; x_wconf 71' lang='lat' dir='ltr'>latismme</span> <span class='ocrx_word' id='word_1_94' title='bbox 1205 1423 1514 1496; x_wconf 87' lang='lat' dir='ltr'>Dionysius</span> <span class='ocrx_word' id='word_1_95' title='bbox 1583 1422 1873 1489; x_wconf 86' lang='lat' dir='ltr'>Petavius,</span> <span class='ocrx_word' id='word_1_96' title='bbox 1959 1420 2033 1475; x_wconf 90' lang='lat' dir='ltr'>li-</span> 
     </span>
    </p>
   </div>
   <div class='ocr_carea' id='block_1_13' title="bbox 366 1510 2033 1589">
    <p class='ocr_par' dir='ltr' id='par_1_13' title="bbox 366 1510 2033 1589">
     <span class='ocr_line' id='line_1_13' title="bbox 366 1510 2033 1589; baseline -0.01 -7"><span class='ocrx_word' id='word_1_97' title='bbox 366 1527 477 1582; x_wconf 90' lang='lat' dir='ltr'>bro</span> <span class='ocrx_word' id='word_1_98' title='bbox 517 1541 642 1589; x_wconf 85' lang='lat' dir='ltr'>vm,</span> <span class='ocrx_word' id='word_1_99' title='bbox 669 1525 745 1578; x_wconf 88' lang='lat' dir='ltr'>De</span> <span class='ocrx_word' id='word_1_100' title='bbox 774 1520 1062 1586; x_wconf 87' lang='lat' dir='ltr'>Trinitate,</span> <span class='ocrx_word' id='word_1_101' title='bbox 1077 1531 1143 1570; x_wconf 94' lang='lat' dir='ltr'>ac</span> <span class='ocrx_word' id='word_1_102' title='bbox 1170 1513 1329 1570; x_wconf 88' lang='lat' dir='ltr'>brevi</span> <span class='ocrx_word' id='word_1_103' title='bbox 1360 1511 1652 1568; x_wconf 86' lang='lat' dir='ltr'>sententia</span> <span class='ocrx_word' id='word_1_104' title='bbox 1681 1511 1940 1583; x_wconf 88' lang='lat' dir='ltr'>Aquinas</span> <span class='ocrx_word' id='word_1_105' title='bbox 1971 1510 2033 1566; x_wconf 91' lang='lat' dir='ltr'>in</span> 
     </span>
    </p>
   </div>
   <div class='ocr_carea' id='block_1_14' title="bbox 368 1601 2030 1688">
    <p class='ocr_par' dir='ltr' id='par_1_14' title="bbox 368 1601 2030 1688">
     <span class='ocr_line' id='line_1_14' title="bbox 368 1601 2030 1688; baseline -0.01 -18"><span class='ocrx_word' id='word_1_106' title='bbox 368 1615 566 1688; x_wconf 90' lang='lat' dir='ltr'>prima</span> <span class='ocrx_word' id='word_1_107' title='bbox 604 1616 796 1666; x_wconf 67' lang='lat' dir='ltr'>Sumse</span> <span class='ocrx_word' id='word_1_108' title='bbox 821 1606 1136 1676; x_wconf 79' lang='lat' dir='ltr'>theoogicae</span> <span class='ocrx_word' id='word_1_109' title='bbox 1173 1607 1361 1675; x_wconf 90' lang='lat' dir='ltr'>parte,</span> <span class='ocrx_word' id='word_1_110' title='bbox 1411 1605 1621 1672; x_wconf 76' lang='lat' dir='ltr'>quaest.</span> <span class='ocrx_word' id='word_1_111' title='bbox 1682 1601 1771 1670; x_wconf 84' lang='grc'>44,</span> <span class='ocrx_word' id='word_1_112' title='bbox 1832 1604 1940 1654; x_wconf 91' lang='lat' dir='ltr'>art.</span> <span class='ocrx_word' id='word_1_113' title='bbox 1976 1601 2030 1654; x_wconf 90' lang='lat'>8.</span> 
     </span>
    </p>
   </div>
   <div class='ocr_carea' id='block_1_15' title="bbox 445 1688 2036 1762">
    <p class='ocr_par' dir='ltr' id='par_1_15' title="bbox 445 1688 2036 1762">
     <span class='ocr_line' id='line_1_15' title="bbox 445 1688 2036 1762; baseline -0.011 -2"><span class='ocrx_word' id='word_1_114' title='bbox 445 1701 792 1760; x_wconf 85' lang='lat' dir='ltr'>Missionem</span> <span class='ocrx_word' id='word_1_115' title='bbox 813 1696 978 1752; x_wconf 89' lang='lat' dir='ltr'>illam</span> <span class='ocrx_word' id='word_1_116' title='bbox 1008 1693 1342 1748; x_wconf 88' lang='lat' dir='ltr'>divinarum</span> <span class='ocrx_word' id='word_1_117' title='bbox 1375 1705 1762 1762; x_wconf 89' lang='lat' dir='ltr'>personarum</span> <span class='ocrx_word' id='word_1_118' title='bbox 1801 1688 2036 1761; x_wconf 88' lang='lat' dir='ltr'>proprie</span> 
     </span>
    </p>
   </div>
   <div class='ocr_carea' id='block_1_16' title="bbox 370 1776 2033 1852">
    <p class='ocr_par' dir='ltr' id='par_1_16' title="bbox 370 1776 2033 1852">
     <span class='ocr_line' id='line_1_16' title="bbox 370 1776 2033 1852; baseline -0.011 -4"><span class='ocrx_word' id='word_1_119' title='bbox 370 1793 593 1848; x_wconf 87' lang='lat' dir='ltr'>dictam</span> <span class='ocrx_word' id='word_1_120' title='bbox 625 1789 708 1843; x_wconf 91' lang='lat' dir='ltr'>ita</span> <span class='ocrx_word' id='word_1_121' title='bbox 737 1788 978 1842; x_wconf 89' lang='lat' dir='ltr'>demum</span> <span class='ocrx_word' id='word_1_122' title='bbox 1009 1781 1227 1852; x_wconf 88' lang='lat' dir='ltr'>accipe,</span> <span class='ocrx_word' id='word_1_123' title='bbox 1259 1796 1326 1835; x_wconf 90' lang='lat' dir='ltr'>ac</span> <span class='ocrx_word' id='word_1_124' title='bbox 1347 1777 1825 1850; x_wconf 82' lang='lat' dir='ltr'>intellige.Rebus</span> <span class='ocrx_word' id='word_1_125' title='bbox 1845 1776 2033 1832; x_wconf 90' lang='lat' dir='ltr'>omni-</span> 
     </span>
    </p>
   </div>
   <div class='ocr_carea' id='block_1_17' title="bbox 369 1867 2039 1944">
    <p class='ocr_par' dir='ltr' id='par_1_17' title="bbox 369 1867 2039 1944">
     <span class='ocr_line' id='line_1_17' title="bbox 369 1867 2039 1944; baseline -0.011 -7"><span class='ocrx_word' id='word_1_126' title='bbox 369 1882 489 1936; x_wconf 88' lang='lat' dir='ltr'>bus</span> <span class='ocrx_word' id='word_1_127' title='bbox 521 1881 697 1944; x_wconf 90' lang='lat' dir='ltr'>inest,</span> <span class='ocrx_word' id='word_1_128' title='bbox 745 1881 801 1931; x_wconf 88' lang='lat' dir='ltr'>et</span> <span class='ocrx_word' id='word_1_129' title='bbox 843 1873 1013 1930; x_wconf 87' lang='lat' dir='ltr'>adest</span> <span class='ocrx_word' id='word_1_130' title='bbox 1065 1869 1273 1924; x_wconf 90' lang='lat' dir='ltr'>intime</span> <span class='ocrx_word' id='word_1_131' title='bbox 1329 1867 1485 1923; x_wconf 90' lang='lat' dir='ltr'>Deus</span> <span class='ocrx_word' id='word_1_132' title='bbox 1509 1883 1610 1938; x_wconf 86' lang='lat' dir='ltr'>per</span> <span class='ocrx_word' id='word_1_133' title='bbox 1637 1868 1952 1933; x_wconf 78' lang='lat' dir='ltr'>essentiam,</span> <span class='ocrx_word' id='word_1_134' title='bbox 1983 1870 2039 1920; x_wconf 86' lang='lat' dir='ltr'>et</span> 
     </span>
    </p>
   </div>
   <div class='ocr_carea' id='block_1_18' title="bbox 371 1955 2037 2044">
    <p class='ocr_par' dir='ltr' id='par_1_18' title="bbox 371 1955 2037 2044">
     <span class='ocr_line' id='line_1_18' title="bbox 371 1955 2037 2044; baseline -0.01 -19"><span class='ocrx_word' id='word_1_135' title='bbox 371 1969 757 2044; x_wconf 69' lang='lat' dir='ltr'>praesentiam,</span> <span class='ocrx_word' id='word_1_136' title='bbox 789 1980 854 2018; x_wconf 90' lang='lat' dir='ltr'>ac</span> <span class='ocrx_word' id='word_1_137' title='bbox 880 1962 1220 2035; x_wconf 85' lang='lat' dir='ltr'>potentiam;</span> <span class='ocrx_word' id='word_1_138' title='bbox 1253 1958 1431 2028; x_wconf 91' lang='lat' dir='ltr'>idque</span> <span class='ocrx_word' id='word_1_139' title='bbox 1465 1955 1642 2011; x_wconf 87' lang='lat' dir='ltr'>habet</span> <span class='ocrx_word' id='word_1_140' title='bbox 1699 1973 1732 2011; x_wconf 87' lang='lat' dir='ltr'>a</span> <span class='ocrx_word' id='word_1_141' title='bbox 1793 1961 1902 2010; x_wconf 91' lang='lat' dir='ltr'>Deo</span> <span class='ocrx_word' id='word_1_142' title='bbox 1936 1970 2037 2026; x_wconf 89' lang='lat' dir='ltr'>pa-</span> 
     </span>
    </p>
   </div>
   <div class='ocr_carea' id='block_1_19' title="bbox 373 2043 2040 2119">
    <p class='ocr_par' dir='ltr' id='par_1_19' title="bbox 373 2043 2040 2119">
     <span class='ocr_line' id='line_1_19' title="bbox 373 2043 2040 2119; baseline -0.011 -4"><span class='ocrx_word' id='word_1_143' title='bbox 373 2043 462 2115; x_wconf 86' lang='lat' dir='ltr'>tre</span> <span class='ocrx_word' id='word_1_144' title='bbox 493 2063 648 2112; x_wconf 90' lang='lat' dir='ltr'>Deus</span> <span class='ocrx_word' id='word_1_145' title='bbox 671 2053 874 2119; x_wconf 90' lang='lat' dir='ltr'>Filius,</span> <span class='ocrx_word' id='word_1_146' title='bbox 908 2055 963 2107; x_wconf 89' lang='lat' dir='ltr'>et</span> <span class='ocrx_word' id='word_1_147' title='bbox 993 2049 1170 2104; x_wconf 87' lang='lat' dir='ltr'>habet</span> <span class='ocrx_word' id='word_1_148' title='bbox 1191 2064 1224 2102; x_wconf 85' lang='lat' dir='ltr'>a</span> <span class='ocrx_word' id='word_1_149' title='bbox 1254 2047 1422 2102; x_wconf 89' lang='lat' dir='ltr'>Patre</span> <span class='ocrx_word' id='word_1_150' title='bbox 1440 2049 1494 2101; x_wconf 90' lang='lat' dir='ltr'>et</span> <span class='ocrx_word' id='word_1_151' title='bbox 1517 2044 1658 2100; x_wconf 91' lang='lat' dir='ltr'>Filio</span> <span class='ocrx_word' id='word_1_152' title='bbox 1689 2049 1840 2100; x_wconf 91' lang='lat' dir='ltr'>Deus</span> <span class='ocrx_word' id='word_1_153' title='bbox 1862 2043 2040 2116; x_wconf 90' lang='lat' dir='ltr'>Spiri-</span> 
     </span>
    </p>
   </div>
   <div class='ocr_carea' id='block_1_20' title="bbox 377 2133 2041 2205">
    <p class='ocr_par' dir='ltr' id='par_1_20' title="bbox 377 2133 2041 2205">
     <span class='ocr_line' id='line_1_20' title="bbox 377 2133 2041 2205; baseline -0.01 -2"><span class='ocrx_word' id='word_1_154' title='bbox 377 2153 477 2202; x_wconf 91' lang='lat' dir='ltr'>tus</span> <span class='ocrx_word' id='word_1_155' title='bbox 507 2149 771 2202; x_wconf 90' lang='lat' dir='ltr'>sanctus.</span> <span class='ocrx_word' id='word_1_156' title='bbox 805 2142 910 2196; x_wconf 88' lang='lat' dir='ltr'>Per</span> <span class='ocrx_word' id='word_1_157' title='bbox 933 2136 1360 2194; x_wconf 87' lang='lat' dir='ltr'>charismatum</span> <span class='ocrx_word' id='word_1_158' title='bbox 1390 2133 1796 2205; x_wconf 89' lang='lat' dir='ltr'>elargitionem</span> <span class='ocrx_word' id='word_1_159' title='bbox 1853 2149 2041 2187; x_wconf 88' lang='lat' dir='ltr'>novus</span> 
     </span>
    </p>
   </div>
   <div class='ocr_carea' id='block_1_21' title="bbox 380 2221 2043 2305">
    <p class='ocr_par' dir='ltr' id='par_1_21' title="bbox 380 2221 2043 2305">
     <span class='ocr_line' id='line_1_21' title="bbox 380 2221 2043 2305; baseline -0.01 -13"><span class='ocrx_word' id='word_1_160' title='bbox 380 2233 690 2305; x_wconf 88' lang='lat' dir='ltr'>consurgit</span> <span class='ocrx_word' id='word_1_161' title='bbox 711 2229 887 2286; x_wconf 90' lang='lat' dir='ltr'>veluti</span> <span class='ocrx_word' id='word_1_162' title='bbox 911 2226 1231 2299; x_wconf 67' lang='lat' dir='ltr'>praesentia:</span> <span class='ocrx_word' id='word_1_163' title='bbox 1253 2221 1589 2294; x_wconf 90' lang='lat' dir='ltr'>modus,qui</span> <span class='ocrx_word' id='word_1_164' title='bbox 1612 2223 1802 2294; x_wconf 90' lang='lat' dir='ltr'>magis</span> <span class='ocrx_word' id='word_1_165' title='bbox 1819 2224 2043 2276; x_wconf 89' lang='lat' dir='ltr'>minus-</span> 
     </span>
    </p>
   </div>
   <div class='ocr_carea' id='block_1_22' title="bbox 381 2309 2042 2398">
    <p class='ocr_par' dir='ltr' id='par_1_22' title="bbox 381 2309 2042 2398">
     <span class='ocr_line' id='line_1_22' title="bbox 381 2309 2042 2398; baseline -0.01 -17"><span class='ocrx_word' id='word_1_166' title='bbox 381 2341 498 2398; x_wconf 89' lang='lat' dir='ltr'>que</span> <span class='ocrx_word' id='word_1_167' title='bbox 514 2319 787 2395; x_wconf 88' lang='lat' dir='ltr'>specialis</span> <span class='ocrx_word' id='word_1_168' title='bbox 807 2321 896 2374; x_wconf 91' lang='lat' dir='ltr'>est</span> <span class='ocrx_word' id='word_1_169' title='bbox 911 2332 1013 2387; x_wconf 90' lang='lat' dir='ltr'>pro</span> <span class='ocrx_word' id='word_1_170' title='bbox 1032 2313 1149 2370; x_wconf 90' lang='lat' dir='ltr'>dati</span> <span class='ocrx_word' id='word_1_171' title='bbox 1162 2310 1536 2368; x_wconf 89' lang='lat' dir='ltr'>charismatis</span> <span class='ocrx_word' id='word_1_172' title='bbox 1552 2311 1878 2382; x_wconf 64' lang='lat' dir='ltr'>prasentia.</span> <span class='ocrx_word' id='word_1_173' title='bbox 1896 2309 2042 2365; x_wconf 88' lang='lat' dir='ltr'>Hinc</span> 
     </span>
    </p>
   </div>
   <div class='ocr_carea' id='block_1_23' title="bbox 381 2399 2042 2486">
    <p class='ocr_par' dir='ltr' id='par_1_23' title="bbox 381 2399 2042 2486">
     <span class='ocr_line' id='line_1_23' title="bbox 381 2399 2042 2486; baseline -0.011 -16"><span class='ocrx_word' id='word_1_174' title='bbox 381 2413 640 2486; x_wconf 89' lang='lat' dir='ltr'>Spiritus</span> <span class='ocrx_word' id='word_1_175' title='bbox 699 2412 964 2472; x_wconf 89' lang='lat' dir='ltr'>sanctus,</span> <span class='ocrx_word' id='word_1_176' title='bbox 1015 2420 1048 2458; x_wconf 87' lang='lat' dir='ltr'>a</span> <span class='ocrx_word' id='word_1_177' title='bbox 1077 2403 1246 2457; x_wconf 88' lang='lat' dir='ltr'>Patre</span> <span class='ocrx_word' id='word_1_178' title='bbox 1277 2405 1334 2456; x_wconf 91' lang='lat' dir='ltr'>et</span> <span class='ocrx_word' id='word_1_179' title='bbox 1366 2419 1401 2457; x_wconf 91' lang='lat' dir='ltr'>a</span> <span class='ocrx_word' id='word_1_180' title='bbox 1441 2399 1584 2455; x_wconf 90' lang='lat' dir='ltr'>Filio</span> <span class='ocrx_word' id='word_1_181' title='bbox 1617 2399 1859 2470; x_wconf 90' lang='lat' dir='ltr'>missus,</span> <span class='ocrx_word' id='word_1_182' title='bbox 1894 2414 2042 2453; x_wconf 91' lang='lat' dir='ltr'>novo</span> 
     </span>
    </p>
   </div>
   <div class='ocr_carea' id='block_1_24' title="bbox 378 2489 2044 2564">
    <p class='ocr_par' dir='ltr' id='par_1_24' title="bbox 378 2489 2044 2564">
     <span class='ocr_line' id='line_1_24' title="bbox 378 2489 2044 2564; baseline -0.01 -6"><span class='ocrx_word' id='word_1_183' title='bbox 378 2503 558 2558; x_wconf 89' lang='lat' dir='ltr'>modo</span> <span class='ocrx_word' id='word_1_184' title='bbox 589 2498 834 2555; x_wconf 81' lang='lat' dir='ltr'>absolute</span> <span class='ocrx_word' id='word_1_185' title='bbox 847 2503 898 2551; x_wconf 92' lang='lat' dir='ltr'>et</span> <span class='ocrx_word' id='word_1_186' title='bbox 914 2491 1449 2564; x_wconf 79' lang='lat' dir='ltr'>simpliciterinesse</span> <span class='ocrx_word' id='word_1_187' title='bbox 1470 2489 1686 2544; x_wconf 90' lang='lat' dir='ltr'>dicitur</span> <span class='ocrx_word' id='word_1_188' title='bbox 1705 2493 1762 2543; x_wconf 91' lang='lat' dir='ltr'>et</span> <span class='ocrx_word' id='word_1_189' title='bbox 1780 2489 2044 2543; x_wconf 84' lang='lat' dir='ltr'>habitare</span> 
     </span>
    </p>
   </div>
   <div class='ocr_carea' id='block_1_25' title="bbox 378 2576 2038 2661">
    <p class='ocr_par' dir='ltr' id='par_1_25' title="bbox 378 2576 2038 2661">
     <span class='ocr_line' id='line_1_25' title="bbox 378 2576 2038 2661; baseline -0.01 -14"><span class='ocrx_word' id='word_1_190' title='bbox 378 2593 437 2647; x_wconf 93' lang='lat' dir='ltr'>in</span> <span class='ocrx_word' id='word_1_191' title='bbox 470 2592 548 2646; x_wconf 89' lang='lat' dir='ltr'>iis</span> <span class='ocrx_word' id='word_1_192' title='bbox 578 2588 679 2661; x_wconf 90' lang='lat' dir='ltr'>qui</span> <span class='ocrx_word' id='word_1_193' title='bbox 711 2585 912 2660; x_wconf 72' lang='lat' dir='ltr'>gratiae</span> <span class='ocrx_word' id='word_1_194' title='bbox 945 2578 1372 2638; x_wconf 84' lang='lat' dir='ltr'>sanctiﬁcantis</span> <span class='ocrx_word' id='word_1_195' title='bbox 1393 2578 1694 2634; x_wconf 88' lang='lat' dir='ltr'>charisma</span> <span class='ocrx_word' id='word_1_196' title='bbox 1714 2576 2038 2648; x_wconf 87' lang='lat' dir='ltr'>accipiunt:</span> 
     </span>
    </p>
   </div>
   <div class='ocr_carea' id='block_1_26' title="bbox 378 2666 2046 2752">
    <p class='ocr_par' dir='ltr' id='par_1_26' title="bbox 378 2666 2046 2752">
     <span class='ocr_line' id='line_1_26' title="bbox 378 2666 2046 2752; baseline -0.01 -16"><span class='ocrx_word' id='word_1_197' title='bbox 378 2678 680 2752; x_wconf 58' lang='lat' dir='ltr'>sedletiam</span> <span class='ocrx_word' id='word_1_198' title='bbox 697 2691 844 2730; x_wconf 91' lang='lat' dir='ltr'>novo</span> <span class='ocrx_word' id='word_1_199' title='bbox 858 2671 1058 2743; x_wconf 90' lang='lat' dir='ltr'>aliquo</span> <span class='ocrx_word' id='word_1_200' title='bbox 1077 2669 1248 2724; x_wconf 91' lang='lat' dir='ltr'>modo</span> <span class='ocrx_word' id='word_1_201' title='bbox 1265 2684 1366 2738; x_wconf 89' lang='lat' dir='ltr'>per</span> <span class='ocrx_word' id='word_1_202' title='bbox 1395 2668 1571 2722; x_wconf 84' lang='lat' dir='ltr'>fidem</span> <span class='ocrx_word' id='word_1_203' title='bbox 1591 2671 1680 2722; x_wconf 91' lang='lat' dir='ltr'>est</span> <span class='ocrx_word' id='word_1_204' title='bbox 1700 2666 1757 2720; x_wconf 93' lang='lat' dir='ltr'>in</span> <span class='ocrx_word' id='word_1_205' title='bbox 1772 2666 2046 2721; x_wconf 82' lang='lat' dir='ltr'>ﬁdelibus</span> 
     </span>
    </p>
   </div>
   <div class='ocr_carea' id='block_1_27' title="bbox 380 2755 2045 2841">
    <p class='ocr_par' dir='ltr' id='par_1_27' title="bbox 380 2755 2045 2841">
     <span class='ocr_line' id='line_1_27' title="bbox 380 2755 2045 2841; baseline -0.009 -16"><span class='ocrx_word' id='word_1_206' title='bbox 380 2765 818 2841; x_wconf 85' lang='lat' dir='ltr'>peccatoribus,</span> <span class='ocrx_word' id='word_1_207' title='bbox 852 2767 908 2816; x_wconf 90' lang='lat' dir='ltr'>et</span> <span class='ocrx_word' id='word_1_208' title='bbox 930 2777 1035 2832; x_wconf 91' lang='lat' dir='ltr'>per</span> <span class='ocrx_word' id='word_1_209' title='bbox 1065 2757 1434 2813; x_wconf 89' lang='lat' dir='ltr'>dilectionem</span> <span class='ocrx_word' id='word_1_210' title='bbox 1486 2757 1546 2810; x_wconf 89' lang='lat' dir='ltr'>in</span> <span class='ocrx_word' id='word_1_211' title='bbox 1606 2755 2045 2826; x_wconf 71' lang='lat' dir='ltr'>paenitentibus,</span> 
     </span>
    </p>
   </div>
   <div class='ocr_carea' id='block_1_28' title="bbox 377 2843 2046 2925">
    <p class='ocr_par' dir='ltr' id='par_1_28' title="bbox 377 2843 2046 2925">
     <span class='ocr_line' id='line_1_28' title="bbox 377 2843 2046 2925; baseline -0.011 -11"><span class='ocrx_word' id='word_1_212' title='bbox 377 2856 686 2914; x_wconf 86' lang='lat' dir='ltr'>secundum</span> <span class='ocrx_word' id='word_1_213' title='bbox 724 2851 878 2925; x_wconf 88' lang='lat' dir='ltr'>quid,</span> <span class='ocrx_word' id='word_1_214' title='bbox 915 2854 980 2904; x_wconf 86' lang='lat' dir='ltr'>ut</span> <span class='ocrx_word' id='word_1_215' title='bbox 1014 2847 1312 2918; x_wconf 87' lang='lat' dir='ltr'>inquiunt,</span> <span class='ocrx_word' id='word_1_216' title='bbox 1345 2853 1396 2900; x_wconf 90' lang='lat' dir='ltr'>et</span> <span class='ocrx_word' id='word_1_217' title='bbox 1443 2847 1774 2916; x_wconf 78' lang='lat' dir='ltr'>imperfecte.</span> <span class='ocrx_word' id='word_1_218' title='bbox 1831 2843 2046 2898; x_wconf 90' lang='lat' dir='ltr'>Verum</span> 
     </span>
    </p>
   </div>
   <div class='ocr_carea' id='block_1_29' title="bbox 381 2933 2047 3011">
    <p class='ocr_par' dir='ltr' id='par_1_29' title="bbox 381 2933 2047 3011">
     <span class='ocr_line' id='line_1_29' title="bbox 381 2933 2047 3011; baseline -0.011 -7"><span class='ocrx_word' id='word_1_219' title='bbox 381 2948 684 3004; x_wconf 76' lang='lat' dir='ltr'>enimvero</span> <span class='ocrx_word' id='word_1_220' title='bbox 715 2957 850 2998; x_wconf 90' lang='lat' dir='ltr'>cum</span> <span class='ocrx_word' id='word_1_221' title='bbox 881 2940 1011 3011; x_wconf 91' lang='lat' dir='ltr'>ipso</span> <span class='ocrx_word' id='word_1_222' title='bbox 1057 2935 1279 3008; x_wconf 91' lang='lat' dir='ltr'>Spiritu</span> <span class='ocrx_word' id='word_1_223' title='bbox 1339 2938 1563 3002; x_wconf 88' lang='lat' dir='ltr'>sancto,</span> <span class='ocrx_word' id='word_1_224' title='bbox 1623 2933 1723 3004; x_wconf 91' lang='lat' dir='ltr'>qui</span> <span class='ocrx_word' id='word_1_225' title='bbox 1775 2933 2047 3001; x_wconf 87' lang='lat' dir='ltr'>mittitur,</span> 
     </span>
    </p>
   </div>
   <div class='ocr_carea' id='block_1_30' title="bbox 388 3021 2050 3092">
    <p class='ocr_par' dir='ltr' id='par_1_30' title="bbox 388 3021 2050 3092">
     <span class='ocr_line' id='line_1_30' title="bbox 388 3021 2050 3092; baseline -0.01 0"><span class='ocrx_word' id='word_1_226' title='bbox 388 3048 769 3092; x_wconf 89' lang='lat' dir='ltr'>communem</span> <span class='ocrx_word' id='word_1_227' title='bbox 807 3030 1028 3084; x_wconf 90' lang='lat' dir='ltr'>habent</span> <span class='ocrx_word' id='word_1_228' title='bbox 1058 3025 1224 3080; x_wconf 90' lang='lat' dir='ltr'>Pater</span> <span class='ocrx_word' id='word_1_229' title='bbox 1265 3024 1442 3078; x_wconf 89' lang='lat' dir='ltr'>etiam</span> <span class='ocrx_word' id='word_1_230' title='bbox 1500 3028 1557 3078; x_wconf 91' lang='lat' dir='ltr'>et</span> <span class='ocrx_word' id='word_1_231' title='bbox 1603 3021 1784 3077; x_wconf 91' lang='lat' dir='ltr'>Filius</span> <span class='ocrx_word' id='word_1_232' title='bbox 1840 3038 2050 3077; x_wconf 88' lang='lat' dir='ltr'>novam</span> 
     </span>
    </p>
   </div>
   <div class='ocr_carea' id='block_1_31' title="bbox 393 3110 2052 3197">
    <p class='ocr_par' dir='ltr' id='par_1_31' title="bbox 393 3110 2052 3197">
     <span class='ocr_line' id='line_1_31' title="bbox 393 3110 2052 3197; baseline -0.01 -18"><span class='ocrx_word' id='word_1_233' title='bbox 393 3127 582 3197; x_wconf 87' lang='lat' dir='ltr'>ipsam</span> <span class='ocrx_word' id='word_1_234' title='bbox 616 3118 1021 3194; x_wconf 65' lang='lat' dir='ltr'>praesentiam,</span> <span class='ocrx_word' id='word_1_235' title='bbox 1053 3120 1110 3170; x_wconf 90' lang='lat' dir='ltr'>et</span> <span class='ocrx_word' id='word_1_236' title='bbox 1142 3112 1627 3168; x_wconf 84' lang='lat' dir='ltr'>inhabitationem</span> <span class='ocrx_word' id='word_1_237' title='bbox 1661 3111 1884 3166; x_wconf 87' lang='lat' dir='ltr'>ratione</span> <span class='ocrx_word' id='word_1_238' title='bbox 1914 3110 2052 3165; x_wconf 91' lang='lat' dir='ltr'>doni</span> 
     </span>
    </p>
   </div>
   <div class='ocr_carea' id='block_1_32' title="bbox 397 3203 2048 3282">
    <p class='ocr_par' dir='ltr' id='par_1_32' title="bbox 397 3203 2048 3282">
     <span class='ocr_line' id='line_1_32' title="bbox 397 3203 2048 3282; baseline -0.01 -12"><span class='ocrx_word' id='word_1_239' title='bbox 397 3210 685 3282; x_wconf 87' lang='lat' dir='ltr'>concessi,</span> <span class='ocrx_word' id='word_1_240' title='bbox 718 3209 877 3281; x_wconf 92' lang='lat' dir='ltr'>quod</span> <span class='ocrx_word' id='word_1_241' title='bbox 910 3203 1088 3261; x_wconf 89' lang='lat' dir='ltr'>simul</span> <span class='ocrx_word' id='word_1_242' title='bbox 1116 3203 1187 3258; x_wconf 89' lang='lat' dir='ltr'>ad</span> <span class='ocrx_word' id='word_1_243' title='bbox 1213 3207 1376 3258; x_wconf 86' lang='lat' dir='ltr'>extra</span> <span class='ocrx_word' id='word_1_244' title='bbox 1404 3205 1527 3256; x_wconf 91' lang='lat' dir='ltr'>tota</span> <span class='ocrx_word' id='word_1_245' title='bbox 1575 3205 1848 3272; x_wconf 90' lang='lat' dir='ltr'>operatur</span> <span class='ocrx_word' id='word_1_246' title='bbox 1913 3216 2048 3255; x_wconf 90' lang='lat' dir='ltr'>san-</span> 
     </span>
    </p>
   </div>
   <div class='ocr_carea' id='block_1_33' title="bbox 2134 615 3784 690">
    <p class='ocr_par' dir='ltr' id='par_1_33' title="bbox 2134 615 3784 690">
     <span class='ocr_line' id='line_1_33' title="bbox 2134 615 3784 690; baseline -0.002 -16"><span class='ocrx_word' id='word_1_247' title='bbox 2134 617 2403 690; x_wconf 89' lang='lat' dir='ltr'>complet.</span> <span class='ocrx_word' id='word_1_248' title='bbox 2443 659 2455 671; x_wconf 96' lang='lat'>.</span> <span class='ocrx_word' id='word_1_249' title='bbox 2493 659 2505 670; x_wconf 94' lang='lat'>.</span> <span class='ocrx_word' id='word_1_250' title='bbox 2551 615 2777 671; x_wconf 91' lang='lat' dir='ltr'>Etenim</span> <span class='ocrx_word' id='word_1_251' title='bbox 2806 615 3101 670; x_wconf 89' lang='lat' dir='ltr'>Christum</span> <span class='ocrx_word' id='word_1_252' title='bbox 3131 616 3387 671; x_wconf 85' lang='lat' dir='ltr'>eumdem</span> <span class='ocrx_word' id='word_1_253' title='bbox 3435 632 3497 671; x_wconf 90' lang='lat' dir='ltr'>se</span> <span class='ocrx_word' id='word_1_254' title='bbox 3567 615 3784 670; x_wconf 88' lang='lat' dir='ltr'>missu-</span> 
     </span>
    </p>
   </div>
   <div class='ocr_carea' id='block_1_34' title="bbox 2134 704 3774 776">
    <p class='ocr_par' dir='ltr' id='par_1_34' title="bbox 2134 704 3774 776">
     <span class='ocr_line' id='line_1_34' title="bbox 2134 704 3774 776; baseline -0.002 -14"><span class='ocrx_word' id='word_1_255' title='bbox 2134 725 2265 762; x_wconf 89' lang='lat' dir='ltr'>rum</span> <span class='ocrx_word' id='word_1_256' title='bbox 2325 706 2465 762; x_wconf 90' lang='lat' dir='ltr'>dicit</span> <span class='ocrx_word' id='word_1_257' title='bbox 2495 722 2626 761; x_wconf 89' lang='lat' dir='ltr'>esse</span> <span class='ocrx_word' id='word_1_258' title='bbox 2675 706 2978 773; x_wconf 81' lang='lat' dir='ltr'>Spiritum,</span> <span class='ocrx_word' id='word_1_259' title='bbox 3039 707 3135 776; x_wconf 88' lang='lat' dir='ltr'>qui</span> <span class='ocrx_word' id='word_1_260' title='bbox 3195 721 3228 758; x_wconf 90' lang='lat' dir='ltr'>a</span> <span class='ocrx_word' id='word_1_261' title='bbox 3288 710 3451 760; x_wconf 91' lang='lat' dir='ltr'>Patre</span> <span class='ocrx_word' id='word_1_262' title='bbox 3493 704 3774 774; x_wconf 81' lang='lat' dir='ltr'>procedit:</span> 
     </span>
    </p>
   </div>
   <div class='ocr_carea' id='block_1_35' title="bbox 2135 792 3778 867">
    <p class='ocr_par' dir='ltr' id='par_1_35' title="bbox 2135 792 3778 867">
     <span class='ocr_line' id='line_1_35' title="bbox 2135 792 3778 867; baseline -0.002 -16"><span class='ocrx_word' id='word_1_263' title='bbox 2135 813 2324 867; x_wconf 90' lang='lat' dir='ltr'>neque</span> <span class='ocrx_word' id='word_1_264' title='bbox 2353 795 2535 850; x_wconf 90' lang='lat' dir='ltr'>alium</span> <span class='ocrx_word' id='word_1_265' title='bbox 2567 809 2629 848; x_wconf 90' lang='lat' dir='ltr'>se</span> <span class='ocrx_word' id='word_1_266' title='bbox 2661 794 2985 848; x_wconf 89' lang='lat' dir='ltr'>missurum</span> <span class='ocrx_word' id='word_1_267' title='bbox 3018 793 3255 864; x_wconf 89' lang='lat' dir='ltr'>quidem</span> <span class='ocrx_word' id='word_1_268' title='bbox 3288 793 3390 860; x_wconf 88' lang='lat' dir='ltr'>ait,</span> <span class='ocrx_word' id='word_1_269' title='bbox 3425 792 3609 848; x_wconf 89' lang='lat' dir='ltr'>alium</span> <span class='ocrx_word' id='word_1_270' title='bbox 3643 809 3778 848; x_wconf 90' lang='lat' dir='ltr'>vero</span> 
     </span>
    </p>
   </div>
   <div class='ocr_carea' id='block_1_36' title="bbox 2134 882 3788 953">
    <p class='ocr_par' dir='ltr' id='par_1_36' title="bbox 2134 882 3788 953">
     <span class='ocr_line' id='line_1_36' title="bbox 2134 882 3788 953; baseline -0.002 -14"><span class='ocrx_word' id='word_1_271' title='bbox 2134 889 2307 940; x_wconf 90' lang='lat' dir='ltr'>Patre</span> <span class='ocrx_word' id='word_1_272' title='bbox 2353 900 2481 939; x_wconf 89' lang='lat' dir='ltr'>esse</span> <span class='ocrx_word' id='word_1_273' title='bbox 2531 883 2877 938; x_wconf 89' lang='lat' dir='ltr'>missurum.</span> <span class='ocrx_word' id='word_1_274' title='bbox 2940 882 3075 936; x_wconf 88' lang='lat' dir='ltr'>Cum</span> <span class='ocrx_word' id='word_1_275' title='bbox 3132 883 3299 948; x_wconf 88' lang='lat' dir='ltr'>enim,</span> <span class='ocrx_word' id='word_1_276' title='bbox 3324 882 3542 953; x_wconf 88' lang='lat' dir='ltr'>inquit,</span> <span class='ocrx_word' id='word_1_277' title='bbox 3573 884 3788 937; x_wconf 78' lang='lat' dir='ltr'>venerit</span> 
     </span>
    </p>
   </div>
   <div class='ocr_carea' id='block_1_37' title="bbox 2135 970 3788 1042">
    <p class='ocr_par' dir='ltr' id='par_1_37' title="bbox 2135 970 3788 1042">
     <span class='ocr_line' id='line_1_37' title="bbox 2135 970 3788 1042; baseline -0.002 -14"><span class='ocrx_word' id='word_1_278' title='bbox 2135 974 2477 1038; x_wconf 86' lang='lat' dir='ltr'>Paractetus,</span> <span class='ocrx_word' id='word_1_279' title='bbox 2531 988 2695 1042; x_wconf 85' lang='lat' dir='ltr'>quem</span> <span class='ocrx_word' id='word_1_280' title='bbox 2745 986 2837 1042; x_wconf 85' lang='lat' dir='ltr'>ego</span> <span class='ocrx_word' id='word_1_281' title='bbox 2891 972 3108 1024; x_wconf 80' lang='lat' dir='ltr'>mittam</span> <span class='ocrx_word' id='word_1_282' title='bbox 3145 972 3295 1025; x_wconf 87' lang='lat' dir='ltr'>vobis</span> <span class='ocrx_word' id='word_1_283' title='bbox 3360 987 3396 1024; x_wconf 89' lang='lat' dir='ltr'>a</span> <span class='ocrx_word' id='word_1_284' title='bbox 3449 975 3612 1026; x_wconf 89' lang='lat' dir='ltr'>Patre</span> <span class='ocrx_word' id='word_1_285' title='bbox 3663 970 3788 1041; x_wconf 89' lang='lat' dir='ltr'>Spi-</span> 
     </span>
    </p>
   </div>
   <div class='ocr_carea' id='block_1_38' title="bbox 2135 1057 3790 1130">
    <p class='ocr_par' dir='ltr' id='par_1_38' title="bbox 2135 1057 3790 1130">
     <span class='ocr_line' id='line_1_38' title="bbox 2135 1057 3790 1130; baseline -0.002 -13"><span class='ocrx_word' id='word_1_286' title='bbox 2135 1065 2310 1118; x_wconf 88' lang='lat' dir='ltr'>ritum</span> <span class='ocrx_word' id='word_1_287' title='bbox 2337 1062 2582 1116; x_wconf 84' lang='lat' dir='ltr'>veritatis</span> <span class='ocrx_word' id='word_1_288' title='bbox 2603 1063 2699 1130; x_wconf 89' lang='lat' dir='ltr'>qui</span> <span class='ocrx_word' id='word_1_289' title='bbox 2726 1077 2759 1113; x_wconf 93' lang='lat' dir='ltr'>a</span> <span class='ocrx_word' id='word_1_290' title='bbox 2785 1061 2951 1113; x_wconf 81' lang='lat' dir='ltr'>Patre</span> <span class='ocrx_word' id='word_1_291' title='bbox 2983 1058 3244 1129; x_wconf 85' lang='lat' dir='ltr'>procedit.</span> <span class='ocrx_word' id='word_1_292' title='bbox 3298 1059 3418 1114; x_wconf 90' lang='lat' dir='ltr'>Hoc</span> <span class='ocrx_word' id='word_1_293' title='bbox 3448 1063 3642 1113; x_wconf 86' lang='lat' dir='ltr'>autem</span> <span class='ocrx_word' id='word_1_294' title='bbox 3702 1057 3790 1114; x_wconf 86' lang='lat' dir='ltr'>vel</span> 
     </span>
    </p>
   </div>
   <div class='ocr_carea' id='block_1_39' title="bbox 2138 1148 3789 1225">
    <p class='ocr_par' dir='ltr' id='par_1_39' title="bbox 2138 1148 3789 1225">
     <span class='ocr_line' id='line_1_39' title="bbox 2138 1148 3789 1225; baseline -0.002 -18"><span class='ocrx_word' id='word_1_295' title='bbox 2138 1149 2508 1225; x_wconf 86' lang='lat' dir='ltr'>grammatici</span> <span class='ocrx_word' id='word_1_296' title='bbox 2537 1149 2650 1220; x_wconf 91' lang='lat' dir='ltr'>ipsi</span> <span class='ocrx_word' id='word_1_297' title='bbox 2680 1148 2763 1204; x_wconf 90' lang='lat' dir='ltr'>ita</span> <span class='ocrx_word' id='word_1_298' title='bbox 2790 1149 3194 1219; x_wconf 88' lang='lat' dir='ltr'>conceperint:</span> <span class='ocrx_word' id='word_1_299' title='bbox 3226 1165 3350 1203; x_wconf 90' lang='lat' dir='ltr'>cum</span> <span class='ocrx_word' id='word_1_300' title='bbox 3379 1151 3591 1204; x_wconf 84' lang='lat' dir='ltr'>venerit</span> <span class='ocrx_word' id='word_1_301' title='bbox 3613 1153 3789 1204; x_wconf 88' lang='lat' dir='ltr'>Para-</span> 
     </span>
    </p>
   </div>
   <div class='ocr_carea' id='block_1_40' title="bbox 2138 1237 3791 1311">
    <p class='ocr_par' dir='ltr' id='par_1_40' title="bbox 2138 1237 3791 1311">
     <span class='ocr_line' id='line_1_40' title="bbox 2138 1237 3791 1311; baseline -0.002 -15"><span class='ocrx_word' id='word_1_302' title='bbox 2138 1242 2329 1311; x_wconf 89' lang='lat' dir='ltr'>cletus,</span> <span class='ocrx_word' id='word_1_303' title='bbox 2362 1240 2458 1310; x_wconf 89' lang='lat' dir='ltr'>qui</span> <span class='ocrx_word' id='word_1_304' title='bbox 2485 1255 2520 1294; x_wconf 90' lang='lat' dir='ltr'>a</span> <span class='ocrx_word' id='word_1_305' title='bbox 2549 1239 2714 1293; x_wconf 85' lang='lat' dir='ltr'>Patre</span> <span class='ocrx_word' id='word_1_306' title='bbox 2742 1237 3004 1309; x_wconf 83' lang='lat' dir='ltr'>procedit,</span> <span class='ocrx_word' id='word_1_307' title='bbox 3027 1253 3185 1308; x_wconf 85' lang='lat' dir='ltr'>quem</span> <span class='ocrx_word' id='word_1_308' title='bbox 3228 1253 3325 1306; x_wconf 87' lang='lat' dir='ltr'>ego</span> <span class='ocrx_word' id='word_1_309' title='bbox 3354 1239 3574 1293; x_wconf 85' lang='lat' dir='ltr'>mittam</span> <span class='ocrx_word' id='word_1_310' title='bbox 3602 1239 3749 1294; x_wconf 85' lang='lat' dir='ltr'>vobis</span> <span class='ocrx_word' id='word_1_311' title='bbox 3769 1256 3791 1300; x_wconf 87' lang='grc'>,-</span> 
     </span>
    </p>
   </div>
   <div class='ocr_carea' id='block_1_41' title="bbox 2139 1326 3792 1402">
    <p class='ocr_par' dir='ltr' id='par_1_41' title="bbox 2139 1326 3792 1402">
     <span class='ocr_line' id='line_1_41' title="bbox 2139 1326 3792 1402; baseline -0.001 -18"><span class='ocrx_word' id='word_1_312' title='bbox 2139 1333 2207 1384; x_wconf 92' lang='lat' dir='ltr'>ut</span> <span class='ocrx_word' id='word_1_313' title='bbox 2231 1329 2606 1402; x_wconf 91' lang='lat' dir='ltr'>perspicuum</span> <span class='ocrx_word' id='word_1_314' title='bbox 2638 1327 2734 1392; x_wconf 86' lang='lat' dir='ltr'>sit,</span> <span class='ocrx_word' id='word_1_315' title='bbox 2769 1327 3040 1382; x_wconf 89' lang='lat' dir='ltr'>eumdem</span> <span class='ocrx_word' id='word_1_316' title='bbox 3072 1327 3266 1397; x_wconf 90' lang='lat' dir='ltr'>ipsum</span> <span class='ocrx_word' id='word_1_317' title='bbox 3300 1326 3491 1382; x_wconf 89' lang='lat' dir='ltr'>abillo</span> <span class='ocrx_word' id='word_1_318' title='bbox 3540 1327 3792 1383; x_wconf 90' lang='lat' dir='ltr'>missum</span> 
     </span>
    </p>
   </div>
   <div class='ocr_carea' id='block_1_42' title="bbox 2141 1414 3792 1488">
    <p class='ocr_par' dir='ltr' id='par_1_42' title="bbox 2141 1414 3792 1488">
     <span class='ocr_line' id='line_1_42' title="bbox 2141 1414 3792 1488; baseline -0.001 -16"><span class='ocrx_word' id='word_1_319' title='bbox 2141 1418 2232 1483; x_wconf 91' lang='lat' dir='ltr'>iri,</span> <span class='ocrx_word' id='word_1_320' title='bbox 2267 1416 2368 1488; x_wconf 92' lang='lat' dir='ltr'>qui</span> <span class='ocrx_word' id='word_1_321' title='bbox 2396 1433 2430 1470; x_wconf 89' lang='lat' dir='ltr'>a</span> <span class='ocrx_word' id='word_1_322' title='bbox 2459 1415 2625 1470; x_wconf 89' lang='lat' dir='ltr'>Patre</span> <span class='ocrx_word' id='word_1_323' title='bbox 2657 1415 2937 1486; x_wconf 89' lang='lat' dir='ltr'>procedit.</span> <span class='ocrx_word' id='word_1_324' title='bbox 2973 1415 3032 1469; x_wconf 91' lang='lat' dir='ltr'>Si</span> <span class='ocrx_word' id='word_1_325' title='bbox 3063 1414 3242 1487; x_wconf 84' lang='lat' dir='ltr'>igitur</span> <span class='ocrx_word' id='word_1_326' title='bbox 3297 1431 3548 1485; x_wconf 88' lang='lat' dir='ltr'>persona</span> <span class='ocrx_word' id='word_1_327' title='bbox 3610 1416 3792 1487; x_wconf 90' lang='lat' dir='ltr'>Spiri-</span> 
     </span>
    </p>
   </div>
   <div class='ocr_carea' id='block_1_43' title="bbox 2141 1503 3792 1575">
    <p class='ocr_par' dir='ltr' id='par_1_43' title="bbox 2141 1503 3792 1575">
     <span class='ocr_line' id='line_1_43' title="bbox 2141 1503 3792 1575; baseline -0.001 -14"><span class='ocrx_word' id='word_1_328' title='bbox 2141 1512 2238 1561; x_wconf 90' lang='lat' dir='ltr'>tus</span> <span class='ocrx_word' id='word_1_329' title='bbox 2269 1503 2458 1575; x_wconf 83' lang='lat' dir='ltr'>sancti</span> <span class='ocrx_word' id='word_1_330' title='bbox 2484 1507 2707 1558; x_wconf 89' lang='lat' dir='ltr'>aPatre</span> <span class='ocrx_word' id='word_1_331' title='bbox 2740 1503 3017 1574; x_wconf 87' lang='lat' dir='ltr'>procedit,</span> <span class='ocrx_word' id='word_1_332' title='bbox 3054 1503 3203 1558; x_wconf 93' lang='lat' dir='ltr'>hanc</span> <span class='ocrx_word' id='word_1_333' title='bbox 3239 1508 3297 1558; x_wconf 89' lang='lat' dir='ltr'>et</span> <span class='ocrx_word' id='word_1_334' title='bbox 3349 1504 3529 1558; x_wconf 90' lang='lat' dir='ltr'>Filius</span> <span class='ocrx_word' id='word_1_335' title='bbox 3589 1504 3792 1560; x_wconf 91' lang='lat' dir='ltr'>mittit.</span> 
     </span>
    </p>
   </div>
   <div class='ocr_carea' id='block_1_44' title="bbox 2144 1591 3785 1663">
    <p class='ocr_par' dir='ltr' id='par_1_44' title="bbox 2144 1591 3785 1663">
     <span class='ocr_line' id='line_1_44' title="bbox 2144 1591 3785 1663; baseline -0.001 -14"><span class='ocrx_word' id='word_1_336' title='bbox 2144 1594 2304 1661; x_wconf 79' lang='lat' dir='ltr'>Quod</span> <span class='ocrx_word' id='word_1_337' title='bbox 2338 1594 2388 1648; x_wconf 89' lang='lat' dir='ltr'>si</span> <span class='ocrx_word' id='word_1_338' title='bbox 2416 1593 2662 1663; x_wconf 86' lang='lat' dir='ltr'>gratiam</span> <span class='ocrx_word' id='word_1_339' title='bbox 2690 1592 2918 1646; x_wconf 89' lang='lat' dir='ltr'>minime</span> <span class='ocrx_word' id='word_1_340' title='bbox 2942 1593 3321 1646; x_wconf 86' lang='lat' dir='ltr'>subsistentem</span> <span class='ocrx_word' id='word_1_341' title='bbox 3354 1591 3537 1648; x_wconf 90' lang='lat' dir='ltr'>Filius</span> <span class='ocrx_word' id='word_1_342' title='bbox 3566 1593 3748 1648; x_wconf 89' lang='lat' dir='ltr'>mittit</span> <span class='ocrx_word' id='word_1_343' title='bbox 3772 1611 3785 1648; x_wconf 90' lang='lat'>:</span> 
     </span>
    </p>
   </div>
   <div class='ocr_carea' id='block_1_45' title="bbox 2144 1679 3788 1753">
    <p class='ocr_par' dir='ltr' id='par_1_45' title="bbox 2144 1679 3788 1753">
     <span class='ocr_line' id='line_1_45' title="bbox 2144 1679 3788 1753; baseline -0.005 -14"><span class='ocrx_word' id='word_1_344' title='bbox 2144 1683 2320 1739; x_wconf 89' lang='lat' dir='ltr'>etiam</span> <span class='ocrx_word' id='word_1_345' title='bbox 2353 1699 2387 1736; x_wconf 90' lang='lat' dir='ltr'>a</span> <span class='ocrx_word' id='word_1_346' title='bbox 2419 1681 2584 1735; x_wconf 88' lang='lat' dir='ltr'>Patre</span> <span class='ocrx_word' id='word_1_347' title='bbox 2613 1696 2727 1734; x_wconf 89' lang='lat' dir='ltr'>non</span> <span class='ocrx_word' id='word_1_348' title='bbox 2759 1679 3034 1749; x_wconf 90' lang='lat' dir='ltr'>Spiritus,</span> <span class='ocrx_word' id='word_1_349' title='bbox 3067 1681 3167 1734; x_wconf 86' lang='lat' dir='ltr'>sed</span> <span class='ocrx_word' id='word_1_350' title='bbox 3199 1681 3388 1752; x_wconf 88' lang='lat' dir='ltr'>gratia</span> <span class='ocrx_word' id='word_1_351' title='bbox 3437 1682 3726 1753; x_wconf 86' lang='lat' dir='ltr'>procedet.</span> <span class='ocrx_word' id='word_1_352' title='bbox 3760 1703 3788 1731; x_wconf 83' lang='lat'>»</span> 
     </span>
    </p>
   </div>
   <div class='ocr_carea' id='block_1_46' title="bbox 2145 1766 3794 1842">
    <p class='ocr_par' dir='ltr' id='par_1_46' title="bbox 2145 1766 3794 1842">
     <span class='ocr_line' id='line_1_46' title="bbox 2145 1766 3794 1842; baseline 0 -17"><span class='ocrx_word' id='word_1_353' title='bbox 2145 1777 2276 1825; x_wconf 84' lang='lat' dir='ltr'>Haec</span> <span class='ocrx_word' id='word_1_354' title='bbox 2305 1768 2571 1824; x_wconf 89' lang='lat' dir='ltr'>Bessario</span> <span class='ocrx_word' id='word_1_355' title='bbox 2626 1766 3114 1822; x_wconf 84' lang='lat' dir='ltr'>luculentissime.</span> <span class='ocrx_word' id='word_1_356' title='bbox 3152 1768 3348 1824; x_wconf 84' lang='lat' dir='ltr'>Robur</span> <span class='ocrx_word' id='word_1_357' title='bbox 3377 1769 3469 1824; x_wconf 87' lang='lat' dir='ltr'>his</span> <span class='ocrx_word' id='word_1_358' title='bbox 3500 1770 3661 1842; x_wconf 88' lang='lat' dir='ltr'>ajicit</span> <span class='ocrx_word' id='word_1_359' title='bbox 3691 1771 3794 1825; x_wconf 84' lang='lat' dir='ltr'>Pe-</span> 
     </span>
    </p>
   </div>
   <div class='ocr_carea' id='block_1_47' title="bbox 2146 1856 3791 1931">
    <p class='ocr_par' dir='ltr' id='par_1_47' title="bbox 2146 1856 3791 1931">
     <span class='ocr_line' id='line_1_47' title="bbox 2146 1856 3791 1931; baseline -0.002 -16"><span class='ocrx_word' id='word_1_360' title='bbox 2146 1861 2338 1916; x_wconf 90' lang='lat' dir='ltr'>tavius</span> <span class='ocrx_word' id='word_1_361' title='bbox 2367 1860 2439 1913; x_wconf 92' lang='lat' dir='ltr'>de</span> <span class='ocrx_word' id='word_1_362' title='bbox 2470 1856 2846 1913; x_wconf 89' lang='lat' dir='ltr'>sanctissima</span> <span class='ocrx_word' id='word_1_363' title='bbox 2875 1857 3179 1923; x_wconf 81' lang='lat' dir='ltr'>Trinitate,</span> <span class='ocrx_word' id='word_1_364' title='bbox 3211 1857 3335 1913; x_wconf 93' lang='lat' dir='ltr'>loco</span> <span class='ocrx_word' id='word_1_365' title='bbox 3369 1857 3568 1925; x_wconf 88' lang='lat' dir='ltr'>citato,</span> <span class='ocrx_word' id='word_1_366' title='bbox 3601 1861 3791 1931; x_wconf 86' lang='lat' dir='ltr'>cap.5,</span> 
     </span>
    </p>
   </div>
   <div class='ocr_carea' id='block_1_48' title="bbox 2147 1945 3798 2018">
    <p class='ocr_par' dir='ltr' id='par_1_48' title="bbox 2147 1945 3798 2018">
     <span class='ocr_line' id='line_1_48' title="bbox 2147 1945 3798 2018; baseline -0.001 -13"><span class='ocrx_word' id='word_1_367' title='bbox 2147 1966 2311 2005; x_wconf 89' lang='lat' dir='ltr'>num.</span> <span class='ocrx_word' id='word_1_368' title='bbox 2349 1949 2449 2002; x_wconf 80' lang='lat'>19:</span> <span class='ocrx_word' id='word_1_369' title='bbox 2486 1948 2579 2002; x_wconf 87' lang='lat' dir='ltr'>Est</span> <span class='ocrx_word' id='word_1_370' title='bbox 2607 1948 2757 2001; x_wconf 89' lang='lat' dir='ltr'>enim</span> <span class='ocrx_word' id='word_1_371' title='bbox 2779 1945 3252 2015; x_wconf 86' lang='lat' dir='ltr'>absurdissimum,</span> <span class='ocrx_word' id='word_1_372' title='bbox 3286 1947 3585 2018; x_wconf 89' lang='lat' dir='ltr'>inquiens,</span> <span class='ocrx_word' id='word_1_373' title='bbox 3626 1966 3798 2004; x_wconf 87' lang='lat' dir='ltr'>unam</span> 
     </span>
    </p>
   </div>
   <div class='ocr_carea' id='block_1_49' title="bbox 2147 2034 3795 2110">
    <p class='ocr_par' dir='ltr' id='par_1_49' title="bbox 2147 2034 3795 2110">
     <span class='ocr_line' id='line_1_49' title="bbox 2147 2034 3795 2110; baseline -0.001 -16"><span class='ocrx_word' id='word_1_374' title='bbox 2147 2039 2387 2110; x_wconf 87' lang='lat' dir='ltr'>Spiritus</span> <span class='ocrx_word' id='word_1_375' title='bbox 2435 2052 2619 2092; x_wconf 86' lang='lat' dir='ltr'>vocem</span> <span class='ocrx_word' id='word_1_376' title='bbox 2648 2034 2837 2090; x_wconf 87' lang='lat' dir='ltr'>eadem</span> <span class='ocrx_word' id='word_1_377' title='bbox 2884 2035 2944 2087; x_wconf 90' lang='lat' dir='ltr'>in</span> <span class='ocrx_word' id='word_1_378' title='bbox 2980 2037 3251 2090; x_wconf 85' lang='lat' dir='ltr'>sententia</span> <span class='ocrx_word' id='word_1_379' title='bbox 3263 2037 3341 2091; x_wconf 88' lang='lat' dir='ltr'>sic</span> <span class='ocrx_word' id='word_1_380' title='bbox 3360 2037 3615 2108; x_wconf 87' lang='lat' dir='ltr'>ambigue</span> <span class='ocrx_word' id='word_1_381' title='bbox 3635 2054 3795 2092; x_wconf 85' lang='lat' dir='ltr'>usur-</span> 
     </span>
    </p>
   </div>
   <div class='ocr_carea' id='block_1_50' title="bbox 2145 2123 3794 2200">
    <p class='ocr_par' dir='ltr' id='par_1_50' title="bbox 2145 2123 3794 2200">
     <span class='ocr_line' id='line_1_50' title="bbox 2145 2123 3794 2200; baseline -0.002 -17"><span class='ocrx_word' id='word_1_382' title='bbox 2145 2128 2298 2200; x_wconf 87' lang='lat' dir='ltr'>pari,</span> <span class='ocrx_word' id='word_1_383' title='bbox 2329 2129 2390 2180; x_wconf 89' lang='lat' dir='ltr'>ut</span> <span class='ocrx_word' id='word_1_384' title='bbox 2419 2125 2588 2180; x_wconf 85' lang='lat' dir='ltr'>alteri</span> <span class='ocrx_word' id='word_1_385' title='bbox 2605 2124 2803 2195; x_wconf 87' lang='lat' dir='ltr'>juncta</span> <span class='ocrx_word' id='word_1_386' title='bbox 2825 2123 2982 2180; x_wconf 89' lang='lat' dir='ltr'>verbo</span> <span class='ocrx_word' id='word_1_387' title='bbox 3008 2139 3300 2194; x_wconf 89' lang='lat' dir='ltr'>personam</span> <span class='ocrx_word' id='word_1_388' title='bbox 3354 2126 3531 2196; x_wconf 81' lang='lat' dir='ltr'>ipsam</span> <span class='ocrx_word' id='word_1_389' title='bbox 3577 2127 3794 2197; x_wconf 80' lang='lat' dir='ltr'>signiﬁ-</span> 
     </span>
    </p>
   </div>
   <div class='ocr_carea' id='block_1_51' title="bbox 2148 2213 3802 2285">
    <p class='ocr_par' dir='ltr' id='par_1_51' title="bbox 2148 2213 3802 2285">
     <span class='ocr_line' id='line_1_51' title="bbox 2148 2213 3802 2285; baseline -0.001 -13"><span class='ocrx_word' id='word_1_390' title='bbox 2148 2221 2269 2273; x_wconf 83' lang='lat' dir='ltr'>cet:</span> <span class='ocrx_word' id='word_1_391' title='bbox 2316 2215 2390 2271; x_wconf 88' lang='lat' dir='ltr'>ad</span> <span class='ocrx_word' id='word_1_392' title='bbox 2444 2215 2693 2270; x_wconf 81' lang='lat' dir='ltr'>alterum</span> <span class='ocrx_word' id='word_1_393' title='bbox 2739 2213 2931 2279; x_wconf 86' lang='lat' dir='ltr'>relata,</span> <span class='ocrx_word' id='word_1_394' title='bbox 2965 2213 3289 2283; x_wconf 84' lang='lat' dir='ltr'>qualitatem</span> <span class='ocrx_word' id='word_1_395' title='bbox 3318 2218 3372 2268; x_wconf 88' lang='lat' dir='ltr'>et</span> <span class='ocrx_word' id='word_1_396' title='bbox 3395 2217 3665 2285; x_wconf 83' lang='lat' dir='ltr'>gratiam;</span> <span class='ocrx_word' id='word_1_397' title='bbox 3700 2217 3802 2271; x_wconf 83' lang='lat' dir='ltr'>hoc</span> 
     </span>
    </p>
   </div>
   <div class='ocr_carea' id='block_1_52' title="bbox 2146 2304 3802 2378">
    <p class='ocr_par' dir='ltr' id='par_1_52' title="bbox 2146 2304 3802 2378">
     <span class='ocr_line' id='line_1_52' title="bbox 2146 2304 3802 2378; baseline -0.001 -17"><span class='ocrx_word' id='word_1_398' title='bbox 2146 2307 2368 2378; x_wconf 88' lang='lat' dir='ltr'>proprie</span> <span class='ocrx_word' id='word_1_399' title='bbox 2411 2304 2580 2358; x_wconf 86' lang='lat' dir='ltr'>simul</span> <span class='ocrx_word' id='word_1_400' title='bbox 2635 2310 2950 2373; x_wconf 86' lang='lat' dir='ltr'>usurpetur,</span> <span class='ocrx_word' id='word_1_401' title='bbox 3009 2318 3074 2356; x_wconf 90' lang='lat' dir='ltr'>ac</span> <span class='ocrx_word' id='word_1_402' title='bbox 3120 2304 3341 2374; x_wconf 88' lang='lat' dir='ltr'>tropice.</span> <span class='ocrx_word' id='word_1_403' title='bbox 3375 2305 3514 2358; x_wconf 87' lang='lat' dir='ltr'>Nam</span> <span class='ocrx_word' id='word_1_404' title='bbox 3533 2320 3660 2360; x_wconf 89' lang='lat' dir='ltr'>cum</span> <span class='ocrx_word' id='word_1_405' title='bbox 3699 2321 3802 2360; x_wconf 88' lang='lat' dir='ltr'>no-</span> 
     </span>
    </p>
   </div>
   <div class='ocr_carea' id='block_1_53' title="bbox 2148 2391 3798 2465">
    <p class='ocr_par' dir='ltr' id='par_1_53' title="bbox 2148 2391 3798 2465">
     <span class='ocr_line' id='line_1_53' title="bbox 2148 2391 3798 2465; baseline -0.001 -16"><span class='ocrx_word' id='word_1_406' title='bbox 2148 2411 2276 2451; x_wconf 88' lang='lat' dir='ltr'>men</span> <span class='ocrx_word' id='word_1_407' title='bbox 2303 2394 2480 2465; x_wconf 82' lang='lat' dir='ltr'>ipsius</span> <span class='ocrx_word' id='word_1_408' title='bbox 2509 2393 2754 2463; x_wconf 77' lang='lat' dir='ltr'>Spiritus</span> <span class='ocrx_word' id='word_1_409' title='bbox 2791 2391 2969 2446; x_wconf 86' lang='lat' dir='ltr'>sancti</span> <span class='ocrx_word' id='word_1_410' title='bbox 2996 2393 3226 2463; x_wconf 84' lang='lat' dir='ltr'>praprie</span> <span class='ocrx_word' id='word_1_411' title='bbox 3255 2408 3319 2447; x_wconf 89' lang='lat' dir='ltr'>ac</span> <span class='ocrx_word' id='word_1_412' title='bbox 3344 2409 3444 2463; x_wconf 88' lang='lat' dir='ltr'>per</span> <span class='ocrx_word' id='word_1_413' title='bbox 3470 2409 3529 2448; x_wconf 88' lang='lat' dir='ltr'>se</span> <span class='ocrx_word' id='word_1_414' title='bbox 3549 2393 3798 2448; x_wconf 78' lang='lat' dir='ltr'>divinam</span> 
     </span>
    </p>
   </div>
   <div class='ocr_carea' id='block_1_54' title="bbox 2152 2480 3801 2556">
    <p class='ocr_par' dir='ltr' id='par_1_54' title="bbox 2152 2480 3801 2556">
     <span class='ocr_line' id='line_1_54' title="bbox 2152 2480 3801 2556; baseline -0.001 -18"><span class='ocrx_word' id='word_1_415' title='bbox 2152 2487 2272 2556; x_wconf 84' lang='lat' dir='ltr'>ejus</span> <span class='ocrx_word' id='word_1_416' title='bbox 2301 2482 2669 2538; x_wconf 88' lang='lat' dir='ltr'>substantiam</span> <span class='ocrx_word' id='word_1_417' title='bbox 2692 2495 3088 2551; x_wconf 84' lang='lat' dir='ltr'>personamque</span> <span class='ocrx_word' id='word_1_418' title='bbox 3115 2480 3418 2552; x_wconf 78' lang='lat' dir='ltr'>significet,</span> <span class='ocrx_word' id='word_1_419' title='bbox 3451 2498 3551 2537; x_wconf 88' lang='lat' dir='ltr'>nec</span> <span class='ocrx_word' id='word_1_420' title='bbox 3574 2485 3638 2537; x_wconf 90' lang='lat' dir='ltr'>in</span> <span class='ocrx_word' id='word_1_421' title='bbox 3676 2483 3801 2554; x_wconf 83' lang='lat' dir='ltr'>ple-</span> 
     </span>
    </p>
   </div>
   <div class='ocr_carea' id='block_1_55' title="bbox 2151 2569 3802 2644">
    <p class='ocr_par' dir='ltr' id='par_1_55' title="bbox 2151 2569 3802 2644">
     <span class='ocr_line' id='line_1_55' title="bbox 2151 2569 3802 2644; baseline -0.001 -16"><span class='ocrx_word' id='word_1_422' title='bbox 2151 2575 2338 2644; x_wconf 86' lang='lat' dir='ltr'>risque</span> <span class='ocrx_word' id='word_1_423' title='bbox 2398 2572 2530 2626; x_wconf 86' lang='lat' dir='ltr'>locis</span> <span class='ocrx_word' id='word_1_424' title='bbox 2587 2570 2752 2624; x_wconf 87' lang='lat' dir='ltr'>aliter</span> <span class='ocrx_word' id='word_1_425' title='bbox 2805 2569 3158 2640; x_wconf 90' lang='lat' dir='ltr'>interpretari</span> <span class='ocrx_word' id='word_1_426' title='bbox 3228 2570 3429 2625; x_wconf 85' lang='lat' dir='ltr'>liceat:</span> <span class='ocrx_word' id='word_1_427' title='bbox 3475 2571 3536 2624; x_wconf 88' lang='lat' dir='ltr'>in</span> <span class='ocrx_word' id='word_1_428' title='bbox 3564 2573 3802 2626; x_wconf 72' lang='lat' dir='ltr'>caeteris.</span> 
     </span>
    </p>
   </div>
   <div class='ocr_carea' id='block_1_56' title="bbox 2154 2656 3801 2736">
    <p class='ocr_par' dir='ltr' id='par_1_56' title="bbox 2154 2656 3801 2736">
     <span class='ocr_line' id='line_1_56' title="bbox 2154 2656 3801 2736; baseline -0.002 -19"><span class='ocrx_word' id='word_1_429' title='bbox 2154 2679 2272 2736; x_wconf 61' lang='lat' dir='ltr'>qua</span> <span class='ocrx_word' id='word_1_430' title='bbox 2303 2663 2434 2716; x_wconf 87' lang='lat' dir='ltr'>bene</span> <span class='ocrx_word' id='word_1_431' title='bbox 2460 2659 2634 2714; x_wconf 83' lang='lat' dir='ltr'>multa</span> <span class='ocrx_word' id='word_1_432' title='bbox 2657 2661 2785 2713; x_wconf 87' lang='lat' dir='ltr'>sunt</span> <span class='ocrx_word' id='word_1_433' title='bbox 2815 2658 2912 2713; x_wconf 88' lang='lat' dir='ltr'>ubi</span> <span class='ocrx_word' id='word_1_434' title='bbox 2939 2656 3196 2728; x_wconf 82' lang='lat' dir='ltr'>diffundi,</span> <span class='ocrx_word' id='word_1_435' title='bbox 3229 2658 3312 2713; x_wconf 88' lang='lat' dir='ltr'>vel</span> <span class='ocrx_word' id='word_1_436' title='bbox 3340 2657 3410 2712; x_wconf 91' lang='lat' dir='ltr'>ad</span> <span class='ocrx_word' id='word_1_437' title='bbox 3439 2675 3537 2714; x_wconf 90' lang='lat' dir='ltr'>nos</span> <span class='ocrx_word' id='word_1_438' title='bbox 3597 2662 3801 2729; x_wconf 83' lang='lat' dir='ltr'>venire,</span> 
     </span>
    </p>
   </div>
   <div class='ocr_carea' id='block_1_57' title="bbox 2155 2746 3806 2822">
    <p class='ocr_par' dir='ltr' id='par_1_57' title="bbox 2155 2746 3806 2822">
     <span class='ocr_line' id='line_1_57' title="bbox 2155 2746 3806 2822; baseline -0.003 -15"><span class='ocrx_word' id='word_1_439' title='bbox 2155 2756 2320 2822; x_wconf 90' lang='lat' dir='ltr'>atque</span> <span class='ocrx_word' id='word_1_440' title='bbox 2347 2753 2408 2804; x_wconf 89' lang='lat' dir='ltr'>in</span> <span class='ocrx_word' id='word_1_441' title='bbox 2434 2749 2590 2804; x_wconf 84' lang='lat' dir='ltr'>nobis</span> <span class='ocrx_word' id='word_1_442' title='bbox 2620 2747 2877 2802; x_wconf 85' lang='lat' dir='ltr'>habitare</span> <span class='ocrx_word' id='word_1_443' title='bbox 2905 2746 3110 2802; x_wconf 88' lang='lat' dir='ltr'>dicitur</span> <span class='ocrx_word' id='word_1_444' title='bbox 3134 2747 3278 2801; x_wconf 89' lang='lat' dir='ltr'>idem</span> <span class='ocrx_word' id='word_1_445' title='bbox 3297 2746 3400 2801; x_wconf 87' lang='lat' dir='ltr'>ille</span> <span class='ocrx_word' id='word_1_446' title='bbox 3418 2748 3662 2818; x_wconf 80' lang='lat' dir='ltr'>Spiritus</span> <span class='ocrx_word' id='word_1_447' title='bbox 3680 2765 3806 2803; x_wconf 89' lang='lat' dir='ltr'>san-</span> 
     </span>
    </p>
   </div>
   <div class='ocr_carea' id='block_1_58' title="bbox 2156 2836 3808 2910">
    <p class='ocr_par' dir='ltr' id='par_1_58' title="bbox 2156 2836 3808 2910">
     <span class='ocr_line' id='line_1_58' title="bbox 2156 2836 3808 2910; baseline -0.002 -14"><span class='ocrx_word' id='word_1_448' title='bbox 2156 2851 2268 2896; x_wconf 87' lang='lat' dir='ltr'>ctus</span> <span class='ocrx_word' id='word_1_449' title='bbox 2298 2839 2531 2910; x_wconf 87' lang='lat' dir='ltr'>ﬁgurate</span> <span class='ocrx_word' id='word_1_450' title='bbox 2552 2841 2605 2891; x_wconf 89' lang='lat' dir='ltr'>et</span> <span class='ocrx_word' id='word_1_451' title='bbox 2634 2837 2936 2906; x_wconf 86' lang='lat' dir='ltr'>impropris</span> <span class='ocrx_word' id='word_1_452' title='bbox 2965 2836 3112 2890; x_wconf 88' lang='lat' dir='ltr'>sumi</span> <span class='ocrx_word' id='word_1_453' title='bbox 3139 2839 3443 2906; x_wconf 87' lang='lat' dir='ltr'>putare,rcs</span> <span class='ocrx_word' id='word_1_454' title='bbox 3460 2846 3540 2891; x_wconf 86' lang='lat' dir='ltr'>est</span> <span class='ocrx_word' id='word_1_455' title='bbox 3561 2839 3808 2908; x_wconf 83' lang='lat' dir='ltr'>periculi</span> 
     </span>
    </p>
   </div>
   <div class='ocr_carea' id='block_1_59' title="bbox 2155 2924 3876 3002">
    <p class='ocr_par' dir='ltr' id='par_1_59' title="bbox 2155 2924 3876 3002">
     <span class='ocr_line' id='line_1_59' title="bbox 2155 2924 3876 3002; baseline -0.001 -18"><span class='ocrx_word' id='word_1_456' title='bbox 2155 2933 2360 3002; x_wconf 88' lang='lat' dir='ltr'>plena;</span> <span class='ocrx_word' id='word_1_457' title='bbox 2391 2943 2460 2982; x_wconf 88' lang='lat' dir='ltr'>ne</span> <span class='ocrx_word' id='word_1_458' title='bbox 2488 2927 2630 2998; x_wconf 87' lang='lat' dir='ltr'>quod</span> <span class='ocrx_word' id='word_1_459' title='bbox 2676 2928 2737 2981; x_wconf 86' lang='lat' dir='ltr'>in</span> <span class='ocrx_word' id='word_1_460' title='bbox 2791 2925 2916 2980; x_wconf 87' lang='lat' dir='ltr'>istis</span> <span class='ocrx_word' id='word_1_461' title='bbox 2973 2924 3279 2995; x_wconf 76' lang='lat' dir='ltr'>Scripturse</span> <span class='ocrx_word' id='word_1_462' title='bbox 3316 2927 3647 2982; x_wconf 86' lang='lat' dir='ltr'>testimoniis</span> <span class='ocrx_word' id='word_1_463' title='bbox 3697 2933 3808 2982; x_wconf 86' lang='lat' dir='ltr'>tute</span> <span class='ocrx_word' id='word_1_464' title='bbox 3871 2949 3876 2953; x_wconf 63' lang='grc'><em>’</em></span> 
     </span>
    </p>
   </div>
   <div class='ocr_carea' id='block_1_60' title="bbox 2159 3013 3810 3090">
    <p class='ocr_par' dir='ltr' id='par_1_60' title="bbox 2159 3013 3810 3090">
     <span class='ocr_line' id='line_1_60' title="bbox 2159 3013 3810 3090; baseline -0.002 -16"><span class='ocrx_word' id='word_1_465' title='bbox 2159 3021 2260 3074; x_wconf 86' lang='lat' dir='ltr'>tibi</span> <span class='ocrx_word' id='word_1_466' title='bbox 2282 3018 2627 3090; x_wconf 86' lang='lat' dir='ltr'>permiseris,</span> <span class='ocrx_word' id='word_1_467' title='bbox 2660 3016 2804 3070; x_wconf 86' lang='lat' dir='ltr'>idem</span> <span class='ocrx_word' id='word_1_468' title='bbox 2848 3016 2910 3068; x_wconf 91' lang='lat' dir='ltr'>in</span> <span class='ocrx_word' id='word_1_469' title='bbox 2953 3013 3086 3068; x_wconf 89' lang='lat' dir='ltr'>aliis</span> <span class='ocrx_word' id='word_1_470' title='bbox 3115 3013 3332 3068; x_wconf 87' lang='lat' dir='ltr'>concedi</span> <span class='ocrx_word' id='word_1_471' title='bbox 3385 3029 3480 3069; x_wconf 90' lang='lat' dir='ltr'>sno</span> <span class='ocrx_word' id='word_1_472' title='bbox 3536 3014 3642 3070; x_wconf 91' lang='lat' dir='ltr'>stbi</span> <span class='ocrx_word' id='word_1_473' title='bbox 3678 3016 3810 3088; x_wconf 89' lang='lat' dir='ltr'>jure</span> 
     </span>
    </p>
   </div>
   <div class='ocr_carea' id='block_1_61' title="bbox 2157 3103 3805 3182">
    <p class='ocr_par' dir='ltr' id='par_1_61' title="bbox 2157 3103 3805 3182">
     <span class='ocr_line' id='line_1_61' title="bbox 2157 3103 3805 3182; baseline -0.003 -18"><span class='ocrx_word' id='word_1_474' title='bbox 2157 3108 2433 3182; x_wconf 84' lang='lat' dir='ltr'>postulent</span> <span class='ocrx_word' id='word_1_475' title='bbox 2479 3105 2744 3163; x_wconf 70' lang='lat' dir='ltr'>haeretici.</span> <span class='ocrx_word' id='word_1_476' title='bbox 2801 3103 2904 3159; x_wconf 90' lang='lat' dir='ltr'>Sed</span> <span class='ocrx_word' id='word_1_477' title='bbox 2952 3104 3015 3157; x_wconf 90' lang='lat' dir='ltr'>in</span> <span class='ocrx_word' id='word_1_478' title='bbox 3080 3119 3212 3173; x_wconf 91' lang='lat' dir='ltr'>una,</span> <span class='ocrx_word' id='word_1_479' title='bbox 3271 3105 3678 3176; x_wconf 83' lang='lat' dir='ltr'>continentique</span> <span class='ocrx_word' id='word_1_480' title='bbox 3707 3105 3805 3160; x_wconf 77' lang='lat'><strong>89</strong></span> 
     </span>
    </p>
   </div>
   <div class='ocr_carea' id='block_1_62' title="bbox 2160 3192 3802 3267">
    <p class='ocr_par' dir='ltr' id='par_1_62' title="bbox 2160 3192 3802 3267">
     <span class='ocr_line' id='line_1_62' title="bbox 2160 3192 3802 3267; baseline -0.004 -13"><span class='ocrx_word' id='word_1_481' title='bbox 2160 3199 2453 3264; x_wconf 87' lang='lat' dir='ltr'>sententia,</span> <span class='ocrx_word' id='word_1_482' title='bbox 2508 3211 2676 3267; x_wconf 90' lang='lat' dir='ltr'>quam</span> <span class='ocrx_word' id='word_1_483' title='bbox 2726 3209 2796 3248; x_wconf 73' lang='lat' dir='ltr'>ea;</span> <span class='ocrx_word' id='word_1_484' title='bbox 2840 3194 3068 3248; x_wconf 86' lang='lat' dir='ltr'>Joannis</span> <span class='ocrx_word' id='word_1_485' title='bbox 3123 3193 3417 3262; x_wconf 84' lang='lat' dir='ltr'>Evangelia</span> <span class='ocrx_word' id='word_1_486' title='bbox 3454 3192 3802 3249; x_wconf 84' lang='lat' dir='ltr'>doctissimus</span> 
     </span>
    </p>
   </div>
   <div class='ocr_carea' id='block_1_63' title="bbox 392 3271 3811 3362">
    <p class='ocr_par' dir='ltr' id='par_1_63' title="bbox 392 3271 3811 3362">
     <span class='ocr_line' id='line_1_63' title="bbox 392 3271 3811 3362; baseline -0.007 -3"><span class='ocrx_word' id='word_1_487' title='bbox 392 3303 665 3360; x_wconf 89' lang='lat' dir='ltr'>ctissima</span> <span class='ocrx_word' id='word_1_488' title='bbox 695 3296 975 3354; x_wconf 90' lang='lat' dir='ltr'>Trinitas.</span> <span class='ocrx_word' id='word_1_489' title='bbox 1009 3296 1081 3348; x_wconf 87' lang='lat' dir='ltr'>At</span> <span class='ocrx_word' id='word_1_490' title='bbox 1110 3307 1347 3346; x_wconf 88' lang='lat' dir='ltr'>rursum</span> <span class='ocrx_word' id='word_1_491' title='bbox 1378 3290 1439 3344; x_wconf 90' lang='lat' dir='ltr'>in</span> <span class='ocrx_word' id='word_1_492' title='bbox 1470 3271 1750 3362; x_wconf 67' lang='lat' dir='ltr'>praedicta</span> <span class='ocrx_word' id='word_1_493' title='bbox 1801 3305 2046 3361; x_wconf 76' lang='lat' dir='ltr'>praeser-</span> <span class='ocrx_word' id='word_1_494' title='bbox 2083 3271 2126 3339; x_wconf 83' lang='lat' dir='ltr'>C</span> <span class='ocrx_word' id='word_1_495' title='bbox 2163 3289 2412 3344; x_wconf 84' lang='lat' dir='ltr'>Bessario</span> <span class='ocrx_word' id='word_1_496' title='bbox 2465 3289 2650 3357; x_wconf 83' lang='lat' dir='ltr'>refert,</span> <span class='ocrx_word' id='word_1_497' title='bbox 2705 3283 2906 3354; x_wconf 89' lang='lat' dir='ltr'>species</span> <span class='ocrx_word' id='word_1_498' title='bbox 2962 3290 3040 3336; x_wconf 89' lang='lat' dir='ltr'>est</span> <span class='ocrx_word' id='word_1_499' title='bbox 3069 3281 3346 3347; x_wconf 83' lang='lat' dir='ltr'>absurdi,</span> <span class='ocrx_word' id='word_1_500' title='bbox 3381 3284 3811 3354; x_wconf 85' lang='lat' dir='ltr'>argumentique</span> 
     </span>
    </p>
   </div>
   <div class='ocr_carea' id='block_1_64' title="bbox 384 3378 2048 3463">
    <p class='ocr_par' dir='ltr' id='par_1_64' title="bbox 384 3378 2048 3463">
     <span class='ocr_line' id='line_1_64' title="bbox 384 3378 2048 3463; baseline -0.008 -15"><span class='ocrx_word' id='word_1_501' title='bbox 384 3393 490 3447; x_wconf 87' lang='lat' dir='ltr'>tim</span> <span class='ocrx_word' id='word_1_502' title='bbox 516 3406 623 3463; x_wconf 91' lang='lat' dir='ltr'>per</span> <span class='ocrx_word' id='word_1_503' title='bbox 652 3385 904 3460; x_wconf 82' lang='lat' dir='ltr'>gratiam</span> <span class='ocrx_word' id='word_1_504' title='bbox 936 3380 1403 3438; x_wconf 83' lang='lat' dir='ltr'>sanctiﬁcantem</span> <span class='ocrx_word' id='word_1_505' title='bbox 1427 3378 2048 3448; x_wconf 87' lang='lat' dir='ltr'>inhabitationejustis</span> 
     </span>
    </p>
   </div>
   <div class='ocr_carea' id='block_1_65' title="bbox 383 3466 2048 3545">
    <p class='ocr_par' dir='ltr' id='par_1_65' title="bbox 383 3466 2048 3545">
     <span class='ocr_line' id='line_1_65' title="bbox 383 3466 2048 3545; baseline -0.017 -8"><span class='ocrx_word' id='word_1_506' title='bbox 383 3483 444 3536; x_wconf 89' lang='lat' dir='ltr'>in</span> <span class='ocrx_word' id='word_1_507' title='bbox 478 3476 830 3536; x_wconf 89' lang='lat' dir='ltr'>hominibus</span> <span class='ocrx_word' id='word_1_508' title='bbox 863 3470 1168 3545; x_wconf 86' lang='lat' dir='ltr'>quidpiam</span> <span class='ocrx_word' id='word_1_509' title='bbox 1201 3469 1376 3524; x_wconf 88' lang='lat' dir='ltr'>etiam</span> <span class='ocrx_word' id='word_1_510' title='bbox 1408 3466 1678 3533; x_wconf 88' lang='lat' dir='ltr'>inveniri,</span> <span class='ocrx_word' id='word_1_511' title='bbox 1722 3468 1879 3539; x_wconf 90' lang='lat' dir='ltr'>quod</span> <span class='ocrx_word' id='word_1_512' title='bbox 1911 3484 2048 3539; x_wconf 71' lang='lat' dir='ltr'>pro-</span> 
     </span>
    </p>
   </div>
   <div class='ocr_carea' id='block_1_66' title="bbox 385 3555 2050 3642">
    <p class='ocr_par' dir='ltr' id='par_1_66' title="bbox 385 3555 2050 3642">
     <span class='ocr_line' id='line_1_66' title="bbox 385 3555 2050 3642; baseline -0.008 -17"><span class='ocrx_word' id='word_1_513' title='bbox 385 3569 589 3642; x_wconf 87' lang='lat' dir='ltr'>prium</span> <span class='ocrx_word' id='word_1_514' title='bbox 622 3567 702 3622; x_wconf 90' lang='lat' dir='ltr'>sit</span> <span class='ocrx_word' id='word_1_515' title='bbox 732 3578 994 3636; x_wconf 72' lang='lat' dir='ltr'>persons:</span> <span class='ocrx_word' id='word_1_516' title='bbox 1042 3557 1294 3630; x_wconf 88' lang='lat' dir='ltr'>Spiritus</span> <span class='ocrx_word' id='word_1_517' title='bbox 1338 3555 1548 3625; x_wconf 88' lang='lat' dir='ltr'>sancti,</span> <span class='ocrx_word' id='word_1_518' title='bbox 1580 3555 1757 3610; x_wconf 90' lang='lat' dir='ltr'>veluti</span> <span class='ocrx_word' id='word_1_519' title='bbox 1778 3556 2050 3627; x_wconf 90' lang='lat' dir='ltr'>specialis</span> 
     </span>
    </p>
   </div>
   <div class='ocr_carea' id='block_1_67' title="bbox 385 3645 2050 3732">
    <p class='ocr_par' dir='ltr' id='par_1_67' title="bbox 385 3645 2050 3732">
     <span class='ocr_line' id='line_1_67' title="bbox 385 3645 2050 3732; baseline -0.008 -17"><span class='ocrx_word' id='word_1_520' title='bbox 385 3658 666 3732; x_wconf 68' lang='lat' dir='ltr'>quaedam</span> <span class='ocrx_word' id='word_1_521' title='bbox 698 3649 1043 3709; x_wconf 69' lang='lat' dir='ltr'>substantiae</span> <span class='ocrx_word' id='word_1_522' title='bbox 1083 3650 1214 3718; x_wconf 87' lang='lat' dir='ltr'>ejus</span> <span class='ocrx_word' id='word_1_523' title='bbox 1275 3645 1533 3701; x_wconf 91' lang='lat' dir='ltr'>animam</span> <span class='ocrx_word' id='word_1_524' title='bbox 1584 3645 1734 3715; x_wconf 90' lang='lat' dir='ltr'>justi</span> <span class='ocrx_word' id='word_1_525' title='bbox 1788 3645 2050 3717; x_wconf 86' lang='lat' dir='ltr'>applica—</span> 
     </span>
    </p>
   </div>
   <div class='ocr_carea' id='block_1_68' title="bbox 385 3733 2050 3817">
    <p class='ocr_par' dir='ltr' id='par_1_68' title="bbox 385 3733 2050 3817">
     <span class='ocr_line' id='line_1_68' title="bbox 385 3733 2050 3817; baseline -0.008 -13"><span class='ocrx_word' id='word_1_526' title='bbox 385 3750 495 3813; x_wconf 87' lang='lat' dir='ltr'>tio,</span> <span class='ocrx_word' id='word_1_527' title='bbox 530 3742 898 3817; x_wconf 79' lang='lat' dir='ltr'>frequentius</span> <span class='ocrx_word' id='word_1_528' title='bbox 928 3739 1028 3795; x_wconf 89' lang='lat'>88</span> <span class='ocrx_word' id='word_1_529' title='bbox 1051 3737 1262 3792; x_wconf 90' lang='lat' dir='ltr'>docent</span> <span class='ocrx_word' id='word_1_530' title='bbox 1289 3733 1606 3806; x_wconf 54' lang='lat' dir='ltr'>,theologi;</span> <span class='ocrx_word' id='word_1_531' title='bbox 1663 3750 1730 3789; x_wconf 91' lang='lat' dir='ltr'>ac</span> <span class='ocrx_word' id='word_1_532' title='bbox 1786 3733 2050 3791; x_wconf 90' lang='lat' dir='ltr'>luculen-</span> 
     </span>
    </p>
   </div>
   <div class='ocr_carea' id='block_1_69' title="bbox 387 3824 2053 3899">
    <p class='ocr_par' dir='ltr' id='par_1_69' title="bbox 387 3824 2053 3899">
     <span class='ocr_line' id='line_1_69' title="bbox 387 3824 2053 3899; baseline -0.008 -6"><span class='ocrx_word' id='word_1_533' title='bbox 387 3837 626 3893; x_wconf 86' lang='lat' dir='ltr'>tissime</span> <span class='ocrx_word' id='word_1_534' title='bbox 655 3833 956 3888; x_wconf 87' lang='lat' dir='ltr'>disserunt</span> <span class='ocrx_word' id='word_1_535' title='bbox 986 3826 1216 3899; x_wconf 81' lang='lat' dir='ltr'>Sylvius</span> <span class='ocrx_word' id='word_1_536' title='bbox 1245 3825 1306 3879; x_wconf 91' lang='lat' dir='ltr'>in</span> <span class='ocrx_word' id='word_1_537' title='bbox 1336 3824 1595 3878; x_wconf 91' lang='lat' dir='ltr'>Primam</span> <span class='ocrx_word' id='word_1_538' title='bbox 1618 3828 1843 3896; x_wconf 90' lang='lat' dir='ltr'>partem</span> <span class='ocrx_word' id='word_1_539' title='bbox 1867 3825 2053 3880; x_wconf 87' lang='lat' dir='ltr'>sancti</span> 
     </span>
    </p>
   </div>
   <div class='ocr_carea' id='block_1_70' title="bbox 388 3916 1401 3982">
    <p class='ocr_par' dir='ltr' id='par_1_70' title="bbox 388 3916 1401 3982">
     <span class='ocr_line' id='line_1_70' title="bbox 388 3916 1401 3982; baseline -0.014 0"><span class='ocrx_word' id='word_1_540' title='bbox 388 3927 634 3982; x_wconf 70' lang='lat' dir='ltr'>Thomas</span> <span class='ocrx_word' id='word_1_541' title='bbox 667 3925 724 3977; x_wconf 92' lang='lat' dir='ltr'>et</span> <span class='ocrx_word' id='word_1_542' title='bbox 752 3920 1020 3975; x_wconf 90' lang='lat' dir='ltr'>Petavius</span> <span class='ocrx_word' id='word_1_543' title='bbox 1051 3916 1174 3971; x_wconf 92' lang='lat' dir='ltr'>loco</span> <span class='ocrx_word' id='word_1_544' title='bbox 1206 3916 1401 3970; x_wconf 89' lang='lat' dir='ltr'>citato.</span> 
     </span>
    </p>
   </div>
   <div class='ocr_carea' id='block_1_71' title="bbox 467 4001 2056 4078">
    <p class='ocr_par' dir='ltr' id='par_1_71' title="bbox 467 4001 2056 4078">
     <span class='ocr_line' id='line_1_71' title="bbox 467 4001 2056 4078; baseline -0.008 -8"><span class='ocrx_word' id='word_1_545' title='bbox 467 4015 634 4070; x_wconf 87' lang='lat' dir='ltr'>Hanc</span> <span class='ocrx_word' id='word_1_546' title='bbox 664 4009 1008 4065; x_wconf 90' lang='lat' dir='ltr'>missionem</span> <span class='ocrx_word' id='word_1_547' title='bbox 1040 4004 1273 4078; x_wconf 89' lang='lat' dir='ltr'>proprie</span> <span class='ocrx_word' id='word_1_548' title='bbox 1303 4003 1542 4069; x_wconf 89' lang='lat' dir='ltr'>dictam,</span> <span class='ocrx_word' id='word_1_549' title='bbox 1573 4001 1633 4057; x_wconf 92' lang='lat' dir='ltr'>in</span> <span class='ocrx_word' id='word_1_550' title='bbox 1665 4019 1849 4074; x_wconf 90' lang='lat' dir='ltr'>eaque</span> <span class='ocrx_word' id='word_1_551' title='bbox 1903 4021 2056 4076; x_wconf 70' lang='lat' dir='ltr'>pree-</span> 
     </span>
    </p>
   </div>
   <div class='ocr_carea' id='block_1_72' title="bbox 393 4091 2055 4177">
    <p class='ocr_par' dir='ltr' id='par_1_72' title="bbox 393 4091 2055 4177">
     <span class='ocr_line' id='line_1_72' title="bbox 393 4091 2055 4177; baseline -0.008 -16"><span class='ocrx_word' id='word_1_552' title='bbox 393 4106 573 4177; x_wconf 91' lang='lat' dir='ltr'>cipuo</span> <span class='ocrx_word' id='word_1_553' title='bbox 607 4100 780 4155; x_wconf 90' lang='lat' dir='ltr'>modo</span> <span class='ocrx_word' id='word_1_554' title='bbox 803 4093 1333 4168; x_wconf 88' lang='lat' dir='ltr'>comprenhensam</span> <span class='ocrx_word' id='word_1_555' title='bbox 1364 4091 1571 4147; x_wconf 63' lang='lat' dir='ltr'>divina</span> <span class='ocrx_word' id='word_1_556' title='bbox 1604 4107 1884 4163; x_wconf 85' lang='lat' dir='ltr'>personae,</span> <span class='ocrx_word' id='word_1_557' title='bbox 1929 4110 2055 4164; x_wconf 79' lang='lat' dir='ltr'>quae</span> 
     </span>
    </p>
   </div>
   <div class='ocr_carea' id='block_1_73' title="bbox 394 4180 2058 4259">
    <p class='ocr_par' dir='ltr' id='par_1_73' title="bbox 394 4180 2058 4259">
     <span class='ocr_line' id='line_1_73' title="bbox 394 4180 2058 4259; baseline -0.008 -10"><span class='ocrx_word' id='word_1_558' title='bbox 394 4192 681 4253; x_wconf 86' lang='lat' dir='ltr'>mittitur,</span> <span class='ocrx_word' id='word_1_559' title='bbox 712 4183 1152 4259; x_wconf 90' lang='lat' dir='ltr'>productionem</span> <span class='ocrx_word' id='word_1_560' title='bbox 1171 4187 1271 4236; x_wconf 87' lang='lat' dir='ltr'>aut</span> <span class='ocrx_word' id='word_1_561' title='bbox 1292 4180 1728 4253; x_wconf 86' lang='lat' dir='ltr'>processionem</span> <span class='ocrx_word' id='word_1_562' title='bbox 1747 4182 1818 4235; x_wconf 91' lang='lat' dir='ltr'>ab</span> <span class='ocrx_word' id='word_1_563' title='bbox 1851 4181 2058 4250; x_wconf 88' lang='lat' dir='ltr'>altera,</span> 
     </span>
    </p>
   </div>
   <div class='ocr_carea' id='block_1_74' title="bbox 391 4272 2060 4346">
    <p class='ocr_par' dir='ltr' id='par_1_74' title="bbox 391 4272 2060 4346">
     <span class='ocr_line' id='line_1_74' title="bbox 391 4272 2060 4346; baseline -0.007 -9"><span class='ocrx_word' id='word_1_564' title='bbox 391 4277 782 4339; x_wconf 83' lang='lat' dir='ltr'>validissimis</span> <span class='ocrx_word' id='word_1_565' title='bbox 813 4272 1179 4346; x_wconf 88' lang='lat' dir='ltr'>argumentis</span> <span class='ocrx_word' id='word_1_566' title='bbox 1211 4275 1378 4326; x_wconf 75' lang='lat' dir='ltr'>zetate</span> <span class='ocrx_word' id='word_1_567' title='bbox 1401 4287 1510 4325; x_wconf 88' lang='lat' dir='ltr'>sua</span> <span class='ocrx_word' id='word_1_568' title='bbox 1532 4275 1736 4325; x_wconf 89' lang='lat' dir='ltr'>contra</span> <span class='ocrx_word' id='word_1_569' title='bbox 1756 4287 1895 4325; x_wconf 89' lang='lat' dir='ltr'>suos</span> <span class='ocrx_word' id='word_1_570' title='bbox 1925 4288 2060 4343; x_wconf 90' lang='lat' dir='ltr'>gen-</span> 
     </span>
    </p>
   </div>
   <div class='ocr_carea' id='block_1_75' title="bbox 393 4357 2059 4431">
    <p class='ocr_par' dir='ltr' id='par_1_75' title="bbox 393 4357 2059 4431">
     <span class='ocr_line' id='line_1_75' title="bbox 393 4357 2059 4431; baseline -0.007 -4"><span class='ocrx_word' id='word_1_571' title='bbox 393 4372 533 4426; x_wconf 87' lang='lat' dir='ltr'>tiles</span> <span class='ocrx_word' id='word_1_572' title='bbox 565 4367 845 4424; x_wconf 86' lang='lat' dir='ltr'>tuebatur</span> <span class='ocrx_word' id='word_1_573' title='bbox 869 4363 1129 4419; x_wconf 87' lang='lat' dir='ltr'>Joannes</span> <span class='ocrx_word' id='word_1_574' title='bbox 1158 4357 1793 4431; x_wconf 90' lang='lat' dir='ltr'>Beccus,pluribusque</span> <span class='ocrx_word' id='word_1_575' title='bbox 1820 4363 2059 4415; x_wconf 86' lang='lat' dir='ltr'>Patrum</span> 
     </span>
    </p>
   </div>
   <div class='ocr_carea' id='block_1_76' title="bbox 393 4447 2058 4519">
    <p class='ocr_par' dir='ltr' id='par_1_76' title="bbox 393 4447 2058 4519">
     <span class='ocr_line' id='line_1_76' title="bbox 393 4447 2058 4519; baseline -0.008 -2"><span class='ocrx_word' id='word_1_576' title='bbox 393 4454 762 4516; x_wconf 85' lang='lat' dir='ltr'>testimoniis</span> <span class='ocrx_word' id='word_1_577' title='bbox 805 4452 1114 4507; x_wconf 83' lang='lat' dir='ltr'>conﬁrmat</span> <span class='ocrx_word' id='word_1_578' title='bbox 1139 4449 1197 4504; x_wconf 91' lang='lat' dir='ltr'>in</span> <span class='ocrx_word' id='word_1_579' title='bbox 1220 4447 1571 4519; x_wconf 73' lang='lat' dir='ltr'>Epigrap’zis,</span> <span class='ocrx_word' id='word_1_580' title='bbox 1604 4448 1723 4502; x_wconf 88' lang='lat' dir='ltr'>sive</span> <span class='ocrx_word' id='word_1_581' title='bbox 1743 4448 2058 4519; x_wconf 84' lang='lat' dir='ltr'>Sententiis,</span> 
     </span>
    </p>
   </div>
   <div class='ocr_carea' id='block_1_77' title="bbox 396 4536 2061 4620">
    <p class='ocr_par' dir='ltr' id='par_1_77' title="bbox 396 4536 2061 4620">
     <span class='ocr_line' id='line_1_77' title="bbox 396 4536 2061 4620; baseline -0.008 -14"><span class='ocrx_word' id='word_1_582' title='bbox 396 4551 587 4620; x_wconf 88' lang='lat' dir='ltr'>capite</span> <span class='ocrx_word' id='word_1_583' title='bbox 631 4545 688 4612; x_wconf 91' lang='lat'>8,</span> <span class='ocrx_word' id='word_1_584' title='bbox 749 4559 847 4598; x_wconf 86' lang='lat' dir='ltr'>eos</span> <span class='ocrx_word' id='word_1_585' title='bbox 902 4541 1108 4612; x_wconf 90' lang='lat' dir='ltr'>utique</span> <span class='ocrx_word' id='word_1_586' title='bbox 1165 4536 1456 4605; x_wconf 86' lang='lat' dir='ltr'>refellens,</span> <span class='ocrx_word' id='word_1_587' title='bbox 1512 4536 1614 4608; x_wconf 90' lang='lat' dir='ltr'>qui</span> <span class='ocrx_word' id='word_1_588' title='bbox 1653 4553 1777 4591; x_wconf 90' lang='lat' dir='ltr'>cum</span> <span class='ocrx_word' id='word_1_589' title='bbox 1805 4537 2061 4593; x_wconf 89' lang='lat' dir='ltr'>audirent</span> 
     </span>
    </p>
   </div>
   <div class='ocr_carea' id='block_1_78' title="bbox 2157 3369 3802 3448">
    <p class='ocr_par' dir='ltr' id='par_1_78' title="bbox 2157 3369 3802 3448">
     <span class='ocr_line' id='line_1_78' title="bbox 2157 3369 3802 3448; baseline -0.004 -15"><span class='ocrx_word' id='word_1_590' title='bbox 2157 3379 2391 3448; x_wconf 81' lang='lat' dir='ltr'>firmitas</span> <span class='ocrx_word' id='word_1_591' title='bbox 2418 3377 2614 3446; x_wconf 87' lang='lat' dir='ltr'>major.</span> <span class='ocrx_word' id='word_1_592' title='bbox 2659 3372 2805 3428; x_wconf 84' lang='lat' dir='ltr'>Hinc</span> <span class='ocrx_word' id='word_1_593' title='bbox 2865 3387 2998 3426; x_wconf 87' lang='lat' dir='ltr'>vero</span> <span class='ocrx_word' id='word_1_594' title='bbox 3055 3369 3502 3442; x_wconf 81' lang='lat' dir='ltr'>exposcentibus</span> <span class='ocrx_word' id='word_1_595' title='bbox 3565 3371 3802 3438; x_wconf 63' lang='lat' dir='ltr'>Graecis,</span> 
     </span>
    </p>
   </div>
   <div class='ocr_carea' id='block_1_79' title="bbox 2159 3458 3808 3535">
    <p class='ocr_par' dir='ltr' id='par_1_79' title="bbox 2159 3458 3808 3535">
     <span class='ocr_line' id='line_1_79' title="bbox 2159 3458 3808 3535; baseline -0.004 -13"><span class='ocrx_word' id='word_1_596' title='bbox 2159 3467 2395 3523; x_wconf 86' lang='lat' dir='ltr'>abinam</span> <span class='ocrx_word' id='word_1_597' title='bbox 2423 3465 2860 3535; x_wconf 87' lang='lat' dir='ltr'>Scripturarum</span> <span class='ocrx_word' id='word_1_598' title='bbox 2884 3460 3167 3514; x_wconf 89' lang='lat' dir='ltr'>habeatur</span> <span class='ocrx_word' id='word_1_599' title='bbox 3187 3458 3446 3530; x_wconf 90' lang='lat' dir='ltr'>Spiritus</span> <span class='ocrx_word' id='word_1_600' title='bbox 3469 3460 3656 3516; x_wconf 83' lang='lat' dir='ltr'>sancti</span> <span class='ocrx_word' id='word_1_601' title='bbox 3681 3477 3808 3531; x_wconf 89' lang='lat' dir='ltr'>pro-</span> 
     </span>
    </p>
   </div>
   <div class='ocr_carea' id='block_1_80' title="bbox 2159 3546 3809 3622">
    <p class='ocr_par' dir='ltr' id='par_1_80' title="bbox 2159 3546 3809 3622">
     <span class='ocr_line' id='line_1_80' title="bbox 2159 3546 3809 3622; baseline -0.005 -9"><span class='ocrx_word' id='word_1_602' title='bbox 2159 3557 2346 3613; x_wconf 89' lang='lat' dir='ltr'>cessio</span> <span class='ocrx_word' id='word_1_603' title='bbox 2378 3571 2412 3610; x_wconf 91' lang='lat' dir='ltr'>a</span> <span class='ocrx_word' id='word_1_604' title='bbox 2442 3553 2604 3619; x_wconf 91' lang='lat' dir='ltr'>Filio,</span> <span class='ocrx_word' id='word_1_605' title='bbox 2633 3549 2833 3622; x_wconf 90' lang='lat' dir='ltr'>reponi</span> <span class='ocrx_word' id='word_1_606' title='bbox 2883 3552 3009 3602; x_wconf 92' lang='lat' dir='ltr'>tuto</span> <span class='ocrx_word' id='word_1_607' title='bbox 3066 3547 3254 3616; x_wconf 88' lang='lat' dir='ltr'>debet,</span> <span class='ocrx_word' id='word_1_608' title='bbox 3301 3546 3451 3602; x_wconf 91' lang='lat' dir='ltr'>hanc</span> <span class='ocrx_word' id='word_1_609' title='bbox 3482 3563 3582 3604; x_wconf 84' lang='lat' dir='ltr'>eos</span> <span class='ocrx_word' id='word_1_610' title='bbox 3613 3549 3809 3621; x_wconf 80' lang='lat' dir='ltr'>expri-</span> 
     </span>
    </p>
   </div>
   <div class='ocr_carea' id='block_1_81' title="bbox 2160 3636 3804 3710">
    <p class='ocr_par' dir='ltr' id='par_1_81' title="bbox 2160 3636 3804 3710">
     <span class='ocr_line' id='line_1_81' title="bbox 2160 3636 3804 3710; baseline -0.004 -8"><span class='ocrx_word' id='word_1_611' title='bbox 2160 3663 2319 3702; x_wconf 90' lang='lat' dir='ltr'>mere</span> <span class='ocrx_word' id='word_1_612' title='bbox 2347 3645 2474 3699; x_wconf 90' lang='lat' dir='ltr'>sine</span> <span class='ocrx_word' id='word_1_613' title='bbox 2503 3640 2680 3696; x_wconf 89' lang='lat' dir='ltr'>dubio</span> <span class='ocrx_word' id='word_1_614' title='bbox 2707 3637 2886 3703; x_wconf 89' lang='lat' dir='ltr'>locos,</span> <span class='ocrx_word' id='word_1_615' title='bbox 2917 3636 3019 3708; x_wconf 91' lang='lat' dir='ltr'>qui</span> <span class='ocrx_word' id='word_1_616' title='bbox 3049 3637 3260 3691; x_wconf 91' lang='lat' dir='ltr'>docent</span> <span class='ocrx_word' id='word_1_617' title='bbox 3280 3652 3314 3692; x_wconf 89' lang='lat' dir='ltr'>a</span> <span class='ocrx_word' id='word_1_618' title='bbox 3335 3636 3477 3692; x_wconf 89' lang='lat' dir='ltr'>Filio</span> <span class='ocrx_word' id='word_1_619' title='bbox 3521 3637 3804 3710; x_wconf 89' lang='lat' dir='ltr'>Spiritum</span> 
     </span>
    </p>
   </div>
   <div class='ocr_carea' id='block_1_82' title="bbox 2161 3726 3810 3806">
    <p class='ocr_par' dir='ltr' id='par_1_82' title="bbox 2161 3726 3810 3806">
     <span class='ocr_line' id='line_1_82' title="bbox 2161 3726 3810 3806; baseline -0.004 -15"><span class='ocrx_word' id='word_1_620' title='bbox 2161 3736 2442 3806; x_wconf 89' lang='lat' dir='ltr'>accipere,</span> <span class='ocrx_word' id='word_1_621' title='bbox 2474 3732 2788 3802; x_wconf 89' lang='lat' dir='ltr'>ipsumque</span> <span class='ocrx_word' id='word_1_622' title='bbox 2819 3743 2852 3782; x_wconf 91' lang='lat' dir='ltr'>a</span> <span class='ocrx_word' id='word_1_623' title='bbox 2884 3726 3026 3781; x_wconf 89' lang='lat' dir='ltr'>Filio</span> <span class='ocrx_word' id='word_1_624' title='bbox 3059 3726 3230 3796; x_wconf 84' lang='lat' dir='ltr'>mitti,</span> <span class='ocrx_word' id='word_1_625' title='bbox 3257 3729 3314 3781; x_wconf 92' lang='lat' dir='ltr'>et</span> <span class='ocrx_word' id='word_1_626' title='bbox 3339 3727 3485 3781; x_wconf 92' lang='lat' dir='ltr'>dari.</span> <span class='ocrx_word' id='word_1_627' title='bbox 3519 3726 3662 3783; x_wconf 86' lang='lat' dir='ltr'>Vide</span> <span class='ocrx_word' id='word_1_628' title='bbox 3713 3744 3810 3784; x_wconf 77' lang='lat' dir='ltr'>ca-</span> 
     </span>
    </p>
   </div>
   <div class='ocr_carea' id='block_1_83' title="bbox 2163 3816 2777 3900">
    <p class='ocr_par' dir='ltr' id='par_1_83' title="bbox 2163 3816 2777 3900">
     <span class='ocr_line' id='line_1_83' title="bbox 2163 3816 2777 3900; baseline -0.023 -18"><span class='ocrx_word' id='word_1_629' title='bbox 2163 3829 2271 3900; x_wconf 92' lang='lat' dir='ltr'>put</span> <span class='ocrx_word' id='word_1_630' title='bbox 2299 3825 2352 3890; x_wconf 82' lang='lat'>9,</span> <span class='ocrx_word' id='word_1_631' title='bbox 2386 3837 2551 3876; x_wconf 91' lang='lat' dir='ltr'>num.</span> <span class='ocrx_word' id='word_1_632' title='bbox 2581 3819 2614 3872; x_wconf 92' lang='lat'>8</span> <span class='ocrx_word' id='word_1_633' title='bbox 2643 3816 2777 3889; x_wconf 89' lang='grc'>(10).</span> 
     </span>
    </p>
   </div>
   <div class='ocr_carea' id='block_1_84' title="bbox 2232 3903 3811 3979">
    <p class='ocr_par' dir='ltr' id='par_1_84' title="bbox 2232 3903 3811 3979">
     <span class='ocr_line' id='line_1_84' title="bbox 2232 3903 3811 3979; baseline -0.003 -12"><span class='ocrx_word' id='word_1_634' title='bbox 2232 3915 2328 3969; x_wconf 86' lang='lat' dir='ltr'>Vl.</span> <span class='ocrx_word' id='word_1_635' title='bbox 2363 3917 2577 3965; x_wconf 89' lang='lat' dir='ltr'>Locum</span> <span class='ocrx_word' id='word_1_636' title='bbox 2609 3907 2798 3979; x_wconf 91' lang='lat' dir='ltr'>primo</span> <span class='ocrx_word' id='word_1_637' title='bbox 2828 3903 3129 3960; x_wconf 80' lang='lat' dir='ltr'>difficilem</span> <span class='ocrx_word' id='word_1_638' title='bbox 3162 3909 3424 3974; x_wconf 84' lang='lat' dir='ltr'>aspectu,</span> <span class='ocrx_word' id='word_1_639' title='bbox 3463 3922 3640 3977; x_wconf 91' lang='lat' dir='ltr'>quem</span> <span class='ocrx_word' id='word_1_640' title='bbox 3699 3908 3811 3964; x_wconf 90' lang='lat' dir='ltr'>sub</span> 
     </span>
    </p>
   </div>
   <div class='ocr_carea' id='block_1_85' title="bbox 2163 3993 3814 4068">
    <p class='ocr_par' dir='ltr' id='par_1_85' title="bbox 2163 3993 3814 4068">
     <span class='ocr_line' id='line_1_85' title="bbox 2163 3993 3814 4068; baseline -0.007 -5"><span class='ocrx_word' id='word_1_641' title='bbox 2163 4002 2408 4062; x_wconf 90' lang='lat' dir='ltr'>Joannis</span> <span class='ocrx_word' id='word_1_642' title='bbox 2438 3993 2835 4068; x_wconf 86' lang='lat' dir='ltr'>Chrysostomi</span> <span class='ocrx_word' id='word_1_643' title='bbox 2866 3993 3102 4049; x_wconf 89' lang='lat' dir='ltr'>nomine</span> <span class='ocrx_word' id='word_1_644' title='bbox 3140 3993 3392 4048; x_wconf 71' lang='lat' dir='ltr'>afferunt</span> <span class='ocrx_word' id='word_1_645' title='bbox 3437 3994 3638 4064; x_wconf 64' lang='lat' dir='ltr'>Graci,</span> <span class='ocrx_word' id='word_1_646' title='bbox 3692 3996 3814 4052; x_wconf 90' lang='lat' dir='ltr'>vel-</span> 
     </span>
    </p>
   </div>
   <div class='ocr_carea' id='block_1_86' title="bbox 2167 4083 3816 4154">
    <p class='ocr_par' dir='ltr' id='par_1_86' title="bbox 2167 4083 3816 4154">
     <span class='ocr_line' id='line_1_86' title="bbox 2167 4083 3816 4154; baseline -0.005 -4"><span class='ocrx_word' id='word_1_647' title='bbox 2167 4095 2251 4150; x_wconf 90' lang='lat' dir='ltr'>uti</span> <span class='ocrx_word' id='word_1_648' title='bbox 2282 4091 2614 4147; x_wconf 88' lang='lat' dir='ltr'>commento</span> <span class='ocrx_word' id='word_1_649' title='bbox 2647 4100 2754 4139; x_wconf 93' lang='lat' dir='ltr'>suo</span> <span class='ocrx_word' id='word_1_650' title='bbox 2776 4098 3121 4151; x_wconf 90' lang='lat' dir='ltr'>consonum,</span> <span class='ocrx_word' id='word_1_651' title='bbox 3155 4083 3226 4137; x_wconf 89' lang='lat' dir='ltr'>ad</span> <span class='ocrx_word' id='word_1_652' title='bbox 3250 4099 3493 4138; x_wconf 87' lang='lat' dir='ltr'>examen</span> <span class='ocrx_word' id='word_1_653' title='bbox 3520 4088 3816 4154; x_wconf 90' lang='lat' dir='ltr'>postremo</span> 
     </span>
    </p>
   </div>
   <div class='ocr_carea' id='block_1_87' title="bbox 2165 4170 3816 4246">
    <p class='ocr_par' dir='ltr' id='par_1_87' title="bbox 2165 4170 3816 4246">
     <span class='ocr_line' id='line_1_87' title="bbox 2165 4170 3816 4246; baseline -0.013 -7"><span class='ocrx_word' id='word_1_654' title='bbox 2165 4197 2370 4239; x_wconf 88' lang='lat' dir='ltr'>vocare</span> <span class='ocrx_word' id='word_1_655' title='bbox 2401 4177 2591 4233; x_wconf 89' lang='lat' dir='ltr'>liceat.</span> <span class='ocrx_word' id='word_1_656' title='bbox 2627 4173 2894 4229; x_wconf 85' lang='lat' dir='ltr'>Sumitur</span> <span class='ocrx_word' id='word_1_657' title='bbox 2923 4188 2990 4226; x_wconf 83' lang='lat' dir='ltr'>ex</span> <span class='ocrx_word' id='word_1_658' title='bbox 3023 4170 3268 4226; x_wconf 87' lang='lat' dir='ltr'>homilia</span> <span class='ocrx_word' id='word_1_659' title='bbox 3299 4172 3552 4241; x_wconf 91' lang='lat' dir='ltr'>quadam</span> <span class='ocrx_word' id='word_1_660' title='bbox 3587 4173 3660 4228; x_wconf 90' lang='lat' dir='ltr'>de</span> <span class='ocrx_word' id='word_1_661' title='bbox 3693 4173 3816 4246; x_wconf 71' lang='grc' dir='ltr'>Βρί-</span> 
     </span>
    </p>
   </div>
   <div class='ocr_carea' id='block_1_88' title="bbox 2167 4260 3817 4336">
    <p class='ocr_par' dir='ltr' id='par_1_88' title="bbox 2167 4260 3817 4336">
     <span class='ocr_line' id='line_1_88' title="bbox 2167 4260 3817 4336; baseline -0.008 -5"><span class='ocrx_word' id='word_1_662' title='bbox 2167 4275 2289 4330; x_wconf 86' lang='lat' dir='ltr'>ritu</span> <span class='ocrx_word' id='word_1_663' title='bbox 2316 4276 2522 4331; x_wconf 90' lang='lat' dir='ltr'>sancto,</span> <span class='ocrx_word' id='word_1_664' title='bbox 2555 4280 2680 4336; x_wconf 56' lang='lat' dir='ltr'>quas</span> <span class='ocrx_word' id='word_1_665' title='bbox 2710 4262 2771 4316; x_wconf 90' lang='lat' dir='ltr'>in</span> <span class='ocrx_word' id='word_1_666' title='bbox 2801 4261 3056 4317; x_wconf 89' lang='lat' dir='ltr'>editione</span> <span class='ocrx_word' id='word_1_667' title='bbox 3079 4260 3393 4315; x_wconf 88' lang='lat' dir='ltr'>Parisiensi</span> <span class='ocrx_word' id='word_1_668' title='bbox 3419 4261 3817 4318; x_wconf 83' lang='lat' dir='ltr'>Monfauconii</span> 
     </span>
    </p>
   </div>
   <div class='ocr_carea' id='block_1_89' title="bbox 2170 4348 3815 4435">
    <p class='ocr_par' dir='ltr' id='par_1_89' title="bbox 2170 4348 3815 4435">
     <span class='ocr_line' id='line_1_89' title="bbox 2170 4348 3815 4435; baseline -0.008 -18"><span class='ocrx_word' id='word_1_669' title='bbox 2170 4362 2412 4435; x_wconf 89' lang='lat' dir='ltr'>prostat,</span> <span class='ocrx_word' id='word_1_670' title='bbox 2445 4361 2604 4410; x_wconf 90' lang='lat' dir='ltr'>tomo</span> <span class='ocrx_word' id='word_1_671' title='bbox 2639 4351 2735 4421; x_wconf 87' lang='lat' dir='ltr'>Ill,</span> <span class='ocrx_word' id='word_1_672' title='bbox 2768 4350 2918 4404; x_wconf 90' lang='lat' dir='ltr'>inter</span> <span class='ocrx_word' id='word_1_673' title='bbox 2948 4348 3168 4419; x_wconf 88' lang='lat' dir='ltr'>spuria.</span> <span class='ocrx_word' id='word_1_674' title='bbox 3192 4349 3286 4402; x_wconf 87' lang='lat' dir='ltr'>Ait</span> <span class='ocrx_word' id='word_1_675' title='bbox 3310 4353 3512 4403; x_wconf 86' lang='lat' dir='ltr'>auctor</span> <span class='ocrx_word' id='word_1_676' title='bbox 3541 4366 3708 4405; x_wconf 91' lang='lat' dir='ltr'>num.</span> <span class='ocrx_word' id='word_1_677' title='bbox 3741 4353 3815 4407; x_wconf 87' lang='lat'><strong>7:</strong></span> 
     </span>
    </p>
   </div>
   <div class='ocr_carea' id='block_1_90' title="bbox 2171 4437 3822 4513">
    <p class='ocr_par' dir='ltr' id='par_1_90' title="bbox 2171 4437 3822 4513">
     <span class='ocr_line' id='line_1_90' title="bbox 2171 4437 3822 4513; baseline -0.005 -11"><span class='ocrx_word' id='word_1_678' title='bbox 2171 4475 2199 4502; x_wconf 85' lang='lat'><strong>«</strong></span> <span class='ocrx_word' id='word_1_679' title='bbox 2232 4452 2306 4505; x_wconf 91' lang='lat' dir='ltr'>De</span> <span class='ocrx_word' id='word_1_680' title='bbox 2343 4461 2459 4502; x_wconf 85' lang='lat' dir='ltr'>meo</span> <span class='ocrx_word' id='word_1_681' title='bbox 2490 4443 2756 4513; x_wconf 87' lang='lat' dir='ltr'>accipiet:</span> <span class='ocrx_word' id='word_1_682' title='bbox 2790 4455 2858 4494; x_wconf 82' lang='lat' dir='ltr'>ex</span> <span class='ocrx_word' id='word_1_683' title='bbox 2905 4438 2980 4492; x_wconf 90' lang='lat' dir='ltr'>iis</span> <span class='ocrx_word' id='word_1_684' title='bbox 3037 4453 3164 4507; x_wconf 83' lang='lat' dir='ltr'>quae</span> <span class='ocrx_word' id='word_1_685' title='bbox 3219 4437 3364 4490; x_wconf 87' lang='lat' dir='ltr'>mihi</span> <span class='ocrx_word' id='word_1_686' title='bbox 3425 4438 3822 4509; x_wconf 85' lang='lat' dir='ltr'>suppeditavit</span> 
     </span>
    </p>
   </div>
   <div class='ocr_carea' id='block_1_91' title="bbox 2171 4525 3820 4601">
    <p class='ocr_par' dir='ltr' id='par_1_91' title="bbox 2171 4525 3820 4601">
     <span class='ocr_line' id='line_1_91' title="bbox 2171 4525 3820 4601; baseline -0.007 -5"><span class='ocrx_word' id='word_1_687' title='bbox 2171 4539 2278 4596; x_wconf 90' lang='lat' dir='ltr'>soli</span> <span class='ocrx_word' id='word_1_688' title='bbox 2311 4533 2536 4592; x_wconf 90' lang='lat' dir='ltr'>homini</span> <span class='ocrx_word' id='word_1_689' title='bbox 2559 4528 2879 4595; x_wconf 90' lang='lat' dir='ltr'>Dominico,</span> <span class='ocrx_word' id='word_1_690' title='bbox 2942 4531 3135 4582; x_wconf 88' lang='lat' dir='ltr'>sumet</span> <span class='ocrx_word' id='word_1_691' title='bbox 3190 4525 3302 4580; x_wconf 88' lang='lat' dir='ltr'>sibi</span> <span class='ocrx_word' id='word_1_692' title='bbox 3361 4526 3461 4597; x_wconf 90' lang='lat' dir='ltr'>qui</span> <span class='ocrx_word' id='word_1_693' title='bbox 3488 4527 3686 4598; x_wconf 71' lang='lat' dir='ltr'>;dedit,</span> <span class='ocrx_word' id='word_1_694' title='bbox 3718 4529 3820 4601; x_wconf 91' lang='lat' dir='ltr'>qui</span> 
     </span>
    </p>
   </div>
   <div class='ocr_carea' id='block_1_92' title="bbox 398 4614 3822 4710">
    <p class='ocr_par' dir='ltr' id='par_1_92' title="bbox 398 4614 3822 4710">
     <span class='ocr_line' id='line_1_92' title="bbox 398 4614 3822 4710; baseline -0.005 -19"><span class='ocrx_word' id='word_1_695' title='bbox 398 4639 696 4710; x_wconf 85' lang='lat' dir='ltr'>Spiritum,</span> <span class='ocrx_word' id='word_1_696' title='bbox 754 4639 1008 4687; x_wconf 88' lang='lat' dir='ltr'>sanctum</span> <span class='ocrx_word' id='word_1_697' title='bbox 1068 4644 1140 4683; x_wconf 80' lang='lat' dir='ltr'>ex</span> <span class='ocrx_word' id='word_1_698' title='bbox 1185 4627 1326 4682; x_wconf 86' lang='lat' dir='ltr'>Filio</span> <span class='ocrx_word' id='word_1_699' title='bbox 1375 4628 1547 4681; x_wconf 89' lang='lat' dir='ltr'>etiam</span> <span class='ocrx_word' id='word_1_700' title='bbox 1596 4641 1859 4682; x_wconf 87' lang='lat' dir='ltr'>emanare</span> <span class='ocrx_word' id='word_1_701' title='bbox 1898 4631 2062 4698; x_wconf 86' lang='lat' dir='ltr'>atque</span> <span class='ocrx_word' id='word_1_702' title='bbox 2091 4643 2138 4708; x_wconf 86' lang='lat' dir='ltr'>D</span> <span class='ocrx_word' id='word_1_703' title='bbox 2170 4628 2330 4686; x_wconf 90' lang='lat' dir='ltr'>venit</span> <span class='ocrx_word' id='word_1_704' title='bbox 2359 4639 2532 4696; x_wconf 88' lang='lat' dir='ltr'>super</span> <span class='ocrx_word' id='word_1_705' title='bbox 2565 4636 2676 4684; x_wconf 89' lang='lat' dir='ltr'>me,</span> <span class='ocrx_word' id='word_1_706' title='bbox 2709 4622 2766 4672; x_wconf 89' lang='lat' dir='ltr'>et</span> <span class='ocrx_word' id='word_1_707' title='bbox 2795 4616 3013 4671; x_wconf 87' lang='lat' dir='ltr'>mansit</span> <span class='ocrx_word' id='word_1_708' title='bbox 3035 4615 3094 4670; x_wconf 87' lang='lat' dir='ltr'>in</span> <span class='ocrx_word' id='word_1_709' title='bbox 3127 4630 3239 4685; x_wconf 90' lang='lat' dir='ltr'>me,</span> <span class='ocrx_word' id='word_1_710' title='bbox 3273 4615 3374 4686; x_wconf 92' lang='lat' dir='ltr'>qui</span> <span class='ocrx_word' id='word_1_711' title='bbox 3407 4614 3571 4670; x_wconf 83' lang='lat' dir='ltr'>unxit</span> <span class='ocrx_word' id='word_1_712' title='bbox 3598 4618 3822 4688; x_wconf 91' lang='lat' dir='ltr'>me,qui</span> 
     </span>
    </p>
   </div>
   <div class='ocr_carea' id='block_1_93' title="bbox 393 4715 2059 4800">
    <p class='ocr_par' dir='ltr' id='par_1_93' title="bbox 393 4715 2059 4800">
     <span class='ocr_line' id='line_1_93' title="bbox 393 4715 2059 4800; baseline -0.007 -18"><span class='ocrx_word' id='word_1_713' title='bbox 393 4728 643 4800; x_wconf 85' lang='lat' dir='ltr'>prodire,</span> <span class='ocrx_word' id='word_1_714' title='bbox 677 4738 788 4777; x_wconf 90' lang='lat' dir='ltr'>non</span> <span class='ocrx_word' id='word_1_715' title='bbox 833 4720 1085 4775; x_wconf 85' lang='lat' dir='ltr'>divinam</span> <span class='ocrx_word' id='word_1_716' title='bbox 1140 4717 1374 4788; x_wconf 87' lang='lat' dir='ltr'>Spiritus</span> <span class='ocrx_word' id='word_1_717' title='bbox 1427 4719 1691 4771; x_wconf 86' lang='lat' dir='ltr'>naturam</span> <span class='ocrx_word' id='word_1_718' title='bbox 1741 4731 1810 4770; x_wconf 73' lang='lat' dir='ltr'>ex</span> <span class='ocrx_word' id='word_1_719' title='bbox 1866 4715 2059 4771; x_wconf 86' lang='lat' dir='ltr'>divina</span> 
     </span>
    </p>
   </div>
   <div class='ocr_carea' id='block_1_94' title="bbox 398 4806 2064 4878">
    <p class='ocr_par' dir='ltr' id='par_1_94' title="bbox 398 4806 2064 4878">
     <span class='ocr_line' id='line_1_94' title="bbox 398 4806 2064 4878; baseline -0.008 -7"><span class='ocrx_word' id='word_1_720' title='bbox 398 4813 714 4871; x_wconf 80' lang='lat' dir='ltr'>substantia</span> <span class='ocrx_word' id='word_1_721' title='bbox 757 4817 1065 4878; x_wconf 86' lang='lat' dir='ltr'>naturaque</span> <span class='ocrx_word' id='word_1_722' title='bbox 1109 4807 1244 4861; x_wconf 85' lang='lat' dir='ltr'>Filii</span> <span class='ocrx_word' id='word_1_723' title='bbox 1299 4806 1440 4860; x_wconf 87' lang='lat' dir='ltr'>oriri</span> <span class='ocrx_word' id='word_1_724' title='bbox 1494 4808 1656 4875; x_wconf 89' lang='lat' dir='ltr'>atque</span> <span class='ocrx_word' id='word_1_725' title='bbox 1696 4819 1960 4859; x_wconf 88' lang='lat' dir='ltr'>emanare</span> <span class='ocrx_word' id='word_1_726' title='bbox 1981 4806 2064 4859; x_wconf 89' lang='lat' dir='ltr'>in-</span> 
     </span>
    </p>
   </div>
   <div class='ocr_carea' id='block_1_95' title="bbox 401 4892 2058 4972">
    <p class='ocr_par' dir='ltr' id='par_1_95' title="bbox 401 4892 2058 4972">
     <span class='ocr_line' id='line_1_95' title="bbox 401 4892 2058 4972; baseline -0.007 -12"><span class='ocrx_word' id='word_1_727' title='bbox 401 4905 548 4960; x_wconf 87' lang='lat' dir='ltr'>sulse</span> <span class='ocrx_word' id='word_1_728' title='bbox 577 4898 904 4972; x_wconf 87' lang='lat' dir='ltr'>garriebant</span> <span class='ocrx_word' id='word_1_729' title='bbox 928 4914 941 4951; x_wconf 90' lang='lat'>:</span> <span class='ocrx_word' id='word_1_730' title='bbox 973 4895 1066 4952; x_wconf 85' lang='lat' dir='ltr'>sed</span> <span class='ocrx_word' id='word_1_731' title='bbox 1093 4897 1348 4966; x_wconf 87' lang='lat' dir='ltr'>spiritate</span> <span class='ocrx_word' id='word_1_732' title='bbox 1372 4892 1654 4962; x_wconf 67' lang='lat' dir='ltr'>quoddam</span> <span class='ocrx_word' id='word_1_733' title='bbox 1676 4893 1882 4948; x_wconf 86' lang='lat' dir='ltr'>donum</span> <span class='ocrx_word' id='word_1_734' title='bbox 1905 4893 2058 4948; x_wconf 86' lang='lat' dir='ltr'>illius</span> 
     </span>
    </p>
   </div>
   <div class='ocr_carea' id='block_1_96' title="bbox 402 4980 2059 5066">
    <p class='ocr_par' dir='ltr' id='par_1_96' title="bbox 402 4980 2059 5066">
     <span class='ocr_line' id='line_1_96' title="bbox 402 4980 2059 5066; baseline -0.008 -17"><span class='ocrx_word' id='word_1_735' title='bbox 402 4995 506 5066; x_wconf 87' lang='lat' dir='ltr'>qui</span> <span class='ocrx_word' id='word_1_736' title='bbox 534 4990 694 5062; x_wconf 88' lang='lat' dir='ltr'>digni</span> <span class='ocrx_word' id='word_1_737' title='bbox 723 4994 866 5058; x_wconf 88' lang='lat' dir='ltr'>sunt,</span> <span class='ocrx_word' id='word_1_738' title='bbox 897 4987 1275 5057; x_wconf 86' lang='lat' dir='ltr'>supervenire.</span> <span class='ocrx_word' id='word_1_739' title='bbox 1306 4983 1632 5037; x_wconf 89' lang='lat' dir='ltr'>Adversum</span> <span class='ocrx_word' id='word_1_740' title='bbox 1674 4980 1795 5036; x_wconf 69' lang='lat' dir='ltr'>haec</span> <span class='ocrx_word' id='word_1_741' title='bbox 1851 4980 2059 5052; x_wconf 90' lang='lat' dir='ltr'>dispu-</span> 
     </span>
    </p>
   </div>
   <div class='ocr_carea' id='block_1_97' title="bbox 403 5069 2062 5150">
    <p class='ocr_par' dir='ltr' id='par_1_97' title="bbox 403 5069 2062 5150">
     <span class='ocr_line' id='line_1_97' title="bbox 403 5069 2062 5150; baseline -0.008 -12"><span class='ocrx_word' id='word_1_742' title='bbox 403 5081 548 5138; x_wconf 83' lang='lat' dir='ltr'>tavit</span> <span class='ocrx_word' id='word_1_743' title='bbox 578 5077 819 5150; x_wconf 91' lang='lat' dir='ltr'>quidem</span> <span class='ocrx_word' id='word_1_744' title='bbox 852 5079 1055 5146; x_wconf 89' lang='lat' dir='ltr'>postea</span> <span class='ocrx_word' id='word_1_745' title='bbox 1083 5072 1396 5144; x_wconf 89' lang='lat' dir='ltr'>Gregorius</span> <span class='ocrx_word' id='word_1_746' title='bbox 1427 5069 1725 5126; x_wconf 88' lang='lat' dir='ltr'>Palamas:</span> <span class='ocrx_word' id='word_1_747' title='bbox 1761 5071 1860 5126; x_wconf 91' lang='lat' dir='ltr'>sed</span> <span class='ocrx_word' id='word_1_748' title='bbox 1905 5070 2062 5126; x_wconf 93' lang='lat' dir='ltr'>hunc</span> 
     </span>
    </p>
   </div>
   <div class='ocr_carea' id='block_1_98' title="bbox 404 5158 2062 5232">
    <p class='ocr_par' dir='ltr' id='par_1_98' title="bbox 404 5158 2062 5232">
     <span class='ocr_line' id='line_1_98' title="bbox 404 5158 2062 5232; baseline -0.007 -6"><span class='ocrx_word' id='word_1_749' title='bbox 404 5167 682 5228; x_wconf 86' lang='lat' dir='ltr'>Bessario</span> <span class='ocrx_word' id='word_1_750' title='bbox 715 5165 830 5220; x_wconf 88' lang='lat' dir='ltr'>late</span> <span class='ocrx_word' id='word_1_751' title='bbox 860 5161 1133 5219; x_wconf 85' lang='lat' dir='ltr'>refutavit</span> <span class='ocrx_word' id='word_1_752' title='bbox 1188 5162 1244 5214; x_wconf 91' lang='lat' dir='ltr'>in</span> <span class='ocrx_word' id='word_1_753' title='bbox 1296 5161 1519 5232; x_wconf 82' lang='lat' dir='ltr'>synodo</span> <span class='ocrx_word' id='word_1_754' title='bbox 1562 5158 1894 5215; x_wconf 86' lang='lat' dir='ltr'>Florentina</span> <span class='ocrx_word' id='word_1_755' title='bbox 1940 5177 2062 5216; x_wconf 90' lang='lat' dir='ltr'>ses-</span> 
     </span>
    </p>
   </div>
   <div class='ocr_carea' id='block_1_99' title="bbox 407 5247 2064 5325">
    <p class='ocr_par' dir='ltr' id='par_1_99' title="bbox 407 5247 2064 5325">
     <span class='ocr_line' id='line_1_99' title="bbox 407 5247 2064 5325; baseline -0.008 -9"><span class='ocrx_word' id='word_1_756' title='bbox 407 5260 618 5316; x_wconf 88' lang='lat' dir='ltr'>sionne</span> <span class='ocrx_word' id='word_1_757' title='bbox 649 5255 742 5325; x_wconf 85' lang='lat'>23,</span> <span class='ocrx_word' id='word_1_758' title='bbox 776 5252 972 5324; x_wconf 86' lang='lat' dir='ltr'>capite</span> <span class='ocrx_word' id='word_1_759' title='bbox 1001 5253 1053 5306; x_wconf 88' lang='lat'>8.</span> <span class='ocrx_word' id='word_1_760' title='bbox 1087 5251 1298 5317; x_wconf 91' lang='lat' dir='ltr'>Pauca,</span> <span class='ocrx_word' id='word_1_761' title='bbox 1339 5265 1525 5319; x_wconf 87' lang='lat' dir='ltr'>eaque</span> <span class='ocrx_word' id='word_1_762' title='bbox 1565 5247 1798 5321; x_wconf 90' lang='lat' dir='ltr'>egregia</span> <span class='ocrx_word' id='word_1_763' title='bbox 1847 5266 1913 5303; x_wconf 91' lang='lat' dir='ltr'>ac</span> <span class='ocrx_word' id='word_1_764' title='bbox 1971 5249 2064 5304; x_wconf 87' lang='lat' dir='ltr'>di-</span> 
     </span>
    </p>
   </div>
   <div class='ocr_carea' id='block_1_100' title="bbox 407 5337 2066 5412">
    <p class='ocr_par' dir='ltr' id='par_1_100' title="bbox 407 5337 2066 5412">
     <span class='ocr_line' id='line_1_100' title="bbox 407 5337 2066 5412; baseline -0.005 -9"><span class='ocrx_word' id='word_1_765' title='bbox 407 5345 761 5408; x_wconf 88' lang='lat' dir='ltr'>sertissima,</span> <span class='ocrx_word' id='word_1_766' title='bbox 794 5343 1062 5412; x_wconf 84' lang='lat' dir='ltr'>decerpe.</span> <span class='ocrx_word' id='word_1_767' title='bbox 1103 5361 1130 5389; x_wconf 85' lang='lat'><strong>«</strong></span> <span class='ocrx_word' id='word_1_768' title='bbox 1179 5340 1326 5405; x_wconf 88' lang='lat' dir='ltr'>Quid</span> <span class='ocrx_word' id='word_1_769' title='bbox 1359 5344 1420 5394; x_wconf 92' lang='lat' dir='ltr'>tu</span> <span class='ocrx_word' id='word_1_770' title='bbox 1476 5343 1699 5394; x_wconf 90' lang='lat' dir='ltr'>tantem</span> <span class='ocrx_word' id='word_1_771' title='bbox 1760 5337 2066 5410; x_wconf 85' lang='lat' dir='ltr'>intelligis,</span> 
     </span>
    </p>
   </div>
   <div class='ocr_carea' id='block_1_101' title="bbox 409 5428 2066 5500">
    <p class='ocr_par' dir='ltr' id='par_1_101' title="bbox 409 5428 2066 5500">
     <span class='ocr_line' id='line_1_101' title="bbox 409 5428 2066 5500; baseline -0.007 -8"><span class='ocrx_word' id='word_1_772' title='bbox 409 5451 545 5492; x_wconf 91' lang='lat' dir='ltr'>cum</span> <span class='ocrx_word' id='word_1_773' title='bbox 600 5431 793 5489; x_wconf 87' lang='lat' dir='ltr'>audis.</span> <span class='ocrx_word' id='word_1_774' title='bbox 834 5447 868 5485; x_wconf 89' lang='lat' dir='ltr'>a</span> <span class='ocrx_word' id='word_1_775' title='bbox 911 5431 1050 5484; x_wconf 77' lang='lat' dir='ltr'>Filio</span> <span class='ocrx_word' id='word_1_776' title='bbox 1098 5428 1373 5500; x_wconf 77' lang='lat' dir='ltr'>Spiritum</span> <span class='ocrx_word' id='word_1_777' title='bbox 1428 5428 1625 5483; x_wconf 82' lang='lat' dir='ltr'>mitti?</span> <span class='ocrx_word' id='word_1_778' title='bbox 1684 5428 2066 5500; x_wconf 90' lang='lat' dir='ltr'>Perspicuum</span> 
     </span>
    </p>
   </div>
   <div class='ocr_carea' id='block_1_102' title="bbox 409 5516 2067 5590">
    <p class='ocr_par' dir='ltr' id='par_1_102' title="bbox 409 5516 2067 5590">
     <span class='ocr_line' id='line_1_102' title="bbox 409 5516 2067 5590; baseline -0.005 -8"><span class='ocrx_word' id='word_1_779' title='bbox 409 5529 502 5582; x_wconf 88' lang='lat' dir='ltr'>est</span> <span class='ocrx_word' id='word_1_780' title='bbox 527 5523 709 5589; x_wconf 90' lang='lat' dir='ltr'>enim,</span> <span class='ocrx_word' id='word_1_781' title='bbox 744 5525 800 5576; x_wconf 90' lang='lat' dir='ltr'>te</span> <span class='ocrx_word' id='word_1_782' title='bbox 832 5519 919 5576; x_wconf 90' lang='lat' dir='ltr'>vel</span> <span class='ocrx_word' id='word_1_783' title='bbox 944 5517 1196 5574; x_wconf 90' lang='lat' dir='ltr'>invitum</span> <span class='ocrx_word' id='word_1_784' title='bbox 1211 5533 1508 5590; x_wconf 83' lang='lat' dir='ltr'>personam</span> <span class='ocrx_word' id='word_1_785' title='bbox 1531 5518 1687 5573; x_wconf 90' lang='lat' dir='ltr'>illius</span> <span class='ocrx_word' id='word_1_786' title='bbox 1709 5516 2067 5589; x_wconf 87' lang='lat' dir='ltr'>intelligere:</span> 
     </span>
    </p>
   </div>
   <div class='ocr_carea' id='block_1_103' title="bbox 412 5605 2069 5686">
    <p class='ocr_par' dir='ltr' id='par_1_103' title="bbox 412 5605 2069 5686">
     <span class='ocr_line' id='line_1_103' title="bbox 412 5605 2069 5686; baseline -0.005 -15"><span class='ocrx_word' id='word_1_787' title='bbox 412 5629 604 5686; x_wconf 87' lang='lat' dir='ltr'>neque</span> <span class='ocrx_word' id='word_1_788' title='bbox 634 5611 789 5668; x_wconf 90' lang='lat' dir='ltr'>enim</span> <span class='ocrx_word' id='word_1_789' title='bbox 820 5625 934 5665; x_wconf 90' lang='lat' dir='ltr'>non</span> <span class='ocrx_word' id='word_1_790' title='bbox 963 5608 1266 5663; x_wconf 84' lang='lat' dir='ltr'>subsistens</span> <span class='ocrx_word' id='word_1_791' title='bbox 1295 5608 1486 5680; x_wconf 89' lang='lat' dir='ltr'>gratia</span> <span class='ocrx_word' id='word_1_792' title='bbox 1519 5605 1774 5662; x_wconf 90' lang='lat' dir='ltr'>mittitur</span> <span class='ocrx_word' id='word_1_793' title='bbox 1798 5647 1810 5661; x_wconf 94' lang='lat'>.</span> <span class='ocrx_word' id='word_1_794' title='bbox 1856 5647 1869 5661; x_wconf 96' lang='lat'>.</span> <span class='ocrx_word' id='word_1_795' title='bbox 1915 5646 1929 5674; x_wconf 91' lang='lat'>,</span> <span class='ocrx_word' id='word_1_796' title='bbox 1961 5606 2069 5662; x_wconf 88' lang='lat' dir='ltr'>Sed</span> 
     </span>
    </p>
   </div>
   <div class='ocr_carea' id='block_1_104' title="bbox 2167 4703 3821 4778">
    <p class='ocr_par' dir='ltr' id='par_1_104' title="bbox 2167 4703 3821 4778">
     <span class='ocr_line' id='line_1_104' title="bbox 2167 4703 3821 4778; baseline -0.011 -2"><span class='ocrx_word' id='word_1_797' title='bbox 2167 4711 2552 4778; x_wconf 81' lang='lat' dir='ltr'>sanctiﬁcavit</span> <span class='ocrx_word' id='word_1_798' title='bbox 2575 4723 2687 4778; x_wconf 90' lang='lat' dir='ltr'>me,</span> <span class='ocrx_word' id='word_1_799' title='bbox 2722 4706 2819 4778; x_wconf 89' lang='lat' dir='ltr'>qui</span> <span class='ocrx_word' id='word_1_800' title='bbox 2853 4704 3018 4760; x_wconf 85' lang='lat' dir='ltr'>duxit</span> <span class='ocrx_word' id='word_1_801' title='bbox 3043 4703 3215 4759; x_wconf 90' lang='lat' dir='ltr'>mein</span> <span class='ocrx_word' id='word_1_802' title='bbox 3246 4704 3564 4774; x_wconf 90' lang='lat' dir='ltr'>desertum,</span> <span class='ocrx_word' id='word_1_803' title='bbox 3598 4705 3697 4776; x_wconf 92' lang='lat' dir='ltr'>qui</span> <span class='ocrx_word' id='word_1_804' title='bbox 3730 4723 3821 4762; x_wconf 89' lang='lat' dir='ltr'>re-</span> 
     </span>
    </p>
   </div>
   <div class='ocr_carea' id='block_1_105' title="bbox 2174 4794 3821 4866">
    <p class='ocr_par' dir='ltr' id='par_1_105' title="bbox 2174 4794 3821 4866">
     <span class='ocr_line' id='line_1_105' title="bbox 2174 4794 3821 4866; baseline -0.01 -1"><span class='ocrx_word' id='word_1_805' title='bbox 2174 4807 2340 4866; x_wconf 86' lang='lat' dir='ltr'>duxit</span> <span class='ocrx_word' id='word_1_806' title='bbox 2371 4819 2462 4857; x_wconf 88' lang='lat' dir='ltr'>me</span> <span class='ocrx_word' id='word_1_807' title='bbox 2517 4799 2796 4854; x_wconf 90' lang='lat' dir='ltr'>victorem</span> <span class='ocrx_word' id='word_1_808' title='bbox 2831 4836 2844 4848; x_wconf 95' lang='lat'>.</span> <span class='ocrx_word' id='word_1_809' title='bbox 2877 4836 2890 4849; x_wconf 95' lang='lat'>.</span> <span class='ocrx_word' id='word_1_810' title='bbox 2928 4835 2940 4848; x_wconf 94' lang='lat'>.</span> <span class='ocrx_word' id='word_1_811' title='bbox 2975 4795 3050 4848; x_wconf 89' lang='lat' dir='ltr'>De</span> <span class='ocrx_word' id='word_1_812' title='bbox 3087 4809 3206 4847; x_wconf 90' lang='lat' dir='ltr'>meo</span> <span class='ocrx_word' id='word_1_813' title='bbox 3233 4794 3486 4864; x_wconf 87' lang='lat' dir='ltr'>accipiet,</span> <span class='ocrx_word' id='word_1_814' title='bbox 3519 4801 3571 4848; x_wconf 91' lang='lat' dir='ltr'>et</span> <span class='ocrx_word' id='word_1_815' title='bbox 3596 4811 3821 4850; x_wconf 87' lang='lat' dir='ltr'>annun-</span> 
     </span>
    </p>
   </div>
   <div class='ocr_carea' id='block_1_106' title="bbox 2169 4881 3826 4958">
    <p class='ocr_par' dir='ltr' id='par_1_106' title="bbox 2169 4881 3826 4958">
     <span class='ocr_line' id='line_1_106' title="bbox 2169 4881 3826 4958; baseline -0.008 -4"><span class='ocrx_word' id='word_1_816' title='bbox 2169 4897 2331 4958; x_wconf 88' lang='lat' dir='ltr'>tiabit</span> <span class='ocrx_word' id='word_1_817' title='bbox 2356 4892 2523 4948; x_wconf 87' lang='lat' dir='ltr'>vobis.</span> <span class='ocrx_word' id='word_1_818' title='bbox 2559 4887 2634 4942; x_wconf 90' lang='lat' dir='ltr'>Ut</span> <span class='ocrx_word' id='word_1_819' title='bbox 2690 4884 2979 4949; x_wconf 90' lang='lat' dir='ltr'>ostendat,</span> <span class='ocrx_word' id='word_1_820' title='bbox 3014 4882 3168 4953; x_wconf 91' lang='lat' dir='ltr'>quod</span> <span class='ocrx_word' id='word_1_821' title='bbox 3205 4899 3319 4937; x_wconf 90' lang='lat' dir='ltr'>non</span> <span class='ocrx_word' id='word_1_822' title='bbox 3355 4881 3540 4938; x_wconf 88' lang='lat' dir='ltr'>sancti</span> <span class='ocrx_word' id='word_1_823' title='bbox 3571 4882 3826 4954; x_wconf 86' lang='lat' dir='ltr'>Spiritus</span> 
     </span>
    </p>
   </div>
   <div class='ocr_carea' id='block_1_107' title="bbox 2171 4971 3824 5045">
    <p class='ocr_par' dir='ltr' id='par_1_107' title="bbox 2171 4971 3824 5045">
     <span class='ocr_line' id='line_1_107' title="bbox 2171 4971 3824 5045; baseline -0.008 -2"><span class='ocrx_word' id='word_1_824' title='bbox 2171 4983 2532 5044; x_wconf 89' lang='lat' dir='ltr'>mentionem</span> <span class='ocrx_word' id='word_1_825' title='bbox 2563 4974 2782 5039; x_wconf 88' lang='lat' dir='ltr'>fecerit,</span> <span class='ocrx_word' id='word_1_826' title='bbox 2813 4973 2913 5027; x_wconf 91' lang='lat' dir='ltr'>sed</span> <span class='ocrx_word' id='word_1_827' title='bbox 2948 4971 3238 5026; x_wconf 89' lang='lat' dir='ltr'>donorum</span> <span class='ocrx_word' id='word_1_828' title='bbox 3271 4971 3435 5042; x_wconf 82' lang='lat' dir='ltr'>ejus;</span> <span class='ocrx_word' id='word_1_829' title='bbox 3508 4977 3824 5045; x_wconf 87' lang='lat' dir='ltr'>postquam</span> 
     </span>
    </p>
   </div>
   <div class='ocr_carea' id='block_1_108' title="bbox 2174 5059 3828 5134">
    <p class='ocr_par' dir='ltr' id='par_1_108' title="bbox 2174 5059 3828 5134">
     <span class='ocr_line' id='line_1_108' title="bbox 2174 5059 3828 5134; baseline -0.008 -2"><span class='ocrx_word' id='word_1_830' title='bbox 2174 5075 2350 5132; x_wconf 85' lang='lat' dir='ltr'>dixit:</span> <span class='ocrx_word' id='word_1_831' title='bbox 2387 5071 2455 5125; x_wconf 86' lang='lat' dir='ltr'>De</span> <span class='ocrx_word' id='word_1_832' title='bbox 2488 5081 2603 5122; x_wconf 86' lang='lat' dir='ltr'>meo</span> <span class='ocrx_word' id='word_1_833' title='bbox 2633 5063 2885 5132; x_wconf 80' lang='lat' dir='ltr'>accipiet.</span> <span class='ocrx_word' id='word_1_834' title='bbox 2938 5059 3178 5130; x_wconf 84' lang='lat' dir='ltr'>adjicit:</span> <span class='ocrx_word' id='word_1_835' title='bbox 3243 5059 3441 5116; x_wconf 88' lang='lat' dir='ltr'>Omnia</span> <span class='ocrx_word' id='word_1_836' title='bbox 3489 5075 3828 5134; x_wconf 67' lang='lat' dir='ltr'>quaecunque</span> 
     </span>
    </p>
   </div>
   <div class='ocr_carea' id='block_1_109' title="bbox 2173 5149 3826 5227">
    <p class='ocr_par' dir='ltr' id='par_1_109' title="bbox 2173 5149 3826 5227">
     <span class='ocr_line' id='line_1_109' title="bbox 2173 5149 3826 5227; baseline -0.009 -6"><span class='ocrx_word' id='word_1_837' title='bbox 2173 5164 2332 5220; x_wconf 85' lang='lat' dir='ltr'>habet</span> <span class='ocrx_word' id='word_1_838' title='bbox 2363 5161 2701 5227; x_wconf 89' lang='lat' dir='ltr'>Pater,mea,</span> <span class='ocrx_word' id='word_1_839' title='bbox 2733 5153 2859 5206; x_wconf 86' lang='lat' dir='ltr'>sunt</span> <span class='ocrx_word' id='word_1_840' title='bbox 2885 5168 2897 5218; x_wconf 91' lang='lat'>;</span> <span class='ocrx_word' id='word_1_841' title='bbox 2932 5149 3124 5220; x_wconf 89' lang='lat' dir='ltr'>accepi</span> <span class='ocrx_word' id='word_1_842' title='bbox 3157 5166 3225 5204; x_wconf 90' lang='lat' dir='ltr'>ea</span> <span class='ocrx_word' id='word_1_843' title='bbox 3255 5149 3324 5204; x_wconf 83' lang='lat' dir='ltr'>de</span> <span class='ocrx_word' id='word_1_844' title='bbox 3356 5149 3576 5221; x_wconf 87' lang='lat' dir='ltr'>Spiritu</span> <span class='ocrx_word' id='word_1_845' title='bbox 3601 5159 3826 5208; x_wconf 91' lang='lat' dir='ltr'>sancto.</span> 
     </span>
    </p>
   </div>
   <div class='ocr_carea' id='block_1_110' title="bbox 2176 5238 3830 5321">
    <p class='ocr_par' dir='ltr' id='par_1_110' title="bbox 2176 5238 3830 5321">
     <span class='ocr_line' id='line_1_110' title="bbox 2176 5238 3830 5321; baseline -0.007 -13"><span class='ocrx_word' id='word_1_846' title='bbox 2176 5253 2488 5321; x_wconf 90' lang='lat' dir='ltr'>Propterea</span> <span class='ocrx_word' id='word_1_847' title='bbox 2519 5242 2661 5309; x_wconf 86' lang='lat' dir='ltr'>dixi,</span> <span class='ocrx_word' id='word_1_848' title='bbox 2709 5241 2784 5295; x_wconf 92' lang='lat' dir='ltr'>De</span> <span class='ocrx_word' id='word_1_849' title='bbox 2840 5255 2959 5294; x_wconf 84' lang='lat' dir='ltr'>meo</span> <span class='ocrx_word' id='word_1_850' title='bbox 3013 5239 3284 5309; x_wconf 84' lang='lat' dir='ltr'>accipiet:</span> <span class='ocrx_word' id='word_1_851' title='bbox 3348 5238 3626 5310; x_wconf 90' lang='lat' dir='ltr'>quoniam</span> <span class='ocrx_word' id='word_1_852' title='bbox 3675 5240 3830 5298; x_wconf 88' lang='lat' dir='ltr'>Deus</span> 
     </span>
    </p>
   </div>
   <div class='ocr_carea' id='block_1_111' title="bbox 2177 5327 3832 5400">
    <p class='ocr_par' dir='ltr' id='par_1_111' title="bbox 2177 5327 3832 5400">
     <span class='ocr_line' id='line_1_111' title="bbox 2177 5327 3832 5400; baseline -0.007 -2"><span class='ocrx_word' id='word_1_853' title='bbox 2177 5354 2413 5398; x_wconf 90' lang='lat' dir='ltr'>carnem</span> <span class='ocrx_word' id='word_1_854' title='bbox 2446 5329 2832 5390; x_wconf 79' lang='lat' dir='ltr'>sanctiﬁcavit</span> <span class='ocrx_word' id='word_1_855' title='bbox 2862 5328 3085 5400; x_wconf 89' lang='lat' dir='ltr'>Spiritu</span> <span class='ocrx_word' id='word_1_856' title='bbox 3117 5332 3417 5398; x_wconf 89' lang='lat' dir='ltr'>sancto,et</span> <span class='ocrx_word' id='word_1_857' title='bbox 3438 5327 3636 5382; x_wconf 88' lang='lat' dir='ltr'>emisit</span> <span class='ocrx_word' id='word_1_858' title='bbox 3667 5329 3832 5386; x_wconf 87' lang='lat' dir='ltr'>Pater</span> 
     </span>
    </p>
   </div>
   <div class='ocr_carea' id='block_1_112' title="bbox 2178 5416 3831 5496">
    <p class='ocr_par' dir='ltr' id='par_1_112' title="bbox 2178 5416 3831 5496">
     <span class='ocr_line' id='line_1_112' title="bbox 2178 5416 3831 5496; baseline -0.005 -10"><span class='ocrx_word' id='word_1_859' title='bbox 2178 5432 2400 5486; x_wconf 92' lang='lat' dir='ltr'>donum</span> <span class='ocrx_word' id='word_1_860' title='bbox 2432 5422 2686 5496; x_wconf 89' lang='lat' dir='ltr'>Spiritus</span> <span class='ocrx_word' id='word_1_861' title='bbox 2714 5419 2772 5474; x_wconf 92' lang='lat' dir='ltr'>in</span> <span class='ocrx_word' id='word_1_862' title='bbox 2825 5435 3059 5474; x_wconf 87' lang='lat' dir='ltr'>carnem</span> <span class='ocrx_word' id='word_1_863' title='bbox 3116 5417 3350 5474; x_wconf 88' lang='lat' dir='ltr'>Christi.</span> <span class='ocrx_word' id='word_1_864' title='bbox 3412 5416 3578 5473; x_wconf 83' lang='lat' dir='ltr'>Venit</span> <span class='ocrx_word' id='word_1_865' title='bbox 3634 5424 3831 5478; x_wconf 88' lang='lat' dir='ltr'>autem</span> 
     </span>
    </p>
   </div>
   <div class='ocr_carea' id='block_1_113' title="bbox 2181 5507 3831 5593">
    <p class='ocr_par' dir='ltr' id='par_1_113' title="bbox 2181 5507 3831 5593">
     <span class='ocr_line' id='line_1_113' title="bbox 2181 5507 3831 5593; baseline -0.012 -17"><span class='ocrx_word' id='word_1_866' title='bbox 2181 5517 2387 5593; x_wconf 86' lang='lat' dir='ltr'>gratia,</span> <span class='ocrx_word' id='word_1_867' title='bbox 2418 5519 2475 5571; x_wconf 88' lang='lat' dir='ltr'>et</span> <span class='ocrx_word' id='word_1_868' title='bbox 2526 5509 2723 5568; x_wconf 80' lang='lat' dir='ltr'>omnia</span> <span class='ocrx_word' id='word_1_869' title='bbox 2751 5509 2905 5565; x_wconf 89' lang='lat' dir='ltr'>dona</span> <span class='ocrx_word' id='word_1_870' title='bbox 2939 5507 3153 5562; x_wconf 91' lang='lat' dir='ltr'>indidit</span> <span class='ocrx_word' id='word_1_871' title='bbox 3205 5507 3456 5565; x_wconf 87' lang='lat' dir='ltr'>Christo.</span> <span class='ocrx_word' id='word_1_872' title='bbox 3505 5533 3534 5562; x_wconf 87' lang='lat'><strong>«</strong></span> <span class='ocrx_word' id='word_1_873' title='bbox 3567 5510 3658 5562; x_wconf 85' lang='lat' dir='ltr'>En</span> <span class='ocrx_word' id='word_1_874' title='bbox 3704 5525 3831 5566; x_wconf 78' lang='lat' dir='ltr'>vero</span> 
     </span>
    </p>
   </div>
   <div class='ocr_carea' id='block_1_114' title="bbox 2182 5597 3831 5681">
    <p class='ocr_par' dir='ltr' id='par_1_114' title="bbox 2182 5597 3831 5681">
     <span class='ocr_line' id='line_1_114' title="bbox 2182 5597 3831 5681; baseline -0.008 -17"><span class='ocrx_word' id='word_1_875' title='bbox 2182 5604 2481 5681; x_wconf 87' lang='lat' dir='ltr'>(inquiunt</span> <span class='ocrx_word' id='word_1_876' title='bbox 2539 5598 2764 5672; x_wconf 70' lang='lat' dir='ltr'>Graeci).</span> <span class='ocrx_word' id='word_1_877' title='bbox 2840 5597 3205 5668; x_wconf 80' lang='lat' dir='ltr'>Chrysostomi</span> <span class='ocrx_word' id='word_1_878' title='bbox 3277 5602 3579 5664; x_wconf 73' lang='lat' dir='ltr'>auctoritas</span> <span class='ocrx_word' id='word_1_879' title='bbox 3636 5609 3831 5667; x_wconf 79' lang='lat' dir='ltr'>aperte</span> 
     </span>
    </p>
   </div>
   <div class='ocr_carea' id='block_1_115' title="bbox 411 5688 3830 5782">
    <p class='ocr_par' dir='ltr' id='par_1_115' title="bbox 411 5688 3830 5782">
     <span class='ocr_line' id='line_1_115' title="bbox 411 5688 3830 5782; baseline -0.004 -18"><span class='ocrx_word' id='word_1_880' title='bbox 411 5704 525 5764; x_wconf 86' lang='lat' dir='ltr'>hoc</span> <span class='ocrx_word' id='word_1_881' title='bbox 578 5701 799 5782; x_wconf 86' lang='lat' dir='ltr'>ipsum,</span> <span class='ocrx_word' id='word_1_882' title='bbox 861 5697 1005 5776; x_wconf 88' lang='lat' dir='ltr'>quod</span> <span class='ocrx_word' id='word_1_883' title='bbox 1065 5697 1325 5770; x_wconf 86' lang='lat' dir='ltr'>mittitur,</span> <span class='ocrx_word' id='word_1_884' title='bbox 1388 5695 1587 5754; x_wconf 87' lang='lat' dir='ltr'>divina</span> <span class='ocrx_word' id='word_1_885' title='bbox 1641 5697 1852 5754; x_wconf 83' lang='lat' dir='ltr'>natura</span> <span class='ocrx_word' id='word_1_886' title='bbox 1881 5698 1989 5770; x_wconf 81' lang='lat' dir='ltr'>est,</span> <span class='ocrx_word' id='word_1_887' title='bbox 2018 5700 2075 5756; x_wconf 86' lang='lat' dir='ltr'>et</span> <span class='ocrx_word' id='word_1_888' title='bbox 2181 5695 2597 5764; x_wconf 82' lang='lat' dir='ltr'>commonstrat,</span> <span class='ocrx_word' id='word_1_889' title='bbox 2636 5691 2939 5748; x_wconf 85' lang='lat' dir='ltr'>secundum</span> <span class='ocrx_word' id='word_1_890' title='bbox 2986 5688 3392 5748; x_wconf 81' lang='lat' dir='ltr'>humanitatem</span> <span class='ocrx_word' id='word_1_891' title='bbox 3440 5691 3668 5752; x_wconf 82' lang='lat' dir='ltr'>Domini</span> <span class='ocrx_word' id='word_1_892' title='bbox 3695 5688 3830 5772; x_wconf 75' lang='lat' dir='ltr'>dici,</span> 
     </span>
    </p>
   </div>
  </div>
