4090 6454
303 412 379 472 99
1343 408 1662 471 GEORGII
1706 409 1973 470 CYPRIl
2017 410 2136 470 CP.
2183 410 2718 471 PATRIARCH/E

3602 406 3719 467 100

299 560 372 599 ea:
398 545 512 615 ipso
531 542 774 614 accipere
803 540 1072 612 Spiritum
1095 543 1362 610 sanctum,
1393 543 1550 612 quasi
1580 541 1770 596 divina
1799 542 1958 597 illius
1985 544 2040 610 Α
2073 558 2324 613 quorum
2385 541 2559 597 homo
2593 541 2931 598 Dominicus
2961 541 3131 596 Jesus
3164 539 3432 595 Christus
3460 540 3716 612 repletus

299 649 425 688 caro
466 631 909 702 conceptaculum
962 629 1201 700 Spiritus
1243 632 1453 700 factum
1518 639 1674 697 esset,
1733 640 1950 704 propter

297 721 626 793 spiritualia
664 719 844 774 dona:
902 719 1140 790 adeoque
1216 721 1396 774 sancti
1450 719 1693 790 Spiritus
1750 736 1951 775 nomen

297 826 409 865 non
438 809 509 864 ad
539 807 893 864 indicandam
917 807 1154 878 Spiritus
1209 809 1394 863 sancti
1439 816 1728 875 naturam,
1757 809 1850 863 sed
1881 808 1950 863 ad

299 898 601 954 indicanda
679 897 1000 968 spiritualia
1051 896 1194 950 dona
1253 899 1451 967 accipi,
1511 898 1571 951 in
1631 913 1952 969 quocunque

295 988 710 1059 Scripturarnm
765 988 880 1042 loco
935 987 1251 1040 inveniatur
1284 985 1520 1056 Spiritus
1548 1003 1835 1055 emanans,
1868 989 1948 1056 ef-

294 1077 489 1145 ﬂuens,
521 1079 570 1130 et
597 1076 892 1147 prosiliens
919 1090 989 1130 ex
1015 1074 1176 1129 Filio.

372 1167 526 1220 Inter
554 1181 729 1236 opera
760 1163 964 1236 spuria
1002 1162 1304 1218 homiliam
1354 1163 1503 1218 hanc
1562 1163 1948 1235 ablegandam

289 1255 504 1327 jubent
533 1254 742 1308 Fronto
777 1259 1038 1322 Duceeus,
1077 1250 1350 1318 Savilius,
1410 1252 1697 1318 Petavius,
1759 1253 1948 1308 Mont-

294 1343 640 1399 fauconius:
691 1343 821 1414 ejus
878 1341 1033 1397 enim
1089 1346 1290 1396 auctor
1348 1344 1484 1396 totus
1537 1345 1800 1411 strigosus
1845 1346 1946 1407 est,

293 1441 608 1502 coarctoque
635 1430 859 1485 dicendi
885 1446 1077 1500 genere
1107 1432 1323 1498 utitur;
1359 1439 1418 1484 ut
1456 1431 1646 1485 nullus
1701 1448 1948 1502 unquam

293 1524 440 1578 visus
495 1524 568 1576 sit
622 1519 947 1590 Chrystomo
1001 1520 1336 1575 absimitior.
1404 1519 1739 1575 Genuinum
1763 1521 1947 1575 fetum

295 1610 522 1684 putavit
548 1608 789 1665 Photius
837 1607 897 1663 in
949 1607 1282 1664 Bibliotheca
1330 1608 1530 1664 codice
1573 1610 1698 1676 277,
1761 1626 1948 1681 neque

294 1700 541 1756 dubium
575 1699 753 1754 movit
783 1698 1000 1754 Beccus
1033 1697 1220 1769 capite
1248 1699 1336 1764 11,
1395 1699 1466 1753 de
1497 1697 1718 1769 Spiritu
1749 1703 1947 1754 sancto

293 1790 448 1861 apud
498 1787 776 1844 Allatium
835 1787 895 1842 in
946 1786 1158 1844 Graecia
1217 1787 1471 1855 orthoxa,
1524 1791 1690 1842 tomo
1719 1787 1761 1841 Ι.
1794 1788 1943 1842 Num

292 1894 429 1951 ergo
459 1879 786 1933 Graecorum
837 1881 1168 1932 commento
1228 1876 1416 1931 faveat
1472 1876 1944 1949 Chrysostomus,
1979 1913 2025 1978 Β

291 1967 386 2022 vel
413 1965 685 2038 quisquis
716 1966 844 2036 ejus
874 1964 1131 2020 homiliae
1168 1970 1370 2020 auctor
1405 1964 1540 2020 est?
1597 1966 1718 2020 Imo
1777 1965 1947 2038 plura

291 2055 507 2127 reperit
535 2056 595 2109 in
627 2071 695 2109 ea
724 2055 962 2124 Beccus,
997 2070 1124 2125 quae
1162 2054 1566 2109 adversantur.
1626 2060 1707 2108 Ac
1756 2056 1946 2126 prima

293 2144 549 2200 auctoris
570 2143 836 2200 doctrina
863 2142 1115 2198 occurrit
1136 2143 1207 2198 de
1226 2144 1402 2198 sancti
1430 2143 1668 2212 Spiritus
1697 2145 1942 2198 nomini-

291 2234 410 2301 bus,
444 2249 694 2306 quorum
733 2231 848 2286 alia
872 2232 1126 2303 Spiritus
1154 2231 1340 2287 sancti
1391 2235 1660 2286 naturam
1719 2233 1942 2305 signiti-

289 2327 446 2392 cant,
473 2327 530 2377 et
552 2321 668 2377 alia
698 2321 962 2376 indicant
991 2321 1144 2376 dona
1165 2321 1315 2390 ejus,
1349 2337 1478 2392 quae
1532 2320 1782 2392 Spiritus
1839 2339 1943 2393 ap-

291 2412 605 2483 pellantur.
642 2410 975 2465 Doctrinam
1006 2409 1157 2465 hanc
1177 2409 1348 2481 longe
1371 2408 1601 2480 lateque
1625 2414 1941 2480 pertracta-

294 2499 880 2571 tamhiscompendio
904 2498 1125 2570 colligit
1144 2500 1620 2565 verbis,num.5:
1657 2523 1682 2548 ‹‹
1728 2500 1943 2570 Repeto

294 2590 474 2662 igitur
501 2592 730 2646 nomina
761 2588 1067 2661 ineffabili:
1089 2593 1303 2642 natura
1327 2604 1340 2642 :
1374 2588 1478 2642 90
1501 2588 1783 2659 Spiritum
1815 2605 1945 2644 san-

295 2684 476 2746 ctum,
512 2679 794 2752 Spiritum
827 2677 946 2748 Dei,
979 2677 1263 2748 Spiritum
1296 2677 1394 2748 qui
1419 2692 1488 2731 ex
1517 2677 1942 2749 Deo,Spiritum

293 2769 543 2824 Domini.
577 2767 857 2840 Spiritum
892 2766 1102 2831 Patris,
1126 2765 1409 2838 Spiritum
1443 2765 1596 2833 Filii,
1654 2766 1940 2838 Spiritum

294 2858 532 2925 Christi,
557 2856 838 2929 Spiritum
860 2856 959 2927 qui
991 2855 1258 2910 excitavit
1287 2855 1606 2926 Christum,
1657 2857 1940 2928 Spiritum

292 2947 446 3015 vitae,
475 2946 761 3017 Spiritum
790 2944 1076 3000 veritatis.
1115 2944 1252 2999 Dein
1300 2944 1486 2999 dona:
1547 2944 1799 3015 Spiritus
1828 2946 1939 3001 vir-

291 3036 457 3092 tutis.
514 3034 764 3106 Spiritus
820 3033 1148 3097 charitatis,
1206 3033 1460 3104 Spiritus
1517 3035 1938 3106 temperantia,

291 3125 547 3197 Spiritus
576 3121 1005 3195 promissionis,
1036 3121 1288 3193 Spiritus
1317 3122 1760 3193 ﬁde1,Spiritus,
1791 3141 1942 3180 reve-

286 3214 548 3284 lationis,
580 3212 834 3284 Spiritus
883 3211 1218 3282 adoptionis
1272 3210 1527 3266 ﬁliorum
1591 3213 1709 3266 Dei.
1747 3234 1774 3260 »
1814 3214 1939 3268 llaec

286 3303 403 3372 ille,
437 3319 563 3374 quas
592 3300 1105 3356 accuratissimum
1141 3303 1203 3354 ut
1219 3300 1291 3353 ad
1308 3316 1550 3354 examen
1582 3301 1937 3372 redigamus,
1970 3284 2012 3350 C

285 3392 451 3448 locus
477 3408 590 3446 non
622 3394 728 3445 est.
751 3389 1022 3444 Jamvero
1044 3388 1276 3443 ubinam
1301 3389 1530 3443 suntilti
1545 3388 1650 3459 (ait
1673 3389 1932 3461 Beccus),

286 3483 383 3552 qui
409 3479 742 3537 contendunt
765 3493 877 3532 non
906 3479 1168 3532 naturam
1195 3479 1376 3532 sancti
1404 3480 1649 3549 Spiritus
1679 3478 1941 3534 denotari

283 3570 377 3625 sed
431 3586 644 3641 semper
697 3568 1024 3639 spirituatia
1073 3566 1236 3635 dona,
1277 3569 1337 3622 in
1385 3583 1706 3638 quacunque
1761 3584 1938 3625 sacrae

284 3660 588 3730 Scriptura?
611 3661 770 3729 parte
797 3659 1100 3726 reperitur,
1161 3656 1435 3728 Spiritum
1489 3663 1738 3710 sanctum
1795 3674 1933 3725 esse,

282 3764 564 3813 emanare,
595 3752 649 3803 et
678 3746 887 3818 effundi
916 3761 987 3800 ex
1015 3747 1177 3800 Filio.
1240 3745 1425 3800 Dubio
1481 3745 1683 3817 procul
1739 3763 1936 3802 nomen

282 3835 588 3909 ineﬂabitis
614 3839 834 3892 naturae
866 3839 1112 3906 usurpat
1144 3833 1562 3904 Christus,sive
1595 3851 1729 3890 cum
1752 3836 1932 3904 dicit;

284 3927 420 3982 Cum
448 3927 656 3981 venerit
694 3927 790 3980 itte
819 3924 1063 3994 Spiritus
1115 3925 1384 3978 veritatis.
1418 3965 1430 3978 .
1470 3964 1482 3976 .
1544 3925 1640 3979 ille
1697 3941 1782 3980 me
1827 3926 1936 3980 cta-

279 4015 519 4085 riﬁeabit
546 4016 643 4087 qui
661 4014 726 4069 de
753 4029 871 4068 meo
911 4014 1168 4083 accipiet,
1219 4020 1269 4067 et
1315 4013 1683 4068 annuntiabit
1713 4016 1930 4070 vobis...

280 4105 340 4160 Si
395 4121 507 4161 non
557 4104 762 4170 abiero,
825 4104 1166 4169 Paractetus,
1222 4117 1333 4156 non
1389 4103 1568 4156 veniet
1615 4102 1685 4157 ad
1719 4120 1806 4158 vos
1837 4122 1855 4156 :
1885 4107 1935 4160 si

279 4203 468 4249 autem
496 4193 702 4259 abiero,
737 4193 952 4247 mittam
981 4207 1105 4246 eum
1143 4190 1215 4245 ad
1259 4207 1370 4246 vos.
1408 4233 1420 4244 .
1459 4233 1472 4245 .
1535 4192 1669 4246 Cum
1725 4195 1933 4248 venerit

278 4285 628 4350 Paractetus,
662 4298 825 4354 quem
854 4297 950 4350 ego
979 4282 1197 4335 mittam
1217 4281 1365 4335 vobis
1395 4297 1428 4335 a
1449 4282 1644 4348 Patre,
1665 4281 1935 4352 Spiritum

279 4375 548 4442 veritatis,
579 4374 678 4444 qui
706 4389 741 4426 a
788 4373 954 4426 Patre
995 4369 1243 4440 procedit
1262 4387 1283 4431 ;
1315 4371 1434 4424 sive
1447 4370 1622 4425 etiam
1647 4387 1780 4425 cum
1811 4372 1930 4426 ait:

278 4462 523 4532 Accipite
577 4461 846 4532 Spiritum
899 4467 1188 4517 sanctum:
1243 4458 1362 4512 sive
1402 4475 1535 4513 cum
1564 4459 1728 4529 paria
1769 4459 1934 4515 effert

279 4550 497 4606 Paulus
517 4549 853 4621 Apostolus.
890 4548 1141 4602 Charitas
1173 4549 1276 4603 Dei
1303 4545 1512 4620 difusa
1549 4551 1630 4603 est
1660 4549 1720 4603 in
1748 4549 1929 4604 cordi-

2059 635 2203 695 erat,
2237 647 2300 685 ac
2332 630 2402 684 de
2434 630 2648 701 quibus
2679 630 2928 702 Spiritus
2975 633 3215 684 sanctus
3260 628 3572 700 accipiens,
3630 629 3716 683 di-

2059 717 2266 772 tribuit
2349 718 2594 773 caeteris.
2667 719 2791 774 Imo
2849 719 3026 773 verba
3077 722 3418 773 sanctorum
3477 717 3716 772 Patrum

2058 806 2273 862 chorus
2303 807 2373 862 de
2405 813 2613 862 natura
2641 807 2840 862 divina
2873 805 3176 873 intellexit,
3207 823 3385 878 quam
3441 805 3652 877 accipit
3683 823 3716 861 a

2057 894 2200 951 Filio
2233 895 2488 967 Spiritus
2519 901 2780 961 sanctus,
2815 896 2927 968 ipsi
2960 901 3016 951 et
3044 895 3217 961 Patri,
3265 913 3299 950 a
3332 895 3550 966 quibus
3583 911 3714 966 pro-

2059 984 2232 1055 cedit,
2267 986 2528 1058 tequalis.
2558 985 2777 1040 Locum
2810 985 3025 1040 habeat
3063 1001 3198 1040 vero
3229 983 3486 1039 homilim
3517 989 3713 1039 aucto-

2057 1073 2553 1146 risinterpretatio
2581 1091 2737 1146 :quaa
2769 1080 2894 1129 tum
2917 1073 3106 1146 primo
3122 1071 3717 1128 minimimeexcludit

2057 1162 2308 1234 Spiritus
2340 1163 2526 1218 sancti
2577 1181 2837 1235 personae
2882 1162 3221 1218 missionem
3256 1180 3289 1216 a
3345 1161 3529 1217 Filio:
3588 1167 3713 1216 tum

2057 1252 2235 1306 etiam
2268 1252 2517 1308 missum
2548 1253 2830 1324 Spiritum
2864 1258 3133 1309 sanctum
3157 1251 3470 1322 distinguit
3490 1268 3523 1306 a
3543 1250 3714 1306 donis

2059 1357 2187 1411 qua:
2217 1341 2687 1414 suppeditantur.
2723 1347 2853 1396 Haec
2913 1346 3148 1412 praestat
3203 1341 3402 1395 omnia
3454 1340 3713 1395 Joannes

2059 1429 2278 1484 Beccus
2308 1430 2433 1485 loco
2467 1432 2662 1486 citato.
2697 1431 3053 1503 Compendio
3093 1429 3337 1485 collecta
3379 1429 3500 1483 haec
3545 1434 3708 1484 sunt.

2058 1524 2141 1574 Ac
2171 1520 2224 1572 10
2254 1537 2320 1574 eo
2351 1520 2411 1574 in
2441 1520 2565 1576 loco
2597 1520 2854 1592 Spiritus
2885 1525 3125 1575 sanctus
3157 1519 3254 1574 ille
3277 1524 3386 1584 est,
3419 1519 3519 1590 qui
3552 1519 3706 1573 acci-

2059 1606 2178 1679 pit:
2213 1625 2403 1680 neque
2433 1614 2552 1664 tam
2585 1609 2840 1664 absurda
2864 1608 2922 1663 in
2953 1611 3152 1664 .lesum
3175 1608 3473 1664 Christum
3501 1607 3714 1663 cadere

2058 1695 2271 1752 locutio
2331 1702 2544 1769 potest,
2602 1703 2669 1753 ut
2695 1699 2760 1754 de
2789 1714 2908 1754 meo
2930 1697 3129 1768 (dicat)
3177 1698 3376 1768 accipit
3410 1697 3710 1768 spirituate

2055 1786 2261 1839 donum
2310 1789 2371 1840 2e
2428 1787 2560 1841 Vim
2618 1787 2909 1842 faciebant
2965 1787 3022 1840 in
3099 1803 3167 1841 ea
3220 1785 3400 1852 vocis,
3477 1787 3715 1856 accipiet

2055 1873 2232 1928 veluti
2265 1875 2520 1932 exilitate
2550 1876 2842 1932 haeretici:
2876 1892 2943 1932 ac
2969 1875 3018 1930 si
3051 1875 3300 1946 Spiritus
3357 1879 3601 1930 sanctus
3631 1875 3704 1931 de

2055 1963 2224 2018 donis
2255 1964 2470 2019 Christi
2502 1969 2890 2036 mutuaretur,
2923 1981 3050 2035 quae
3082 1962 3219 2019 alite
3260 1963 3665 2035 suppeditaret
3693 1983 3708 2032 ;

2055 2068 2171 2106 non
2203 2053 2358 2108 enim
2381 2053 2503 2109 haec
2533 2053 2724 2108 ell'erri
2757 2054 2828 2110 de
2876 2069 3127 2124 persona
3183 2052 3381 2108 divina
3438 2057 3708 2124 possunt,

2056 2144 2150 2200 9|
2186 2144 2244 2197 3°
2273 2144 2489 2198 Verum
2522 2143 2763 2198 basilice
2785 2141 3214 2198 fallunturilli:
3257 2142 3509 2213 Spiritus
3536 2159 3705 2198 nam-

2055 2255 2167 2309 que
2198 2239 2458 2298 sanctus,
2483 2232 2581 2305 qui
2613 2234 2683 2287 de
2713 2232 2926 2287 Christi
2987 2230 3154 2286 donis
3210 2229 3442 2303 accipit,
3486 2229 3584 2286 ille
3611 2237 3702 2286 est

2055 2328 2154 2399 qui
2187 2324 2551 2380 Dominicum
2585 2319 2885 2377 hominem
2937 2321 3122 2387 unxit,
3179 2321 3557 2390 sanctiﬁcavit,
3617 2321 3708 2375 fe—

2053 2417 2249 2487 citque
2303 2411 2482 2467 veluti
2539 2409 3020 2481 conceptaculum
3091 2409 3356 2464 omnium
3415 2410 3700 2466 donorum

2056 2521 2306 2578 quorum
2333 2501 2606 2556 homines
2638 2503 2838 2555 essent
2865 2499 3266 2571 participes/t0
3295 2499 3426 2554 Jam
3458 2517 3591 2554 vero
3621 2499 3705 2554 ita

2054 2597 2205 2651 dona
2236 2610 2343 2648 sua
2366 2589 2704 2663 plenissime
2734 2589 2961 2644 homini
2987 2587 3286 2644 Dominico
3319 2589 3482 2643 dedit
3531 2589 3708 2659 Spiri-

2053 2691 2149 2742 tus
2197 2687 2457 2750 sanctus,
2518 2684 2582 2734 ut
2633 2678 2808 2734 etiam
2859 2680 2973 2749 ipse
3020 2679 3236 2732 ven-erit
3279 2694 3444 2750 super
3471 2695 3619 2746 eum,
3656 2682 3710 2733 et

2049 2774 2314 2829 manserit
2371 2773 2429 2825 in
2489 2785 2587 2825 eo:
2650 2768 2909 2838 adeoque
2967 2766 3094 2838 pari
3153 2767 3378 2822 ratione
3427 2767 3498 2822 de
3535 2767 3711 2823 donis

2050 2861 2262 2917 Christi
2293 2875 2606 2915 assumens
2636 2855 2888 2928 Spiritus
2916 2862 3180 2922 sanctus,
3230 2872 3296 2910 ac
3355 2872 3423 2911 ea
3483 2856 3711 2912 caeteris

2051 2951 2431 3017 distribuens,
2455 2949 2652 3002 venire
2683 2962 2860 3018 super
2888 2962 2986 3000 eos
3018 2945 3303 3000 dicendus
3325 2949 3434 3012 est,
3459 2950 3516 3000 et
3540 2945 3598 2999 in
3622 2945 3708 3002 eis

2051 3056 2308 3106 manere,
2369 3039 2440 3093 ad
2499 3053 2646 3108 quos
2704 3035 2985 3090 nimirum
3017 3051 3051 3089 a
3083 3033 3247 3088 Patre
3279 3033 3552 3103 mittitur,
3585 3039 3642 3089 et
3673 3052 3710 3091 a

2050 3130 2214 3186 Filio.
2241 3125 2620 3184 Luculentius
2653 3123 2860 3196 exponi
2890 3125 3080 3178 missio
3111 3122 3352 3194 Spiritus
3379 3125 3556 3178 sancti
3585 3140 3707 3179 non

2051 3223 2296 3292 poterat,
2321 3233 2498 3288 quam
2529 3214 2762 3286 proprie
2791 3213 3007 3268 dictam
3060 3211 3486 3284 appellavimus

2123 3307 2388 3376 Photius,
2423 3305 2600 3359 citato
2624 3303 2821 3358 codice
2851 3302 2977 3371 277,
3028 3301 3278 3372 dignum
3341 3300 3706 3356 animadver-

2049 3397 2212 3453 sione
2235 3398 2292 3450 in
2325 3395 2434 3449 hac
2455 3392 2701 3447 homilia
2731 3395 2928 3446 censet
2961 3407 2972 3444 :
3005 3413 3033 3440 «
3062 3389 3224 3452 Quod
3248 3389 3708 3462 Chrysostomus

2050 3485 2575 3540 dicit:missionem
2633 3496 2822 3551 neque
2879 3478 3113 3548 Filium,
3175 3495 3362 3550 neque
3421 3478 3708 3551 Spiritum

2047 3581 2316 3631 sanctum
2350 3573 2638 3628 minorem
2661 3572 2846 3626 facere
2870 3573 3073 3625 Patre:
3110 3571 3264 3642 quod
3297 3574 3354 3626 et
3377 3571 3502 3642 ipse
3535 3575 3710 3626 Pater

2048 3667 2316 3720 mittatur
2375 3681 2408 3718 a
2465 3661 2708 3732 Spiritu,
2761 3663 2818 3714 et
2875 3677 2908 3714 a
2954 3659 3119 3715 Filio.
3189 3659 3339 3714 Dicit
3390 3661 3483 3715 his
3513 3659 3708 3717 verbis

2044 3760 2128 3823 (η.
2189 3753 2277 3824 12)
2305 3771 2316 3808 :
2347 3755 2412 3809 Si
2457 3751 2562 3806 tibi
2617 3749 2913 3813 ostendero,
2971 3750 3234 3818 factorem
3293 3750 3421 3805 caeli
3449 3757 3501 3804 et
3539 3753 3710 3805 terra

2044 3847 2273 3898 missum
2327 3857 2438 3897 esse
2493 3858 2526 3894 a
2584 3839 2815 3911 Spiritu,
2867 3847 2920 3893 et
2951 3840 3112 3905 Filio,
3146 3840 3280 3909 quid
3306 3841 3498 3908 facies,
3528 3845 3635 3894 etc.
3675 3862 3704 3888 ››

2046 3937 2262 3987 Docum
2322 3929 2542 3985 scilicet
2597 3928 2890 3983 adnotavit
2950 3927 3210 3997 Photius,
3253 3944 3366 3998 quo
3399 3945 3506 3983 suo
3539 3945 3704 3983 com-

2045 4027 2241 4076 mento
2277 4019 2528 4075 colorem
2563 4017 2819 4072 adderet.
2853 4016 3111 4087 Dionysii
3143 4017 3356 4070 Petavii
3393 4017 3706 4072 verissima

2043 4105 2365 4166 admonitio
2397 4113 2487 4164 est
2518 4106 2668 4162 libro
2698 4123 2820 4168 vm,
2863 4107 2938 4161 De
2991 4107 3341 4161 sanctissima
3411 4109 3701 4173 Trinitate,

2042 4199 2230 4270 capite
2264 4201 2313 4263 1,
2349 4214 2512 4252 num.
2567 4197 2668 4251 1-4ε
2706 4215 2728 4242 α
2787 4195 2927 4250 Mitti
2983 4199 3212 4250 Patrem
3249 4195 3311 4250 in
3372 4197 3693 4267 Scripturis

2047 4305 2362 4360 nusquam,
2398 4285 2700 4341 rarissime
2731 4289 2932 4339 autem
2965 4285 3024 4339 in
3057 4289 3396 4340 sanctorum
3456 4285 3699 4340 Patrum

2042 4377 2211 4433 libris
2233 4375 2466 4448 legitur,
2494 4375 2544 4430 si
2576 4379 2774 4429 tamen
2805 4372 3021 4444 legitur
3052 4389 3066 4428 :
3101 4373 3218 4428 imo
3246 4389 3377 4428 vero
3413 4373 3566 4428 mitti
3597 4389 3699 4428 ne-

2041 4472 2184 4538 gant
2203 4463 2495 4536 expressis
2526 4479 2590 4518 ac
2621 4462 2859 4517 disertis
2888 4463 3082 4517 verbis
3136 4463 3361 4534 antiqui
3419 4462 3701 4534 theologi.

2041 4555 2205 4610 Unde
2235 4552 2396 4608 nullo
2420 4553 2615 4618 modo,
2650 4568 2715 4606 ac
2757 4568 2830 4605 ne
2881 4551 3198 4623 improprie
3259 4551 3496 4623 quidem
3527 4568 3702 4606 usur-

281 4641 379 4695 bus
409 4641 610 4695 nostris
637 4655 736 4710 per
765 4639 1040 4710 Spiritum
1069 4645 1341 4707 sanctum,
1379 4639 1473 4706 qui
1513 4636 1671 4692 datus
1701 4644 1782 4692 est
1831 4655 1930 4694 no-
1961 4654 2006 4718 D
2039 4644 2164 4715 pari
2195 4643 2391 4710 debet,
2421 4643 2658 4697 Patrem
2707 4658 2742 4695 a
2798 4643 2999 4711 seipso,
3059 4639 3152 4694 vet
3208 4640 3278 4694 ab
3338 4641 3451 4695 alio
3507 4639 3702 4701 mitti;

281 4732 364 4784 bis
407 4771 418 4784 .
457 4771 469 4784 .
507 4770 521 4784 .
559 4771 572 4783 .
605 4728 854 4785 Membra
883 4727 1934 4798 vestratemptumsuntSpiritussancti

279 4835 442 4890 quem
469 4819 676 4873 habetis
705 4818 764 4871 in
823 4818 990 4872 vobis.
1042 4815 1358 4872 lneii‘abilis
1416 4819 1642 4871 natura!
1697 4818 1934 4874 numina

276 4908 666 4964 adhibentur:
702 4909 962 4978 adeoque
1010 4907 1173 4976 iuxta
1230 4909 1489 4960 mentem
1548 4907 1802 4962 auctoris
1860 4909 1933 4963 de

278 4996 406 5052 sola
434 5014 551 5052 non
582 4997 776 5068 agitur
805 4996 863 5050 in
896 4995 988 5051 his
1011 4994 1155 5050 locis
1176 4995 1484 5067 largitione
1509 4995 1929 5066 donorum,sed

276 5086 406 5158 ipsa
428 5087 498 5141 de
529 5102 780 5158 persona
807 5085 1062 5157 Spiritus
1088 5085 1294 5140 sancti.

348 5175 633 5246 Spiritum
664 5179 934 5230 sanctum
957 5173 1356 5229 Macedoniani
1388 5173 1676 5244 putabant
1697 5173 1926 5230 inferio-

277 5282 400 5321 rem
432 5263 597 5335 Filio,
629 5267 937 5336 propterea
967 5263 1121 5334 quod
1147 5262 1363 5317 divinis
1411 5261 1469 5316 in
1501 5261 1749 5334 eloquiis
1781 5264 1924 5318 dici-

276 5361 375 5410 tur
403 5371 438 5409 α
459 5369 514 5409 se
546 5355 664 5424 ipso
691 5369 803 5408 non
829 5353 996 5424 loqui,
1042 5358 1096 5407 et
1152 5367 1397 5422 accipere
1451 5351 1517 5406 de
1568 5352 1684 5420 ﬁlio
1718 5377 1732 5420 ;
1766 5354 1923 5424 quod

277 5448 694 5515 argumentum
753 5441 967 5497 retellit
1014 5440 1266 5496 homiliw
1298 5445 1501 5496 auctor
1530 5441 1722 5496 verbis
1749 5458 1922 5513 supe-

277 5533 398 5588 rius
430 5530 649 5586 relatis.
701 5531 1058 5586 Peculiarem
1090 5530 1309 5585 invehit
1337 5530 1876 5600 interpretationem
1905 5548 1917 5584 :

275 5623 403 5678 loco
432 5623 492 5675 in
523 5619 644 5688 illo,
677 5620 971 5691 inquiens,
1006 5635 1122 5674 non
1155 5621 1277 5675 tieri
1311 5620 1669 5675 mentionem
1724 5619 1789 5674 de
1816 5637 1919 5674 na-

2043 4737 2452 4806 quantumque
2508 4730 2869 4786 extrinsecus
2929 4730 3038 4784 sub
3082 4729 3340 4802 imagine
3393 4728 3612 4801 aliqua,
3643 4734 3703 4785 et

2044 4821 2236 4894 specie
2290 4819 2527 4875 videndi
2586 4819 2678 4874 sui
2752 4817 2977 4889 copiam
3037 4818 3256 4888 fecerit,
3339 4818 3494 4888 quod
3548 4818 3698 4872 inter

2039 4909 2340 4981 theologos
2365 4908 2723 4979 disputatur.
2759 4912 2961 4962 »Hanc
2991 4922 3125 4963 vero
3146 4906 3504 4962 locutionem
3527 4924 3700 4962 usur-

2039 5000 2197 5071 pavit
2225 4999 2403 5068 hujus
2435 5003 2637 5052 auctor
2667 4995 2945 5062 homilio'e,
2979 4995 3079 5066 qui
3103 5013 3216 5051 non
3243 5001 3333 5052 est
3355 4995 3698 5067 Chrysosto-

2040 5105 2195 5144 mus.
2227 5087 2307 5142 De
2339 5085 2621 5141 missione
2642 5085 2904 5140 omnimo
2928 5085 3698 5158 imprOpriaintelligendus

2036 5183 2160 5234 est:
2196 5193 2385 5248 neque
2416 5175 2604 5230 ullum
2636 5175 2882 5246 propriae
2912 5175 3041 5229 Filii
3083 5181 3141 5230 et
3197 5176 3452 5247 Spiritus
3510 5174 3702 5229 sancti

2036 5266 2331 5332 missioni,
2365 5267 2664 5336 hujusque
2690 5279 2760 5318 ex
2788 5267 2955 5319 Patre
2985 5264 3247 5336 Filioque
3278 5269 3505 5319 aaternte
3556 5279 3697 5335 pro-

2033 5354 2284 5411 cessioni
2317 5355 2376 5408 in
2409 5353 2538 5424 ipsa
2567 5352 2695 5421 ejus
2726 5351 3009 5408 missione
3039 5353 3476 5426 comprehensae
3509 5352 3699 5408 detri-

2034 5449 2296 5500 mentum
2327 5442 2640 5512 irrogatur.
2672 5440 2852 5495 Addit
2883 5441 3149 5498 Petavius
3180 5443 3402 5497 ibidem
3445 5441 3701 5514 egregie,

2032 5538 2089 5588 et
2112 5550 2264 5600 vere,
2297 5547 2406 5587 sua
2427 5529 2697 5584 Photium
2721 5530 2994 5602 opinione
3014 5531 3229 5588 falsum
3253 5548 3383 5587 esse
3405 5548 3418 5586 :
3445 5531 3696 5586 acillum

2027 5622 2296 5696 factorem
2325 5620 2452 5674 caeli
2470 5623 2524 5672 et
2555 5624 2734 5688 terrae,
2771 5622 2870 5692 qui
2894 5624 3099 5677 missus
3161 5622 3394 5688 dicitur,
3456 5638 3570 5676 non
3603 5621 3692 5675 in-

273 5715 405 5772 tura
452 5725 619 5785 quam
674 5709 917 5784 Spiritus
972 5717 1193 5768 sanctus
1230 5709 1505 5784 accipiat;
1539 5709 1642 5766 sed
1665 5707 1732 5766 de
1759 5708 1920 5768 donis
2027 5709 2212 5784 telligi
2239 5710 2490 5778 Patrem,
2515 5709 2616 5766 sed
2649 5709 2852 5782 utique
2881 5711 3117 5783 Filium,
3142 5710 3458 5786 ipsumque
3481 5725 3690 5768 secun-
