4090 6446
329 394 436 452 1οι

1559 390 1768 452 VITA.
1804 425 1880 435 —
1910 388 2434 454 DISSERTATIO
2479 393 2526 450 l.

3632 395 3748 454 102

336 525 472 579 dum
502 521 833 590 carnem,id
865 526 955 578 est
985 521 1302 578 Christum.
1336 521 1624 578 Castorum
1656 527 1858 579 auctor
1887 522 1986 578 ille
2015 527 2072 592 Α
2097 522 2491 579 triarchalem.
2551 523 2654 577 98
2712 523 3129 577 Czeremoniam
3186 539 3420 578 omnem
3471 493 3748 581 laudatus

337 614 638 668 adversum
696 611 1114 667 Macedonianos
1162 611 1393 683 agebat,
1427 629 1679 683 quorum
1712 618 1838 668 erat
1884 614 1991 669 im-

342 702 496 774 pium
529 705 962 771 commentum,
1018 700 1302 772 Spiritum
1361 706 1630 756 sanctum
1689 703 1892 757 donari
1923 719 1990 758 ac

339 789 485 846 mitti
543 806 578 844 a
628 789 824 859 Patre,
879 788 1058 844 veluti
1116 804 1182 844 eo
1233 789 1543 845 minorem.
1577 790 1739 854 Quod
1771 791 1896 862 ipse
1928 797 1992 845 ut

336 883 747 952 argumentum
794 877 1059 945 solveret,
1100 879 1421 934 missionem
1469 880 1750 950 admittit,
1783 880 1840 935 in
1875 897 1993 952 qua

340 966 707 1032 missum,vel
730 967 1018 1022 emissum
1045 966 1292 1022 inferius
1314 972 1403 1023 est
1431 968 1700 1024 mittente
1725 985 1738 1024 :
1763 973 1820 1024 et
1841 968 1993 1023 hanc

336 1059 401 1112 ad
434 1055 698 1128 Spiritus
729 1054 919 1111 sancti
951 1056 1105 1111 dona
1135 1057 1453 1127 refert,non
1487 1058 1557 1112 ad
1587 1058 1775 1128 ipsam
1803 1058 1992 1113 sancti

336 1146 590 1218 Spiritus
647 1161 984 1216 personam.
1029 1149 1153 1200 Non
1205 1154 1329 1200 erat
1369 1162 1434 1201 eo
1481 1146 1611 1216 loci,
1653 1152 1720 1202 ut
1773 1148 1994 1202 ratione

333 1235 468 1290 doni
494 1234 618 1289 dati
642 1233 905 1289 divinam
931 1249 1164 1305 quoque
1187 1249 1495 1306 personam
1519 1235 1774 1307 Spiritus
1805 1236 1994 1292 sancti

328 1323 477 1392 dari,
511 1328 572 1378 et
601 1322 760 1378 mitti
793 1323 1046 1389 doceret,
1078 1328 1363 1394 tanquam
1422 1341 1456 1379 a
1504 1325 1690 1393 Patre,
1724 1342 1789 1380 ac
1818 1326 1995 1381 etiam

327 1430 362 1470 ι
392 1412 565 1482 Filio,
627 1412 748 1467 sive
781 1427 885 1483 per
916 1411 1129 1467 Filium
1187 1413 1619 1484 procedentem,
1661 1415 1866 1487 utique
1895 1431 1998 1487 per

327 1502 536 1558 omnia
567 1499 880 1573 aequalem.

893 1653 995 1708 92
1038 1652 1280 1708 CAPUT
1321 1653 1442 1709 VII.

331 1760 567 1815 Mortem
585 1759 709 1831 70bit
727 1759 991 1830 Iosephus
1007 1759 1342 1829 patriarcha
1370 1777 1391 1821 ;
1420 1761 1515 1815 cui
1531 1761 1810 1831 sufﬁcitur
1839 1761 1998 1816 Geor-

401 1847 532 1902 gius
562 1830 818 1903 Cyprius,
851 1833 913 1885 in
953 1833 1290 1902 professione
1318 1830 1618 1888 monastica
1647 1847 1826 1890 sacra.v
1849 1833 1997 1888 ordi-

399 1899 626 1976 nationi
641 1899 941 1976 praemissa.
954 1899 1183 1976 vocatus
1203 1903 1516 1972 Gregorius.
1537 1904 1785 1976 Synodus
1803 1905 2000 1959 habita
2031 1899 2078 1963 B

402 1976 467 2028 in
495 1974 844 2046 Blachernis,
876 1982 930 2046 et
957 1974 1076 2046 alia
1106 1975 1416 2046 Adramytii
1448 1977 1510 2030 in
1552 1974 1734 2031 Maesia
1784 1977 1992 2031 Asiati-

400 2062 465 2100 ca
499 2062 518 2099 :
551 2045 936 2102 Chronotaxis.
973 2043 1474 2115 Colloquiunicum
1515 2049 1706 2112 Becco,
1737 2055 1788 2103 et
1814 2049 1996 2116 sociis,

409 2123 625 2190 Prusad
647 2118 932 2186 revocatis,
993 2116 1059 2190 de
1110 2118 1460 2190 processione
1490 2117 1730 2190 Spiritus
1759 2121 1940 2174 sancti
1981 2137 2000 2174 :

405 2188 552 2260 quod
582 2188 905 2262 illustratur
930 2187 1539 2262 animaduersionibusf
1563 2195 1762 2246 Beecus
1793 2192 1910 2262 ipse
1940 2193 2002 2245 in

413 2275 601 2316 arcem
628 2261 810 2314 sancti
829 2260 1087 2329 Gregorii
1114 2260 1407 2330 relegatus.

417 2393 460 2448 Ι.
517 2392 771 2447 Labenle
823 2408 976 2447 anno
1035 2393 1192 2462 1283,
1219 2393 1340 2448 vita
1385 2393 1678 2464 migravit,
1735 2395 1920 2450 morbo
1950 2402 2004 2448 et

342 2483 511 2537 senio
539 2491 890 2552 consumptus
909 2480 939 2535 J
948 2481 1127 2552 oseph
1138 2498 1206 2536 us
1227 2480 1580 2554 patriarcha,
1602 2498 1785 2538 mense
1813 2483 2004 2537 Martio

347 2572 602 2640 ineunte,
637 2572 703 2623 ut
731 2569 814 2624 ait
842 2569 1226 2641 Pachymeres
1283 2569 1341 2624 in
1397 2571 1749 2639 Andronico,
1782 2570 1930 2626 libro
1961 2589 2001 2640 1,

343 2659 544 2732 capite
584 2658 674 2714 43.
706 2657 895 2730 Caput
938 2658 1110 2730 erigit
1163 2659 1514 2714 Arseniorum
1564 2660 1736 2715 factio
1788 2677 1801 2715 :
1864 2676 2005 2732 age-

341 2749 570 2820 batque
629 2752 832 2802 contra
885 2748 1212 2818 Josephitas.
1271 2748 1519 2804 Mediam
1571 2749 1725 2804 viam
1774 2749 2004 2818 ingredi

339 2836 678 2894 constitens
735 2835 1131 2905 Andronicus,
1201 2839 1282 2892 ita
1339 2845 1398 2892 ut
1447 2854 1620 2910 neque
1675 2839 2004 2895 Arsenianos

341 2927 698 2984 contristaret
726 2925 1016 2997 (historici
1048 2926 1223 2981 verba
1253 2931 1392 2981 sunt
1421 2927 1609 2998 capite
1641 2927 1751 2999 14),
1783 2932 1835 2983 et
1862 2930 2008 2984 Jose-

349 3018 529 3088 phitas
560 3024 748 3072 tamen
803 3016 1258 3086 amplecteretur;
1290 3015 1461 3084 eligit
1517 3018 1578 3071 in
1631 3018 2011 3088 patriarcham

356 3106 650 3160 oriundum
704 3121 734 3160 e
783 3105 959 3175 Cypro
990 3104 1302 3175 Georgium,
1338 3107 1519 3159 virum
1547 3105 1810 3161 doctrinis
1839 3107 2007 3161 innu-

358 3196 563 3263 tritum,
595 3211 629 3248 a
665 3193 995 3265 patriarcha
1012 3195 1236 3265 Josepho
1269 3193 1608 3261 ordinatum,
1629 3202 1680 3249 et
1703 3203 1856 3266 proto
1887 3211 2010 3267 apo-

355 3285 649 3339 stolarium
678 3285 738 3338 in
768 3284 892 3338 ede
919 3283 1210 3338 Palatina.

425 3392 448 3421 α
480 3373 627 3428 Rem
659 3371 1027 3444 Nicephorus
1071 3373 1358 3445 Gregoras
1388 3373 1482 3430 his
1513 3375 1708 3430 verbis
1740 3378 2001 3441 enarrat,

348 3463 452 3518 lib.
472 3461 754 3533 v1,capite
786 3462 837 3528 1,
863 3477 1028 3517 num.
1051 3462 1123 3516 δε
1155 3484 1183 3513 ‹‹
1207 3467 1343 3517 Erat
1365 3468 1562 3519 autem
1592 3470 1734 3519 tunc
1755 3463 2008 3532 insignis

343 3553 436 3608 vir
463 3551 745 3608 facundia
769 3567 837 3606 ex
867 3551 1227 3624 imperatorii
1259 3551 1395 3607 cleri
1428 3553 1692 3626 collegio,
1725 3553 2008 3625 Georgius

346 3643 602 3714 Cyprius
639 3679 656 3696 .
706 3682 718 3694 .
765 3683 778 3695 .
813 3640 1001 3708 Hunc,
1035 3657 1168 3695 cum
1203 3658 1316 3696 non
1349 3641 1430 3696 ita
1462 3641 1689 3714 pridem
1721 3643 2009 3698 monasti-

346 3748 488 3787 cum
522 3729 796 3785 habitum
827 3729 1140 3794 induisset,
1175 3729 1230 3784 in
1263 3730 1461 3786 animo
1491 3731 1764 3800 habebat,
1797 3737 1854 3788 et
1885 3736 2009 3788 stu-

347 3821 528 3876 debat
559 3820 879 3890 imperator
907 3821 976 3873 ad
998 3819 1454 3890 patriarchicum
1486 3820 1699 3876 solium
1731 3821 1969 3876 evehere
1994 3837 2007 3877 :

349 3927 382 3964 θ,
439 3908 683 3964 nemine
741 3912 938 3963 tamen
999 3925 1202 3964 eorum
1255 3909 1353 3981 qui
1414 3910 1730 3982 participes
1762 3910 2014 3966 fuissent

350 3998 694 4071 dogmatica:
723 3998 982 4052 novitatis
1011 3996 1111 4067 (ita
1149 3997 1365 4069 dogma
1393 3999 1747 4054 catholicum
1778 4000 1849 4055 de
1880 4015 2014 4070 pro-

350 4086 625 4142 sessione
681 4085 930 4157 Spiritus
978 4087 1185 4141 sancti.
1246 4085 1576 4157 initamque
1626 4087 2015 4144 Ecclesiarum

353 4176 645 4231 unionem
703 4179 874 4230 vocat
924 4192 936 4230 :
972 4176 1072 4230 sed
1117 4176 1190 4230 ab
1221 4176 1438 4248 aliquo,
1489 4177 1589 4249 qui
1616 4195 1828 4249 purum
1861 4195 1922 4233 se
1951 4178 2018 4234 ab

354 4265 586 4320 illorum
618 4266 1001 4320 communione
1027 4270 1559 4332 servasset,manus
1591 4265 1642 4322 ei
1673 4267 1896 4339 imponi
1918 4284 2017 4322 νο-

356 4353 564 4410 lebat.
616 4393 628 4407 .
675 4396 687 4409 .
735 4357 834 4408 Est
873 4359 1072 4408 tamen
1123 4356 1196 4409 ab
1245 4355 1596 4426 imperatore
1644 4361 1777 4427 post
1825 4356 2022 4412 debita

358 4442 648 4514 suffragia
678 4447 737 4498 et
766 4442 1109 4498 testimonia
1135 4443 1479 4516 designatus
1511 4460 1524 4498 :
1557 4449 1614 4499 et
1639 4447 1915 4515 pastorale
1930 4461 2024 4518 pe-

359 4532 491 4587 dum
521 4531 583 4586 in
616 4530 995 4602 imperatorio
1049 4537 1329 4605 suggestu
1387 4549 1533 4589 more
1589 4535 1764 4590 veteri
1791 4535 1860 4590 ab
1894 4534 2023 4606 ipso

2099 613 2425 684 Lequienus
2457 612 2660 667 recitat
2688 628 2756 666 ex
2785 611 3029 683 Georgio
3079 612 3386 682 Phrantza,
3420 617 3475 668 et
3505 615 3746 681 Codino,

2099 717 2165 756 ac
2195 701 2465 756 Simeone
2495 699 3025 755 Thessalonicensi.

2171 794 2343 844 Sacra
2365 788 2529 844 nulla
2549 789 2790 860 Cyprius
2814 788 3081 844 initiatus
3104 791 3294 845 fuerat
3314 794 3752 850 consecratione

2102 884 2309 951 printer
2354 895 2481 934 eam
2533 895 2650 949 qua
2697 877 3008 932 initiantur
3038 881 3303 935 lectores.
3337 881 3562 936 Accidit
3591 899 3748 951 vero,

2102 967 2356 1038 Gregora
2382 971 2552 1032 teste,
2595 965 2736 1020 ibid.
2799 983 2961 1021 num.
3019 968 3075 1034 6,
3127 969 3391 1041 Mozylem
3417 973 3750 1043 episcOpum,

2101 1055 2359 1126 itemque
2414 1057 2724 1126 episcopum
2761 1056 3062 1110 Debrorum
3121 1056 3179 1111 in
3214 1058 3569 1128 Macedonia,
3604 1061 3752 1116 Con-

2103 1144 2542 1216 stantinopolim
2576 1136 2917 1199 adventasse
2942 1162 2955 1199 :
2982 1145 3223 1212 Quorum
3248 1156 3480 1218 uterque
3504 1151 3756 1204 animum

2104 1249 2318 1304 semper
2345 1234 2592 1288 alienum
2622 1233 2815 1288 habuit
2833 1249 2866 1287 a
2885 1236 3270 1290 communione
3287 1251 3477 1292 eorum
3505 1241 3602 1309 qui
3620 1239 3755 1308 dog-

2103 1323 2304 1378 naticis
2333 1322 2668 1378 novitatibus
2697 1323 2906 1392 seipsos
2963 1332 3150 1392 sponte
3205 1327 3570 1396 subjecerant.
3623 1328 3756 1399 Epi-

2105 1427 2352 1483 scopum
2385 1412 2638 1482 Dozyle-m
2661 1427 2731 1466 ea:
2763 1411 3013 1466 Occiduis
3051 1415 3310 1483 partibus
3337 1420 3502 1471 vocat
3531 1417 3759 1490 Pachy-

2107 1516 2340 1574 meresh
2399 1500 2589 1572 capite
2654 1501 2743 1567 44,
2800 1499 3023 1554 scilicet
3089 1505 3432 1575 episcopum
3508 1506 3756 1563 fortasse

2104 1589 2325 1645 Acheloi
2353 1589 2463 1645 sub
2523 1589 2818 1660 Naupacto
2873 1591 3202 1662 metropoli,
3263 1595 3626 1664 conjectante
3657 1596 3756 1651 Le-

2109 1677 2344 1750 quieno,
2376 1683 2535 1733 tomo
2567 1677 2702 1745 II,in
2735 1677 3034 1749 provincia
3060 1679 3273 1736 veteris
3294 1681 3473 1753 Epiri,
3493 1685 3755 1740 num.13.

2108 1769 2269 1822 Idem
2327 1767 2525 1838 itaque
2598 1767 2906 1838 Mozylenus
2979 1767 3264 1840 (Gregora
3320 1771 3512 1828 verbis
3580 1777 3757 1848 utor),

2110 1857 2335 1912 hortatu
2368 1856 2623 1927 Gregorii
2654 1855 3206 1927 Cyprii,Germanum
3229 1861 3555 1916 monachum
3581 1880 3762 1934 quem-

2107 1946 2236 2002 dam
2265 1949 2565 2017 inaugurat
2592 1946 3076 2016 metropolitanum
3126 1949 3428 2004 Heraclea
3461 1951 3710 2009 Thracia
3738 1975 3759 2010 :

2110 2036 2198 2090 hic
2227 2037 2377 2090 enim
2424 2036 2650 2104 antiquo
2699 2034 2990 2105 privilegio
3032 2038 3139 2107 jus
3191 2036 3353 2093 habet
3407 2043 3762 2098 consecrandi

2112 2124 2778 2195 Conslantinopolitanum
2805 2124 3199 2194 patriarcham.
3232 2129 3289 2181 Is
3319 2143 3456 2199 ergo
3502 2145 3531 2184 e
3563 2131 3764 2187 lectore

2109 2215 2287 2285 primo
2316 2213 2609 2267 diaconum
2663 2221 2713 2267 et
2767 2213 3121 2284 sacerdotem,
3150 2225 3274 2286 post
3303 2226 3353 2271 et
3379 2220 3761 2286 patriarcham

2110 2304 2445 2358 consecravit
2491 2302 2777 2372 Cyprium,
2828 2301 3040 2357 duobus
3078 2303 3202 2358 illis
3231 2307 3516 2377 episcOpis,
3575 2309 3759 2381 Mony-

2113 2393 2254 2461 leno,
2308 2400 2359 2446 et
2391 2391 2661 2458 Debreno,
2709 2390 3075 2462 adjutoribus.
3111 2397 3183 2447 Ue
3213 2394 3454 2466 antiquo
3489 2398 3763 2465 praedicto

2114 2480 2514 2536 Heracleensis
2539 2479 2794 2550 episcopi
2816 2481 2950 2550 jure
2989 2480 3226 2537 disserit
3256 2483 3608 2556 Lequienus,
3642 2487 3765 2543 loco

2115 2571 2310 2634 citato,
2343 2586 2470 2640 cap.
2505 2570 2560 2635 4,
2593 2585 2756 2623 num.
2790 2569 2842 2624 4.

2190 2657 2622 2730 Diligentiorem
2683 2656 3086 2729 Pascbymeris
3117 2659 3424 2718 historiam
3456 2663 3639 2720 refero
3697 2682 3767 2722 ex

2116 2748 2319 2803 eodem
2355 2751 2562 2817 quarto
2593 2745 2818 2800 decimo
2875 2745 3084 2818 capite.
3136 2751 3215 2803 Ac
3273 2751 3462 2821 primo
3485 2754 3764 2824 episcopus

2117 2837 2359 2907 Coxyles.
2389 2850 2573 2890 mense
2629 2834 2823 2890 Martio
2871 2835 3031 2903 (anni
3065 2837 3243 2909 1283),
3295 2838 3556 2912 Cyprium
3587 2845 3762 2899 intro-

2116 2925 2271 2981 ducit
2315 2941 2443 2980 cum
2484 2925 2678 2994 paucis
2727 2925 2789 2978 in
2837 2926 3254 2993 monasterium,
3304 2944 3339 2982 α
3389 2929 3684 2988 Prodromo
3713 2942 3769 2989 et

2116 3017 2282 3070 Petra
2311 3013 2656 3068 nominatum
2688 3031 2706 3066 :
2737 3013 2834 3067 ubi
2861 3009 3132 3070 consuetis
3181 3020 3526 3074 cxremoniis
3573 3037 3764 3078 mona-

2118 3105 2284 3159 chum
2329 3119 2397 3157 ea:
2427 3103 2566 3157 laico
2595 3103 2857 3171 instituit,
2889 3119 3123 3176 moxque
3169 3105 3461 3162 diaconum
3498 3126 3528 3163 e
3571 3110 3767 3166 lectore

2119 3192 2358 3248 ordinat.
2405 3191 2468 3244 In
2502 3207 2569 3245 ea
2615 3192 2950 3246 monasticis
3010 3193 3390 3263 professionis
3420 3200 3767 3257 caaremonia

2039 3263 2081 3329 C
2119 3286 2386 3337 vocatum
2418 3280 2600 3334 fuisse
2623 3280 2962 3352 Gregorium
2997 3282 3237 3338 adnotat
3266 3284 3422 3339 idem
3452 3287 3766 3360 Pachyme-

2117 3388 2230 3438 res,
2264 3369 2451 3442 capite
2478 3369 2550 3422 22
2608 3387 2620 3424 :
2679 3370 2897 3440 Cyprio,
2931 3371 3226 3441 inquiens,
3277 3390 3348 3428 ea:
3379 3373 3612 3449 Georgio
3643 3395 3766 3434 mu-
3828 3417 3830 3419 ›

2118 3465 2312 3527 latum,
2347 3475 2470 3514 cum
2516 3454 2919 3531 professionem
2971 3461 3027 3514 in
3078 3466 3488 3533 praeparatione
3515 3469 3766 3538 patriar-

2116 3551 2310 3605 chatus
2366 3551 2666 3604 assumeret
2719 3550 3104 3618 monasticam,
3152 3568 3351 3608 nomen
3401 3553 3649 3624 Gregorii
3675 3560 3764 3612 in-

2118 3638 2349 3693 sederat.
2427 3637 2577 3691 Tum
2656 3653 2790 3692 vero
2864 3637 2935 3692 ab
3007 3638 3360 3711 imperatore
3437 3644 3770 3701 declaratus

2119 3726 2473 3801 patriarcha,
2505 3726 2642 3781 dato
2696 3724 2781 3780 illi
2825 3727 2969 3798 pede
3008 3730 3305 3800 pastorali.
3338 3734 3595 3803 Denique
3626 3736 3774 3792 Ger-

2121 3814 2732 3887 manus,metropolita
2763 3815 3181 3889 Heracleensis,
3216 3820 3390 3892 paulo
3421 3829 3594 3879 antea
3621 3826 3773 3881 ordi-

2122 3912 2319 3974 natus,
2380 3906 2626 3960 initiavit
2683 3905 2877 3975 ipsum
2935 3908 3236 3964 sacerdotio
3295 3928 3307 3965 :
3369 3916 3420 3966 et
3465 3915 3526 3967 in
3574 3915 3775 3970 celebri

2127 3997 2444 4050 Palmarum
2499 3997 2656 4066 festo,
2714 4001 3041 4063 cooperante
3095 4001 3339 4056 antistite
3401 4001 3651 4073 Cosyleb,
3714 4009 3774 4060 et

2126 4084 2408 4141 antistite.
2453 4083 2726 4139 Delorum
2782 4085 3160 4154 patriarcham
3215 4081 3532 4146 ordinavitf
3576 4097 3774 4150 Annus

2127 4175 2267 4230 4283
2298 4173 2614 4244 insignitus
2662 4174 2934 4228 currebat
2976 4177 3131 4245 cyclo
3177 4178 3310 4232 solis
3352 4180 3406 4246 4,
3456 4180 3642 4236 littera
3670 4183 3775 4238 Do-

2127 4263 2383 4319 minicali
2411 4261 2468 4329 C,
2492 4267 2549 4317 et
2566 4277 2731 4317 aureo
2751 4279 2978 4319 numero
3003 4265 3088 4318 11.
3115 4265 3261 4321 Hinc
3293 4285 3527 4324 sacrum
3551 4272 3778 4328 Pascha

2130 4352 2334 4409 incidit
2362 4353 2422 4406 in
2455 4351 2602 4407 diem
2631 4352 2698 4406 48
2728 4353 2935 4424 Aprilis
2991 4372 3009 4408 :
3065 4357 3115 4410 et
3139 4356 3464 4412 Palmarum
3493 4359 3779 4419 Dominica

2131 4442 2403 4497 illuxerat
2427 4441 2516 4496 alie
2543 4441 2834 4497 undecima
2865 4443 3130 4513 ejusdem
3165 4446 3402 4501 mensis.

2202 4530 2272 4585 Il.
2333 4531 2490 4586 Feria
2531 4530 2775 4586 secunda
2823 4531 3177 4588 hebdomadis
3222 4551 3388 4606 quam
3431 4539 3780 4608 Διακαινήσι-

361 4621 633 4694 principe
663 4628 998 4693 porrectum
1030 4621 1266 4693 accepit.
1306 4626 1557 4694 Eratque
1606 4639 1676 4678 ex
1731 4639 1796 4679 eo
1854 4640 2010 4679 occu-

2137 4640 2259 4692 μον,
2296 4621 2744 4676 Diamesimam
2772 4624 2982 4689 vocant,
3014 4625 3204 4678 statim
3233 4628 3504 4695 sequentis
3525 4627 3779 4683 Ἀναστά-

361 4716 538 4782 patus
570 4711 632 4765 in
665 4710 1154 4766 administrandis
1181 4712 1356 4766 rebus
1387 4728 1512 4783 quae
1529 4711 1641 4767 etsi
1670 4713 1742 4767 ad
1775 4712 2024 4784 patriar-

360 4800 530 4856 chale
591 4817 812 4855 munus
861 4800 1242 4872 pertinerent,
1293 4800 1617 4857 sacerdotio
1650 4807 1844 4857 tamen
1905 4818 2022 4857 non

364 4890 734 4962 indigebant.
771 4912 799 4938 »
833 4889 1096 4944 Veterem
1131 4889 1437 4961 praefatum
1491 4907 1737 4958 morem,
1771 4907 1886 4962 quo
1917 4907 2022 4962 pa-

359 4978 636 5034 triarcha:
667 4977 1295 5050 Constantinopolitani
1327 4980 1398 5034 ab
1418 4978 1871 5049 imperatoribus
1897 4996 2026 5051 pro-

365 5069 780 5135 movebantur,
823 5066 1278 5140 diligentissime
1331 5069 1568 5140 exponit
1599 5068 1932 5140 Lequienus
1965 5069 2025 5124 in

366 5158 599 5215 Oriente
628 5173 804 5221 sacro,
839 5161 1002 5212 temo
1035 5158 1086 5223 1,
1111 5157 1297 5229 capite
1329 5158 1416 5223 17,
1441 5174 1475 5213 a
1505 5173 1669 5212 num.
1699 5159 1754 5212 7.
1787 5157 2026 5213 Decreto

363 5245 800 5320 designationis
830 5246 1091 5309 recitato,
1122 5247 1194 5301 ad
1223 5246 1421 5319 ipsum
1451 5246 1846 5319 patriarcham
1879 5246 2028 5302 desi-

365 5343 619 5408 gnatum
655 5336 1044 5392 mittebantur
1084 5334 1351 5407 pallium,
1387 5352 1452 5391 ac
1484 5335 1658 5390 theca
1686 5339 2026 5391 sanctorum

364 5427 637 5498 reliquiis
665 5425 836 5498 plena
870 5423 1021 5480 collo
1053 5425 1460 5496 appendenda.
1511 5426 1661 5479 Tum
1693 5425 1819 5496 ipse
1847 5426 2026 5480 bacu-

365 5516 489 5572 lum
523 5513 881 5589 pastoralem
918 5531 1368 5586 aureum,quem
1398 5513 1583 5585 lapilli
1613 5519 1669 5570 et
1698 5514 2026 5587 margarita

362 5606 717 5674 ornabant,e
749 5605 1028 5660 manibus
1055 5603 1424 5676 imperatoris
1450 5603 1774 5678 accipiebat
1804 5620 1817 5660 :
1852 5604 2027 5660 duce-

363 5696 662 5774 baturque
691 5694 936 5753 demum
968 5692 1217 5754 solemni
1256 5710 1474 5770 pompa
1501 5692 1562 5751 in
1587 5691 1893 5752 basilicam
1925 5710 2026 5769 pa-

2135 4729 2318 4781 σιμον,
2369 4709 2516 4764 diem
2544 4711 2960 4780 Resurectionis,
3001 4711 3256 4769 edictum
3314 4714 3618 4786 imperiale
3648 4737 3778 4790 pro-

2135 4799 2452 4871 mulgatur.
2494 4799 2936 4854 Hebdomadam
2991 4800 3268 4873 intellige,
3301 4820 3428 4874 quae
3467 4805 3621 4861 diem
3671 4808 3780 4863 Pa-

2134 4887 2352 4943 schatis
2371 4887 2861 4958 subsequitur,sic
2878 4887 3231 4960 appellatam
3254 4892 3325 4947 ob
3349 4895 3782 4953 renovationem

2134 4976 2364 5049 generis
2398 4975 2642 5030 humani
2675 4992 2777 5046 per
2827 4976 3043 5032 Christi
3097 4982 3602 5038 resurrectionem.
3636 4985 3786 5042 Vide

2137 5064 2406 5121 Carolum
2437 5065 2824 5136 Ducangium.
2851 5066 2928 5120 Eo
2961 5066 3129 5137 plura
3155 5069 3438 5140 imperiali
3463 5073 3782 5130 constitue-

2136 5155 2352 5208 bantur
2381 5154 2631 5209 decreto.
2663 5155 2932 5226 Synodus
2964 5155 3138 5212 etiam
3169 5161 3616 5229 convocabatur,
3637 5166 3785 5220 teste

2135 5242 2510 5314 Pachymere,
2550 5243 2736 5315 capite
2789 5244 2876 5313 17,
2928 5245 2988 5299 in
3036 5247 3366 5304 Blachemis
3413 5249 3782 5309 celebranda.

2135 5333 2240 5386 94
2260 5331 2516 5403 Deiparze
2539 5331 2708 5388 titulo
2743 5349 2909 5389 sacra
2931 5340 3056 5390 erat
3077 5335 3574 5395 Blachernarnum
3605 5343 3780 5398 aedes.

2134 5421 2322 5478 Situm
2353 5422 2480 5492 ejus
2512 5420 2760 5492 inquirit
2789 5440 2856 5478 ac
2886 5424 3093 5479 statuit
3135 5427 3465 5500 Ducangius
3496 5429 3556 5484 in
3599 5432 3779 5487 Cous-

2137 5509 2486 5582 tantinopoli
2512 5510 2859 5581 Christiana,
2892 5512 3041 5570 libro
3069 5531 3144 5581 ιν,
3176 5518 3208 5589 §
3236 5520 3290 5585 2,
3327 5534 3467 5573 num
3499 5518 3553 5573 6.
3579 5522 3642 5573 In
3675 5517 3784 5576 hac

2137 5600 2358 5674 synodo
2389 5599 2576 5674 gradu
2634 5600 2842 5673 dejecti
2871 5603 3186 5676 antistites,
3221 5605 3321 5680 qui
3355 5606 3558 5665 unioni
3591 5607 3781 5668 Eccle-

2137 5689 2360 5750 siarum
2391 5696 2826 5756 consenserant.
