  <div class='ocr_page' id='page_1' title='image "/cluster/home/n/w/nwhite01/storage/ocr_20150623/142/coo.31924054870476/059.png"; bbox 0 0 4090 6426; ppageno 0'>
   <div class='ocr_carea' id='block_1_1' title="bbox 383 359 500 421">
    <p class='ocr_par' dir='ltr' id='par_1_1' title="bbox 383 359 500 421">
     <span class='ocr_line' id='line_1_1' title="bbox 383 359 500 421; baseline -0.017 0"><span class='ocrx_word' id='word_1_1' title='bbox 383 359 500 421; x_wconf 84' lang='grc'>103</span> 
     </span>
    </p>
   </div>
   <div class='ocr_carea' id='block_1_2' title="bbox 379 574 2030 651">
    <p class='ocr_par' dir='ltr' id='par_1_2' title="bbox 379 574 2030 651">
     <span class='ocr_line' id='line_1_2' title="bbox 379 574 2030 651; baseline -0.005 -13"><span class='ocrx_word' id='word_1_2' title='bbox 379 583 470 638; x_wconf 85' lang='lat' dir='ltr'>nis</span> <span class='ocrx_word' id='word_1_3' title='bbox 499 589 683 651; x_wconf 78' lang='lat' dir='ltr'><strong><em>guttas</em></strong></span> <span class='ocrx_word' id='word_1_4' title='bbox 711 597 741 634; x_wconf 77' lang='grc' dir='ltr'>εν</span> <span class='ocrx_word' id='word_1_5' title='bbox 769 579 898 634; x_wconf 70' lang='lat' dir='ltr'>caelo</span> <span class='ocrx_word' id='word_1_6' title='bbox 947 576 1250 632; x_wconf 80' lang='lat' dir='ltr'>destillasse</span> <span class='ocrx_word' id='word_1_7' title='bbox 1309 574 1576 647; x_wconf 89' lang='lat' dir='ltr'>perhibet</span> <span class='ocrx_word' id='word_1_8' title='bbox 1627 575 2030 646; x_wconf 88' lang='lat' dir='ltr'>Pachymeres,</span> 
     </span>
    </p>
   </div>
   <div class='ocr_carea' id='block_1_3' title="bbox 381 664 2030 744">
    <p class='ocr_par' dir='ltr' id='par_1_3' title="bbox 381 664 2030 744">
     <span class='ocr_line' id='line_1_3' title="bbox 381 664 2030 744; baseline -0.005 -17"><span class='ocrx_word' id='word_1_9' title='bbox 381 673 571 744; x_wconf 88' lang='lat' dir='ltr'>capite</span> <span class='ocrx_word' id='word_1_10' title='bbox 627 669 717 724; x_wconf 73' lang='grc'>18.</span> <span class='ocrx_word' id='word_1_11' title='bbox 779 670 842 723; x_wconf 90' lang='lat' dir='ltr'>ln</span> <span class='ocrx_word' id='word_1_12' title='bbox 909 666 1202 722; x_wconf 84' lang='lat' dir='ltr'>Orientem</span> <span class='ocrx_word' id='word_1_13' title='bbox 1261 664 1652 736; x_wconf 86' lang='lat' dir='ltr'>proﬁciscitur</span> <span class='ocrx_word' id='word_1_14' title='bbox 1707 668 2030 735; x_wconf 86' lang='lat' dir='ltr'>Augustus,</span> 
     </span>
    </p>
   </div>
   <div class='ocr_carea' id='block_1_4' title="bbox 381 752 2033 824">
    <p class='ocr_par' dir='ltr' id='par_1_4' title="bbox 381 752 2033 824">
     <span class='ocr_line' id='line_1_4' title="bbox 381 752 2033 824; baseline -0.005 -9"><span class='ocrx_word' id='word_1_15' title='bbox 381 763 575 815; x_wconf 87' lang='lat' dir='ltr'>motas</span> <span class='ocrx_word' id='word_1_16' title='bbox 604 758 676 812; x_wconf 88' lang='lat' dir='ltr'>ab</span> <span class='ocrx_word' id='word_1_17' title='bbox 710 755 1046 812; x_wconf 81' lang='lat' dir='ltr'>Arsanianis</span> <span class='ocrx_word' id='word_1_18' title='bbox 1077 754 1284 808; x_wconf 83' lang='lat' dir='ltr'>turbas</span> <span class='ocrx_word' id='word_1_19' title='bbox 1327 753 1784 824; x_wconf 86' lang='lat' dir='ltr'>compositurus.</span> <span class='ocrx_word' id='word_1_20' title='bbox 1817 752 2033 806; x_wconf 88' lang='lat' dir='ltr'>Conve-</span> 
     </span>
    </p>
   </div>
   <div class='ocr_carea' id='block_1_5' title="bbox 381 839 2035 914">
    <p class='ocr_par' dir='ltr' id='par_1_5' title="bbox 381 839 2035 914">
     <span class='ocr_line' id='line_1_5' title="bbox 381 839 2035 914; baseline -0.006 -11"><span class='ocrx_word' id='word_1_21' title='bbox 381 864 518 903; x_wconf 82' lang='lat' dir='ltr'>nere</span> <span class='ocrx_word' id='word_1_22' title='bbox 575 862 779 903; x_wconf 87' lang='lat' dir='ltr'>omnes</span> <span class='ocrx_word' id='word_1_23' title='bbox 835 843 1158 914; x_wconf 89' lang='lat' dir='ltr'>Adramytii</span> <span class='ocrx_word' id='word_1_24' title='bbox 1213 842 1274 897; x_wconf 90' lang='lat' dir='ltr'>in</span> <span class='ocrx_word' id='word_1_25' title='bbox 1336 841 1542 897; x_wconf 60' lang='lat' dir='ltr'>Maesia</span> <span class='ocrx_word' id='word_1_26' title='bbox 1605 840 1880 911; x_wconf 82' lang='lat' dir='ltr'>Asiatica,</span> <span class='ocrx_word' id='word_1_27' title='bbox 1937 839 2035 894; x_wconf 89' lang='lat' dir='ltr'>ubi</span> 
     </span>
    </p>
   </div>
   <div class='ocr_carea' id='block_1_6' title="bbox 379 930 2033 1000">
    <p class='ocr_par' dir='ltr' id='par_1_6' title="bbox 379 930 2033 1000">
     <span class='ocr_line' id='line_1_6' title="bbox 379 930 2033 1000; baseline -0.005 -7"><span class='ocrx_word' id='word_1_28' title='bbox 379 937 597 993; x_wconf 84' lang='lat' dir='ltr'>cunctis</span> <span class='ocrx_word' id='word_1_29' title='bbox 627 935 699 990; x_wconf 91' lang='lat' dir='ltr'>ad</span> <span class='ocrx_word' id='word_1_30' title='bbox 727 936 934 990; x_wconf 86' lang='lat' dir='ltr'>victum</span> <span class='ocrx_word' id='word_1_31' title='bbox 961 935 1018 987; x_wconf 87' lang='lat' dir='ltr'>in</span> <span class='ocrx_word' id='word_1_32' title='bbox 1051 934 1222 987; x_wconf 85' lang='lat' dir='ltr'>totam</span> <span class='ocrx_word' id='word_1_33' title='bbox 1253 931 1493 986; x_wconf 86' lang='lat' dir='ltr'>hiemem</span> <span class='ocrx_word' id='word_1_34' title='bbox 1519 931 1849 1000; x_wconf 81' lang='lat' dir='ltr'>necessaria,</span> <span class='ocrx_word' id='word_1_35' title='bbox 1879 930 2033 997; x_wconf 83' lang='lat' dir='ltr'>large</span> 
     </span>
    </p>
   </div>
   <div class='ocr_carea' id='block_1_7' title="bbox 379 1018 2026 1098">
    <p class='ocr_par' dir='ltr' id='par_1_7' title="bbox 379 1018 2026 1098">
     <span class='ocr_line' id='line_1_7' title="bbox 379 1018 2026 1098; baseline -0.006 -16"><span class='ocrx_word' id='word_1_36' title='bbox 379 1028 686 1098; x_wconf 83' lang='lat' dir='ltr'>imperator</span> <span class='ocrx_word' id='word_1_37' title='bbox 740 1022 1056 1095; x_wconf 80' lang='lat' dir='ltr'>providerat</span> <span class='ocrx_word' id='word_1_38' title='bbox 1113 1027 1178 1076; x_wconf 89' lang='lat' dir='ltr'>ut</span> <span class='ocrx_word' id='word_1_39' title='bbox 1205 1020 1287 1075; x_wconf 88' lang='lat' dir='ltr'>ait</span> <span class='ocrx_word' id='word_1_40' title='bbox 1337 1019 1742 1092; x_wconf 88' lang='lat' dir='ltr'>Pachymeres,</span> <span class='ocrx_word' id='word_1_41' title='bbox 1775 1036 1902 1090; x_wconf 90' lang='lat' dir='ltr'>cap.</span> <span class='ocrx_word' id='word_1_42' title='bbox 1936 1018 2026 1072; x_wconf 89' lang='lat'>21.</span> 
     </span>
    </p>
   </div>
   <div class='ocr_carea' id='block_1_8' title="bbox 378 1107 2031 1188">
    <p class='ocr_par' dir='ltr' id='par_1_8' title="bbox 378 1107 2031 1188">
     <span class='ocr_line' id='line_1_8' title="bbox 378 1107 2031 1188; baseline -0.005 -17"><span class='ocrx_word' id='word_1_43' title='bbox 378 1116 648 1188; x_wconf 91' lang='lat' dir='ltr'>Synodus</span> <span class='ocrx_word' id='word_1_44' title='bbox 697 1113 897 1168; x_wconf 88' lang='lat' dir='ltr'>habita</span> <span class='ocrx_word' id='word_1_45' title='bbox 924 1111 1036 1166; x_wconf 92' lang='lat' dir='ltr'>hoc</span> <span class='ocrx_word' id='word_1_46' title='bbox 1085 1111 1144 1164; x_wconf 89' lang='lat' dir='ltr'>in</span> <span class='ocrx_word' id='word_1_47' title='bbox 1191 1109 1338 1177; x_wconf 92' lang='lat' dir='ltr'>loco,</span> <span class='ocrx_word' id='word_1_48' title='bbox 1374 1108 1668 1164; x_wconf 83' lang='lat' dir='ltr'>assidente</span> <span class='ocrx_word' id='word_1_49' title='bbox 1699 1107 2031 1180; x_wconf 76' lang='lat' dir='ltr'>patriarcha</span> 
     </span>
    </p>
   </div>
   <div class='ocr_carea' id='block_1_9' title="bbox 376 1197 2030 1276">
    <p class='ocr_par' dir='ltr' id='par_1_9' title="bbox 376 1197 2030 1276">
     <span class='ocr_line' id='line_1_9' title="bbox 376 1197 2030 1276; baseline -0.005 -17"><span class='ocrx_word' id='word_1_50' title='bbox 376 1203 605 1276; x_wconf 90' lang='lat' dir='ltr'>Cyprio.</span> <span class='ocrx_word' id='word_1_51' title='bbox 663 1203 834 1256; x_wconf 84' lang='lat' dir='ltr'>Statis</span> <span class='ocrx_word' id='word_1_52' title='bbox 864 1201 1056 1272; x_wconf 88' lang='lat' dir='ltr'>quavis</span> <span class='ocrx_word' id='word_1_53' title='bbox 1110 1197 1439 1254; x_wconf 76' lang='lat' dir='ltr'>hebdomade</span> <span class='ocrx_word' id='word_1_54' title='bbox 1494 1197 1704 1262; x_wconf 86' lang='lat' dir='ltr'>diebus,</span> <span class='ocrx_word' id='word_1_55' title='bbox 1733 1213 1834 1268; x_wconf 90' lang='lat' dir='ltr'>per</span> <span class='ocrx_word' id='word_1_56' title='bbox 1863 1199 2030 1251; x_wconf 87' lang='lat' dir='ltr'>totam</span> 
     </span>
    </p>
   </div>
   <div class='ocr_carea' id='block_1_10' title="bbox 377 1284 2028 1361">
    <p class='ocr_par' dir='ltr' id='par_1_10' title="bbox 377 1284 2028 1361">
     <span class='ocr_line' id='line_1_10' title="bbox 377 1284 2028 1361; baseline -0.005 -13"><span class='ocrx_word' id='word_1_57' title='bbox 377 1293 874 1361; x_wconf 84' lang='lat' dir='ltr'>Quadragesimam</span> <span class='ocrx_word' id='word_1_58' title='bbox 917 1289 1282 1360; x_wconf 78' lang='lat' dir='ltr'>perseveravit</span> <span class='ocrx_word' id='word_1_59' title='bbox 1346 1287 1687 1358; x_wconf 77' lang='lat' dir='ltr'>imperator.</span> <span class='ocrx_word' id='word_1_60' title='bbox 1769 1284 2028 1340; x_wconf 89' lang='lat' dir='ltr'>Conven-</span> 
     </span>
    </p>
   </div>
   <div class='ocr_carea' id='block_1_11' title="bbox 372 1374 2023 1449">
    <p class='ocr_par' dir='ltr' id='par_1_11' title="bbox 372 1374 2023 1449">
     <span class='ocr_line' id='line_1_11' title="bbox 372 1374 2023 1449; baseline -0.005 -12"><span class='ocrx_word' id='word_1_61' title='bbox 372 1383 562 1438; x_wconf 88' lang='lat' dir='ltr'>tiones</span> <span class='ocrx_word' id='word_1_62' title='bbox 595 1381 766 1436; x_wconf 87' lang='lat' dir='ltr'>etiam</span> <span class='ocrx_word' id='word_1_63' title='bbox 792 1395 926 1436; x_wconf 92' lang='lat' dir='ltr'>cum</span> <span class='ocrx_word' id='word_1_64' title='bbox 958 1377 1248 1449; x_wconf 83' lang='lat' dir='ltr'>episcopis</span> <span class='ocrx_word' id='word_1_65' title='bbox 1281 1391 1381 1448; x_wconf 89' lang='lat' dir='ltr'>per</span> <span class='ocrx_word' id='word_1_66' title='bbox 1410 1375 1605 1448; x_wconf 84' lang='lat' dir='ltr'>ignem</span> <span class='ocrx_word' id='word_1_67' title='bbox 1640 1374 1852 1430; x_wconf 69' lang='lat' dir='ltr'>habitis</span> <span class='ocrx_word' id='word_1_68' title='bbox 1888 1374 2023 1429; x_wconf 91' lang='lat' dir='ltr'>Sab-</span> 
     </span>
    </p>
   </div>
   <div class='ocr_carea' id='block_1_12' title="bbox 377 1465 2026 1540">
    <p class='ocr_par' dir='ltr' id='par_1_12' title="bbox 377 1465 2026 1540">
     <span class='ocr_line' id='line_1_12' title="bbox 377 1465 2026 1540; baseline -0.005 -14"><span class='ocrx_word' id='word_1_69' title='bbox 377 1471 497 1527; x_wconf 92' lang='lat' dir='ltr'>balo</span> <span class='ocrx_word' id='word_1_70' title='bbox 527 1467 964 1540; x_wconf 72' lang='lat' dir='ltr'>sancto,Pascha2</span> <span class='ocrx_word' id='word_1_71' title='bbox 982 1467 1195 1538; x_wconf 77' lang='lat' dir='ltr'>vigilia.</span> <span class='ocrx_word' id='word_1_72' title='bbox 1223 1465 1390 1520; x_wconf 87' lang='lat' dir='ltr'>Hunc</span> <span class='ocrx_word' id='word_1_73' title='bbox 1413 1481 1728 1536; x_wconf 84' lang='lat' dir='ltr'>possumus</span> <span class='ocrx_word' id='word_1_74' title='bbox 1754 1467 2026 1518; x_wconf 78' lang='lat' dir='ltr'>numerat</span> 
     </span>
    </p>
   </div>
   <div class='ocr_carea' id='block_1_13' title="bbox 376 1551 2025 1625">
    <p class='ocr_par' dir='ltr' id='par_1_13' title="bbox 376 1551 2025 1625">
     <span class='ocr_line' id='line_1_13' title="bbox 376 1551 2025 1625; baseline -0.005 -9"><span class='ocrx_word' id='word_1_75' title='bbox 376 1577 598 1616; x_wconf 89' lang='lat' dir='ltr'>annum</span> <span class='ocrx_word' id='word_1_76' title='bbox 627 1559 811 1625; x_wconf 65' lang='lat'>1283;</span> <span class='ocrx_word' id='word_1_77' title='bbox 847 1557 944 1612; x_wconf 92' lang='lat' dir='ltr'>sed</span> <span class='ocrx_word' id='word_1_78' title='bbox 980 1571 1202 1610; x_wconf 91' lang='lat' dir='ltr'>annum</span> <span class='ocrx_word' id='word_1_79' title='bbox 1251 1553 1656 1624; x_wconf 85' lang='lat' dir='ltr'>insequentem</span> <span class='ocrx_word' id='word_1_80' title='bbox 1694 1553 1829 1606; x_wconf 86' lang='grc'>1284</span> <span class='ocrx_word' id='word_1_81' title='bbox 1861 1551 2025 1607; x_wconf 90' lang='lat' dir='ltr'>evin-</span> 
     </span>
    </p>
   </div>
   <div class='ocr_carea' id='block_1_14' title="bbox 374 1640 2026 1715">
    <p class='ocr_par' dir='ltr' id='par_1_14' title="bbox 374 1640 2026 1715">
     <span class='ocr_line' id='line_1_14' title="bbox 374 1640 2026 1715; baseline -0.005 -11"><span class='ocrx_word' id='word_1_82' title='bbox 374 1654 518 1705; x_wconf 86' lang='lat' dir='ltr'>cunt</span> <span class='ocrx_word' id='word_1_83' title='bbox 549 1650 872 1703; x_wconf 89' lang='lat' dir='ltr'>memorata</span> <span class='ocrx_word' id='word_1_84' title='bbox 900 1645 1072 1714; x_wconf 87' lang='lat' dir='ltr'>facta,</span> <span class='ocrx_word' id='word_1_85' title='bbox 1093 1660 1219 1715; x_wconf 72' lang='lat' dir='ltr'>quae</span> <span class='ocrx_word' id='word_1_86' title='bbox 1252 1642 1589 1697; x_wconf 88' lang='lat' dir='ltr'>acciderunt</span> <span class='ocrx_word' id='word_1_87' title='bbox 1615 1643 1758 1712; x_wconf 78' lang='lat' dir='ltr'>feria</span> <span class='ocrx_word' id='word_1_88' title='bbox 1787 1640 2026 1695; x_wconf 87' lang='lat' dir='ltr'>secunda</span> 
     </span>
    </p>
   </div>
   <div class='ocr_carea' id='block_1_15' title="bbox 374 1729 2023 1807">
    <p class='ocr_par' dir='ltr' id='par_1_15' title="bbox 374 1729 2023 1807">
     <span class='ocr_line' id='line_1_15' title="bbox 374 1729 2023 1807; baseline -0.005 -14"><span class='ocrx_word' id='word_1_89' title='bbox 374 1737 724 1794; x_wconf 71' lang='lat' dir='ltr'>hebdomadee</span> <span class='ocrx_word' id='word_1_90' title='bbox 799 1733 1082 1807; x_wconf 79' lang='lat' dir='ltr'>paschalis</span> <span class='ocrx_word' id='word_1_91' title='bbox 1143 1733 1280 1787; x_wconf 90' lang='lat' dir='ltr'>anni</span> <span class='ocrx_word' id='word_1_92' title='bbox 1348 1729 1571 1786; x_wconf 85' lang='lat' dir='ltr'>scilicet</span> <span class='ocrx_word' id='word_1_93' title='bbox 1628 1730 1787 1792; x_wconf 84' lang='lat' dir='ltr'>l283,</span> <span class='ocrx_word' id='word_1_94' title='bbox 1846 1734 2023 1802; x_wconf 71' lang='lat' dir='ltr'>guttae</span> 
     </span>
    </p>
   </div>
   <div class='ocr_carea' id='block_1_16' title="bbox 373 1820 2025 1900">
    <p class='ocr_par' dir='ltr' id='par_1_16' title="bbox 373 1820 2025 1900">
     <span class='ocr_line' id='line_1_16' title="bbox 373 1820 2025 1900; baseline -0.006 -16"><span class='ocrx_word' id='word_1_95' title='bbox 373 1826 682 1900; x_wconf 81' lang='lat' dir='ltr'>sanguinis</span> <span class='ocrx_word' id='word_1_96' title='bbox 727 1842 757 1881; x_wconf 93' lang='lat' dir='ltr'>e</span> <span class='ocrx_word' id='word_1_97' title='bbox 813 1823 955 1879; x_wconf 68' lang='lat' dir='ltr'>coelo</span> <span class='ocrx_word' id='word_1_98' title='bbox 1015 1822 1356 1878; x_wconf 89' lang='lat' dir='ltr'>decidentes</span> <span class='ocrx_word' id='word_1_99' title='bbox 1383 1835 1573 1874; x_wconf 89' lang='lat' dir='ltr'>mense</span> <span class='ocrx_word' id='word_1_100' title='bbox 1629 1820 1790 1885; x_wconf 83' lang='lat' dir='ltr'>Maio,</span> <span class='ocrx_word' id='word_1_101' title='bbox 1823 1823 2025 1874; x_wconf 80' lang='lat' dir='ltr'>exacta</span> 
     </span>
    </p>
   </div>
   <div class='ocr_carea' id='block_1_17' title="bbox 371 1907 2019 1987">
    <p class='ocr_par' dir='ltr' id='par_1_17' title="bbox 371 1907 2019 1987">
     <span class='ocr_line' id='line_1_17' title="bbox 371 1907 2019 1987; baseline -0.007 -15"><span class='ocrx_word' id='word_1_102' title='bbox 371 1915 696 1987; x_wconf 78' lang='lat' dir='ltr'>Adramytii</span> <span class='ocrx_word' id='word_1_103' title='bbox 745 1915 915 1968; x_wconf 84' lang='lat' dir='ltr'>hiems</span> <span class='ocrx_word' id='word_1_104' title='bbox 963 1915 1098 1976; x_wconf 80' lang='lat' dir='ltr'>tota,</span> <span class='ocrx_word' id='word_1_105' title='bbox 1151 1910 1350 1982; x_wconf 87' lang='lat' dir='ltr'>ibique</span> <span class='ocrx_word' id='word_1_106' title='bbox 1398 1908 1597 1980; x_wconf 86' lang='lat' dir='ltr'>plures</span> <span class='ocrx_word' id='word_1_107' title='bbox 1649 1907 1835 1963; x_wconf 84' lang='lat' dir='ltr'>habiti</span> <span class='ocrx_word' id='word_1_108' title='bbox 1887 1924 2019 1962; x_wconf 93' lang='lat' dir='ltr'>cum</span> 
     </span>
    </p>
   </div>
   <div class='ocr_carea' id='block_1_18' title="bbox 369 1997 2018 2077">
    <p class='ocr_par' dir='ltr' id='par_1_18' title="bbox 369 1997 2018 2077">
     <span class='ocr_line' id='line_1_18' title="bbox 369 1997 2018 2077; baseline -0.005 -17"><span class='ocrx_word' id='word_1_109' title='bbox 369 2003 662 2077; x_wconf 86' lang='lat' dir='ltr'>episcopis</span> <span class='ocrx_word' id='word_1_110' title='bbox 739 2005 1058 2057; x_wconf 89' lang='lat' dir='ltr'>conventus</span> <span class='ocrx_word' id='word_1_111' title='bbox 1113 2015 1212 2071; x_wconf 86' lang='lat' dir='ltr'>per</span> <span class='ocrx_word' id='word_1_112' title='bbox 1279 2003 1448 2054; x_wconf 88' lang='lat' dir='ltr'>totam</span> <span class='ocrx_word' id='word_1_113' title='bbox 1507 1997 2018 2069; x_wconf 84' lang='lat' dir='ltr'>Quadragesimam.</span> 
     </span>
    </p>
   </div>
   <div class='ocr_carea' id='block_1_19' title="bbox 368 2085 2024 2161">
    <p class='ocr_par' dir='ltr' id='par_1_19' title="bbox 368 2085 2024 2161">
     <span class='ocr_line' id='line_1_19' title="bbox 368 2085 2024 2161; baseline -0.006 -12"><span class='ocrx_word' id='word_1_114' title='bbox 368 2091 784 2150; x_wconf 87' lang='lat' dir='ltr'>Conventionis</span> <span class='ocrx_word' id='word_1_115' title='bbox 813 2105 950 2161; x_wconf 91' lang='lat' dir='ltr'>ergo</span> <span class='ocrx_word' id='word_1_116' title='bbox 983 2092 1218 2160; x_wconf 89' lang='lat' dir='ltr'>pactum</span> <span class='ocrx_word' id='word_1_117' title='bbox 1242 2087 1313 2142; x_wconf 91' lang='lat' dir='ltr'>de</span> <span class='ocrx_word' id='word_1_118' title='bbox 1335 2087 1555 2142; x_wconf 90' lang='lat' dir='ltr'>chartis</span> <span class='ocrx_word' id='word_1_119' title='bbox 1585 2085 1642 2140; x_wconf 88' lang='lat' dir='ltr'>in</span> <span class='ocrx_word' id='word_1_120' title='bbox 1669 2085 1864 2155; x_wconf 83' lang='lat' dir='ltr'>ignem</span> <span class='ocrx_word' id='word_1_121' title='bbox 1895 2085 2024 2155; x_wconf 85' lang='lat' dir='ltr'>inji-</span> 
     </span>
    </p>
   </div>
   <div class='ocr_carea' id='block_1_20' title="bbox 367 2174 2021 2250">
    <p class='ocr_par' dir='ltr' id='par_1_20' title="bbox 367 2174 2021 2250">
     <span class='ocr_line' id='line_1_20' title="bbox 367 2174 2021 2250; baseline -0.005 -13"><span class='ocrx_word' id='word_1_122' title='bbox 367 2181 592 2237; x_wconf 89' lang='lat' dir='ltr'>ciendis</span> <span class='ocrx_word' id='word_1_123' title='bbox 641 2180 714 2235; x_wconf 89' lang='lat' dir='ltr'>ad</span> <span class='ocrx_word' id='word_1_124' title='bbox 772 2177 1256 2250; x_wconf 83' lang='lat' dir='ltr'>experimentum,</span> <span class='ocrx_word' id='word_1_125' title='bbox 1316 2174 1528 2230; x_wconf 89' lang='lat' dir='ltr'>accidit</span> <span class='ocrx_word' id='word_1_126' title='bbox 1573 2174 1808 2230; x_wconf 89' lang='lat' dir='ltr'>Sabbato</span> <span class='ocrx_word' id='word_1_127' title='bbox 1837 2178 2021 2229; x_wconf 85' lang='lat' dir='ltr'>sancto</span> 
     </span>
    </p>
   </div>
   <div class='ocr_carea' id='block_1_21' title="bbox 368 2263 2021 2336">
    <p class='ocr_par' dir='ltr' id='par_1_21' title="bbox 368 2263 2021 2336">
     <span class='ocr_line' id='line_1_21' title="bbox 368 2263 2021 2336; baseline -0.005 -10"><span class='ocrx_word' id='word_1_128' title='bbox 368 2270 506 2326; x_wconf 89' lang='lat' dir='ltr'>anni</span> <span class='ocrx_word' id='word_1_129' title='bbox 539 2269 699 2325; x_wconf 76' lang='grc'>1284.</span> <span class='ocrx_word' id='word_1_130' title='bbox 731 2267 1090 2323; x_wconf 84' lang='lat' dir='ltr'>Numerabat</span> <span class='ocrx_word' id='word_1_131' title='bbox 1119 2265 1213 2320; x_wconf 88' lang='lat' dir='ltr'>hic</span> <span class='ocrx_word' id='word_1_132' title='bbox 1246 2281 1440 2320; x_wconf 89' lang='lat' dir='ltr'>annus</span> <span class='ocrx_word' id='word_1_133' title='bbox 1469 2264 1691 2336; x_wconf 85' lang='lat' dir='ltr'>cyclum</span> <span class='ocrx_word' id='word_1_134' title='bbox 1717 2264 1848 2318; x_wconf 89' lang='lat' dir='ltr'>solis</span> <span class='ocrx_word' id='word_1_135' title='bbox 1873 2263 1928 2329; x_wconf 88' lang='lat'>5,</span> <span class='ocrx_word' id='word_1_136' title='bbox 1963 2267 2021 2318; x_wconf 92' lang='lat' dir='ltr'>et</span> 
     </span>
    </p>
   </div>
   <div class='ocr_carea' id='block_1_22' title="bbox 367 2352 2016 2420">
    <p class='ocr_par' dir='ltr' id='par_1_22' title="bbox 367 2352 2016 2420">
     <span class='ocr_line' id='line_1_22' title="bbox 367 2352 2016 2420; baseline -0.008 -4"><span class='ocrx_word' id='word_1_137' title='bbox 367 2361 606 2416; x_wconf 85' lang='lat' dir='ltr'>lttteram</span> <span class='ocrx_word' id='word_1_138' title='bbox 633 2356 1032 2413; x_wconf 87' lang='lat' dir='ltr'>Dominicalem</span> <span class='ocrx_word' id='word_1_139' title='bbox 1075 2359 1168 2409; x_wconf 86' lang='lat' dir='ltr'>BA</span> <span class='ocrx_word' id='word_1_140' title='bbox 1220 2359 1278 2410; x_wconf 92' lang='lat' dir='ltr'>et</span> <span class='ocrx_word' id='word_1_141' title='bbox 1327 2369 1557 2408; x_wconf 74' lang='lat' dir='ltr'>aureum</span> <span class='ocrx_word' id='word_1_142' title='bbox 1602 2367 1898 2406; x_wconf 82' lang='lat' dir='ltr'>numerum</span> <span class='ocrx_word' id='word_1_143' title='bbox 1928 2352 2016 2420; x_wconf 82' lang='lat' dir='ltr'>l2,</span> 
     </span>
    </p>
   </div>
   <div class='ocr_carea' id='block_1_23' title="bbox 367 2440 2018 2521">
    <p class='ocr_par' dir='ltr' id='par_1_23' title="bbox 367 2440 2018 2521">
     <span class='ocr_line' id='line_1_23' title="bbox 367 2440 2018 2521; baseline -0.006 -17"><span class='ocrx_word' id='word_1_144' title='bbox 367 2449 583 2521; x_wconf 89' lang='lat' dir='ltr'>quibus</span> <span class='ocrx_word' id='word_1_145' title='bbox 615 2445 837 2502; x_wconf 83' lang='lat' dir='ltr'>Pascha</span> <span class='ocrx_word' id='word_1_146' title='bbox 865 2462 926 2500; x_wconf 77' lang='lat' dir='ltr'>in</span> <span class='ocrx_word' id='word_1_147' title='bbox 955 2444 1102 2500; x_wconf 90' lang='lat' dir='ltr'>diem</span> <span class='ocrx_word' id='word_1_148' title='bbox 1130 2444 1164 2497; x_wconf 88' lang='lat'>9</span> <span class='ocrx_word' id='word_1_149' title='bbox 1193 2444 1397 2514; x_wconf 81' lang='lat' dir='ltr'>Aprilis</span> <span class='ocrx_word' id='word_1_150' title='bbox 1428 2442 1726 2498; x_wconf 86' lang='lat' dir='ltr'>confertur</span> <span class='ocrx_word' id='word_1_151' title='bbox 1761 2458 1772 2494; x_wconf 88' lang='lat'>:</span> <span class='ocrx_word' id='word_1_152' title='bbox 1807 2440 2018 2511; x_wconf 88' lang='lat' dir='ltr'>dieque</span> 
     </span>
    </p>
   </div>
   <div class='ocr_carea' id='block_1_24' title="bbox 365 2533 1724 2610">
    <p class='ocr_par' dir='ltr' id='par_1_24' title="bbox 365 2533 1724 2610">
     <span class='ocr_line' id='line_1_24' title="bbox 365 2533 1724 2610; baseline -0.005 -17"><span class='ocrx_word' id='word_1_153' title='bbox 365 2537 725 2610; x_wconf 63' lang='lat' dir='ltr'>praecedente</span> <span class='ocrx_word' id='word_1_154' title='bbox 754 2540 955 2590; x_wconf 91' lang='lat' dir='ltr'>octava</span> <span class='ocrx_word' id='word_1_155' title='bbox 983 2534 1094 2589; x_wconf 85' lang='lat' dir='ltr'>fuit</span> <span class='ocrx_word' id='word_1_156' title='bbox 1122 2533 1422 2588; x_wconf 81' lang='lat' dir='ltr'>Sabbatum</span> <span class='ocrx_word' id='word_1_157' title='bbox 1452 2543 1724 2589; x_wconf 85' lang='lat' dir='ltr'>sanctum.</span> 
     </span>
    </p>
   </div>
   <div class='ocr_carea' id='block_1_25' title="bbox 436 2621 2016 2698">
    <p class='ocr_par' dir='ltr' id='par_1_25' title="bbox 436 2621 2016 2698">
     <span class='ocr_line' id='line_1_25' title="bbox 436 2621 2016 2698; baseline -0.001 -16"><span class='ocrx_word' id='word_1_158' title='bbox 436 2627 572 2691; x_wconf 56' lang='lat' dir='ltr'>Quae</span> <span class='ocrx_word' id='word_1_159' title='bbox 631 2624 904 2696; x_wconf 88' lang='lat' dir='ltr'>deinceps</span> <span class='ocrx_word' id='word_1_160' title='bbox 960 2621 1298 2678; x_wconf 91' lang='lat' dir='ltr'>acciderunt</span> <span class='ocrx_word' id='word_1_161' title='bbox 1353 2621 1510 2676; x_wconf 88' lang='lat' dir='ltr'>varia</span> <span class='ocrx_word' id='word_1_162' title='bbox 1566 2640 1633 2678; x_wconf 87' lang='lat' dir='ltr'>ac</span> <span class='ocrx_word' id='word_1_163' title='bbox 1664 2625 2016 2698; x_wconf 86' lang='lat' dir='ltr'>multiplicia</span> 
     </span>
    </p>
   </div>
   <div class='ocr_carea' id='block_1_26' title="bbox 363 2711 2012 2788">
    <p class='ocr_par' dir='ltr' id='par_1_26' title="bbox 363 2711 2012 2788">
     <span class='ocr_line' id='line_1_26' title="bbox 363 2711 2012 2788; baseline 0 -18"><span class='ocrx_word' id='word_1_164' title='bbox 363 2715 552 2788; x_wconf 84' lang='lat' dir='ltr'>pergit</span> <span class='ocrx_word' id='word_1_165' title='bbox 583 2730 820 2770; x_wconf 88' lang='lat' dir='ltr'>narrare</span> <span class='ocrx_word' id='word_1_166' title='bbox 869 2711 1270 2783; x_wconf 87' lang='lat' dir='ltr'>Pachymeres.</span> <span class='ocrx_word' id='word_1_167' title='bbox 1296 2712 1667 2768; x_wconf 85' lang='lat' dir='ltr'>Andronicus</span> <span class='ocrx_word' id='word_1_168' title='bbox 1708 2714 1846 2769; x_wconf 91' lang='lat' dir='ltr'>olim</span> <span class='ocrx_word' id='word_1_169' title='bbox 1880 2715 2012 2770; x_wconf 91' lang='lat' dir='ltr'>Sar-</span> 
     </span>
    </p>
   </div>
   <div class='ocr_carea' id='block_1_27' title="bbox 363 2799 2011 2874">
    <p class='ocr_par' dir='ltr' id='par_1_27' title="bbox 363 2799 2011 2874">
     <span class='ocr_line' id='line_1_27' title="bbox 363 2799 2011 2874; baseline -0.001 -14"><span class='ocrx_word' id='word_1_170' title='bbox 363 2803 563 2860; x_wconf 89' lang='lat' dir='ltr'>densis</span> <span class='ocrx_word' id='word_1_171' title='bbox 611 2802 920 2874; x_wconf 89' lang='lat' dir='ltr'>episcopus</span> <span class='ocrx_word' id='word_1_172' title='bbox 970 2799 1529 2872; x_wconf 88' lang='lat' dir='ltr'>ignominiosissime</span> <span class='ocrx_word' id='word_1_173' title='bbox 1550 2801 1802 2872; x_wconf 85' lang='lat' dir='ltr'>ejicitur,</span> <span class='ocrx_word' id='word_1_174' title='bbox 1835 2803 2011 2858; x_wconf 87' lang='lat' dir='ltr'>veluti</span> 
     </span>
    </p>
   </div>
   <div class='ocr_carea' id='block_1_28' title="bbox 360 2888 2010 2961">
    <p class='ocr_par' dir='ltr' id='par_1_28' title="bbox 360 2888 2010 2961">
     <span class='ocr_line' id='line_1_28' title="bbox 360 2888 2010 2961; baseline -0.002 -11"><span class='ocrx_word' id='word_1_175' title='bbox 360 2911 498 2951; x_wconf 89' lang='lat' dir='ltr'>reus</span> <span class='ocrx_word' id='word_1_176' title='bbox 526 2892 678 2947; x_wconf 70' lang='lat' dir='ltr'>laesae</span> <span class='ocrx_word' id='word_1_177' title='bbox 709 2889 1033 2961; x_wconf 86' lang='lat' dir='ltr'>majestatis</span> <span class='ocrx_word' id='word_1_178' title='bbox 1065 2889 1280 2959; x_wconf 88' lang='lat' dir='ltr'>(capite</span> <span class='ocrx_word' id='word_1_179' title='bbox 1321 2888 1451 2957; x_wconf 87' lang='lat'>23);</span> <span class='ocrx_word' id='word_1_180' title='bbox 1485 2889 1774 2956; x_wconf 81' lang='lat' dir='ltr'>Cotaniza,</span> <span class='ocrx_word' id='word_1_181' title='bbox 1808 2909 2010 2948; x_wconf 88' lang='lat' dir='ltr'>mona-</span> 
     </span>
    </p>
   </div>
   <div class='ocr_carea' id='block_1_29' title="bbox 361 2977 2008 3052">
    <p class='ocr_par' dir='ltr' id='par_1_29' title="bbox 361 2977 2008 3052">
     <span class='ocr_line' id='line_1_29' title="bbox 361 2977 2008 3052; baseline -0.001 -13"><span class='ocrx_word' id='word_1_182' title='bbox 361 2983 508 3039; x_wconf 90' lang='lat' dir='ltr'>chus</span> <span class='ocrx_word' id='word_1_183' title='bbox 537 2998 606 3037; x_wconf 88' lang='lat' dir='ltr'>ex</span> <span class='ocrx_word' id='word_1_184' title='bbox 632 2980 856 3036; x_wconf 90' lang='lat' dir='ltr'>latrone</span> <span class='ocrx_word' id='word_1_185' title='bbox 903 2978 1110 3044; x_wconf 86' lang='lat' dir='ltr'>factus,</span> <span class='ocrx_word' id='word_1_186' title='bbox 1161 2977 1345 3032; x_wconf 89' lang='lat' dir='ltr'>Prusa</span> <span class='ocrx_word' id='word_1_187' title='bbox 1377 2978 1524 3049; x_wconf 81' lang='lat' dir='ltr'>fugit</span> <span class='ocrx_word' id='word_1_188' title='bbox 1550 2978 1764 3050; x_wconf 88' lang='lat' dir='ltr'>(capite</span> <span class='ocrx_word' id='word_1_189' title='bbox 1791 2982 1915 3052; x_wconf 67' lang='lat'>24);</span> <span class='ocrx_word' id='word_1_190' title='bbox 1950 2982 2008 3036; x_wconf 89' lang='lat' dir='ltr'>in</span> 
     </span>
    </p>
   </div>
   <div class='ocr_carea' id='block_1_30' title="bbox 363 3067 2010 3136">
    <p class='ocr_par' dir='ltr' id='par_1_30' title="bbox 363 3067 2010 3136">
     <span class='ocr_line' id='line_1_30' title="bbox 363 3067 2010 3136; baseline -0.002 -8"><span class='ocrx_word' id='word_1_191' title='bbox 363 3072 637 3129; x_wconf 91' lang='lat' dir='ltr'>occiduos</span> <span class='ocrx_word' id='word_1_192' title='bbox 664 3073 888 3125; x_wconf 90' lang='lat' dir='ltr'>tractus</span> <span class='ocrx_word' id='word_1_193' title='bbox 920 3067 992 3122; x_wconf 91' lang='lat' dir='ltr'>ab</span> <span class='ocrx_word' id='word_1_194' title='bbox 1042 3067 1390 3136; x_wconf 87' lang='lat' dir='ltr'>imperatore</span> <span class='ocrx_word' id='word_1_195' title='bbox 1448 3067 1708 3123; x_wconf 88' lang='lat' dir='ltr'>mittitur</span> <span class='ocrx_word' id='word_1_196' title='bbox 1755 3070 2010 3126; x_wconf 88' lang='lat' dir='ltr'>Tarcha-</span> 
     </span>
    </p>
   </div>
   <div class='ocr_carea' id='block_1_31' title="bbox 362 3156 2006 3232">
    <p class='ocr_par' dir='ltr' id='par_1_31' title="bbox 362 3156 2006 3232">
     <span class='ocr_line' id='line_1_31' title="bbox 362 3156 2006 3232; baseline -0.003 -14"><span class='ocrx_word' id='word_1_197' title='bbox 362 3162 526 3218; x_wconf 91' lang='lat' dir='ltr'>niota</span> <span class='ocrx_word' id='word_1_198' title='bbox 582 3156 1065 3232; x_wconf 87' lang='lat' dir='ltr'>protovestiarius</span> <span class='ocrx_word' id='word_1_199' title='bbox 1123 3171 1257 3210; x_wconf 93' lang='lat' dir='ltr'>cum</span> <span class='ocrx_word' id='word_1_200' title='bbox 1311 3156 1564 3211; x_wconf 85' lang='lat' dir='ltr'>exercitu</span> <span class='ocrx_word' id='word_1_201' title='bbox 1605 3157 1814 3229; x_wconf 88' lang='lat' dir='ltr'>(capite</span> <span class='ocrx_word' id='word_1_202' title='bbox 1865 3160 2006 3230; x_wconf 84' lang='lat'>25);</span> 
     </span>
    </p>
   </div>
   <div class='ocr_carea' id='block_1_32' title="bbox 1413 350 2775 415">
    <p class='ocr_par' dir='ltr' id='par_1_32' title="bbox 1413 350 2775 415">
     <span class='ocr_line' id='line_1_32' title="bbox 1413 350 2775 415; baseline 0.001 -1"><span class='ocrx_word' id='word_1_203' title='bbox 1413 351 1732 414; x_wconf 79' lang='lat' dir='ltr'>GEORGII</span> <span class='ocrx_word' id='word_1_204' title='bbox 1775 351 2040 413; x_wconf 79' lang='grc' dir='ltr'>ΟΥΡῆιί</span> <span class='ocrx_word' id='word_1_205' title='bbox 2083 351 2201 412; x_wconf 88' lang='lat' dir='ltr'>CP.</span> <span class='ocrx_word' id='word_1_206' title='bbox 2250 350 2775 415; x_wconf 66' lang='lat' dir='ltr'>PATRIARCHE</span> 
     </span>
    </p>
   </div>
   <div class='ocr_carea' id='block_1_33' title="bbox 455 485 3597 559">
    <p class='ocr_par' dir='ltr' id='par_1_33' title="bbox 455 485 3597 559">
     <span class='ocr_line' id='line_1_33' title="bbox 455 485 3597 559; baseline -0.001 -10"><span class='ocrx_word' id='word_1_207' title='bbox 455 495 686 550; x_wconf 81' lang='lat' dir='ltr'>Ineunte</span> <span class='ocrx_word' id='word_1_208' title='bbox 741 504 926 546; x_wconf 85' lang='lat' dir='ltr'>mense</span> <span class='ocrx_word' id='word_1_209' title='bbox 954 488 1095 544; x_wconf 83' lang='lat' dir='ltr'>Maio</span> <span class='ocrx_word' id='word_1_210' title='bbox 1149 487 1414 558; x_wconf 90' lang='lat' dir='ltr'>ejusdem</span> <span class='ocrx_word' id='word_1_211' title='bbox 1449 485 1585 540; x_wconf 89' lang='lat' dir='ltr'>anni</span> <span class='ocrx_word' id='word_1_212' title='bbox 1615 485 1776 551; x_wconf 75' lang='lat'>1283,</span> <span class='ocrx_word' id='word_1_213' title='bbox 1807 486 2034 555; x_wconf 85' lang='lat' dir='ltr'>sangui-</span> <span class='ocrx_word' id='word_1_214' title='bbox 2063 485 2116 551; x_wconf 78' lang='grc' dir='ltr'><strong>Α</strong></span> <span class='ocrx_word' id='word_1_215' title='bbox 2147 486 2744 558; x_wconf 82' lang='lat' dir='ltr'>majoris)supervenit</span> <span class='ocrx_word' id='word_1_216' title='bbox 2765 530 2778 543; x_wconf 95' lang='lat'>.</span> <span class='ocrx_word' id='word_1_217' title='bbox 2817 531 2830 543; x_wconf 90' lang='lat'>.</span> <span class='ocrx_word' id='word_1_218' title='bbox 2868 531 2879 543; x_wconf 92' lang='lat'>.</span> <span class='ocrx_word' id='word_1_219' title='bbox 2909 489 3159 559; x_wconf 78' lang='lat' dir='ltr'>plerique</span> <span class='ocrx_word' id='word_1_220' title='bbox 3181 489 3505 546; x_wconf 88' lang='lat' dir='ltr'>clericorum</span> <span class='ocrx_word' id='word_1_221' title='bbox 3536 532 3548 545; x_wconf 94' lang='lat'>.</span> <span class='ocrx_word' id='word_1_222' title='bbox 3584 533 3597 546; x_wconf 93' lang='lat'>.</span> 
     </span>
    </p>
   </div>
   <div class='ocr_carea' id='block_1_34' title="bbox 3671 359 3779 423">
    <p class='ocr_par' dir='ltr' id='par_1_34' title="bbox 3671 359 3779 423">
     <span class='ocr_line' id='line_1_34' title="bbox 3671 359 3779 423; baseline 0.046 -5"><span class='ocrx_word' id='word_1_223' title='bbox 3671 359 3779 423; x_wconf 61' lang='grc' dir='ltr'>«οι</span> 
     </span>
    </p>
   </div>
   <div class='ocr_carea' id='block_1_35' title="bbox 3634 509 3778 550">
    <p class='ocr_par' dir='ltr' id='par_1_35' title="bbox 3634 509 3778 550">
     <span class='ocr_line' id='line_1_35' title="bbox 3634 509 3778 550; baseline 0.035 -5"><span class='ocrx_word' id='word_1_224' title='bbox 3634 509 3778 550; x_wconf 85' lang='lat' dir='ltr'>.non</span> 
     </span>
    </p>
   </div>
   <div class='ocr_carea' id='block_1_36' title="bbox 2141 577 3781 652">
    <p class='ocr_par' dir='ltr' id='par_1_36' title="bbox 2141 577 3781 652">
     <span class='ocr_line' id='line_1_36' title="bbox 2141 577 3781 652; baseline 0.006 -25"><span class='ocrx_word' id='word_1_225' title='bbox 2141 577 2333 630; x_wconf 77' lang='lat' dir='ltr'>statim</span> <span class='ocrx_word' id='word_1_226' title='bbox 2388 577 2644 647; x_wconf 73' lang='lat' dir='ltr'>expedire</span> <span class='ocrx_word' id='word_1_227' title='bbox 2695 581 2902 632; x_wconf 88' lang='lat' dir='ltr'>certum</span> <span class='ocrx_word' id='word_1_228' title='bbox 2953 594 3254 648; x_wconf 73' lang='lat' dir='ltr'>assensum,</span> <span class='ocrx_word' id='word_1_229' title='bbox 3298 578 3429 650; x_wconf 91' lang='lat' dir='ltr'>quid</span> <span class='ocrx_word' id='word_1_230' title='bbox 3476 579 3548 634; x_wconf 90' lang='lat' dir='ltr'>ad</span> <span class='ocrx_word' id='word_1_231' title='bbox 3583 582 3781 652; x_wconf 82' lang='lat' dir='ltr'>placita</span> 
     </span>
    </p>
   </div>
   <div class='ocr_carea' id='block_1_37' title="bbox 2141 664 3780 738">
    <p class='ocr_par' dir='ltr' id='par_1_37' title="bbox 2141 664 3780 738">
     <span class='ocr_line' id='line_1_37' title="bbox 2141 664 3780 738; baseline 0.005 -21"><span class='ocrx_word' id='word_1_232' title='bbox 2141 664 2396 734; x_wconf 77' lang='lat' dir='ltr'>quaedam</span> <span class='ocrx_word' id='word_1_233' title='bbox 2443 667 2794 738; x_wconf 72' lang='lat' dir='ltr'>exigebatur,</span> <span class='ocrx_word' id='word_1_234' title='bbox 2846 667 3066 722; x_wconf 77' lang='lat' dir='ltr'>valuere</span> <span class='ocrx_word' id='word_1_235' title='bbox 3104 685 3123 721; x_wconf 88' lang='lat'><strong><em>:</em></strong></span> <span class='ocrx_word' id='word_1_236' title='bbox 3171 669 3396 738; x_wconf 81' lang='lat' dir='ltr'>quidam</span> <span class='ocrx_word' id='word_1_237' title='bbox 3439 671 3604 723; x_wconf 87' lang='lat' dir='ltr'>etiam</span> <span class='ocrx_word' id='word_1_238' title='bbox 3639 671 3780 726; x_wconf 86' lang='lat' dir='ltr'>clare</span> 
     </span>
    </p>
   </div>
   <div class='ocr_carea' id='block_1_38' title="bbox 2140 755 3784 827">
    <p class='ocr_par' dir='ltr' id='par_1_38' title="bbox 2140 755 3784 827">
     <span class='ocr_line' id='line_1_38' title="bbox 2140 755 3784 827; baseline 0.005 -21"><span class='ocrx_word' id='word_1_239' title='bbox 2140 757 2492 819; x_wconf 77' lang='lat' dir='ltr'><strong><em>recusarunt,</em></strong></span> <span class='ocrx_word' id='word_1_240' title='bbox 2524 763 2586 809; x_wconf 90' lang='lat' dir='ltr'>ut</span> <span class='ocrx_word' id='word_1_241' title='bbox 2631 757 2693 809; x_wconf 88' lang='lat' dir='ltr'>in</span> <span class='ocrx_word' id='word_1_242' title='bbox 2725 755 2812 809; x_wconf 86' lang='lat' dir='ltr'>his</span> <span class='ocrx_word' id='word_1_243' title='bbox 2861 755 3316 811; x_wconf 80' lang='lat' dir='ltr'>altercationibus</span> <span class='ocrx_word' id='word_1_244' title='bbox 3361 755 3497 812; x_wconf 90' lang='lat' dir='ltr'>hora</span> <span class='ocrx_word' id='word_1_245' title='bbox 3546 758 3784 827; x_wconf 89' lang='lat' dir='ltr'>legitima</span> 
     </span>
    </p>
   </div>
   <div class='ocr_carea' id='block_1_39' title="bbox 2139 843 3779 916">
    <p class='ocr_par' dir='ltr' id='par_1_39' title="bbox 2139 843 3779 916">
     <span class='ocr_line' id='line_1_39' title="bbox 2139 843 3779 916; baseline 0.004 -20"><span class='ocrx_word' id='word_1_246' title='bbox 2139 843 2313 910; x_wconf 84' lang='lat' dir='ltr'>sacri,</span> <span class='ocrx_word' id='word_1_247' title='bbox 2369 859 2438 898; x_wconf 77' lang='lat' dir='ltr'>ex</span> <span class='ocrx_word' id='word_1_248' title='bbox 2477 843 2953 915; x_wconf 57' lang='lat' dir='ltr'>prasanctiﬁcatis</span> <span class='ocrx_word' id='word_1_249' title='bbox 3011 843 3122 899; x_wconf 87' lang='lat' dir='ltr'>lali</span> <span class='ocrx_word' id='word_1_250' title='bbox 3170 844 3257 900; x_wconf 91' lang='lat' dir='ltr'>die</span> <span class='ocrx_word' id='word_1_251' title='bbox 3303 846 3573 901; x_wconf 88' lang='lat' dir='ltr'>celebrari</span> <span class='ocrx_word' id='word_1_252' title='bbox 3614 847 3779 916; x_wconf 85' lang='lat' dir='ltr'>soliti,</span> 
     </span>
    </p>
   </div>
   <div class='ocr_carea' id='block_1_40' title="bbox 2135 933 3784 1007">
    <p class='ocr_par' dir='ltr' id='par_1_40' title="bbox 2135 933 3784 1007">
     <span class='ocr_line' id='line_1_40' title="bbox 2135 933 3784 1007; baseline 0.004 -22"><span class='ocrx_word' id='word_1_253' title='bbox 2135 933 2496 1002; x_wconf 68' lang='lat' dir='ltr'>praeterierit.</span> <span class='ocrx_word' id='word_1_254' title='bbox 2534 933 2662 988; x_wconf 72' lang='lat' dir='ltr'>Haec</span> <span class='ocrx_word' id='word_1_255' title='bbox 2693 950 2846 988; x_wconf 88' lang='lat' dir='ltr'>anno</span> <span class='ocrx_word' id='word_1_256' title='bbox 2870 933 3010 988; x_wconf 90' lang='lat'>1283</span> <span class='ocrx_word' id='word_1_257' title='bbox 3039 934 3380 990; x_wconf 89' lang='lat' dir='ltr'>acciderunt</span> <span class='ocrx_word' id='word_1_258' title='bbox 3409 935 3554 990; x_wconf 82' lang='lat' dir='ltr'>feria</span> <span class='ocrx_word' id='word_1_259' title='bbox 3579 941 3784 1007; x_wconf 87' lang='lat' dir='ltr'>quarta</span> 
     </span>
    </p>
   </div>
   <div class='ocr_carea' id='block_1_41' title="bbox 2140 1021 3782 1094">
    <p class='ocr_par' dir='ltr' id='par_1_41' title="bbox 2140 1021 3782 1094">
     <span class='ocr_line' id='line_1_41' title="bbox 2140 1021 3782 1094; baseline 0.002 -19"><span class='ocrx_word' id='word_1_260' title='bbox 2140 1021 2519 1077; x_wconf 69' lang='lat' dir='ltr'>hebdomadis</span> <span class='ocrx_word' id='word_1_261' title='bbox 2544 1022 2786 1092; x_wconf 88' lang='lat' dir='ltr'>majoris</span> <span class='ocrx_word' id='word_1_262' title='bbox 2817 1027 2950 1078; x_wconf 88' lang='lat' dir='ltr'>ante</span> <span class='ocrx_word' id='word_1_263' title='bbox 2972 1021 3214 1078; x_wconf 85' lang='lat' dir='ltr'><strong>Pascha.</strong></span> <span class='ocrx_word' id='word_1_264' title='bbox 3240 1023 3442 1094; x_wconf 87' lang='lat' dir='ltr'>Itaque</span> <span class='ocrx_word' id='word_1_265' title='bbox 3464 1025 3535 1078; x_wconf 90' lang='lat' dir='ltr'>ad</span> <span class='ocrx_word' id='word_1_266' title='bbox 3567 1040 3782 1080; x_wconf 89' lang='lat' dir='ltr'>annum</span> 
     </span>
    </p>
   </div>
   <div class='ocr_carea' id='block_1_42' title="bbox 2137 1108 3784 1184">
    <p class='ocr_par' dir='ltr' id='par_1_42' title="bbox 2137 1108 3784 1184">
     <span class='ocr_line' id='line_1_42' title="bbox 2137 1108 3784 1184; baseline 0.002 -20"><span class='ocrx_word' id='word_1_267' title='bbox 2137 1108 2547 1181; x_wconf 88' lang='lat' dir='ltr'>insequentem</span> <span class='ocrx_word' id='word_1_268' title='bbox 2583 1112 2719 1166; x_wconf 77' lang='grc'>1284</span> <span class='ocrx_word' id='word_1_269' title='bbox 2767 1112 3018 1183; x_wconf 89' lang='lat' dir='ltr'>pertinet</span> <span class='ocrx_word' id='word_1_270' title='bbox 3068 1113 3357 1167; x_wconf 87' lang='lat' dir='ltr'>Dominica</span> <span class='ocrx_word' id='word_1_271' title='bbox 3407 1113 3621 1184; x_wconf 73' lang='lat' dir='ltr'>Tyriae,</span> <span class='ocrx_word' id='word_1_272' title='bbox 3651 1129 3784 1168; x_wconf 88' lang='lat' dir='ltr'>cum</span> 
     </span>
    </p>
   </div>
   <div class='ocr_carea' id='block_1_43' title="bbox 2139 1199 3786 1272">
    <p class='ocr_par' dir='ltr' id='par_1_43' title="bbox 2139 1199 3786 1272">
     <span class='ocr_line' id='line_1_43' title="bbox 2139 1199 3786 1272; baseline 0.002 -19"><span class='ocrx_word' id='word_1_273' title='bbox 2139 1215 2304 1253; x_wconf 88' lang='lat' dir='ltr'>sacer</span> <span class='ocrx_word' id='word_1_274' title='bbox 2337 1199 2506 1270; x_wconf 87' lang='lat' dir='ltr'>panis</span> <span class='ocrx_word' id='word_1_275' title='bbox 2538 1199 2597 1254; x_wconf 88' lang='lat' dir='ltr'>in</span> <span class='ocrx_word' id='word_1_276' title='bbox 2645 1200 2852 1272; x_wconf 81' lang='lat' dir='ltr'>pyxide</span> <span class='ocrx_word' id='word_1_277' title='bbox 2878 1204 3193 1272; x_wconf 89' lang='lat' dir='ltr'>corruptus</span> <span class='ocrx_word' id='word_1_278' title='bbox 3226 1205 3490 1271; x_wconf 89' lang='lat' dir='ltr'>repertus</span> <span class='ocrx_word' id='word_1_279' title='bbox 3521 1205 3626 1256; x_wconf 87' lang='lat' dir='ltr'>est.</span> <span class='ocrx_word' id='word_1_280' title='bbox 3661 1201 3786 1257; x_wconf 78' lang='lat' dir='ltr'>Haec</span> 
     </span>
    </p>
   </div>
   <div class='ocr_carea' id='block_1_44' title="bbox 2137 1288 3786 1361">
    <p class='ocr_par' dir='ltr' id='par_1_44' title="bbox 2137 1288 3786 1361">
     <span class='ocr_line' id='line_1_44' title="bbox 2137 1288 3786 1361; baseline 0.003 -18"><span class='ocrx_word' id='word_1_281' title='bbox 2137 1288 2339 1344; x_wconf 89' lang='lat' dir='ltr'>eadem</span> <span class='ocrx_word' id='word_1_282' title='bbox 2391 1293 2498 1359; x_wconf 90' lang='lat' dir='ltr'>est,</span> <span class='ocrx_word' id='word_1_283' title='bbox 2530 1304 2709 1360; x_wconf 88' lang='lat' dir='ltr'>quam</span> <span class='ocrx_word' id='word_1_284' title='bbox 2761 1306 2868 1345; x_wconf 90' lang='lat' dir='ltr'>nos</span> <span class='ocrx_word' id='word_1_285' title='bbox 2910 1291 3256 1345; x_wconf 87' lang='lat' dir='ltr'>Dominicam</span> <span class='ocrx_word' id='word_1_286' title='bbox 3303 1290 3786 1361; x_wconf 65' lang='lat' dir='ltr'>Quinquagesima‘:</span> 
     </span>
    </p>
   </div>
   <div class='ocr_carea' id='block_1_45' title="bbox 2133 1377 3786 1451">
    <p class='ocr_par' dir='ltr' id='par_1_45' title="bbox 2133 1377 3786 1451">
     <span class='ocr_line' id='line_1_45' title="bbox 2133 1377 3786 1451; baseline 0.002 -21"><span class='ocrx_word' id='word_1_287' title='bbox 2133 1393 2414 1433; x_wconf 88' lang='lat' dir='ltr'>vocamus</span> <span class='ocrx_word' id='word_1_288' title='bbox 2446 1393 2460 1430; x_wconf 89' lang='lat'><strong>:</strong></span> <span class='ocrx_word' id='word_1_289' title='bbox 2495 1394 2561 1433; x_wconf 89' lang='lat' dir='ltr'>ac</span> <span class='ocrx_word' id='word_1_290' title='bbox 2591 1377 2781 1448; x_wconf 89' lang='lat' dir='ltr'>prima</span> <span class='ocrx_word' id='word_1_291' title='bbox 2803 1377 3016 1449; x_wconf 87' lang='lat' dir='ltr'>jejunii</span> <span class='ocrx_word' id='word_1_292' title='bbox 3066 1377 3600 1450; x_wconf 89' lang='lat' dir='ltr'>quadragesimalis</span> <span class='ocrx_word' id='word_1_293' title='bbox 3631 1380 3786 1451; x_wconf 87' lang='lat' dir='ltr'>apud</span> 
     </span>
    </p>
   </div>
   <div class='ocr_carea' id='block_1_46' title="bbox 2136 1464 3785 1539">
    <p class='ocr_par' dir='ltr' id='par_1_46' title="bbox 2136 1464 3785 1539">
     <span class='ocr_line' id='line_1_46' title="bbox 2136 1464 3785 1539; baseline 0.002 -20"><span class='ocrx_word' id='word_1_294' title='bbox 2136 1464 2363 1520; x_wconf 67' lang='lat' dir='ltr'>Graecos</span> <span class='ocrx_word' id='word_1_295' title='bbox 2407 1465 2794 1521; x_wconf 82' lang='lat' dir='ltr'>hebdomade.</span> <span class='ocrx_word' id='word_1_296' title='bbox 2828 1467 3183 1522; x_wconf 85' lang='lat' dir='ltr'>Consuetum</span> <span class='ocrx_word' id='word_1_297' title='bbox 3233 1471 3359 1523; x_wconf 90' lang='lat' dir='ltr'>erat</span> <span class='ocrx_word' id='word_1_298' title='bbox 3387 1485 3580 1539; x_wconf 92' lang='lat' dir='ltr'>porro,</span> <span class='ocrx_word' id='word_1_299' title='bbox 3613 1473 3697 1523; x_wconf 91' lang='lat' dir='ltr'>tot</span> <span class='ocrx_word' id='word_1_300' title='bbox 3727 1469 3785 1522; x_wconf 92' lang='lat' dir='ltr'>in</span> 
     </span>
    </p>
   </div>
   <div class='ocr_carea' id='block_1_47' title="bbox 2134 1553 3788 1629">
    <p class='ocr_par' dir='ltr' id='par_1_47' title="bbox 2134 1553 3788 1629">
     <span class='ocr_line' id='line_1_47' title="bbox 2134 1553 3788 1629; baseline 0.003 -21"><span class='ocrx_word' id='word_1_301' title='bbox 2134 1553 2438 1609; x_wconf 88' lang='lat' dir='ltr'>Dominica</span> <span class='ocrx_word' id='word_1_302' title='bbox 2469 1555 2665 1626; x_wconf 86' lang='lat' dir='ltr'>Tyrine</span> <span class='ocrx_word' id='word_1_303' title='bbox 2712 1555 3034 1610; x_wconf 89' lang='lat' dir='ltr'>consecrari</span> <span class='ocrx_word' id='word_1_304' title='bbox 3082 1556 3427 1625; x_wconf 89' lang='lat' dir='ltr'>oblationes,</span> <span class='ocrx_word' id='word_1_305' title='bbox 3464 1561 3610 1628; x_wconf 90' lang='lat' dir='ltr'>quot</span> <span class='ocrx_word' id='word_1_306' title='bbox 3642 1573 3788 1629; x_wconf 89' lang='lat' dir='ltr'>opus</span> 
     </span>
    </p>
   </div>
   <div class='ocr_carea' id='block_1_48' title="bbox 2133 1643 3788 1714">
    <p class='ocr_par' dir='ltr' id='par_1_48' title="bbox 2133 1643 3788 1714">
     <span class='ocr_line' id='line_1_48' title="bbox 2133 1643 3788 1714; baseline 0.002 -18"><span class='ocrx_word' id='word_1_307' title='bbox 2133 1647 2319 1711; x_wconf 90' lang='lat' dir='ltr'>erant,</span> <span class='ocrx_word' id='word_1_308' title='bbox 2380 1648 2443 1697; x_wconf 91' lang='lat' dir='ltr'>ut</span> <span class='ocrx_word' id='word_1_309' title='bbox 2500 1645 2884 1714; x_wconf 89' lang='lat' dir='ltr'>sequentibus</span> <span class='ocrx_word' id='word_1_310' title='bbox 2943 1643 3319 1699; x_wconf 71' lang='lat' dir='ltr'>hebdomadaa</span> <span class='ocrx_word' id='word_1_311' title='bbox 3370 1644 3580 1700; x_wconf 90' lang='lat' dir='ltr'>diebus</span> <span class='ocrx_word' id='word_1_312' title='bbox 3609 1647 3788 1700; x_wconf 76' lang='lat' dir='ltr'>missae</span> 
     </span>
    </p>
   </div>
   <div class='ocr_carea' id='block_1_49' title="bbox 2127 1733 3788 1806">
    <p class='ocr_par' dir='ltr' id='par_1_49' title="bbox 2127 1733 3788 1806">
     <span class='ocr_line' id='line_1_49' title="bbox 2127 1733 3788 1806; baseline 0.004 -22"><span class='ocrx_word' id='word_1_313' title='bbox 2127 1733 2715 1802; x_wconf 71' lang='lat' dir='ltr'>praesanctiﬁcalorum</span> <span class='ocrx_word' id='word_1_314' title='bbox 2755 1733 3208 1788; x_wconf 89' lang='lat' dir='ltr'>celebrarentur.</span> <span class='ocrx_word' id='word_1_315' title='bbox 3242 1734 3418 1789; x_wconf 90' lang='lat' dir='ltr'>Sacer</span> <span class='ocrx_word' id='word_1_316' title='bbox 3447 1751 3555 1806; x_wconf 87' lang='lat' dir='ltr'>ego</span> <span class='ocrx_word' id='word_1_317' title='bbox 3596 1736 3788 1806; x_wconf 87' lang='lat' dir='ltr'>panis,</span> 
     </span>
    </p>
   </div>
   <div class='ocr_carea' id='block_1_50' title="bbox 2134 1819 3790 1893">
    <p class='ocr_par' dir='ltr' id='par_1_50' title="bbox 2134 1819 3790 1893">
     <span class='ocr_line' id='line_1_50' title="bbox 2134 1819 3790 1893; baseline 0.003 -20"><span class='ocrx_word' id='word_1_318' title='bbox 2134 1819 2233 1892; x_wconf 90' lang='lat' dir='ltr'>qui</span> <span class='ocrx_word' id='word_1_319' title='bbox 2264 1826 2576 1892; x_wconf 90' lang='lat' dir='ltr'>corruptus</span> <span class='ocrx_word' id='word_1_320' title='bbox 2606 1821 2665 1875; x_wconf 93' lang='lat' dir='ltr'>in</span> <span class='ocrx_word' id='word_1_321' title='bbox 2699 1821 2904 1893; x_wconf 81' lang='lat' dir='ltr'>pyxide</span> <span class='ocrx_word' id='word_1_322' title='bbox 2957 1826 3221 1893; x_wconf 89' lang='lat' dir='ltr'>repertus</span> <span class='ocrx_word' id='word_1_323' title='bbox 3254 1822 3383 1890; x_wconf 87' lang='lat' dir='ltr'>fuit,</span> <span class='ocrx_word' id='word_1_324' title='bbox 3422 1840 3541 1878; x_wconf 88' lang='lat' dir='ltr'>una</span> <span class='ocrx_word' id='word_1_325' title='bbox 3571 1839 3641 1878; x_wconf 86' lang='lat' dir='ltr'>ex</span> <span class='ocrx_word' id='word_1_326' title='bbox 3675 1823 3790 1879; x_wconf 91' lang='lat' dir='ltr'>illis</span> 
     </span>
    </p>
   </div>
   <div class='ocr_carea' id='block_1_51' title="bbox 2132 1909 3789 1984">
    <p class='ocr_par' dir='ltr' id='par_1_51' title="bbox 2132 1909 3789 1984">
     <span class='ocr_line' id='line_1_51' title="bbox 2132 1909 3789 1984; baseline 0.002 -20"><span class='ocrx_word' id='word_1_327' title='bbox 2132 1909 2527 1964; x_wconf 86' lang='lat' dir='ltr'>oblationibus</span> <span class='ocrx_word' id='word_1_328' title='bbox 2559 1910 2924 1981; x_wconf 84' lang='lat' dir='ltr'>credebatur,</span> <span class='ocrx_word' id='word_1_329' title='bbox 2957 1927 3084 1982; x_wconf 77' lang='lat' dir='ltr'>quae</span> <span class='ocrx_word' id='word_1_330' title='bbox 3128 1928 3282 1967; x_wconf 91' lang='lat' dir='ltr'>anno</span> <span class='ocrx_word' id='word_1_331' title='bbox 3314 1913 3618 1984; x_wconf 90' lang='lat' dir='ltr'>superiore</span> <span class='ocrx_word' id='word_1_332' title='bbox 3651 1913 3789 1968; x_wconf 88' lang='lat'>1283</span> 
     </span>
    </p>
   </div>
   <div class='ocr_carea' id='block_1_52' title="bbox 2133 1997 3791 2072">
    <p class='ocr_par' dir='ltr' id='par_1_52' title="bbox 2133 1997 3791 2072">
     <span class='ocr_line' id='line_1_52' title="bbox 2133 1997 3791 2072; baseline 0.004 -21"><span class='ocrx_word' id='word_1_333' title='bbox 2133 1997 2192 2052; x_wconf 92' lang='lat' dir='ltr'>in</span> <span class='ocrx_word' id='word_1_334' title='bbox 2242 1997 2450 2070; x_wconf 82' lang='lat' dir='ltr'>pyxide</span> <span class='ocrx_word' id='word_1_335' title='bbox 2499 1998 2700 2054; x_wconf 89' lang='lat' dir='ltr'>relicta</span> <span class='ocrx_word' id='word_1_336' title='bbox 2744 1999 2953 2067; x_wconf 81' lang='lat' dir='ltr'>fuerat,</span> <span class='ocrx_word' id='word_1_337' title='bbox 2998 2001 3146 2069; x_wconf 77' lang='lat' dir='ltr'>feria</span> <span class='ocrx_word' id='word_1_338' title='bbox 3194 2004 3393 2072; x_wconf 80' lang='lat' dir='ltr'>quarta</span> <span class='ocrx_word' id='word_1_339' title='bbox 3441 2001 3791 2057; x_wconf 63' lang='lat' dir='ltr'>hebdomadas</span> 
     </span>
    </p>
   </div>
   <div class='ocr_carea' id='block_1_53' title="bbox 2133 2088 3790 2161">
    <p class='ocr_par' dir='ltr' id='par_1_53' title="bbox 2133 2088 3790 2161">
     <span class='ocr_line' id='line_1_53' title="bbox 2133 2088 3790 2161; baseline 0.004 -21"><span class='ocrx_word' id='word_1_340' title='bbox 2133 2088 2379 2158; x_wconf 85' lang='lat' dir='ltr'>majoris,</span> <span class='ocrx_word' id='word_1_341' title='bbox 2437 2088 3057 2159; x_wconf 59' lang='lat' dir='ltr'>pressanctilicatorum</span> <span class='ocrx_word' id='word_1_342' title='bbox 3115 2088 3300 2146; x_wconf 88' lang='lat' dir='ltr'>missa</span> <span class='ocrx_word' id='word_1_343' title='bbox 3366 2090 3790 2161; x_wconf 62' lang='lat' dir='ltr'>prmtermissa.</span> 
     </span>
    </p>
   </div>
   <div class='ocr_carea' id='block_1_54' title="bbox 2129 2177 3792 2236">
    <p class='ocr_par' dir='ltr' id='par_1_54' title="bbox 2129 2177 3792 2236">
     <span class='ocr_line' id='line_1_54' title="bbox 2129 2177 3792 2236; baseline 0.004 -6"><span class='ocrx_word' id='word_1_344' title='bbox 2129 2177 2368 2231; x_wconf 81' lang='lat' dir='ltr'>Sacrum</span> <span class='ocrx_word' id='word_1_345' title='bbox 2413 2177 2690 2232; x_wconf 89' lang='lat' dir='ltr'>incidisse</span> <span class='ocrx_word' id='word_1_346' title='bbox 2741 2177 2967 2232; x_wconf 88' lang='lat' dir='ltr'>Pascha</span> <span class='ocrx_word' id='word_1_347' title='bbox 2997 2194 3150 2233; x_wconf 88' lang='lat' dir='ltr'>anno</span> <span class='ocrx_word' id='word_1_348' title='bbox 3184 2179 3320 2234; x_wconf 89' lang='grc'>1284</span> <span class='ocrx_word' id='word_1_349' title='bbox 3372 2179 3792 2236; x_wconf 85' lang='lat' dir='ltr'>adnotavimus</span> 
     </span>
    </p>
   </div>
   <div class='ocr_carea' id='block_1_55' title="bbox 2129 2264 3794 2340">
    <p class='ocr_par' dir='ltr' id='par_1_55' title="bbox 2129 2264 3794 2340">
     <span class='ocr_line' id='line_1_55' title="bbox 2129 2264 3794 2340; baseline 0.004 -22"><span class='ocrx_word' id='word_1_350' title='bbox 2129 2264 2190 2319; x_wconf 92' lang='lat' dir='ltr'>in</span> <span class='ocrx_word' id='word_1_351' title='bbox 2223 2265 2377 2320; x_wconf 92' lang='lat' dir='ltr'>diem</span> <span class='ocrx_word' id='word_1_352' title='bbox 2407 2267 2442 2319; x_wconf 89' lang='lat'>9</span> <span class='ocrx_word' id='word_1_353' title='bbox 2488 2266 2738 2338; x_wconf 86' lang='lat' dir='ltr'>Aprilis:</span> <span class='ocrx_word' id='word_1_354' title='bbox 2773 2267 2930 2322; x_wconf 90' lang='lat' dir='ltr'>unde</span> <span class='ocrx_word' id='word_1_355' title='bbox 2959 2268 3247 2323; x_wconf 87' lang='lat' dir='ltr'>Dominica</span> <span class='ocrx_word' id='word_1_356' title='bbox 3283 2269 3483 2340; x_wconf 80' lang='lat' dir='ltr'>Tyrine</span> <span class='ocrx_word' id='word_1_357' title='bbox 3514 2269 3794 2325; x_wconf 89' lang='lat' dir='ltr'>illuxerat</span> 
     </span>
    </p>
   </div>
   <div class='ocr_carea' id='block_1_56' title="bbox 2128 2353 3716 2421">
    <p class='ocr_par' dir='ltr' id='par_1_56' title="bbox 2128 2353 3716 2421">
     <span class='ocr_line' id='line_1_56' title="bbox 2128 2353 3716 2421; baseline 0.004 -14"><span class='ocrx_word' id='word_1_358' title='bbox 2128 2353 2220 2409; x_wconf 85' lang='lat' dir='ltr'>die</span> <span class='ocrx_word' id='word_1_359' title='bbox 2246 2355 2315 2408; x_wconf 92' lang='lat'>20</span> <span class='ocrx_word' id='word_1_360' title='bbox 2347 2353 2662 2421; x_wconf 77' lang='lat' dir='ltr'>Februarii,</span> <span class='ocrx_word' id='word_1_361' title='bbox 2691 2358 2963 2410; x_wconf 87' lang='lat' dir='ltr'>currente</span> <span class='ocrx_word' id='word_1_362' title='bbox 2994 2354 3188 2411; x_wconf 88' lang='lat' dir='ltr'>littera</span> <span class='ocrx_word' id='word_1_363' title='bbox 3223 2355 3573 2413; x_wconf 89' lang='lat' dir='ltr'>Dominicali</span> <span class='ocrx_word' id='word_1_364' title='bbox 3604 2358 3716 2413; x_wconf 87' lang='lat' dir='ltr'>BA.</span> 
     </span>
    </p>
   </div>
   <div class='ocr_carea' id='block_1_57' title="bbox 2199 2443 3790 2518">
    <p class='ocr_par' dir='ltr' id='par_1_57' title="bbox 2199 2443 3790 2518">
     <span class='ocr_line' id='line_1_57' title="bbox 2199 2443 3790 2518; baseline 0.001 -19"><span class='ocrx_word' id='word_1_365' title='bbox 2199 2446 2269 2499; x_wconf 86' lang='grc' dir='ltr'>1η</span> <span class='ocrx_word' id='word_1_366' title='bbox 2296 2444 2489 2499; x_wconf 83' lang='lat' dir='ltr'><strong><em>urbem</em></strong></span> <span class='ocrx_word' id='word_1_367' title='bbox 2515 2443 3128 2515; x_wconf 87' lang='lat' dir='ltr'>(Constantinopolim)</span> <span class='ocrx_word' id='word_1_368' title='bbox 3158 2461 3408 2501; x_wconf 86' lang='lat' dir='ltr'>reversus</span> <span class='ocrx_word' id='word_1_369' title='bbox 3460 2448 3790 2518; x_wconf 87' lang='lat' dir='ltr'>imperator,</span> 
     </span>
    </p>
   </div>
   <div class='ocr_carea' id='block_1_58' title="bbox 2125 2532 3792 2607">
    <p class='ocr_par' dir='ltr' id='par_1_58' title="bbox 2125 2532 3792 2607">
     <span class='ocr_line' id='line_1_58' title="bbox 2125 2532 3792 2607; baseline 0.002 -22"><span class='ocrx_word' id='word_1_370' title='bbox 2125 2534 2451 2602; x_wconf 83' lang='lat' dir='ltr'>neutiquam</span> <span class='ocrx_word' id='word_1_371' title='bbox 2498 2532 2868 2588; x_wconf 86' lang='lat' dir='ltr'>indormiebat</span> <span class='ocrx_word' id='word_1_372' title='bbox 2915 2533 3019 2604; x_wconf 86' lang='lat' dir='ltr'>(ait</span> <span class='ocrx_word' id='word_1_373' title='bbox 3066 2532 3403 2598; x_wconf 88' lang='lat' dir='ltr'>historicus,</span> <span class='ocrx_word' id='word_1_374' title='bbox 3439 2537 3636 2607; x_wconf 91' lang='lat' dir='ltr'>capite</span> <span class='ocrx_word' id='word_1_375' title='bbox 3676 2537 3792 2604; x_wconf 87' lang='lat'>30),</span> 
     </span>
    </p>
   </div>
   <div class='ocr_carea' id='block_1_59' title="bbox 2126 2621 3792 2694">
    <p class='ocr_par' dir='ltr' id='par_1_59' title="bbox 2126 2621 3792 2694">
     <span class='ocr_line' id='line_1_59' title="bbox 2126 2621 3792 2694; baseline 0.004 -19"><span class='ocrx_word' id='word_1_376' title='bbox 2126 2623 2349 2690; x_wconf 85' lang='lat' dir='ltr'>negotio</span> <span class='ocrx_word' id='word_1_377' title='bbox 2399 2621 2876 2676; x_wconf 84' lang='lat' dir='ltr'>conciliandorum</span> <span class='ocrx_word' id='word_1_378' title='bbox 2923 2621 3199 2688; x_wconf 54' lang='lat' dir='ltr'>Ecclesia,</span> <span class='ocrx_word' id='word_1_379' title='bbox 3229 2625 3328 2694; x_wconf 85' lang='lat' dir='ltr'>qui</span> <span class='ocrx_word' id='word_1_380' title='bbox 3370 2639 3429 2678; x_wconf 88' lang='lat' dir='ltr'>se</span> <span class='ocrx_word' id='word_1_381' title='bbox 3460 2624 3534 2679; x_wconf 91' lang='lat' dir='ltr'>ab</span> <span class='ocrx_word' id='word_1_382' title='bbox 3582 2641 3649 2680; x_wconf 90' lang='lat' dir='ltr'>ea</span> <span class='ocrx_word' id='word_1_383' title='bbox 3675 2625 3792 2680; x_wconf 88' lang='lat' dir='ltr'>dis-</span> 
     </span>
    </p>
   </div>
   <div class='ocr_carea' id='block_1_60' title="bbox 2123 2711 3796 2786">
    <p class='ocr_par' dir='ltr' id='par_1_60' title="bbox 2123 2711 3796 2786">
     <span class='ocr_line' id='line_1_60' title="bbox 2123 2711 3796 2786; baseline 0.003 -22"><span class='ocrx_word' id='word_1_384' title='bbox 2123 2711 2392 2766; x_wconf 83' lang='lat' dir='ltr'>ciderant.</span> <span class='ocrx_word' id='word_1_385' title='bbox 2427 2711 2607 2782; x_wconf 83' lang='lat' dir='ltr'>Signa</span> <span class='ocrx_word' id='word_1_386' title='bbox 2637 2711 2794 2766; x_wconf 87' lang='lat' dir='ltr'>edita</span> <span class='ocrx_word' id='word_1_387' title='bbox 2830 2715 2969 2765; x_wconf 90' lang='lat' dir='ltr'>sunt</span> <span class='ocrx_word' id='word_1_388' title='bbox 2995 2711 3174 2781; x_wconf 87' lang='lat' dir='ltr'>varia,</span> <span class='ocrx_word' id='word_1_389' title='bbox 3207 2713 3427 2784; x_wconf 90' lang='lat' dir='ltr'>quibus</span> <span class='ocrx_word' id='word_1_390' title='bbox 3464 2714 3796 2786; x_wconf 82' lang='lat' dir='ltr'>imperator</span> 
     </span>
    </p>
   </div>
   <div class='ocr_carea' id='block_1_61' title="bbox 2123 2799 3793 2875">
    <p class='ocr_par' dir='ltr' id='par_1_61' title="bbox 2123 2799 3793 2875">
     <span class='ocr_line' id='line_1_61' title="bbox 2123 2799 3793 2875; baseline 0.004 -23"><span class='ocrx_word' id='word_1_391' title='bbox 2123 2806 2428 2870; x_wconf 88' lang='lat' dir='ltr'>permotus</span> <span class='ocrx_word' id='word_1_392' title='bbox 2460 2799 2864 2855; x_wconf 88' lang='lat' dir='ltr'>vehementius</span> <span class='ocrx_word' id='word_1_393' title='bbox 2896 2802 3354 2871; x_wconf 86' lang='lat' dir='ltr'>Arsenianorum,</span> <span class='ocrx_word' id='word_1_394' title='bbox 3387 2805 3450 2856; x_wconf 90' lang='lat' dir='ltr'>et</span> <span class='ocrx_word' id='word_1_395' title='bbox 3478 2802 3793 2875; x_wconf 84' lang='lat' dir='ltr'>Josephita-</span> 
     </span>
    </p>
   </div>
   <div class='ocr_carea' id='block_1_62' title="bbox 2122 2889 3794 2960">
    <p class='ocr_par' dir='ltr' id='par_1_62' title="bbox 2122 2889 3794 2960">
     <span class='ocr_line' id='line_1_62' title="bbox 2122 2889 3794 2960; baseline 0.002 -18"><span class='ocrx_word' id='word_1_396' title='bbox 2122 2905 2251 2943; x_wconf 88' lang='lat' dir='ltr'>rum</span> <span class='ocrx_word' id='word_1_397' title='bbox 2282 2906 2482 2960; x_wconf 89' lang='lat' dir='ltr'>pacem</span> <span class='ocrx_word' id='word_1_398' title='bbox 2508 2889 2770 2960; x_wconf 86' lang='lat' dir='ltr'>urgebat.</span> <span class='ocrx_word' id='word_1_399' title='bbox 2794 2889 2920 2944; x_wconf 86' lang='lat' dir='ltr'>Jam</span> <span class='ocrx_word' id='word_1_400' title='bbox 2953 2905 3085 2944; x_wconf 92' lang='lat' dir='ltr'>vero</span> <span class='ocrx_word' id='word_1_401' title='bbox 3116 2891 3340 2946; x_wconf 88' lang='lat' dir='ltr'>cineres</span> <span class='ocrx_word' id='word_1_402' title='bbox 3359 2892 3628 2959; x_wconf 88' lang='lat' dir='ltr'>Arsenii,</span> <span class='ocrx_word' id='word_1_403' title='bbox 3651 2891 3794 2948; x_wconf 89' lang='lat' dir='ltr'>olim</span> 
     </span>
    </p>
   </div>
   <div class='ocr_carea' id='block_1_63' title="bbox 2121 2977 3792 3052">
    <p class='ocr_par' dir='ltr' id='par_1_63' title="bbox 2121 2977 3792 3052">
     <span class='ocr_line' id='line_1_63' title="bbox 2121 2977 3792 3052; baseline 0.004 -21"><span class='ocrx_word' id='word_1_404' title='bbox 2121 2977 2486 3050; x_wconf 70' lang='lat' dir='ltr'>patriarchae,</span> <span class='ocrx_word' id='word_1_405' title='bbox 2521 2978 2743 3050; x_wconf 85' lang='lat' dir='ltr'>regiam</span> <span class='ocrx_word' id='word_1_406' title='bbox 2775 2978 2834 3032; x_wconf 91' lang='lat' dir='ltr'>in</span> <span class='ocrx_word' id='word_1_407' title='bbox 2867 2979 3071 3034; x_wconf 91' lang='lat' dir='ltr'>urbem</span> <span class='ocrx_word' id='word_1_408' title='bbox 3103 2978 3373 3034; x_wconf 86' lang='lat' dir='ltr'>translati</span> <span class='ocrx_word' id='word_1_409' title='bbox 3402 2981 3632 3052; x_wconf 89' lang='lat' dir='ltr'>(capite</span> <span class='ocrx_word' id='word_1_410' title='bbox 3663 2981 3792 3052; x_wconf 89' lang='lat'>31);</span> 
     </span>
    </p>
   </div>
   <div class='ocr_carea' id='block_1_64' title="bbox 2122 3066 3797 3143">
    <p class='ocr_par' dir='ltr' id='par_1_64' title="bbox 2122 3066 3797 3143">
     <span class='ocr_line' id='line_1_64' title="bbox 2122 3066 3797 3143; baseline 0.003 -22"><span class='ocrx_word' id='word_1_411' title='bbox 2122 3066 2377 3122; x_wconf 89' lang='lat' dir='ltr'>cladium</span> <span class='ocrx_word' id='word_1_412' title='bbox 2435 3067 2610 3122; x_wconf 84' lang='lat' dir='ltr'>etiam</span> <span class='ocrx_word' id='word_1_413' title='bbox 2669 3066 3138 3123; x_wconf 87' lang='lat' dir='ltr'>Christianorum</span> <span class='ocrx_word' id='word_1_414' title='bbox 3196 3068 3442 3124; x_wconf 89' lang='lat' dir='ltr'>initium</span> <span class='ocrx_word' id='word_1_415' title='bbox 3498 3071 3560 3125; x_wconf 90' lang='lat' dir='ltr'>in</span> <span class='ocrx_word' id='word_1_416' title='bbox 3625 3071 3797 3143; x_wconf 83' lang='lat' dir='ltr'>Syria</span> 
     </span>
    </p>
   </div>
   <div class='ocr_carea' id='block_1_65' title="bbox 2119 3157 3795 3232">
    <p class='ocr_par' dir='ltr' id='par_1_65' title="bbox 2119 3157 3795 3232">
     <span class='ocr_line' id='line_1_65' title="bbox 2119 3157 3795 3232; baseline 0.002 -22"><span class='ocrx_word' id='word_1_417' title='bbox 2119 3157 2328 3228; x_wconf 90' lang='lat' dir='ltr'>(capite</span> <span class='ocrx_word' id='word_1_418' title='bbox 2372 3157 2505 3227; x_wconf 86' lang='lat'>32);</span> <span class='ocrx_word' id='word_1_419' title='bbox 2555 3161 2784 3228; x_wconf 88' lang='lat' dir='ltr'>captam</span> <span class='ocrx_word' id='word_1_420' title='bbox 2839 3157 3142 3228; x_wconf 88' lang='lat' dir='ltr'>Tripolim,</span> <span class='ocrx_word' id='word_1_421' title='bbox 3190 3161 3554 3232; x_wconf 87' lang='lat' dir='ltr'>captamque</span> <span class='ocrx_word' id='word_1_422' title='bbox 3603 3159 3795 3215; x_wconf 64' lang='lat' dir='ltr'>Ptole-</span> 
     </span>
    </p>
   </div>
   <div class='ocr_carea' id='block_1_66' title="bbox 361 3224 3799 3317">
    <p class='ocr_par' dir='ltr' id='par_1_66' title="bbox 361 3224 3799 3317">
     <span class='ocr_line' id='line_1_66' title="bbox 361 3224 3799 3317; baseline -0.001 -10"><span class='ocrx_word' id='word_1_423' title='bbox 361 3224 602 3308; x_wconf 49' lang='lat' dir='ltr'>classis-</span> <span class='ocrx_word' id='word_1_424' title='bbox 635 3249 898 3304; x_wconf 82' lang='lat' dir='ltr'>Romana</span> <span class='ocrx_word' id='word_1_425' title='bbox 958 3244 1296 3317; x_wconf 80' lang='lat' dir='ltr'>negligitur,</span> <span class='ocrx_word' id='word_1_426' title='bbox 1355 3261 1421 3299; x_wconf 90' lang='lat' dir='ltr'>ac</span> <span class='ocrx_word' id='word_1_427' title='bbox 1471 3224 1713 3301; x_wconf 38' lang='lat' dir='ltr'>sensim&#39;</span> <span class='ocrx_word' id='word_1_428' title='bbox 1742 3224 2008 3303; x_wconf 82' lang='lat' dir='ltr'>aboletur</span> <span class='ocrx_word' id='word_1_429' title='bbox 2039 3224 2082 3290; x_wconf 61' lang='grc' dir='ltr'><strong>(ἶ</strong></span> <span class='ocrx_word' id='word_1_430' title='bbox 2119 3224 2376 3300; x_wconf 82' lang='lat' dir='ltr'>maidem</span> <span class='ocrx_word' id='word_1_431' title='bbox 2416 3224 2591 3300; x_wconf 83' lang='lat' dir='ltr'>refert</span> <span class='ocrx_word' id='word_1_432' title='bbox 2626 3224 3046 3317; x_wconf 46' lang='lat' dir='ltr'>-Pachymeres,</span> <span class='ocrx_word' id='word_1_433' title='bbox 3077 3224 3472 3316; x_wconf 55' lang='lat' dir='ltr'>sequentium;</span> <span class='ocrx_word' id='word_1_434' title='bbox 3516 3249 3799 3305; x_wconf 89' lang='lat' dir='ltr'>videlicet</span> 
     </span>
    </p>
   </div>
   <div class='ocr_carea' id='block_1_67' title="bbox 361 3333 2009 3414">
    <p class='ocr_par' dir='ltr' id='par_1_67' title="bbox 361 3333 2009 3414">
     <span class='ocr_line' id='line_1_67' title="bbox 361 3333 2009 3414; baseline -0.002 -18"><span class='ocrx_word' id='word_1_435' title='bbox 361 3340 573 3414; x_wconf 90' lang='lat' dir='ltr'>(capite</span> <span class='ocrx_word' id='word_1_436' title='bbox 600 3338 733 3409; x_wconf 89' lang='lat'>26);</span> <span class='ocrx_word' id='word_1_437' title='bbox 767 3333 1071 3391; x_wconf 89' lang='lat' dir='ltr'>Mlcbaelis</span> <span class='ocrx_word' id='word_1_438' title='bbox 1102 3334 1407 3406; x_wconf 90' lang='lat' dir='ltr'>principis,</span> <span class='ocrx_word' id='word_1_439' title='bbox 1460 3333 1563 3388; x_wconf 86' lang='lat' dir='ltr'>filii</span> <span class='ocrx_word' id='word_1_440' title='bbox 1621 3335 1865 3392; x_wconf 87' lang='lat' dir='ltr'>Joannis</span> <span class='ocrx_word' id='word_1_441' title='bbox 1923 3354 2009 3392; x_wconf 90' lang='lat' dir='ltr'>se-</span> 
     </span>
    </p>
   </div>
   <div class='ocr_carea' id='block_1_68' title="bbox 359 3422 2007 3498">
    <p class='ocr_par' dir='ltr' id='par_1_68' title="bbox 359 3422 2007 3498">
     <span class='ocr_line' id='line_1_68' title="bbox 359 3422 2007 3498; baseline -0.002 -12"><span class='ocrx_word' id='word_1_442' title='bbox 359 3425 780 3486; x_wconf 89' lang='lat' dir='ltr'>bastocratoris</span> <span class='ocrx_word' id='word_1_443' title='bbox 827 3425 978 3479; x_wconf 81' lang='lat' dir='ltr'>aedes</span> <span class='ocrx_word' id='word_1_444' title='bbox 1029 3422 1279 3478; x_wconf 81' lang='lat' dir='ltr'>incensae</span> <span class='ocrx_word' id='word_1_445' title='bbox 1329 3424 1542 3495; x_wconf 89' lang='lat' dir='ltr'>(capite</span> <span class='ocrx_word' id='word_1_446' title='bbox 1584 3425 1697 3496; x_wconf 88' lang='lat'>27).</span> <span class='ocrx_word' id='word_1_447' title='bbox 1748 3425 2007 3498; x_wconf 90' lang='lat' dir='ltr'>Tempus</span> 
     </span>
    </p>
   </div>
   <div class='ocr_carea' id='block_1_69' title="bbox 356 3513 2007 3575">
    <p class='ocr_par' dir='ltr' id='par_1_69' title="bbox 356 3513 2007 3575">
     <span class='ocr_line' id='line_1_69' title="bbox 356 3513 2007 3575; baseline -0.002 0"><span class='ocrx_word' id='word_1_448' title='bbox 356 3522 517 3575; x_wconf 89' lang='lat' dir='ltr'>notat</span> <span class='ocrx_word' id='word_1_449' title='bbox 548 3513 866 3571; x_wconf 90' lang='lat' dir='ltr'>historicus</span> <span class='ocrx_word' id='word_1_450' title='bbox 899 3530 911 3568; x_wconf 94' lang='lat'>:</span> <span class='ocrx_word' id='word_1_451' title='bbox 947 3518 1082 3569; x_wconf 73' lang='lat' dir='ltr'>Haec</span> <span class='ocrx_word' id='word_1_452' title='bbox 1108 3514 1261 3567; x_wconf 88' lang='lat' dir='ltr'>circa</span> <span class='ocrx_word' id='word_1_453' title='bbox 1284 3513 1592 3568; x_wconf 86' lang='lat' dir='ltr'>Decembris</span> <span class='ocrx_word' id='word_1_454' title='bbox 1621 3513 1863 3569; x_wconf 85' lang='lat' dir='ltr'>medium</span> <span class='ocrx_word' id='word_1_455' title='bbox 1881 3525 2007 3572; x_wconf 87' lang='lat' dir='ltr'><strong><em>acta</em></strong></span> 
     </span>
    </p>
   </div>
   <div class='ocr_carea' id='block_1_70' title="bbox 351 3601 2000 3674">
    <p class='ocr_par' dir='ltr' id='par_1_70' title="bbox 351 3601 2000 3674">
     <span class='ocr_line' id='line_1_70' title="bbox 351 3601 2000 3674; baseline -0.002 -12"><span class='ocrx_word' id='word_1_456' title='bbox 351 3610 500 3663; x_wconf 86' lang='lat' dir='ltr'>sunt.</span> <span class='ocrx_word' id='word_1_457' title='bbox 533 3607 655 3671; x_wconf 87' lang='lat' dir='ltr'>Quo</span> <span class='ocrx_word' id='word_1_458' title='bbox 685 3619 818 3658; x_wconf 85' lang='lat' dir='ltr'>vero</span> <span class='ocrx_word' id='word_1_459' title='bbox 849 3602 904 3656; x_wconf 91' lang='lat' dir='ltr'>id</span> <span class='ocrx_word' id='word_1_460' title='bbox 953 3601 1230 3656; x_wconf 91' lang='lat' dir='ltr'>acciderit</span> <span class='ocrx_word' id='word_1_461' title='bbox 1260 3617 1434 3671; x_wconf 87' lang='lat' dir='ltr'>anno,</span> <span class='ocrx_word' id='word_1_462' title='bbox 1486 3602 1754 3674; x_wconf 89' lang='lat' dir='ltr'>ignotum</span> <span class='ocrx_word' id='word_1_463' title='bbox 1807 3603 1951 3658; x_wconf 90' lang='lat' dir='ltr'>mihi</span> <span class='ocrx_word' id='word_1_464' title='bbox 1986 3622 2000 3672; x_wconf 89' lang='lat'><strong>;</strong></span> 
     </span>
    </p>
   </div>
   <div class='ocr_carea' id='block_1_71' title="bbox 352 3689 2003 3765">
    <p class='ocr_par' dir='ltr' id='par_1_71' title="bbox 352 3689 2003 3765">
     <span class='ocr_line' id='line_1_71' title="bbox 352 3689 2003 3765; baseline -0.001 -14"><span class='ocrx_word' id='word_1_465' title='bbox 352 3693 532 3752; x_wconf 89' lang='lat' dir='ltr'>simul</span> <span class='ocrx_word' id='word_1_466' title='bbox 561 3693 716 3749; x_wconf 91' lang='lat' dir='ltr'>enim</span> <span class='ocrx_word' id='word_1_467' title='bbox 747 3691 968 3763; x_wconf 89' lang='lat' dir='ltr'>colligit</span> <span class='ocrx_word' id='word_1_468' title='bbox 990 3689 1372 3762; x_wconf 85' lang='lat' dir='ltr'>Pachymeres</span> <span class='ocrx_word' id='word_1_469' title='bbox 1407 3707 1601 3746; x_wconf 91' lang='lat' dir='ltr'>rerum</span> <span class='ocrx_word' id='word_1_470' title='bbox 1633 3699 1874 3748; x_wconf 89' lang='lat' dir='ltr'>eventus</span> <span class='ocrx_word' id='word_1_471' title='bbox 1900 3693 2003 3765; x_wconf 90' lang='lat' dir='ltr'>qui</span> 
     </span>
    </p>
   </div>
   <div class='ocr_carea' id='block_1_72' title="bbox 351 3779 1323 3857">
    <p class='ocr_par' dir='ltr' id='par_1_72' title="bbox 351 3779 1323 3857">
     <span class='ocr_line' id='line_1_72' title="bbox 351 3779 1323 3857; baseline -0.006 -17"><span class='ocrx_word' id='word_1_472' title='bbox 351 3802 456 3857; x_wconf 92' lang='lat' dir='ltr'>per</span> <span class='ocrx_word' id='word_1_473' title='bbox 484 3787 753 3854; x_wconf 87' lang='lat' dir='ltr'>tempora</span> <span class='ocrx_word' id='word_1_474' title='bbox 778 3780 936 3836; x_wconf 86' lang='lat' dir='ltr'>varia</span> <span class='ocrx_word' id='word_1_475' title='bbox 967 3779 1323 3834; x_wconf 88' lang='lat' dir='ltr'>acciderunt.</span> 
     </span>
    </p>
   </div>
   <div class='ocr_carea' id='block_1_73' title="bbox 423 3868 2002 3942">
    <p class='ocr_par' dir='ltr' id='par_1_73' title="bbox 423 3868 2002 3942">
     <span class='ocr_line' id='line_1_73' title="bbox 423 3868 2002 3942; baseline 0.001 -16"><span class='ocrx_word' id='word_1_476' title='bbox 423 3873 773 3942; x_wconf 90' lang='lat' dir='ltr'>Insequente</span> <span class='ocrx_word' id='word_1_477' title='bbox 801 3868 1077 3924; x_wconf 90' lang='lat' dir='ltr'>vicesimo</span> <span class='ocrx_word' id='word_1_478' title='bbox 1103 3871 1302 3923; x_wconf 84' lang='lat' dir='ltr'>octavo</span> <span class='ocrx_word' id='word_1_479' title='bbox 1327 3868 1517 3940; x_wconf 91' lang='lat' dir='ltr'>capite</span> <span class='ocrx_word' id='word_1_480' title='bbox 1539 3869 1775 3925; x_wconf 89' lang='lat' dir='ltr'>disserit</span> <span class='ocrx_word' id='word_1_481' title='bbox 1805 3870 1900 3927; x_wconf 91' lang='lat' dir='ltr'>ille</span> <span class='ocrx_word' id='word_1_482' title='bbox 1932 3873 2002 3928; x_wconf 79' lang='lat' dir='ltr'>de</span> 
     </span>
    </p>
   </div>
   <div class='ocr_carea' id='block_1_74' title="bbox 345 3957 2000 4034">
    <p class='ocr_par' dir='ltr' id='par_1_74' title="bbox 345 3957 2000 4034">
     <span class='ocr_line' id='line_1_74' title="bbox 345 3957 2000 4034; baseline -0.001 -17"><span class='ocrx_word' id='word_1_483' title='bbox 345 3979 494 4034; x_wconf 88' lang='lat' dir='ltr'>pane</span> <span class='ocrx_word' id='word_1_484' title='bbox 521 3963 847 4027; x_wconf 85' lang='lat' dir='ltr'>consecrato,</span> <span class='ocrx_word' id='word_1_485' title='bbox 883 3957 980 4029; x_wconf 89' lang='lat' dir='ltr'>qui</span> <span class='ocrx_word' id='word_1_486' title='bbox 1013 3961 1324 4027; x_wconf 80' lang='lat' dir='ltr'>corruptus</span> <span class='ocrx_word' id='word_1_487' title='bbox 1355 3958 1414 4012; x_wconf 90' lang='lat' dir='ltr'>in</span> <span class='ocrx_word' id='word_1_488' title='bbox 1465 3974 1632 4013; x_wconf 87' lang='lat' dir='ltr'>sacra</span> <span class='ocrx_word' id='word_1_489' title='bbox 1677 3960 1885 4031; x_wconf 83' lang='lat' dir='ltr'>pyxide</span> <span class='ocrx_word' id='word_1_490' title='bbox 1911 3977 2000 4016; x_wconf 86' lang='lat' dir='ltr'>re—</span> 
     </span>
    </p>
   </div>
   <div class='ocr_carea' id='block_1_75' title="bbox 351 4046 1997 4124">
    <p class='ocr_par' dir='ltr' id='par_1_75' title="bbox 351 4046 1997 4124">
     <span class='ocr_line' id='line_1_75' title="bbox 351 4046 1997 4124; baseline -0.002 -17"><span class='ocrx_word' id='word_1_491' title='bbox 351 4056 555 4124; x_wconf 89' lang='lat' dir='ltr'>pertus</span> <span class='ocrx_word' id='word_1_492' title='bbox 586 4057 673 4105; x_wconf 85' lang='lat' dir='ltr'>est</span> <span class='ocrx_word' id='word_1_493' title='bbox 723 4049 781 4102; x_wconf 91' lang='lat' dir='ltr'>in</span> <span class='ocrx_word' id='word_1_494' title='bbox 813 4050 1022 4118; x_wconf 87' lang='lat' dir='ltr'>Magna</span> <span class='ocrx_word' id='word_1_495' title='bbox 1054 4046 1308 4102; x_wconf 91' lang='lat' dir='ltr'>Ecclesia</span> <span class='ocrx_word' id='word_1_496' title='bbox 1333 4047 1997 4118; x_wconf 88' lang='lat' dir='ltr'>Constantinopolitana.</span> 
     </span>
    </p>
   </div>
   <div class='ocr_carea' id='block_1_76' title="bbox 348 4135 2004 4211">
    <p class='ocr_par' dir='ltr' id='par_1_76' title="bbox 348 4135 2004 4211">
     <span class='ocr_line' id='line_1_76' title="bbox 348 4135 2004 4211; baseline -0.001 -17"><span class='ocrx_word' id='word_1_497' title='bbox 348 4145 481 4195; x_wconf 65' lang='lat' dir='ltr'>Haec</span> <span class='ocrx_word' id='word_1_498' title='bbox 512 4139 702 4211; x_wconf 91' lang='lat' dir='ltr'>prima</span> <span class='ocrx_word' id='word_1_499' title='bbox 759 4141 900 4192; x_wconf 86' lang='lat' dir='ltr'>sunt</span> <span class='ocrx_word' id='word_1_500' title='bbox 953 4135 1164 4206; x_wconf 88' lang='lat' dir='ltr'>capitis</span> <span class='ocrx_word' id='word_1_501' title='bbox 1195 4136 1368 4190; x_wconf 87' lang='lat' dir='ltr'>verba</span> <span class='ocrx_word' id='word_1_502' title='bbox 1402 4152 1414 4190; x_wconf 90' lang='lat'>:</span> <span class='ocrx_word' id='word_1_503' title='bbox 1450 4140 1570 4191; x_wconf 84' lang='lat' dir='ltr'>Hoc</span> <span class='ocrx_word' id='word_1_504' title='bbox 1617 4153 1804 4208; x_wconf 87' lang='lat' dir='ltr'>porro,</span> <span class='ocrx_word' id='word_1_505' title='bbox 1837 4147 1894 4192; x_wconf 90' lang='lat' dir='ltr'>ut</span> <span class='ocrx_word' id='word_1_506' title='bbox 1933 4138 2004 4194; x_wconf 90' lang='lat' dir='ltr'>ad</span> 
     </span>
    </p>
   </div>
   <div class='ocr_carea' id='block_1_77' title="bbox 348 4226 2000 4297">
    <p class='ocr_par' dir='ltr' id='par_1_77' title="bbox 348 4226 2000 4297">
     <span class='ocr_line' id='line_1_77' title="bbox 348 4226 2000 4297; baseline -0.002 -13"><span class='ocrx_word' id='word_1_507' title='bbox 348 4230 666 4284; x_wconf 87' lang='lat' dir='ltr'>intermissa</span> <span class='ocrx_word' id='word_1_508' title='bbox 711 4242 796 4281; x_wconf 88' lang='lat' dir='ltr'>me</span> <span class='ocrx_word' id='word_1_509' title='bbox 852 4227 1138 4296; x_wconf 83' lang='lat' dir='ltr'>referam,</span> <span class='ocrx_word' id='word_1_510' title='bbox 1195 4228 1453 4295; x_wconf 86' lang='lat' dir='ltr'>tempore.</span> <span class='ocrx_word' id='word_1_511' title='bbox 1527 4226 1784 4297; x_wconf 89' lang='lat' dir='ltr'>Tempus</span> <span class='ocrx_word' id='word_1_512' title='bbox 1842 4227 2000 4281; x_wconf 85' lang='lat' dir='ltr'>istud</span> 
     </span>
    </p>
   </div>
   <div class='ocr_carea' id='block_1_78' title="bbox 350 4313 2002 4374">
    <p class='ocr_par' dir='ltr' id='par_1_78' title="bbox 350 4313 2002 4374">
     <span class='ocr_line' id='line_1_78' title="bbox 350 4313 2002 4374; baseline -0.002 0"><span class='ocrx_word' id='word_1_513' title='bbox 350 4319 556 4374; x_wconf 88' lang='lat' dir='ltr'>sistere</span> <span class='ocrx_word' id='word_1_514' title='bbox 597 4317 754 4371; x_wconf 91' lang='lat' dir='ltr'>intra</span> <span class='ocrx_word' id='word_1_515' title='bbox 812 4329 1034 4369; x_wconf 90' lang='lat' dir='ltr'>annum</span> <span class='ocrx_word' id='word_1_516' title='bbox 1095 4313 1232 4366; x_wconf 82' lang='grc'>1284</span> <span class='ocrx_word' id='word_1_517' title='bbox 1295 4313 1493 4368; x_wconf 89' lang='lat' dir='ltr'>nullus</span> <span class='ocrx_word' id='word_1_518' title='bbox 1549 4314 1774 4370; x_wconf 91' lang='lat' dir='ltr'>dubito.</span> <span class='ocrx_word' id='word_1_519' title='bbox 1809 4314 2002 4371; x_wconf 90' lang='lat' dir='ltr'>Verba</span> 
     </span>
    </p>
   </div>
   <div class='ocr_carea' id='block_1_79' title="bbox 348 4404 1998 4475">
    <p class='ocr_par' dir='ltr' id='par_1_79' title="bbox 348 4404 1998 4475">
     <span class='ocr_line' id='line_1_79' title="bbox 348 4404 1998 4475; baseline -0.002 -12"><span class='ocrx_word' id='word_1_520' title='bbox 348 4407 900 4475; x_wconf 75' lang='lat' dir='ltr'>animadverte,quaa</span> <span class='ocrx_word' id='word_1_521' title='bbox 928 4407 1293 4474; x_wconf 90' lang='lat' dir='ltr'>sequuntur:</span> <span class='ocrx_word' id='word_1_522' title='bbox 1336 4426 1356 4451; x_wconf 81' lang='grc' dir='ltr'>ι</span> <span class='ocrx_word' id='word_1_523' title='bbox 1392 4404 1676 4458; x_wconf 87' lang='lat' dir='ltr'>Dominica</span> <span class='ocrx_word' id='word_1_524' title='bbox 1705 4404 1998 4471; x_wconf 87' lang='lat' dir='ltr'>illuxerat,</span> 
     </span>
    </p>
   </div>
   <div class='ocr_carea' id='block_1_80' title="bbox 349 4491 2000 4570">
    <p class='ocr_par' dir='ltr' id='par_1_80' title="bbox 349 4491 2000 4570">
     <span class='ocr_line' id='line_1_80' title="bbox 349 4491 2000 4570; baseline -0.002 -18"><span class='ocrx_word' id='word_1_525' title='bbox 349 4497 585 4570; x_wconf 89' lang='lat' dir='ltr'>proprio</span> <span class='ocrx_word' id='word_1_526' title='bbox 613 4492 894 4550; x_wconf 87' lang='lat' dir='ltr'>vocabulo</span> <span class='ocrx_word' id='word_1_527' title='bbox 926 4492 1085 4547; x_wconf 84' lang='lat' dir='ltr'>dicta</span> <span class='ocrx_word' id='word_1_528' title='bbox 1104 4491 1327 4564; x_wconf 76' lang='grc' dir='ltr'>Τυρινῆς</span> <span class='ocrx_word' id='word_1_529' title='bbox 1358 4492 1580 4563; x_wconf 84' lang='lat' dir='ltr'>Tyrine,</span> <span class='ocrx_word' id='word_1_530' title='bbox 1612 4510 1646 4547; x_wconf 87' lang='lat' dir='ltr'>a</span> <span class='ocrx_word' id='word_1_531' title='bbox 1676 4494 1828 4549; x_wconf 89' lang='lat' dir='ltr'>casei</span> <span class='ocrx_word' id='word_1_532' title='bbox 1859 4498 2000 4549; x_wconf 92' lang='lat' dir='ltr'>tunc</span> 
     </span>
    </p>
   </div>
   <div class='ocr_carea' id='block_1_81' title="bbox 2117 3335 3792 3409">
    <p class='ocr_par' dir='ltr' id='par_1_81' title="bbox 2117 3335 3792 3409">
     <span class='ocr_line' id='line_1_81' title="bbox 2117 3335 3792 3409; baseline 0.002 -19"><span class='ocrx_word' id='word_1_533' title='bbox 2117 3352 2406 3391; x_wconf 86' lang='lat' dir='ltr'>annorum</span> <span class='ocrx_word' id='word_1_534' title='bbox 2468 3339 2816 3406; x_wconf 67' lang='lat' dir='ltr'>praevertens</span> <span class='ocrx_word' id='word_1_535' title='bbox 2873 3335 3088 3390; x_wconf 90' lang='lat' dir='ltr'>clades.</span> <span class='ocrx_word' id='word_1_536' title='bbox 3135 3339 3209 3390; x_wconf 86' lang='lat' dir='ltr'>At</span> <span class='ocrx_word' id='word_1_537' title='bbox 3253 3336 3486 3392; x_wconf 87' lang='lat' dir='ltr'>Marino</span> <span class='ocrx_word' id='word_1_538' title='bbox 3537 3342 3792 3409; x_wconf 84' lang='lat' dir='ltr'>Sanuto,</span> 
     </span>
    </p>
   </div>
   <div class='ocr_carea' id='block_1_82' title="bbox 2115 3421 3790 3501">
    <p class='ocr_par' dir='ltr' id='par_1_82' title="bbox 2115 3421 3790 3501">
     <span class='ocr_line' id='line_1_82' title="bbox 2115 3421 3790 3501; baseline 0.002 -22"><span class='ocrx_word' id='word_1_539' title='bbox 2115 3424 2270 3479; x_wconf 92' lang='lat' dir='ltr'>dicto</span> <span class='ocrx_word' id='word_1_540' title='bbox 2323 3425 2583 3489; x_wconf 90' lang='lat' dir='ltr'>Torsello,</span> <span class='ocrx_word' id='word_1_541' title='bbox 2633 3427 2779 3478; x_wconf 86' lang='lat' dir='ltr'>teste</span> <span class='ocrx_word' id='word_1_542' title='bbox 2824 3421 2972 3480; x_wconf 92' lang='lat' dir='ltr'>libro</span> <span class='ocrx_word' id='word_1_543' title='bbox 3023 3441 3108 3492; x_wconf 84' lang='lat' dir='ltr'>III,</span> <span class='ocrx_word' id='word_1_544' title='bbox 3151 3429 3314 3496; x_wconf 89' lang='lat' dir='ltr'>parte</span> <span class='ocrx_word' id='word_1_545' title='bbox 3361 3443 3467 3497; x_wconf 72' lang='grc' dir='ltr'>ΧΠ,</span> <span class='ocrx_word' id='word_1_546' title='bbox 3524 3444 3660 3501; x_wconf 90' lang='lat' dir='ltr'>cap.</span> <span class='ocrx_word' id='word_1_547' title='bbox 3698 3428 3790 3497; x_wconf 88' lang='lat'>19,</span> 
     </span>
    </p>
   </div>
   <div class='ocr_carea' id='block_1_83' title="bbox 2114 3512 3792 3588">
    <p class='ocr_par' dir='ltr' id='par_1_83' title="bbox 2114 3512 3792 3588">
     <span class='ocr_line' id='line_1_83' title="bbox 2114 3512 3792 3588; baseline 0.002 -19"><span class='ocrx_word' id='word_1_548' title='bbox 2114 3513 2409 3569; x_wconf 91' lang='lat' dir='ltr'>obsidium</span> <span class='ocrx_word' id='word_1_549' title='bbox 2471 3513 2647 3568; x_wconf 87' lang='lat' dir='ltr'>castri</span> <span class='ocrx_word' id='word_1_550' title='bbox 2705 3512 2918 3583; x_wconf 85' lang='lat' dir='ltr'>Margat</span> <span class='ocrx_word' id='word_1_551' title='bbox 2975 3513 3087 3568; x_wconf 92' lang='lat' dir='ltr'>sub</span> <span class='ocrx_word' id='word_1_552' title='bbox 3147 3513 3403 3570; x_wconf 89' lang='lat' dir='ltr'>Soldano</span> <span class='ocrx_word' id='word_1_553' title='bbox 3454 3516 3792 3588; x_wconf 89' lang='lat' dir='ltr'>Babylonio</span> 
     </span>
    </p>
   </div>
   <div class='ocr_carea' id='block_1_84' title="bbox 2114 3601 3794 3675">
    <p class='ocr_par' dir='ltr' id='par_1_84' title="bbox 2114 3601 3794 3675">
     <span class='ocr_line' id='line_1_84' title="bbox 2114 3601 3794 3675; baseline 0.002 -18"><span class='ocrx_word' id='word_1_554' title='bbox 2114 3602 2326 3658; x_wconf 90' lang='lat' dir='ltr'>accidit</span> <span class='ocrx_word' id='word_1_555' title='bbox 2360 3619 2512 3658; x_wconf 90' lang='lat' dir='ltr'>anno</span> <span class='ocrx_word' id='word_1_556' title='bbox 2547 3601 2706 3669; x_wconf 85' lang='lat'>1285,</span> <span class='ocrx_word' id='word_1_557' title='bbox 2739 3601 2832 3657; x_wconf 91' lang='lat' dir='ltr'>die</span> <span class='ocrx_word' id='word_1_558' title='bbox 2877 3603 2948 3655; x_wconf 89' lang='grc'>27</span> <span class='ocrx_word' id='word_1_559' title='bbox 2977 3601 3215 3674; x_wconf 82' lang='lat' dir='ltr'>Aprilis,</span> <span class='ocrx_word' id='word_1_560' title='bbox 3247 3603 3504 3675; x_wconf 84' lang='lat' dir='ltr'>eiusque</span> <span class='ocrx_word' id='word_1_561' title='bbox 3538 3606 3794 3663; x_wconf 88' lang='lat' dir='ltr'>amissio</span> 
     </span>
    </p>
   </div>
   <div class='ocr_carea' id='block_1_85' title="bbox 2113 3691 3796 3764">
    <p class='ocr_par' dir='ltr' id='par_1_85' title="bbox 2113 3691 3796 3764">
     <span class='ocr_line' id='line_1_85' title="bbox 2113 3691 3796 3764; baseline 0.002 -17"><span class='ocrx_word' id='word_1_562' title='bbox 2113 3698 2248 3763; x_wconf 90' lang='lat' dir='ltr'>post</span> <span class='ocrx_word' id='word_1_563' title='bbox 2276 3707 2561 3747; x_wconf 90' lang='lat' dir='ltr'>mensem.</span> <span class='ocrx_word' id='word_1_564' title='bbox 2598 3691 2856 3761; x_wconf 89' lang='lat' dir='ltr'>Denique</span> <span class='ocrx_word' id='word_1_565' title='bbox 2895 3693 3162 3747; x_wconf 85' lang='lat' dir='ltr'>secundae</span> <span class='ocrx_word' id='word_1_566' title='bbox 3194 3693 3267 3747; x_wconf 90' lang='lat' dir='ltr'>ab</span> <span class='ocrx_word' id='word_1_567' title='bbox 3296 3691 3672 3764; x_wconf 89' lang='lat' dir='ltr'>imperatore</span> <span class='ocrx_word' id='word_1_568' title='bbox 3704 3712 3796 3751; x_wconf 90' lang='lat' dir='ltr'>ce-</span> 
     </span>
    </p>
   </div>
   <div class='ocr_carea' id='block_1_86' title="bbox 2112 3781 3798 3852">
    <p class='ocr_par' dir='ltr' id='par_1_86' title="bbox 2112 3781 3798 3852">
     <span class='ocr_line' id='line_1_86' title="bbox 2112 3781 3798 3852; baseline 0.005 -18"><span class='ocrx_word' id='word_1_569' title='bbox 2112 3781 2417 3836; x_wconf 88' lang='lat' dir='ltr'>lebrantur</span> <span class='ocrx_word' id='word_1_570' title='bbox 2445 3781 2662 3852; x_wconf 64' lang='lat' dir='ltr'>nuptiae</span> <span class='ocrx_word' id='word_1_571' title='bbox 2687 3797 2821 3835; x_wconf 91' lang='lat' dir='ltr'>cum</span> <span class='ocrx_word' id='word_1_572' title='bbox 2853 3785 3039 3847; x_wconf 88' lang='lat' dir='ltr'>Irene,</span> <span class='ocrx_word' id='word_1_573' title='bbox 3067 3781 3190 3836; x_wconf 87' lang='lat' dir='ltr'>ﬁlia</span> <span class='ocrx_word' id='word_1_574' title='bbox 3221 3782 3598 3840; x_wconf 82' lang='lat' dir='ltr'>marchionis</span> <span class='ocrx_word' id='word_1_575' title='bbox 3628 3785 3798 3842; x_wconf 87' lang='lat' dir='ltr'>Mon-</span> 
     </span>
    </p>
   </div>
   <div class='ocr_carea' id='block_1_87' title="bbox 2111 3869 2774 3941">
    <p class='ocr_par' dir='ltr' id='par_1_87' title="bbox 2111 3869 2774 3941">
     <span class='ocr_line' id='line_1_87' title="bbox 2111 3869 2774 3941; baseline 0.002 -17"><span class='ocrx_word' id='word_1_576' title='bbox 2111 3869 2390 3925; x_wconf 87' lang='lat' dir='ltr'>tisferrati</span> <span class='ocrx_word' id='word_1_577' title='bbox 2421 3869 2631 3941; x_wconf 91' lang='lat' dir='ltr'>(capite</span> <span class='ocrx_word' id='word_1_578' title='bbox 2661 3871 2774 3940; x_wconf 87' lang='lat'>33).</span> 
     </span>
    </p>
   </div>
   <div class='ocr_carea' id='block_1_88' title="bbox 2182 3957 3802 4019">
    <p class='ocr_par' dir='ltr' id='par_1_88' title="bbox 2182 3957 3802 4019">
     <span class='ocr_line' id='line_1_88' title="bbox 2182 3957 3802 4019; baseline 0.005 -7"><span class='ocrx_word' id='word_1_579' title='bbox 2182 3957 2286 4012; x_wconf 79' lang='lat'>96</span> <span class='ocrx_word' id='word_1_580' title='bbox 2317 3959 2470 4012; x_wconf 91' lang='lat' dir='ltr'>Tum</span> <span class='ocrx_word' id='word_1_581' title='bbox 2499 3974 2634 4012; x_wconf 91' lang='lat' dir='ltr'>vero</span> <span class='ocrx_word' id='word_1_582' title='bbox 2661 3962 2931 4012; x_wconf 88' lang='lat' dir='ltr'>evocatus</span> <span class='ocrx_word' id='word_1_583' title='bbox 2963 3975 2993 4013; x_wconf 91' lang='lat' dir='ltr'>e</span> <span class='ocrx_word' id='word_1_584' title='bbox 3046 3958 3231 4012; x_wconf 90' lang='lat' dir='ltr'>Prusa</span> <span class='ocrx_word' id='word_1_585' title='bbox 3257 3958 3530 4016; x_wconf 89' lang='lat' dir='ltr'>Joannes</span> <span class='ocrx_word' id='word_1_586' title='bbox 3567 3963 3802 4019; x_wconf 87' lang='lat' dir='ltr'>Beccus</span> 
     </span>
    </p>
   </div>
   <div class='ocr_carea' id='block_1_89' title="bbox 2112 4045 3802 4125">
    <p class='ocr_par' dir='ltr' id='par_1_89' title="bbox 2112 4045 3802 4125">
     <span class='ocr_line' id='line_1_89' title="bbox 2112 4045 3802 4125; baseline 0.005 -25"><span class='ocrx_word' id='word_1_587' title='bbox 2112 4063 2242 4100; x_wconf 89' lang='lat' dir='ltr'>cum</span> <span class='ocrx_word' id='word_1_588' title='bbox 2299 4045 2496 4114; x_wconf 88' lang='lat' dir='ltr'>sociis,</span> <span class='ocrx_word' id='word_1_589' title='bbox 2551 4046 2930 4100; x_wconf 90' lang='lat' dir='ltr'>Constantino</span> <span class='ocrx_word' id='word_1_590' title='bbox 2982 4046 3356 4112; x_wconf 90' lang='lat' dir='ltr'>Meliteniote,</span> <span class='ocrx_word' id='word_1_591' title='bbox 3423 4055 3485 4104; x_wconf 89' lang='lat' dir='ltr'>et</span> <span class='ocrx_word' id='word_1_592' title='bbox 3538 4051 3802 4125; x_wconf 87' lang='lat' dir='ltr'>Georgio</span> 
     </span>
    </p>
   </div>
   <div class='ocr_carea' id='block_1_90' title="bbox 2111 4133 3802 4205">
    <p class='ocr_par' dir='ltr' id='par_1_90' title="bbox 2111 4133 3802 4205">
     <span class='ocr_line' id='line_1_90' title="bbox 2111 4133 3802 4205; baseline 0.004 -16"><span class='ocrx_word' id='word_1_593' title='bbox 2111 4133 2446 4205; x_wconf 82' lang='lat' dir='ltr'>Metochita,</span> <span class='ocrx_word' id='word_1_594' title='bbox 2508 4133 2959 4199; x_wconf 87' lang='lat' dir='ltr'>archidiaconis,</span> <span class='ocrx_word' id='word_1_595' title='bbox 3007 4139 3071 4189; x_wconf 90' lang='lat' dir='ltr'><strong><em>ut</em></strong></span> <span class='ocrx_word' id='word_1_596' title='bbox 3129 4135 3261 4190; x_wconf 81' lang='lat' dir='ltr'>fidei</span> <span class='ocrx_word' id='word_1_597' title='bbox 3312 4153 3437 4192; x_wconf 78' lang='lat' dir='ltr'>suae</span> <span class='ocrx_word' id='word_1_598' title='bbox 3493 4141 3802 4198; x_wconf 87' lang='lat' dir='ltr'>rationem</span> 
     </span>
    </p>
   </div>
   <div class='ocr_carea' id='block_1_91' title="bbox 2111 4222 3803 4302">
    <p class='ocr_par' dir='ltr' id='par_1_91' title="bbox 2111 4222 3803 4302">
     <span class='ocr_line' id='line_1_91' title="bbox 2111 4222 3803 4302; baseline 0.006 -25"><span class='ocrx_word' id='word_1_599' title='bbox 2111 4223 2439 4278; x_wconf 90' lang='lat' dir='ltr'>redderent.</span> <span class='ocrx_word' id='word_1_600' title='bbox 2492 4223 2782 4277; x_wconf 89' lang='lat' dir='ltr'>Indictum</span> <span class='ocrx_word' id='word_1_601' title='bbox 2834 4239 2970 4294; x_wconf 91' lang='lat' dir='ltr'>ergo</span> <span class='ocrx_word' id='word_1_602' title='bbox 3016 4222 3374 4295; x_wconf 92' lang='lat' dir='ltr'>colloquium</span> <span class='ocrx_word' id='word_1_603' title='bbox 3428 4227 3494 4283; x_wconf 91' lang='lat' dir='ltr'>in</span> <span class='ocrx_word' id='word_1_604' title='bbox 3565 4232 3803 4302; x_wconf 89' lang='lat' dir='ltr'>synodo</span> 
     </span>
    </p>
   </div>
   <div class='ocr_carea' id='block_1_92' title="bbox 2111 4310 3805 4382">
    <p class='ocr_par' dir='ltr' id='par_1_92' title="bbox 2111 4310 3805 4382">
     <span class='ocr_line' id='line_1_92' title="bbox 2111 4310 3805 4382; baseline 0.005 -16"><span class='ocrx_word' id='word_1_605' title='bbox 2111 4310 2663 4376; x_wconf 88' lang='lat' dir='ltr'>ecclesiasticorum,</span> <span class='ocrx_word' id='word_1_606' title='bbox 2697 4328 2823 4382; x_wconf 66' lang='lat' dir='ltr'>quae</span> <span class='ocrx_word' id='word_1_607' title='bbox 2875 4311 3078 4366; x_wconf 89' lang='lat' dir='ltr'>habita</span> <span class='ocrx_word' id='word_1_608' title='bbox 3121 4319 3212 4368; x_wconf 92' lang='lat' dir='ltr'>est</span> <span class='ocrx_word' id='word_1_609' title='bbox 3240 4312 3300 4367; x_wconf 91' lang='lat' dir='ltr'>in</span> <span class='ocrx_word' id='word_1_610' title='bbox 3353 4314 3642 4374; x_wconf 86' lang='lat' dir='ltr'>Triclinia</span> <span class='ocrx_word' id='word_1_611' title='bbox 3674 4319 3805 4375; x_wconf 82' lang='lat' dir='ltr'>Ale-</span> 
     </span>
    </p>
   </div>
   <div class='ocr_carea' id='block_1_93' title="bbox 2107 4399 3810 4472">
    <p class='ocr_par' dir='ltr' id='par_1_93' title="bbox 2107 4399 3810 4472">
     <span class='ocr_line' id='line_1_93' title="bbox 2107 4399 3810 4472; baseline 0.005 -16"><span class='ocrx_word' id='word_1_612' title='bbox 2107 4403 2295 4456; x_wconf 76' lang='lat' dir='ltr'>xiaco.</span> <span class='ocrx_word' id='word_1_613' title='bbox 2354 4399 2560 4455; x_wconf 84' lang='lat' dir='ltr'>Aderat</span> <span class='ocrx_word' id='word_1_614' title='bbox 2604 4400 2927 4471; x_wconf 76' lang='lat' dir='ltr'>patriarcha</span> <span class='ocrx_word' id='word_1_615' title='bbox 2984 4401 3295 4472; x_wconf 86' lang='lat' dir='ltr'>Gregorius.</span> <span class='ocrx_word' id='word_1_616' title='bbox 3347 4404 3810 4464; x_wconf 77' lang='lat' dir='ltr'>Alexandrinus</span> 
     </span>
    </p>
   </div>
   <div class='ocr_carea' id='block_1_94' title="bbox 2113 4489 3810 4563">
    <p class='ocr_par' dir='ltr' id='par_1_94' title="bbox 2113 4489 3810 4563">
     <span class='ocr_line' id='line_1_94' title="bbox 2113 4489 3810 4563; baseline 0.005 -19"><span class='ocrx_word' id='word_1_617' title='bbox 2113 4505 2320 4560; x_wconf 88' lang='lat' dir='ltr'>quoque</span> <span class='ocrx_word' id='word_1_618' title='bbox 2376 4489 2728 4555; x_wconf 86' lang='lat' dir='ltr'>Athanasius,</span> <span class='ocrx_word' id='word_1_619' title='bbox 2787 4489 2938 4560; x_wconf 89' lang='lat' dir='ltr'>quod</span> <span class='ocrx_word' id='word_1_620' title='bbox 2993 4491 3137 4559; x_wconf 85' lang='lat' dir='ltr'>forte</span> <span class='ocrx_word' id='word_1_621' title='bbox 3180 4493 3313 4544; x_wconf 81' lang='lat' dir='ltr'>tunc</span> <span class='ocrx_word' id='word_1_622' title='bbox 3357 4499 3691 4563; x_wconf 63' lang='lat' dir='ltr'>mgrotans,</span> <span class='ocrx_word' id='word_1_623' title='bbox 3741 4496 3810 4554; x_wconf 87' lang='lat' dir='ltr'>de</span> 
     </span>
    </p>
   </div>
   <div class='ocr_carea' id='block_1_95' title="bbox 350 4576 3813 4660">
    <p class='ocr_par' dir='ltr' id='par_1_95' title="bbox 350 4576 3813 4660">
     <span class='ocr_line' id='line_1_95' title="bbox 350 4576 3813 4660; baseline -0 -18"><span class='ocrx_word' id='word_1_624' title='bbox 350 4585 543 4642; x_wconf 90' lang='lat' dir='ltr'>adhuc</span> <span class='ocrx_word' id='word_1_625' title='bbox 583 4601 702 4639; x_wconf 87' lang='lat' dir='ltr'>usu</span> <span class='ocrx_word' id='word_1_626' title='bbox 727 4581 1012 4654; x_wconf 89' lang='lat' dir='ltr'>permisso</span> <span class='ocrx_word' id='word_1_627' title='bbox 1042 4598 1055 4634; x_wconf 93' lang='lat'><strong>:</strong></span> <span class='ocrx_word' id='word_1_628' title='bbox 1081 4596 1200 4652; x_wconf 90' lang='lat' dir='ltr'>qua</span> <span class='ocrx_word' id='word_1_629' title='bbox 1240 4580 1388 4634; x_wconf 90' lang='lat' dir='ltr'>ritus</span> <span class='ocrx_word' id='word_1_630' title='bbox 1411 4586 1726 4636; x_wconf 89' lang='lat' dir='ltr'>consuetus</span> <span class='ocrx_word' id='word_1_631' title='bbox 1756 4583 2003 4638; x_wconf 88' lang='lat' dir='ltr'>vocabat</span> <span class='ocrx_word' id='word_1_632' title='bbox 2033 4595 2078 4660; x_wconf 85' lang='lat' dir='ltr'><strong>D</strong></span> <span class='ocrx_word' id='word_1_633' title='bbox 2107 4577 2364 4633; x_wconf 88' lang='lat' dir='ltr'>cumbens</span> <span class='ocrx_word' id='word_1_634' title='bbox 2397 4578 2458 4630; x_wconf 88' lang='lat' dir='ltr'>in</span> <span class='ocrx_word' id='word_1_635' title='bbox 2497 4576 2690 4632; x_wconf 87' lang='lat' dir='ltr'>lectulo</span> <span class='ocrx_word' id='word_1_636' title='bbox 2727 4585 3005 4647; x_wconf 83' lang='lat' dir='ltr'>portatur.</span> <span class='ocrx_word' id='word_1_637' title='bbox 3043 4577 3185 4634; x_wconf 84' lang='lat' dir='ltr'>Ordo</span> <span class='ocrx_word' id='word_1_638' title='bbox 3215 4580 3520 4638; x_wconf 84' lang='lat' dir='ltr'>universus</span> <span class='ocrx_word' id='word_1_639' title='bbox 3559 4587 3813 4641; x_wconf 84' lang='lat' dir='ltr'>antisti-</span> 
     </span>
    </p>
   </div>
   <div class='ocr_carea' id='block_1_96' title="bbox 349 4669 2005 4743">
    <p class='ocr_par' dir='ltr' id='par_1_96' title="bbox 349 4669 2005 4743">
     <span class='ocr_line' id='line_1_96' title="bbox 349 4669 2005 4743; baseline -0.001 -13"><span class='ocrx_word' id='word_1_640' title='bbox 349 4673 711 4730; x_wconf 89' lang='lat' dir='ltr'>sacerdotem</span> <span class='ocrx_word' id='word_1_641' title='bbox 743 4669 843 4726; x_wconf 75' lang='lat'>95</span> <span class='ocrx_word' id='word_1_642' title='bbox 875 4671 947 4725; x_wconf 90' lang='lat' dir='ltr'>ad</span> <span class='ocrx_word' id='word_1_643' title='bbox 975 4669 1387 4741; x_wconf 83' lang='lat' dir='ltr'>prseparandas</span> <span class='ocrx_word' id='word_1_644' title='bbox 1415 4669 1476 4724; x_wconf 90' lang='lat' dir='ltr'>in</span> <span class='ocrx_word' id='word_1_645' title='bbox 1509 4687 1670 4725; x_wconf 80' lang='lat' dir='ltr'>sacra</span> <span class='ocrx_word' id='word_1_646' title='bbox 1701 4671 1908 4743; x_wconf 82' lang='lat' dir='ltr'>pyxide</span> <span class='ocrx_word' id='word_1_647' title='bbox 1930 4680 2005 4729; x_wconf 91' lang='lat' dir='ltr'>tot</span> 
     </span>
    </p>
   </div>
   <div class='ocr_carea' id='block_1_97' title="bbox 348 4757 1999 4829">
    <p class='ocr_par' dir='ltr' id='par_1_97' title="bbox 348 4757 1999 4829">
     <span class='ocr_line' id='line_1_97' title="bbox 348 4757 1999 4829; baseline -0.001 -11"><span class='ocrx_word' id='word_1_648' title='bbox 348 4763 646 4819; x_wconf 86' lang='lat' dir='ltr'>oblationes</span> <span class='ocrx_word' id='word_1_649' title='bbox 699 4758 1020 4815; x_wconf 83' lang='lat' dir='ltr'>consecrati</span> <span class='ocrx_word' id='word_1_650' title='bbox 1078 4757 1268 4829; x_wconf 90' lang='lat' dir='ltr'>panis,</span> <span class='ocrx_word' id='word_1_651' title='bbox 1321 4762 1464 4828; x_wconf 91' lang='lat' dir='ltr'>quot</span> <span class='ocrx_word' id='word_1_652' title='bbox 1516 4759 1583 4813; x_wconf 88' lang='lat' dir='ltr'>ad</span> <span class='ocrx_word' id='word_1_653' title='bbox 1620 4758 1999 4816; x_wconf 89' lang='lat' dir='ltr'>celebrandas</span> 
     </span>
    </p>
   </div>
   <div class='ocr_carea' id='block_1_98' title="bbox 341 4845 1999 4924">
    <p class='ocr_par' dir='ltr' id='par_1_98' title="bbox 341 4845 1999 4924">
     <span class='ocr_line' id='line_1_98' title="bbox 341 4845 1999 4924; baseline -0.001 -17"><span class='ocrx_word' id='word_1_654' title='bbox 341 4853 512 4924; x_wconf 90' lang='lat' dir='ltr'>juxta</span> <span class='ocrx_word' id='word_1_655' title='bbox 542 4864 764 4905; x_wconf 88' lang='lat' dir='ltr'>morem</span> <span class='ocrx_word' id='word_1_656' title='bbox 793 4847 1080 4903; x_wconf 87' lang='lat' dir='ltr'>instantes</span> <span class='ocrx_word' id='word_1_657' title='bbox 1132 4845 1400 4919; x_wconf 87' lang='lat' dir='ltr'>liturgias</span> <span class='ocrx_word' id='word_1_658' title='bbox 1427 4863 1498 4903; x_wconf 76' lang='lat' dir='ltr'>ex</span> <span class='ocrx_word' id='word_1_659' title='bbox 1516 4850 1999 4920; x_wconf 70' lang='lat' dir='ltr'>praesanctiﬁcatis</span> 
     </span>
    </p>
   </div>
   <div class='ocr_carea' id='block_1_99' title="bbox 349 4935 2001 5012">
    <p class='ocr_par' dir='ltr' id='par_1_99' title="bbox 349 4935 2001 5012">
     <span class='ocr_line' id='line_1_99' title="bbox 349 4935 2001 5012; baseline -0.002 -15"><span class='ocrx_word' id='word_1_660' title='bbox 349 4939 680 5012; x_wconf 91' lang='lat' dir='ltr'>oportebat.</span> <span class='ocrx_word' id='word_1_661' title='bbox 704 4936 813 4993; x_wconf 89' lang='lat' dir='ltr'>Ubi</span> <span class='ocrx_word' id='word_1_662' title='bbox 844 4953 978 5009; x_wconf 82' lang='lat' dir='ltr'>ergo</span> <span class='ocrx_word' id='word_1_663' title='bbox 1009 4939 1114 5004; x_wconf 87' lang='lat' dir='ltr'>est,</span> <span class='ocrx_word' id='word_1_664' title='bbox 1142 4935 1430 4991; x_wconf 88' lang='lat' dir='ltr'>incruenti</span> <span class='ocrx_word' id='word_1_665' title='bbox 1465 4936 1733 4991; x_wconf 84' lang='lat' dir='ltr'>sacriﬁcii</span> <span class='ocrx_word' id='word_1_666' title='bbox 1768 4943 2001 5009; x_wconf 87' lang='lat' dir='ltr'>peracta</span> 
     </span>
    </p>
   </div>
   <div class='ocr_carea' id='block_1_100' title="bbox 348 5024 2000 5098">
    <p class='ocr_par' dir='ltr' id='par_1_100' title="bbox 348 5024 2000 5098">
     <span class='ocr_line' id='line_1_100' title="bbox 348 5024 2000 5098; baseline 0 -14"><span class='ocrx_word' id='word_1_667' title='bbox 348 5028 671 5095; x_wconf 76' lang='lat' dir='ltr'>iunctione,</span> <span class='ocrx_word' id='word_1_668' title='bbox 717 5031 917 5097; x_wconf 89' lang='lat' dir='ltr'>aperta</span> <span class='ocrx_word' id='word_1_669' title='bbox 974 5026 1140 5098; x_wconf 86' lang='lat' dir='ltr'>pyxis</span> <span class='ocrx_word' id='word_1_670' title='bbox 1191 5026 1261 5079; x_wconf 92' lang='lat' dir='ltr'>ad</span> <span class='ocrx_word' id='word_1_671' title='bbox 1294 5024 1663 5081; x_wconf 88' lang='lat' dir='ltr'>collocandos</span> <span class='ocrx_word' id='word_1_672' title='bbox 1692 5026 1843 5083; x_wconf 89' lang='lat' dir='ltr'>intra</span> <span class='ocrx_word' id='word_1_673' title='bbox 1872 5045 2000 5084; x_wconf 89' lang='lat' dir='ltr'>eam</span> 
     </span>
    </p>
   </div>
   <div class='ocr_carea' id='block_1_101' title="bbox 349 5115 2001 5188">
    <p class='ocr_par' dir='ltr' id='par_1_101' title="bbox 349 5115 2001 5188">
     <span class='ocr_line' id='line_1_101' title="bbox 349 5115 2001 5188; baseline -0.002 -14"><span class='ocrx_word' id='word_1_674' title='bbox 349 5120 720 5174; x_wconf 90' lang='lat' dir='ltr'>consecratos</span> <span class='ocrx_word' id='word_1_675' title='bbox 753 5132 953 5186; x_wconf 90' lang='lat' dir='ltr'>panes,</span> <span class='ocrx_word' id='word_1_676' title='bbox 988 5115 1219 5170; x_wconf 89' lang='lat' dir='ltr'>inventa</span> <span class='ocrx_word' id='word_1_677' title='bbox 1250 5115 1408 5169; x_wconf 91' lang='lat' dir='ltr'>intus</span> <span class='ocrx_word' id='word_1_678' title='bbox 1441 5115 1713 5185; x_wconf 87' lang='lat' dir='ltr'>apparuit</span> <span class='ocrx_word' id='word_1_679' title='bbox 1756 5133 1824 5171; x_wconf 91' lang='lat' dir='ltr'>ex</span> <span class='ocrx_word' id='word_1_680' title='bbox 1856 5135 2001 5188; x_wconf 63' lang='lat' dir='ltr'>prae-</span> 
     </span>
    </p>
   </div>
   <div class='ocr_carea' id='block_1_102' title="bbox 351 5204 2002 5276">
    <p class='ocr_par' dir='ltr' id='par_1_102' title="bbox 351 5204 2002 5276">
     <span class='ocr_line' id='line_1_102' title="bbox 351 5204 2002 5276; baseline -0.001 -13"><span class='ocrx_word' id='word_1_681' title='bbox 351 5204 735 5263; x_wconf 85' lang='lat' dir='ltr'>sanctiﬁcatis</span> <span class='ocrx_word' id='word_1_682' title='bbox 766 5204 1004 5274; x_wconf 89' lang='lat' dir='ltr'>oblatio,</span> <span class='ocrx_word' id='word_1_683' title='bbox 1039 5219 1217 5276; x_wconf 91' lang='lat' dir='ltr'>quam</span> <span class='ocrx_word' id='word_1_684' title='bbox 1250 5204 1382 5275; x_wconf 90' lang='lat' dir='ltr'>quis</span> <span class='ocrx_word' id='word_1_685' title='bbox 1413 5204 1651 5260; x_wconf 90' lang='lat' dir='ltr'>intuens</span> <span class='ocrx_word' id='word_1_686' title='bbox 1680 5206 2002 5276; x_wconf 89' lang='lat' dir='ltr'>suspicare-</span> 
     </span>
    </p>
   </div>
   <div class='ocr_carea' id='block_1_103' title="bbox 349 5292 2002 5365">
    <p class='ocr_par' dir='ltr' id='par_1_103' title="bbox 349 5292 2002 5365">
     <span class='ocr_line' id='line_1_103' title="bbox 349 5292 2002 5365; baseline 0.001 -15"><span class='ocrx_word' id='word_1_687' title='bbox 349 5300 446 5350; x_wconf 92' lang='lat' dir='ltr'>tur</span> <span class='ocrx_word' id='word_1_688' title='bbox 477 5311 656 5350; x_wconf 88' lang='lat' dir='ltr'>unam</span> <span class='ocrx_word' id='word_1_689' title='bbox 690 5309 759 5350; x_wconf 91' lang='lat' dir='ltr'>ex</span> <span class='ocrx_word' id='word_1_690' title='bbox 789 5292 860 5348; x_wconf 88' lang='lat' dir='ltr'>iis</span> <span class='ocrx_word' id='word_1_691' title='bbox 893 5309 1042 5359; x_wconf 90' lang='lat' dir='ltr'>esse,</span> <span class='ocrx_word' id='word_1_692' title='bbox 1075 5309 1203 5364; x_wconf 84' lang='lat' dir='ltr'>quae</span> <span class='ocrx_word' id='word_1_693' title='bbox 1225 5294 1366 5351; x_wconf 85' lang='lat' dir='ltr'>feria</span> <span class='ocrx_word' id='word_1_694' title='bbox 1395 5301 1595 5365; x_wconf 83' lang='lat' dir='ltr'>quarta</span> <span class='ocrx_word' id='word_1_695' title='bbox 1650 5293 2002 5352; x_wconf 54' lang='lat' dir='ltr'>hebdomade</span> 
     </span>
    </p>
   </div>
   <div class='ocr_carea' id='block_1_104' title="bbox 348 5379 2002 5455">
    <p class='ocr_par' dir='ltr' id='par_1_104' title="bbox 348 5379 2002 5455">
     <span class='ocr_line' id='line_1_104' title="bbox 348 5379 2002 5455; baseline -0.001 -15"><span class='ocrx_word' id='word_1_696' title='bbox 348 5383 577 5455; x_wconf 86' lang='lat' dir='ltr'>majoris</span> <span class='ocrx_word' id='word_1_697' title='bbox 609 5398 743 5437; x_wconf 92' lang='lat' dir='ltr'>cum</span> <span class='ocrx_word' id='word_1_698' title='bbox 767 5381 960 5437; x_wconf 78' lang='lat' dir='ltr'>offerri</span> <span class='ocrx_word' id='word_1_699' title='bbox 986 5381 1311 5448; x_wconf 90' lang='lat' dir='ltr'>debuisset,</span> <span class='ocrx_word' id='word_1_700' title='bbox 1330 5379 1525 5436; x_wconf 90' lang='lat' dir='ltr'>oblata</span> <span class='ocrx_word' id='word_1_701' title='bbox 1545 5381 1792 5437; x_wconf 88' lang='lat' dir='ltr'>minime</span> <span class='ocrx_word' id='word_1_702' title='bbox 1812 5382 2002 5438; x_wconf 87' lang='lat' dir='ltr'>fuerat</span> 
     </span>
    </p>
   </div>
   <div class='ocr_carea' id='block_1_105' title="bbox 350 5470 1996 5542">
    <p class='ocr_par' dir='ltr' id='par_1_105' title="bbox 350 5470 1996 5542">
     <span class='ocr_line' id='line_1_105' title="bbox 350 5470 1996 5542; baseline -0.001 -15"><span class='ocrx_word' id='word_1_703' title='bbox 350 5477 416 5528; x_wconf 88' lang='lat' dir='ltr'>ut</span> <span class='ocrx_word' id='word_1_704' title='bbox 444 5473 767 5527; x_wconf 87' lang='lat' dir='ltr'>indicatum</span> <span class='ocrx_word' id='word_1_705' title='bbox 801 5477 889 5526; x_wconf 90' lang='lat' dir='ltr'>est</span> <span class='ocrx_word' id='word_1_706' title='bbox 943 5470 1238 5542; x_wconf 90' lang='lat' dir='ltr'>superius,</span> <span class='ocrx_word' id='word_1_707' title='bbox 1269 5474 1489 5540; x_wconf 78' lang='lat' dir='ltr'>propter</span> <span class='ocrx_word' id='word_1_708' title='bbox 1528 5487 1800 5526; x_wconf 83' lang='lat' dir='ltr'>recessum</span> <span class='ocrx_word' id='word_1_709' title='bbox 1831 5472 1996 5527; x_wconf 86' lang='lat' dir='ltr'>eccle-</span> 
     </span>
    </p>
   </div>
   <div class='ocr_carea' id='block_1_106' title="bbox 349 5559 1998 5632">
    <p class='ocr_par' dir='ltr' id='par_1_106' title="bbox 349 5559 1998 5632">
     <span class='ocr_line' id='line_1_106' title="bbox 349 5559 1998 5632; baseline -0.001 -16"><span class='ocrx_word' id='word_1_710' title='bbox 349 5563 702 5616; x_wconf 85' lang='lat' dir='ltr'>siasticorum</span> <span class='ocrx_word' id='word_1_711' title='bbox 753 5576 825 5616; x_wconf 73' lang='lat' dir='ltr'>ex</span> <span class='ocrx_word' id='word_1_712' title='bbox 871 5561 1113 5614; x_wconf 84' lang='lat' dir='ltr'>ecclesia.</span> <span class='ocrx_word' id='word_1_713' title='bbox 1174 5559 1456 5629; x_wconf 90' lang='lat' dir='ltr'>Superius</span> <span class='ocrx_word' id='word_1_714' title='bbox 1506 5565 1684 5632; x_wconf 89' lang='lat' dir='ltr'>caput</span> <span class='ocrx_word' id='word_1_715' title='bbox 1743 5561 1809 5614; x_wconf 90' lang='grc'>15</span> <span class='ocrx_word' id='word_1_716' title='bbox 1849 5560 1998 5614; x_wconf 88' lang='lat' dir='ltr'>indi-</span> 
     </span>
    </p>
   </div>
   <div class='ocr_carea' id='block_1_107' title="bbox 350 5647 1997 5722">
    <p class='ocr_par' dir='ltr' id='par_1_107' title="bbox 350 5647 1997 5722">
     <span class='ocr_line' id='line_1_107' title="bbox 350 5647 1997 5722; baseline -0.001 -17"><span class='ocrx_word' id='word_1_717' title='bbox 350 5649 645 5716; x_wconf 84' lang='lat' dir='ltr'>catur,ubi</span> <span class='ocrx_word' id='word_1_718' title='bbox 667 5649 737 5705; x_wconf 89' lang='lat' dir='ltr'>de</span> <span class='ocrx_word' id='word_1_719' title='bbox 766 5649 1219 5720; x_wconf 88' lang='lat' dir='ltr'>inauguratione</span> <span class='ocrx_word' id='word_1_720' title='bbox 1247 5647 1437 5719; x_wconf 87' lang='lat' dir='ltr'>Cyprii</span> <span class='ocrx_word' id='word_1_721' title='bbox 1470 5648 1845 5720; x_wconf 73' lang='lat' dir='ltr'>partriarchee</span> <span class='ocrx_word' id='word_1_722' title='bbox 1875 5649 1997 5722; x_wconf 88' lang='lat' dir='ltr'>agi-</span> 
     </span>
    </p>
   </div>
   <div class='ocr_carea' id='block_1_108' title="bbox 350 5735 2000 5813">
    <p class='ocr_par' dir='ltr' id='par_1_108' title="bbox 350 5735 2000 5813">
     <span class='ocr_line' id='line_1_108' title="bbox 350 5735 2000 5813; baseline -0.002 -13"><span class='ocrx_word' id='word_1_723' title='bbox 350 5741 469 5802; x_wconf 84' lang='lat' dir='ltr'>tur.</span> <span class='ocrx_word' id='word_1_724' title='bbox 499 5738 631 5799; x_wconf 65' lang='lat' dir='ltr'>Hac</span> <span class='ocrx_word' id='word_1_725' title='bbox 657 5737 740 5796; x_wconf 91' lang='lat' dir='ltr'>ibi</span> <span class='ocrx_word' id='word_1_726' title='bbox 761 5736 1054 5796; x_wconf 88' lang='lat' dir='ltr'>habentur</span> <span class='ocrx_word' id='word_1_727' title='bbox 1085 5753 1099 5795; x_wconf 89' lang='lat'><strong>:</strong></span> <span class='ocrx_word' id='word_1_728' title='bbox 1137 5737 1201 5797; x_wconf 87' lang='lat' dir='ltr'>Ut</span> <span class='ocrx_word' id='word_1_729' title='bbox 1229 5743 1428 5810; x_wconf 85' lang='lat' dir='ltr'>quarta</span> <span class='ocrx_word' id='word_1_730' title='bbox 1450 5735 1565 5794; x_wconf 83' lang='lat' dir='ltr'>dies</span> <span class='ocrx_word' id='word_1_731' title='bbox 1587 5735 2000 5813; x_wconf 75' lang='lat' dir='ltr'>(hebdomadas</span> 
     </span>
    </p>
   </div>
   <div class='ocr_carea' id='block_1_109' title="bbox 2111 4665 3811 4745">
    <p class='ocr_par' dir='ltr' id='par_1_109' title="bbox 2111 4665 3811 4745">
     <span class='ocr_line' id='line_1_109' title="bbox 2111 4665 3811 4745; baseline 0.006 -23"><span class='ocrx_word' id='word_1_732' title='bbox 2111 4670 2229 4722; x_wconf 87' lang='lat' dir='ltr'>tum</span> <span class='ocrx_word' id='word_1_733' title='bbox 2256 4667 2511 4722; x_wconf 84' lang='lat' dir='ltr'>convenit</span> <span class='ocrx_word' id='word_1_734' title='bbox 2536 4682 2556 4719; x_wconf 69' lang='grc' dir='ltr'>τ</span> <span class='ocrx_word' id='word_1_735' title='bbox 2587 4681 2687 4721; x_wconf 86' lang='lat' dir='ltr'>nec</span> <span class='ocrx_word' id='word_1_736' title='bbox 2736 4666 2923 4721; x_wconf 85' lang='lat' dir='ltr'>clerici</span> <span class='ocrx_word' id='word_1_737' title='bbox 2951 4665 3163 4735; x_wconf 84' lang='lat' dir='ltr'>desunt,</span> <span class='ocrx_word' id='word_1_738' title='bbox 3195 4684 3297 4724; x_wconf 86' lang='lat' dir='ltr'>nec</span> <span class='ocrx_word' id='word_1_739' title='bbox 3348 4671 3633 4745; x_wconf 87' lang='lat' dir='ltr'>plerique</span> <span class='ocrx_word' id='word_1_740' title='bbox 3685 4691 3811 4732; x_wconf 87' lang='lat' dir='ltr'>mo-</span> 
     </span>
    </p>
   </div>
   <div class='ocr_carea' id='block_1_110' title="bbox 2109 4756 3818 4837">
    <p class='ocr_par' dir='ltr' id='par_1_110' title="bbox 2109 4756 3818 4837">
     <span class='ocr_line' id='line_1_110' title="bbox 2109 4756 3818 4837; baseline 0.006 -26"><span class='ocrx_word' id='word_1_741' title='bbox 2109 4756 2435 4822; x_wconf 81' lang='lat' dir='ltr'>nachorum,</span> <span class='ocrx_word' id='word_1_742' title='bbox 2468 4771 2567 4811; x_wconf 84' lang='lat' dir='ltr'>nec</span> <span class='ocrx_word' id='word_1_743' title='bbox 2616 4756 2884 4810; x_wconf 88' lang='lat' dir='ltr'>laicorum</span> <span class='ocrx_word' id='word_1_744' title='bbox 2929 4756 3130 4827; x_wconf 89' lang='lat' dir='ltr'>quique</span> <span class='ocrx_word' id='word_1_745' title='bbox 3179 4758 3492 4816; x_wconf 87' lang='lat' dir='ltr'>lectissimi.</span> <span class='ocrx_word' id='word_1_746' title='bbox 3531 4764 3637 4818; x_wconf 86' lang='lat' dir='ltr'>His</span> <span class='ocrx_word' id='word_1_747' title='bbox 3662 4781 3818 4837; x_wconf 70' lang='lat' dir='ltr'>prae-</span> 
     </span>
    </p>
   </div>
   <div class='ocr_carea' id='block_1_111' title="bbox 2107 4844 3813 4925">
    <p class='ocr_par' dir='ltr' id='par_1_111' title="bbox 2107 4844 3813 4925">
     <span class='ocr_line' id='line_1_111' title="bbox 2107 4844 3813 4925; baseline 0.005 -25"><span class='ocrx_word' id='word_1_748' title='bbox 2107 4846 2324 4902; x_wconf 86' lang='lat' dir='ltr'>sidebat</span> <span class='ocrx_word' id='word_1_749' title='bbox 2355 4846 2673 4916; x_wconf 88' lang='lat' dir='ltr'>imperator,</span> <span class='ocrx_word' id='word_1_750' title='bbox 2705 4847 2916 4900; x_wconf 88' lang='lat' dir='ltr'>circum</span> <span class='ocrx_word' id='word_1_751' title='bbox 2947 4862 3003 4900; x_wconf 90' lang='lat' dir='ltr'>se</span> <span class='ocrx_word' id='word_1_752' title='bbox 3052 4844 3254 4900; x_wconf 84' lang='lat' dir='ltr'>habens</span> <span class='ocrx_word' id='word_1_753' title='bbox 3281 4860 3650 4907; x_wconf 89' lang='lat' dir='ltr'>summatum</span> <span class='ocrx_word' id='word_1_754' title='bbox 3678 4855 3813 4925; x_wconf 85' lang='lat' dir='ltr'>pri-</span> 
     </span>
    </p>
   </div>
   <div class='ocr_carea' id='block_1_112' title="bbox 2109 4935 3817 5014">
    <p class='ocr_par' dir='ltr' id='par_1_112' title="bbox 2109 4935 3817 5014">
     <span class='ocr_line' id='line_1_112' title="bbox 2109 4935 3817 5014; baseline 0.006 -24"><span class='ocrx_word' id='word_1_755' title='bbox 2109 4951 2304 4991; x_wconf 88' lang='lat' dir='ltr'>mores.</span> <span class='ocrx_word' id='word_1_756' title='bbox 2338 4938 2404 4990; x_wconf 89' lang='lat' dir='ltr'>In</span> <span class='ocrx_word' id='word_1_757' title='bbox 2429 4935 2627 5006; x_wconf 85' lang='lat' dir='ltr'>primis</span> <span class='ocrx_word' id='word_1_758' title='bbox 2657 4935 2930 4989; x_wconf 87' lang='lat' dir='ltr'>eminebat</span> <span class='ocrx_word' id='word_1_759' title='bbox 2983 4935 3251 5002; x_wconf 83' lang='lat' dir='ltr'>logotheta</span> <span class='ocrx_word' id='word_1_760' title='bbox 3281 4935 3601 5014; x_wconf 89' lang='lat' dir='ltr'>(Muzalo).</span> <span class='ocrx_word' id='word_1_761' title='bbox 3640 4947 3817 5000; x_wconf 85' lang='lat' dir='ltr'>Hanc</span> 
     </span>
    </p>
   </div>
   <div class='ocr_carea' id='block_1_113' title="bbox 2111 5022 3811 5093">
    <p class='ocr_par' dir='ltr' id='par_1_113' title="bbox 2111 5022 3811 5093">
     <span class='ocr_line' id='line_1_113' title="bbox 2111 5022 3811 5093; baseline 0.005 -14"><span class='ocrx_word' id='word_1_762' title='bbox 2111 5025 2401 5092; x_wconf 88' lang='lat' dir='ltr'>synodum</span> <span class='ocrx_word' id='word_1_763' title='bbox 2421 5023 2490 5078; x_wconf 92' lang='lat' dir='ltr'>ad</span> <span class='ocrx_word' id='word_1_764' title='bbox 2511 5023 2646 5077; x_wconf 89' lang='lat' dir='ltr'>anni</span> <span class='ocrx_word' id='word_1_765' title='bbox 2670 5023 2809 5076; x_wconf 87' lang='grc'>1284</span> <span class='ocrx_word' id='word_1_766' title='bbox 2841 5022 3061 5078; x_wconf 91' lang='lat' dir='ltr'>Maium</span> <span class='ocrx_word' id='word_1_767' title='bbox 3090 5040 3374 5093; x_wconf 90' lang='lat' dir='ltr'>mensem,</span> <span class='ocrx_word' id='word_1_768' title='bbox 3404 5034 3519 5084; x_wconf 90' lang='lat' dir='ltr'>aut</span> <span class='ocrx_word' id='word_1_769' title='bbox 3542 5031 3811 5088; x_wconf 88' lang='lat' dir='ltr'>Junium</span> 
     </span>
    </p>
   </div>
   <div class='ocr_carea' id='block_1_114' title="bbox 2111 5112 3818 5182">
    <p class='ocr_par' dir='ltr' id='par_1_114' title="bbox 2111 5112 3818 5182">
     <span class='ocr_line' id='line_1_114' title="bbox 2111 5112 3818 5182; baseline 0.006 -14"><span class='ocrx_word' id='word_1_770' title='bbox 2111 5115 2286 5168; x_wconf 78' lang='lat' dir='ltr'>refert</span> <span class='ocrx_word' id='word_1_771' title='bbox 2331 5112 2631 5167; x_wconf 89' lang='lat' dir='ltr'>Possinus.</span> <span class='ocrx_word' id='word_1_772' title='bbox 2668 5117 3078 5182; x_wconf 86' lang='lat' dir='ltr'>Insequentem</span> <span class='ocrx_word' id='word_1_773' title='bbox 3127 5113 3391 5170; x_wconf 89' lang='lat' dir='ltr'>indicare</span> <span class='ocrx_word' id='word_1_774' title='bbox 3447 5135 3699 5176; x_wconf 88' lang='lat' dir='ltr'>annum</span> <span class='ocrx_word' id='word_1_775' title='bbox 3731 5121 3818 5178; x_wconf 89' lang='lat' dir='ltr'>vi-</span> 
     </span>
    </p>
   </div>
   <div class='ocr_carea' id='block_1_115' title="bbox 2111 5201 3817 5274">
    <p class='ocr_par' dir='ltr' id='par_1_115' title="bbox 2111 5201 3817 5274">
     <span class='ocr_line' id='line_1_115' title="bbox 2111 5201 3817 5274; baseline 0.007 -17"><span class='ocrx_word' id='word_1_776' title='bbox 2111 5203 2342 5272; x_wconf 89' lang='lat' dir='ltr'>dentur,</span> <span class='ocrx_word' id='word_1_777' title='bbox 2376 5218 2501 5273; x_wconf 64' lang='lat' dir='ltr'>quis</span> <span class='ocrx_word' id='word_1_778' title='bbox 2531 5201 2694 5256; x_wconf 88' lang='lat' dir='ltr'>varia</span> <span class='ocrx_word' id='word_1_779' title='bbox 2726 5217 2920 5256; x_wconf 90' lang='lat' dir='ltr'>rerum</span> <span class='ocrx_word' id='word_1_780' title='bbox 2955 5201 3302 5274; x_wconf 87' lang='lat' dir='ltr'>interposita</span> <span class='ocrx_word' id='word_1_781' title='bbox 3332 5217 3659 5266; x_wconf 89' lang='lat' dir='ltr'>memorat</span> <span class='ocrx_word' id='word_1_782' title='bbox 3695 5217 3817 5269; x_wconf 88' lang='lat' dir='ltr'>Pa-</span> 
     </span>
    </p>
   </div>
   <div class='ocr_carea' id='block_1_116' title="bbox 2111 5292 2671 5363">
    <p class='ocr_par' dir='ltr' id='par_1_116' title="bbox 2111 5292 2671 5363">
     <span class='ocr_line' id='line_1_116' title="bbox 2111 5292 2671 5363; baseline -0.007 -15"><span class='ocrx_word' id='word_1_783' title='bbox 2111 5292 2414 5363; x_wconf 87' lang='lat' dir='ltr'>chymeres</span> <span class='ocrx_word' id='word_1_784' title='bbox 2447 5295 2671 5345; x_wconf 91' lang='lat' dir='ltr'>eventa.</span> 
     </span>
    </p>
   </div>
   <div class='ocr_carea' id='block_1_117' title="bbox 2184 5377 3817 5463">
    <p class='ocr_par' dir='ltr' id='par_1_117' title="bbox 2184 5377 3817 5463">
     <span class='ocr_line' id='line_1_117' title="bbox 2184 5377 3817 5463; baseline -0.001 -28"><span class='ocrx_word' id='word_1_785' title='bbox 2184 5379 2277 5435; x_wconf 89' lang='lat' dir='ltr'><strong>III.</strong></span> <span class='ocrx_word' id='word_1_786' title='bbox 2311 5379 2608 5450; x_wconf 66' lang='lat' dir='ltr'>Praecipua</span> <span class='ocrx_word' id='word_1_787' title='bbox 2655 5377 2931 5451; x_wconf 92' lang='lat' dir='ltr'>colloquii</span> <span class='ocrx_word' id='word_1_788' title='bbox 2982 5381 3173 5453; x_wconf 89' lang='lat' dir='ltr'>capita</span> <span class='ocrx_word' id='word_1_789' title='bbox 3221 5381 3436 5452; x_wconf 81' lang='lat' dir='ltr'>refero,</span> <span class='ocrx_word' id='word_1_790' title='bbox 3477 5403 3622 5458; x_wconf 62' lang='lat' dir='ltr'>qua;</span> <span class='ocrx_word' id='word_1_791' title='bbox 3675 5408 3817 5463; x_wconf 76' lang='grc' dir='ltr'>ρνο-</span> 
     </span>
    </p>
   </div>
   <div class='ocr_carea' id='block_1_118' title="bbox 2109 5469 3821 5552">
    <p class='ocr_par' dir='ltr' id='par_1_118' title="bbox 2109 5469 3821 5552">
     <span class='ocr_line' id='line_1_118' title="bbox 2109 5469 3821 5552; baseline 0.007 -27"><span class='ocrx_word' id='word_1_792' title='bbox 2109 5471 2366 5526; x_wconf 88' lang='lat' dir='ltr'>cessionis</span> <span class='ocrx_word' id='word_1_793' title='bbox 2398 5469 2612 5540; x_wconf 84' lang='lat' dir='ltr'>dogma</span> <span class='ocrx_word' id='word_1_794' title='bbox 2659 5474 2944 5540; x_wconf 87' lang='lat' dir='ltr'>spectant,</span> <span class='ocrx_word' id='word_1_795' title='bbox 2977 5487 3046 5526; x_wconf 88' lang='lat' dir='ltr'>ex</span> <span class='ocrx_word' id='word_1_796' title='bbox 3073 5471 3340 5541; x_wconf 85' lang='lat' dir='ltr'>ejusdem</span> <span class='ocrx_word' id='word_1_797' title='bbox 3395 5477 3821 5552; x_wconf 84' lang='lat' dir='ltr'>Pachymeris</span> 
     </span>
    </p>
   </div>
   <div class='ocr_carea' id='block_1_119' title="bbox 2110 5557 3823 5631">
    <p class='ocr_par' dir='ltr' id='par_1_119' title="bbox 2110 5557 3823 5631">
     <span class='ocr_line' id='line_1_119' title="bbox 2110 5557 3823 5631; baseline 0.013 -23"><span class='ocrx_word' id='word_1_798' title='bbox 2110 5557 2370 5629; x_wconf 83' lang='lat' dir='ltr'>capitulo</span> <span class='ocrx_word' id='word_1_799' title='bbox 2401 5558 2472 5610; x_wconf 83' lang='grc'><strong>35</strong></span> <span class='ocrx_word' id='word_1_800' title='bbox 2500 5558 2600 5629; x_wconf 87' lang='grc'>(1).</span> <span class='ocrx_word' id='word_1_801' title='bbox 2625 5557 2902 5629; x_wconf 86' lang='lat' dir='ltr'>Gregorio</span> <span class='ocrx_word' id='word_1_802' title='bbox 2925 5560 3288 5630; x_wconf 75' lang='lat' dir='ltr'>patriarchae,</span> <span class='ocrx_word' id='word_1_803' title='bbox 3314 5564 3468 5631; x_wconf 91' lang='lat' dir='ltr'>quid</span> <span class='ocrx_word' id='word_1_804' title='bbox 3503 5571 3823 5629; x_wconf 81' lang='lat' dir='ltr'>sentirent</span> 
     </span>
    </p>
   </div>
   <div class='ocr_carea' id='block_1_120' title="bbox 2109 5647 3819 5727">
    <p class='ocr_par' dir='ltr' id='par_1_120' title="bbox 2109 5647 3819 5727">
     <span class='ocr_line' id='line_1_120' title="bbox 2109 5647 3819 5727; baseline 0.01 -24"><span class='ocrx_word' id='word_1_805' title='bbox 2109 5648 2174 5704; x_wconf 92' lang='lat' dir='ltr'>de</span> <span class='ocrx_word' id='word_1_806' title='bbox 2218 5647 2471 5718; x_wconf 84' lang='lat' dir='ltr'>dogmate</span> <span class='ocrx_word' id='word_1_807' title='bbox 2527 5647 2892 5718; x_wconf 88' lang='lat' dir='ltr'>percontanti</span> <span class='ocrx_word' id='word_1_808' title='bbox 2943 5648 3330 5706; x_wconf 85' lang='lat' dir='ltr'>archidiaconi</span> <span class='ocrx_word' id='word_1_809' title='bbox 3391 5668 3750 5727; x_wconf 89' lang='lat' dir='ltr'>reposuere</span> <span class='ocrx_word' id='word_1_810' title='bbox 3801 5676 3819 5718; x_wconf 86' lang='lat'><strong>:</strong></span> 
     </span>
    </p>
   </div>
   <div class='ocr_carea' id='block_1_121' title="bbox 2115 5735 3823 5814">
    <p class='ocr_par' dir='ltr' id='par_1_121' title="bbox 2115 5735 3823 5814">
     <span class='ocr_line' id='line_1_121' title="bbox 2115 5735 3823 5814; baseline 0.01 -20"><span class='ocrx_word' id='word_1_811' title='bbox 2115 5756 2139 5788; x_wconf 73' lang='grc' dir='ltr'><strong>α</strong></span> <span class='ocrx_word' id='word_1_812' title='bbox 2173 5735 2522 5810; x_wconf 85' lang='lat' dir='ltr'>Reperimus</span> <span class='ocrx_word' id='word_1_813' title='bbox 2553 5735 2612 5793; x_wconf 86' lang='lat' dir='ltr'>in</span> <span class='ocrx_word' id='word_1_814' title='bbox 2645 5735 2879 5809; x_wconf 89' lang='lat' dir='ltr'>scriptis</span> <span class='ocrx_word' id='word_1_815' title='bbox 2901 5737 3278 5812; x_wconf 87' lang='lat' dir='ltr'>authenticis,</span> <span class='ocrx_word' id='word_1_816' title='bbox 3311 5738 3640 5814; x_wconf 81' lang='lat' dir='ltr'>Spiritum</span> <span class='ocrx_word' id='word_1_817' title='bbox 3669 5767 3823 5810; x_wconf 81' lang='lat' dir='ltr'>san-</span> 
     </span>
    </p>
   </div>
  </div>
