4090 6442
234 391 348 453 105

1473 388 1685 452 VITA.
1715 418 1795 431 —
1824 387 2343 451 DlSSERTATlO
2387 392 2435 450 Ι.

3543 393 3658 452 106

238 529 394 580 ctum
469 518 927 597 χορηγούμενον,
1005 516 1307 591 διδόμενον,
1387 515 1886 592 ἀποστελλόμενον,

2030 520 2222 577 iebant
2278 521 2712 579 archidiaconi:
2779 525 2924 592 Quid
2978 525 3047 579 ad
3096 540 3195 580 nos
3251 527 3360 580 ista
3414 525 3661 596 dirigis?

241 610 638 688 προερχόμενον
700 608 765 664 ἐκ.
819 608 1036 685 ΙΙατρὸς
1097 605 1165 662 δι’
1219 609 1372 675 Ποῦ,
1425 609 1894 681 ρνίεὺϐνὶ,-ιιίινί,

241 705 404 764 mitti.
429 701 657 773 prodire
694 716 768 756 ex
815 701 984 755 Patre
1017 714 1120 770 per
1168 699 1376 753 Filium
1397 715 1416 752 :
1449 699 1748 754 interdum
1777 701 1836 752 et
1865 714 1901 752 a

243 791 591 865 quibusdam
638 790 884 844 Patrum
934 788 1068 855 dici,
1118 785 1548 860 ἐκπορευόμενον
1588 786 1898 858 procedere,

243 883 335 937 Ait
363 885 559 937 autem
591 883 654 934 et
683 879 756 933 de
804 879 975 933 Patre
1022 893 1274 950 magnus
1302 876 1558 932 Joannes
1588 876 1899 931 Damasce-

244 988 353 1026 nus
396 986 528 1025 esse
577 967 777 1034 illum,
826 960 1106 1040 προϐολέα
1151 961 1240 1018 διὰ
1291 963 1462 1037 λόγου
1511 962 1898 1041 ἐκφαντορικοῦ

241 1056 578 1129 Ιινεύμπτος,
637 1055 1025 1128 productorem
1076 1071 1176 1126 per
1251 1055 1483 1110 Verbum
1537 1053 1904 1108 enuntiatorii

235 1148 502 1218 Spiritus.
531 1151 594 1200 In
627 1160 769 1200 voce
799 1148 998 1198 autem
1039 1143 1386 1214 productoris
1416 1143 1712 1198 notionem
1742 1143 1903 1213 prin-

237 1238 369 1309 cipii
422 1236 601 1291 activi
658 1238 784 1305 (seu
853 1249 1068 1300 causae,
1125 1235 1205 1302 τῷ
1261 1229 1444 1302 αἰτίῳ)
1502 1231 1900 1303 agnoscimus.

237 1325 477 1381 Causam
507 1323 692 1397 igitur
721 1339 840 1378 non
871 1321 1124 1378 dicimus
1155 1321 1367 1376 Filium
1408 1321 1467 1375 in
1499 1337 1608 1376 sua
1637 1337 1706 1374 ex
1738 1320 1904 1374 Patre

233 1413 615 1489 processione
645 1412 835 1468 sancti
877 1409 1170 1483 Spiritus:
1221 1427 1290 1465 ac
1321 1425 1509 1482 neque
1539 1424 1903 1468 concausam;

231 1504 334 1576 qui
365 1500 950 1559 anathematizamus
997 1502 1054 1554 et
1100 1498 1402 1568 reiicimus
1433 1498 1517 1554 sic
1541 1497 1899 1568 loquentem.
1943 1503 1946 1506 ’

231 1593 345 1649 Sed
407 1595 648 1647 Patrem
700 1605 932 1644 causam
986 1604 1084 1658 per
1127 1586 1347 1644 Filium
1407 1586 1593 1642 sancti
1653 1585 1905 1656 Spiritus

233 1682 498 1738 dicimus
523 1699 538 1736 :
574 1677 1054 1751 quandoquidem
1083 1676 1365 1732 vocabulo
1393 1668 1727 1749 προϐολεὺς,
1751 1675 1908 1745 prin-

232 1773 379 1844 cipii
406 1771 580 1826 activi
607 1769 736 1840 (seu
768 1769 982 1836 causae)
1032 1766 1397 1837 signiﬁcatus
1449 1765 1670 1820 subest.
1708 1785 1736 1811 ν»
1770 1768 1904 1817 Per-

237 1861 447 1934 spicue
478 1862 660 1931 patet,
693 1855 936 1928 perinde
983 1870 1112 1910 esse
1156 1856 1391 1909 Patrem
1415 1869 1515 1925 per
1557 1853 1766 1907 Filium
1794 1867 1908 1906 esse

1937 1897 1984 1960 B

2006 612 2273 665 Joannem
2307 616 2711 667 Damascenum
2763 615 2986 668 incesse.
3040 612 3190 681 Quod
3218 615 3267 668 si
3295 616 3438 668 tanti
3468 616 3664 668 Patris

2005 701 2333 754 sententiam
2361 703 2568 756 erroris
2613 703 2925 772 suspicione
2955 693 3300 756 liberandam
3328 717 3510 756 censes
3543 743 3556 756 .
3594 744 3608 757 .
3648 743 3660 756 .

2006 803 2107 842 cur
2161 805 2258 844 nos
2342 788 2612 846 haereseos
2679 790 3058 846 accusamur?
3111 791 3280 845 Paria
3337 791 3666 846 docuerunt

2008 876 2328 948 Nyssenus,
2359 877 2612 950 Cyrillus
2640 879 3090 935 Alexandrinus.
3114 880 3403 934 Maximus
3434 879 3665 935 confes-

2010 982 2126 1020 sor.
2159 966 2459 1038 Nyssenus
2490 967 2549 1022 in
2600 968 2862 1040 Epistola
2907 969 2979 1023 ad
3007 967 3318 1024 Ablavium
3351 969 3536 1038 docet,
3566 970 3666 1023 Fi-

2011 1057 2150 1109 lium
2178 1071 2248 1110 ea:
2270 1057 2437 1111 Patre
2467 1055 2784 1130 προσεχώς,
2807 1056 3174 1112 continenter
3194 1063 3252 1112 et
3273 1057 3401 1112 sine
3429 1057 3623 1112 medio
3647 1073 3659 1110 :

2012 1144 2298 1215 Spiritum
2325 1161 2462 1201 vero
2493 1151 2764 1201 sanctum
2808 1162 2911 1218 per
2937 1147 3163 1217 Filium,
3195 1147 3292 1217 qui
3319 1147 3666 1201 continenter

2011 1240 2091 1287 est
2110 1247 2181 1287 ex
2199 1238 2387 1288 Patre.
2408 1233 2606 1306 Cyrilli
2629 1234 2805 1288 verba
2825 1238 2965 1290 sunt
2987 1233 3135 1289 libro
3171 1251 3188 1288 ι
3208 1235 3281 1290 De
3303 1234 3627 1291 adoratione
3644 1252 3663 1288 :

2013 1320 2472 1376 Substanlialiter
2521 1338 2591 1377 ea:
2635 1327 2887 1394 utroque,
2935 1323 3212 1378 nimirum
3259 1339 3328 1378 ex
3372 1328 3541 1379 Patre
3563 1339 3666 1394 per

2012 1410 2219 1464 Filium
2244 1412 2471 1482 pro/luit
2501 1411 2757 1482 Spiritus.
2791 1411 3054 1484 Denique
3100 1417 3341 1468 sanctus
3371 1412 3663 1468 Maximus

2014 1497 2075 1552 in
2108 1497 2366 1570 Epistola
2396 1499 2467 1554 ad
2489 1499 2777 1555 Marinum
2811 1517 2824 1555 :
2857 1501 2966 1556 Per
2983 1501 3189 1555 Filium
3209 1500 3397 1572 prodit
3427 1501 3667 1571 Spiritus

2012 1590 2234 1642 sanctus
2290 1603 2360 1642 ex
2389 1594 2582 1644 Patre.
2633 1589 2806 1644 Nulla
2858 1606 2991 1644 vero
3040 1588 3267 1645 laborat
3297 1589 3517 1644 invidia
3547 1589 3668 1645 sive

2016 1675 2347 1747 praepositio
2379 1692 2466 1744 ex,
2519 1677 2640 1733 sive
2687 1677 3019 1749 praepositio
3060 1694 3178 1748 per.
3229 1678 3456 1734 Iudicat
3484 1678 3666 1750 prior.

2015 1779 2103 1831 ex,
2138 1764 2580 1834 productionem
2604 1765 2858 1836 Spiritus
2880 1766 3088 1836 sancti,
3117 1783 3244 1837 qua:
3273 1767 3530 1838 aequalis,
3548 1766 3667 1822 imo

2015 1868 2136 1908 una
2163 1857 2221 1907 et
2249 1853 2453 1908 eadem
2478 1857 2570 1910 est
2600 1853 2662 1910 in
2692 1858 2864 1910 Patre
2898 1854 3178 1926 Filioque.
3204 1855 3428 1912 [ndicat
3459 1855 3663 1912 altera.

241 1966 472 2007 causam
497 1949 752 2019 Spiritus
779 1945 980 2014 sancti,
1010 1961 1075 2000 ac
1105 1947 1364 2011 Patrem,
1393 1947 1452 1998 et
1481 1941 1694 1998 Filium
1727 1957 1905 1996 unam
1937 1941 1984 1960 ”
2015 1957 2137 2012 per,
2171 1957 2286 1996 non
2345 1943 2612 1998 ordinem
2670 1944 2730 1998 in
2787 1943 3020 2014 virtute,
3079 1948 3181 2000 aut
3228 1943 3561 2012 efﬁcientia,
3595 1946 3668 2000 ob

245 2055 370 2095 esse
398 2037 676 2109 ejusdem
701 2051 968 2102 causam,
989 2034 1063 2089 ob
1093 2049 1273 2089 unam
1297 2031 1578 2104 spirantis
1607 2031 1906 2097 virtutem,

248 2144 422 2201 quam
455 2131 632 2182 Pater
686 2123 866 2180 habet
913 2141 948 2178 a
1003 2139 1084 2189 se,
1118 2139 1153 2178 a
1208 2125 1380 2178 Patre
1410 2120 1907 2177 communicatam

247 2216 450 2272 Filius.
483 2214 631 2268 Vide
663 2215 840 2284 caput
869 2212 925 2278 5,
961 2227 1126 2266 num.
1158 2211 1212 2279 3,
1248 2212 1348 2282 (2),
1380 2215 1439 2266 et
1469 2226 1612 2265 num
1645 2211 1704 2264 4.

311 2306 391 2376 (2)
440 2302 672 2359 Muzalo
717 2316 972 2373 magnus
1020 2299 1316 2373 logotheta
1346 2299 1653 2369 inferebat,
1697 2297 1912 2353 Filium

241 2399 302 2451 in
351 2395 706 2466 processione
760 2406 831 2446 ea:
886 2393 1052 2445 Patre
1125 2405 1346 2444 causam
1406 2389 1588 2444 sancti
1645 2387 1908 2458 Spiritus.

243 2485 374 2540 Non
420 2484 510 2538 ita
554 2497 686 2536 esse
741 2478 979 2534 aiebant
1007 2476 1454 2534 archiediaconi.
1514 2477 1705 2532 Annon
1737 2477 1910 2540 enim,

239 2572 490 2645 exempli
535 2570 744 2641 gratia,
792 2567 1033 2623 dicimus
1055 2585 1073 2622 :
1119 2567 1286 2622 Pater
1332 2569 1407 2621 est
1447 2567 1720 2637 perfectus
1749 2566 1909 2631 Deus,

239 2664 428 2721 Filius
457 2661 597 2716 item
620 2659 903 2731 perfectus
955 2657 1111 2724 Deus,
1162 2655 1406 2727 Spiritus
1453 2670 1666 2725 quoque
1693 2661 1916 2709 sanctus

237 2762 290 2810 et
320 2754 441 2824 ipse
457 2754 741 2822 perfectus
772 2752 936 2802 Deus.
971 2746 1131 2803 Unde
1173 2746 1298 2816 quis
1323 2761 1440 2798 non
1467 2743 1615 2799 videt
1643 2757 1916 2814 apparere

242 2837 626 2912 inferendam,
686 2852 852 2908 quam
910 2835 1239 2906 respuimus,
1301 2833 1527 2888 deorum
1580 2833 1913 2887 trinitatem.

247 2929 334 2985 0b
365 2927 667 2984 unitatem
717 2923 1067 2991 Divinitatis,
1118 2939 1247 2990 quas
1297 2923 1451 2978 inest
1493 2921 1697 2977 eadem
1725 2919 1916 2976 tribus

251 3018 312 3072 in
345 3014 640 3088 personis,
674 3017 794 3068 tres
825 3027 1088 3084 personae
1115 3014 1255 3066 sunt
1283 3027 1440 3066 unus
1471 3014 1659 3064 Deus:
1693 3025 1760 3064 ac
1790 3007 1916 3080 pari

258 3106 432 3161 etiam
477 3102 716 3160 ratione
767 3101 838 3157 ob
867 3100 1152 3156 unitatem
1181 3099 1460 3171 spirantis
1481 3097 1733 3165 virtutis,
1789 3113 1917 3168 qua:

260 3211 296 3249 a
325 3209 388 3248 se
415 3198 497 3248 est
523 3192 587 3246 in
622 3191 816 3258 Patre,
849 3193 907 3244 et
955 3192 1046 3244 est
1074 3188 1277 3244 eadem
1318 3187 1379 3242 in
1409 3185 1554 3242 Filio
1585 3185 1918 3242 communi-

2018 2030 2283 2100 ejusdem
2310 2030 2370 2086 in
2401 2031 2571 2086 Patre
2622 2036 2681 2086 et
2710 2031 2855 2088 Filio
2908 2033 3232 2101 unitatem;
3266 2034 3367 2089 sed
3398 2033 3667 2089 ordinem

2019 2119 2173 2174 inter
2202 2135 2484 2190 personas
2517 2120 2720 2187 Patris,
2752 2126 2810 2176 et
2852 2120 3004 2190 Filii,
3035 2124 3133 2192 qui
3159 2122 3412 2178 distincti
3437 2127 3588 2191 sunt,
3619 2131 3673 2178 et

2015 2207 2268 2279 praebent
2340 2209 2690 2279 suppositum
2754 2211 3089 2279 spirationi:
3148 2213 3228 2266 ita
3277 2213 3480 2268 scilicet
3531 2211 3673 2282 quod

2021 2297 2200 2351 Fili-us
2228 2297 2388 2352 habet
2418 2314 2452 2352 a
2478 2298 2662 2366 Patre,
2695 2299 2836 2370 quod
2888 2301 3060 2371 spiret
3089 2299 3366 2372 Spiritum
3394 2305 3671 2356 sanctum.

2021 2383 2272 2440 Consule
2301 2390 2570 2442 sanctum
2602 2387 2892 2444 Thomam
2940 2389 2999 2443 in
3028 2393 3053 2442 Ι
3102 2389 3239 2444 dist.
3281 2389 3371 2453 42,
3405 2390 3672 2461 quaesti.

2022 2475 2187 2529 artic.
2219 2475 2273 2541 3,
2307 2479 2365 2530 et
2396 2493 2413 2529 ι
2443 2492 2498 2546 p.
2534 2481 2739 2547 quaest.
2772 2478 2863 2546 36,
2897 2481 3005 2533 art.
3037 2481 3092 2532 2.
3133 2477 3233 2534 Vel
3263 2478 3439 2535 etiam
3470 2479 3673 2534 eadem

2023 2563 2124 2618 98
2156 2563 2464 2634 particula,
2507 2581 2625 2636 per,
2676 2565 2871 2621 clarus
2915 2567 3348 2636 quodammodo
3377 2567 3674 2640 exprimit,

2023 2652 2288 2723 spirandi
2318 2653 2762 2724 virtutem,quae
2783 2653 2957 2723 inest,
2991 2653 3144 2710 Patri
3166 2671 3347 2711 unam
3379 2655 3677 2711 eamdem-

2025 2756 2140 2811 que
2169 2739 2314 2795 Filio
2345 2740 2768 2797 communicari
2798 2761 2832 2798 a
2860 2747 3051 2799 Patre.

2095 2828 2172 2900 (5)
2244 2828 2602 2886 Catholicam
2673 2831 2999 2889 doctrinam
3069 2833 3392 2905 exponebat
3456 2834 3674 2890 Beccus

2026 2915 2289 2989 exemplo
2322 2918 2591 2974 Patribus
2623 2919 2897 2976 familiari
2930 2922 3079 2989 solis,
3112 2922 3280 2988 radii,
3311 2931 3364 2978 et
3394 2923 3554 2991 lucis,
3586 2922 3680 2978 vel

2026 3006 2221 3076 oculis,
2251 3008 2440 3077 fontis,
2471 3023 2628 3079 aqua
2651 3009 2894 3078 etﬂuvii.
2931 3009 3196 3082 Namque
3225 3011 3520 3083 splendor,
3553 3011 3674 3067 sive

2028 3093 2128 3148 lux
2156 3099 2244 3150 est
2273 3112 2308 3150 a
2335 3098 2457 3151 sole
2489 3112 2590 3168 per
2638 3097 2904 3154 radium:
2957 3103 3015 3154 et
3063 3099 3274 3155 ﬂuvius
3305 3116 3407 3172 per
3435 3117 3678 3171 aquam,

2029 3183 2149 3239 sive
2179 3184 2369 3239 rivum
2400 3189 2489 3240 est
2516 3202 2551 3240 a
2598 3186 2775 3243 fonte.
2821 3187 3037 3243 Datum
3077 3187 3552 3245 calumniabatur
3581 3205 3681 3245 ex-

261 3287 390 3338 cata
418 3299 451 3337 a
478 3282 674 3338 Patre.
708 3279 878 3334 Pater
906 3281 963 3333 et
995 3276 1178 3333 Filius
1217 3277 1314 3332 97
1352 3293 1470 3332 una
1499 3280 1638 3332 sunt
1668 3275 1920 3346 Spiritus
1949 3267 1994 3331 C
2034 3271 2384 3345 positionem
2410 3273 2724 3346 Gregorius
2745 3276 3078 3346 patriarcha
3105 3293 3117 3332 :
3150 3293 3215 3333 ac
3246 3277 3296 3332 si
3327 3279 3543 3334 Beccus
3572 3293 3685 3334 non

256 3372 441 3428 sancti
469 3386 676 3427 causa.
710 3367 961 3424 Consule
990 3367 1148 3422 dicta
1177 3382 1423 3422 numero
1457 3366 1488 3420 4
1519 3365 1716 3420 citato.

321 3462 400 3532 (3)
433 3458 726 3531 Georgius
747 3455 1222 3527 Monschampar,
1245 3457 1343 3526 qui
1371 3463 1501 3510 tunc
1525 3457 1646 3510 erat
1665 3453 1926 3509 Ecclesiae

244 3549 690 3622 chartaphylax,
721 3545 993 3618 spurium
1028 3548 1086 3599 et
1136 3543 1580 3616 supposititium
1607 3559 1736 3598 esse
1766 3542 1924 3597 afﬁr-

243 3641 435 3696 mavit
485 3638 733 3693 allatum
789 3635 1112 3690 Damasceni
1157 3633 1550 3687 testimonium.
1594 3630 1924 3686 Moscham-

240 3730 376 3802 pari
408 3728 770 3784 adversatus
799 3728 888 3780 est
918 3739 1170 3796 magnus
1197 3721 1494 3794 logotheta
1523 3737 1534 3774 :
1561 3721 1671 3776 Hoc
1697 3721 1922 3789 dictum,

239 3817 557 3891 inquiens,
594 3833 629 3870 a
675 3818 727 3869 te
774 3815 1033 3886 rejectum
1073 3816 1138 3867 ut
1183 3810 1586 3883 apocryphum,
1639 3809 1839 3864 diserte
1864 3823 1929 3863 ac

239 3907 487 3979 syllabis
524 3903 752 3960 totidem
810 3909 992 3957 exstat
1043 3901 1105 3955 in
1160 3915 1321 3954 sacra
1374 3899 1719 3970 Hoplotheca,
1767 3897 1928 3967 libro,

243 4007 306 4052 ut
358 3996 504 4062 scis,
569 3992 919 4048 auctoritatis
973 3990 1128 4044 omni
1183 3989 1496 4059 exceptione
1548 3987 1798 4059 majoris,
1829 3985 1930 4040 ad-

239 4087 439 4156 juncto
472 4083 661 4139 etiam
716 4081 870 4135 clare
919 4079 1144 4133 nomine
1191 4077 1386 4147 magni
1429 4075 1786 4144 Damasceni,
1813 4075 1933 4146 ejus

250 4173 529 4230 auctoris.
564 4170 730 4238 Opus
759 4167 918 4223 istud
971 4167 1044 4222 ab
1092 4164 1424 4222 Andronico
1461 4164 1766 4221 Camatero
1792 4179 1930 4220 con-

247 4264 572 4318 cinnatum
609 4257 814 4323 fuisse,
839 4257 968 4327 jam
999 4253 1434 4311 adnotavimus.

325 4353 404 4422 (4)
436 4373 469 4401 ‹‹
524 4348 794 4405 Admitte
855 4345 1173 4418 (Iogotheta
1230 4343 1455 4400 Muzalo
1513 4343 1730 4416 inquit)
1771 4342 1933 4398 testi-

257 4441 534 4496 monium
563 4455 578 4492 :
615 4444 674 4490 et
705 4435 892 4491 sancti
924 4450 1054 4489 esse
1096 4449 1227 4488 vere
1277 4432 1623 4488 Damasceni
1656 4448 1931 4504 agnosco.

257 4529 554 4586 Ceterum
607 4542 728 4581 non
779 4523 1090 4590 assentiar,
1147 4523 1426 4594 Spiritum
1477 4537 1578 4594 per
1633 4521 1860 4577 Verbum
1886 4525 1936 4576 et

252 4620 468 4674 Filium
499 4615 786 4686 originem
830 4629 901 4668 ea:
945 4613 1113 4667 Patre
1163 4611 1400 4666 trahere.
1449 4611 1506 4664 Si
1551 4611 1709 4667 enim
1736 4611 1936 4666 dicens

259 4705 555 4763 audacius
586 4703 881 4774 loquerer,
905 4717 1084 4773 quam
1108 4700 1155 4755 si
1183 4699 1282 4771 qui
1305 4699 1641 4755 afﬁrmant:
1675 4716 1744 4754 ea:
1773 4701 1939 4754 Patre

257 4800 310 4850 et
336 4796 488 4851 Filio
509 4793 772 4847 sanctum
790 4789 1082 4862 procedere
1102 4789 1394 4860 Spiritum.
1418 4789 1706 4854 Quoniam
1738 4789 1798 4842 in
1830 4787 1939 4843 hoc

265 4883 621 4940 Latinorum
656 4880 811 4935 dicto
845 4878 1181 4934 communio
1204 4876 1634 4950 praipositionis
1658 4895 1752 4944 ex,
1785 4877 1940 4948 pari-

270 4978 351 5028 ter
367 4975 673 5045 adaptataa
695 4967 855 5024 Patri
873 4966 1157 5038 Filioque,
1170 4967 1240 5022 ad
1261 4965 1654 5037 aequalitatem
1672 4965 1944 5037 hyposta-

269 5078 397 5117 sum
431 5063 596 5117 inter
629 5075 694 5114 se
715 5057 1093 5112 astruendam
1124 5055 1314 5128 magis
1337 5056 1658 5128 quadrans,
1686 5055 1941 5109 audacis:

267 5151 554 5206 invidiam
585 5147 705 5202 nisi
730 5145 904 5218 plane
935 5143 1128 5215 diluit,
1154 5143 1420 5200 emollire
1442 5149 1594 5198 certe
1616 5141 1942 5214 plurimum

269 5244 476 5310 potest.
535 5242 604 5292 In
655 5234 772 5290 alia
823 5250 958 5289 vero
1006 5232 1321 5301 sententia,
1373 5233 1516 5286 dum
1566 5231 1822 5303 Spiritus
1873 5247 1946 5286 ea:

271 5327 433 5385 Patre
459 5343 571 5401 per
599 5324 819 5380 Filium
846 5323 1132 5378 asseritur
1151 5321 1484 5394 procedere,
1509 5319 1609 5375 illa
1638 5320 1945 5376 diversitas

279 5417 762 5490 praepositionum
816 5410 1150 5484 emphasim
1201 5409 1398 5466 nescio
1445 5426 1624 5481 quam
1660 5409 1944 5465 absonam

281 5506 612 5564 ditl'erentiee
647 5501 951 5558 immiscet
983 5540 998 5556 .
1034 5542 1047 5555 .
1085 5541 1097 5554 .
1148 5499 1308 5556 velut
1355 5498 1761 5565 subindicans,
1793 5499 1948 5554 aliud

280 5609 378 5652 esse
401 5597 596 5655 sancti
649 5591 900 5664 Spiritus
943 5589 1294 5661 principium
1343 5589 1588 5643 activum
1616 5588 1862 5658 Patrem,
1895 5596 1948 5644 et

279 5685 432 5746 aliud
459 5684 730 5763 ejusdem
757 5680 1111 5751 principium
1153 5679 1400 5733 activum
1425 5678 1658 5736 Filium.
1694 5698 1723 5727 »
1755 5677 1947 5751 Bepo-

541 5816 824 5879 ΡΑτιιοι..
871 5807 994 5871 Gs.
1041 5802 1270 5871 CXLII.

2031 3363 2403 3432 conﬁteretur,
2477 3364 2753 3434 Spiritum
2821 3374 3074 3422 sanctum
3147 3369 3472 3423 continuum
3526 3368 3689 3422 Patri

2032 3467 2167 3522 esse,
2212 3453 2354 3507 sicut
2401 3455 2452 3508 et
2495 3454 2744 3516 Filium;
2800 3455 2942 3525 quin
3000 3455 3119 3511 imo
3169 3457 3418 3525 doceret,
3478 3458 3688 3512 Filium

2033 3542 2262 3611 quidem
2289 3543 2613 3597 continuum
2665 3545 2839 3610 Patri,
2886 3543 3160 3616 Spiritum
3203 3561 3328 3602 vero
3358 3547 3522 3602 locali
3551 3563 3688 3617 qua-

2033 3629 2163 3684 dam
2211 3633 2558 3701 separatione
2629 3631 2853 3687 distare.
2931 3633 3298 3690 Calumniam
3363 3634 3691 3705 depellebat

2035 3719 2290 3774 Beccus:
2327 3742 2354 3769 «
2387 3720 2698 3792 Gregorius
2746 3722 3068 3793 Nyssenus,
3111 3723 3406 3795 inquiens,
3442 3725 3513 3779 de
3545 3723 3685 3780 Filio

2036 3807 2273 3879 quidem
2303 3809 2402 3874 ait,
2432 3824 2546 3863 esse
2575 3810 2737 3864 illum
2766 3813 3026 3866 continue
3053 3827 3122 3866 ea:
3152 3813 3334 3880 Patre,
3368 3814 3439 3868 de
3467 3813 3690 3884 Spiritu

2035 3911 2192 3964 vero,
2223 3912 2340 3951 esse
2364 3913 2466 3968 per
2510 3914 2655 3966 eum,
2691 3901 2786 3970 qui
2833 3901 3093 3954 continue
3141 3917 3213 3958 ex
3257 3901 3422 3958 Patre
3447 3906 3545 3957 est.
3575 3902 3694 3958 Vos

2037 4000 2172 4040 vero
2228 3986 2424 4042 locales
2482 3985 2790 4056 distantias,
2863 3993 2966 4044 aut
3031 3990 3224 4062 spatia
3279 3990 3696 4061 interjicientes

2039 4077 2394 4144 temporum,
2425 4074 2856 4132 absurditatem
2901 4078 3141 4133 omnino
3171 4078 3471 4134 inducitis.
3504 4080 3700 4134 Enim-

2039 4177 2173 4217 vero
2205 4165 2470 4234 generari
2517 4163 2728 4220 Filium
2775 4180 2848 4220 ex
2895 4167 3083 4234 Patre,
3134 4183 3269 4222 cum
3311 4168 3503 4223 solum
3532 4167 3697 4224 audi-

2042 4254 2160 4318 tur,
2192 4252 2410 4323 praebet
2439 4253 2635 4308 animo
2664 4256 2850 4310 nescio
2881 4271 3048 4325 quam
3086 4258 3321 4328 speciem
3349 4258 3509 4327 quasi
3534 4259 3694 4329 efﬂu-

2041 4356 2168 4410 xus,
2201 4339 2403 4396 localis
2434 4341 2786 4414 egressionis
2837 4344 3180 4400 distantiam
3233 4344 3554 4401 inferentis.
3585 4347 3695 4402 Sed

2044 4429 2357 4502 corrigitur
2386 4430 2751 4503 imaginatio,
2800 4449 2936 4487 cum
2981 4433 3253 4489 additur:
3301 4434 3576 4490 indivulse
3604 4439 3695 4491 in-

2045 4520 2410 4590 distincteque
2437 4522 2732 4590 generari;
2765 4538 2897 4578 vere
2943 4523 3028 4578 sic
3057 4540 3126 4579 ex
3165 4524 3327 4578 Patre
3354 4524 3698 4596 signiﬁcans

1969 4635 2014 4699 D
2046 4624 2174 4699 esse
2206 4607 2541 4699 Filium,gut
2570 4608 2748 4699 simul
2780 4610 2840 4664 in
2862 4612 3032 4667 Patre
3083 4612 3179 4667 sit.
3213 4613 3306 4668 Sic
3335 4619 3394 4668 et
3424 4613 3570 4668 mihi
3602 4631 3698 4670 ra-

2047 4695 2312 4752 tiocinari
2344 4697 2414 4752 de
2445 4697 2666 4770 Spiritu
2694 4699 2850 4755 licet.
2883 4702 2999 4755 Aut
3027 4702 3222 4772 potius
3253 4703 3325 4757 ad
3355 4701 3698 4759 similitudi-

2052 4801 2187 4841 nem
2219 4786 2492 4858 superius
2521 4787 2835 4844 adductam
2884 4790 3168 4846 referatur
3196 4808 3388 4847 sermo
3414 4809 3427 4847 :
3461 4792 3704 4848 radium-

2051 4891 2156 4946 que
2183 4875 2438 4930 dicimus
2468 4891 2541 4930 ex
2567 4877 2702 4947 sole,
2752 4881 2807 4932 et
2866 4881 3059 4934 tamen
3112 4880 3444 4936 abscissum
3487 4899 3555 4938 ex
3582 4883 3703 4938 sole

2052 4964 2357 5036 quidpiam
2416 4981 2532 5020 non
2585 4965 2992 5023 existimamus
3048 4975 3138 5024 est
3189 4970 3439 5025 radium.
3499 4973 3706 5028 Lumen

2053 5053 2228 5108 etiam
2261 5053 2515 5109 dicimus
2549 5071 2649 5126 per
2694 5057 2921 5110 radium
2949 5073 3018 5112 ex
3045 5059 3174 5126 sole,
3207 5065 3266 5114 et
3290 5061 3705 5117 mediationem

2052 5141 2460 5215 intelligimus,
2523 5149 2580 5197 et
2632 5144 2960 5200 continuari
3017 5145 3219 5204 lumen
3267 5148 3376 5203 soli
3424 5167 3528 5220 per
3555 5150 3705 5205 radii

2053 5232 2491 5300 mediationem,
2546 5251 2662 5289 non
2717 5253 3022 5309 negamus,
3059 5261 3086 5287 ››
3134 5238 3523 5296 Prmmonerat
3569 5258 3702 5296 vero

2055 5321 2432 5378 doctissimus
2485 5322 2740 5380 Beccus:
2773 5326 2952 5381 Rudes
3005 5330 3193 5401 utique
3235 5344 3348 5386 esse
3389 5330 3704 5402 hujusmodi

2055 5411 2326 5479 imagines
2367 5412 2773 5482 processionum
2819 5414 2998 5472 beatae-
3041 5417 3346 5486 Trinitatis,
3399 5435 3520 5490 quae
3550 5420 3704 5476 nullo

2051 5501 2213 5572 pingi
2240 5500 2538 5556 simulacro
2566 5503 2792 5565 valent;
2841 5515 2895 5560 et
2947 5505 3148 5560 harum
3192 5507 3374 5578 efﬁgie
3399 5512 3708 5580 formarum

2054 5590 2288 5661 speciem
2328 5587 2536 5647 divine
2586 5592 2800 5650 Triadis
2856 5595 3159 5668 insinuari,
3213 5596 3399 5670 quoad
3445 5598 3569 5656 licet
3597 5597 3709 5658 hu-

2054 5693 2219 5734 mano
2253 5680 2456 5755 captui.

3390 5819 3429 5880 4
