4090 6458
433 375 548 434 107

1455 367 1778 433 GEORGII
1823 367 2086 430 CYPRII
2132 369 2252 428 ΟΡ.
2304 369 2832 434 ΡΑΤΒΙΑΒΟΗΑΞ

3717 377 3824 440 108

499 507 660 563 Hanc
691 506 1019 562 doctrinam
1067 506 1291 578 paucis,
1340 508 1412 563 ad
1453 505 1945 563 luculentissimis
1973 505 2078 561 de-
2110 506 2165 574 Α
2195 506 2555 564 cinationum
2605 509 2900 566 evidentia
2954 509 3278 583 constringi
3334 525 3399 566 se
3457 513 3716 581 putarent
3757 512 3821 568 ad

427 596 611 652 clarat
639 595 832 652 verbis
861 600 1101 651 sanctus
1132 595 1410 664 Thomas,
1445 598 1503 651 in
1526 597 1548 651 Ι
1575 596 1711 651 dist.
1748 598 1832 665 12,
1869 599 2074 666 quast.

428 687 481 750 1,
514 691 622 741 art.
672 686 744 756 3:
779 708 800 734 ε
858 684 918 740 Si
975 683 1412 740 consideremus
1470 686 1652 756 ipsum
1701 684 2075 755 principium,

429 774 650 831 scilicet
669 774 992 846 potentiam
1015 772 1353 844 spirativam
1372 774 1500 845 (seu
1525 777 1796 828 naturam
1821 771 2078 828 divinam

428 882 564 921 cum
594 863 949 936 proprietate
979 861 1364 934 spirationis),
1413 878 1547 917 cum
1579 863 1638 917 in
1668 862 1777 917 hoc
1810 878 1924 915 non
1956 861 2076 915 dis-

430 955 778 1026 tinguantur
805 953 974 1007 Pater
1019 955 1076 1007 et
1130 951 1310 1007 Filius
1339 952 1465 1020 (sed
1521 951 1640 1006 sint
1695 951 1930 1017 unum),
1962 965 2078 1004 non

428 1047 620 1116 potest
647 1043 763 1098 dici
792 1043 1026 1112 spiratio
1055 1057 1167 1096 esse
1196 1059 1230 1095 a
1275 1043 1442 1096 Patre
1476 1040 1754 1096 mediante
1783 1040 1922 1094 Filio
1953 1039 2076 1109 (sed

430 1152 464 1190 a
492 1137 682 1200 Patre,
740 1135 797 1187 et
841 1147 874 1186 a
928 1130 1069 1185 Filio
1129 1130 1470 1185 immediate
1514 1129 1778 1201 procedit
1821 1128 2080 1200 Spiritus

430 1221 714 1291 sanctus).
765 1219 822 1274 Si
870 1224 1067 1275 autem
1116 1219 1556 1274 consideremus
1603 1220 1748 1290 ipsos
1778 1219 2074 1289 spirantes,

428 1312 530 1384 qui
561 1311 811 1366 distincti
857 1313 1017 1377 sunt,
1066 1312 1122 1363 et
1168 1309 1493 1363 secundum
1544 1307 1653 1362 hoc
1684 1308 2079 1379 prwbentsuv-

421 1403 666 1474 positum
692 1399 993 1471 spirationi
1011 1416 1029 1451 .·
1064 1398 1146 1452 sic
1177 1401 1268 1453 est
1295 1397 1374 1452 ibi
1407 1397 1714 1464 mediator,
1748 1397 2074 1451 secundum

428 1490 583 1562 quod
614 1493 703 1545 est
730 1488 809 1544 ibi
841 1487 983 1542 ordo
1015 1491 1238 1541 naturae
1263 1504 1276 1553 ;
1301 1485 1441 1557 quia
1467 1485 1649 1541 Filius
1675 1491 1854 1541 estex
1885 1485 2073 1550 Patre,

426 1585 484 1635 et
513 1579 768 1651 Spiritus
801 1581 1039 1633 sanctus
1069 1574 1247 1631 simul
1279 1591 1314 1629 a
1361 1575 1526 1630 Patre
1555 1579 1612 1630 et
1642 1574 1804 1630 Filio.
1849 1597 1870 1623 ι
1907 1573 2078 1628 Paria

424 1673 584 1739 sunt,
616 1685 744 1739 quae
774 1666 1066 1722 habentur
1117 1665 1188 1718 ad
1221 1664 1241 1719 Ι
1268 1681 1280 1718 :
1315 1685 1342 1713 «
1395 1667 1504 1719 Per
1531 1663 1641 1718 hoc
1674 1663 1829 1733 quod
1863 1663 2077 1718 dicitur

425 1757 680 1830 Spiritus
735 1759 972 1812 sanctus
1027 1753 1321 1826 procedere
1376 1769 1408 1807 a
1468 1754 1633 1808 Patre
1687 1769 1790 1824 per
1848 1753 2072 1819 Filium,

424 1847 769 1919 designatur
790 1845 1087 1899 auctoritas
1130 1843 1189 1896 in
1240 1843 1407 1897 Patre
1437 1846 1703 1913 respectu
1736 1841 1900 1897 Filii:
1935 1841 2076 1912 quia

425 1937 601 1992 Filius
631 1935 790 1990 habet
847 1951 882 1988 a
938 1937 1122 1998 Patre,
1183 1932 1337 2002 quod
1395 1931 1496 1985 99
1548 1930 1732 2002 spiret
1783 1930 2073 2003 Spiritum

424 2030 718 2082 sanctum.
751 2025 833 2079 Ex
861 2024 972 2078 hoc
1001 2026 1198 2078 autem
1248 2038 1365 2075 non
1406 2020 1645 2092 ponitur
1674 2020 1933 2076 mediatio
1963 2018 2073 2075 ali-

425 2132 564 2188 qua,
595 2113 709 2170 nisi
739 2130 809 2168 ex
839 2115 1001 2184 parte
1023 2110 1462 2182 suppositorum
1488 2127 1500 2164 :
1535 2125 1662 2180 quae
1695 2109 2074 2180 distinguun-

424 2211 520 2260 tur
549 2221 651 2277 per
679 2204 811 2271 hoc,
843 2202 1000 2272 quod
1030 2216 1204 2255 unum
1245 2208 1326 2254 est
1355 2199 1422 2254 ab
1453 2199 1564 2254 alio
1597 2217 1615 2258 .·
1648 2199 1872 2254 ratione
1903 2199 2073 2269 cujus

422 2296 482 2350 in
515 2311 632 2349 uno
664 2297 753 2349 est
783 2289 1101 2347 auctoritas
1130 2292 1400 2360 respectu
1432 2286 1692 2343 alterius.
1729 2310 1756 2338 ››

492 2383 639 2448 Quid
679 2382 801 2437 haec
831 2396 963 2435 vero
1012 2377 1166 2433 Patri
1213 2379 1473 2433 conferat
1523 2377 1879 2444 auctoritas;
1915 2393 2073 2448 quas-

422 2489 560 2528 nam
582 2471 759 2528 etiam
783 2469 859 2526 sit
879 2467 1204 2524 differentia
1225 2467 1376 2522 inter
1388 2466 1822 2538 processionem
1846 2483 1879 2520 a
1904 2467 2073 2522 Patre

421 2579 525 2635 per
556 2560 765 2616 Filium
816 2558 1070 2630 Spiritus
1127 2556 1337 2626 sancti,
1369 2571 1435 2610 ac
1487 2555 1638 2610 inter
1695 2555 1939 2610 fluvium
1971 2572 2075 2627 per

419 2653 608 2708 rivum
641 2650 1084 2721 promanantem
1135 2663 1168 2700 a
1191 2647 1383 2712 fonte;
1432 2643 1675 2717 quinam
1707 2644 1946 2699 demum
1975 2662 2072 2700 vo-

2189 596 2625 666 atfirmandum,
2689 600 3085 672 hypostalicam
3153 601 3547 671 proprietatem
3596 616 3824 670 persona

2186 685 2376 740 Patris
2404 702 2516 743 esse
2545 689 2872 758 originalem
2901 689 3262 761 spirationem
3294 690 3531 744 activam
3550 707 3569 743 :
3600 704 3822 745 concor-

2188 773 2326 829 dare
2356 791 2489 830 cum
2536 793 2602 831 eo
2661 777 3048 848 nequiverunt
3101 779 3446 834 consortium
3491 778 3553 832 in
3578 777 3826 849 spirando

2185 863 2327 918 Filii
2347 879 2476 918 cum
2501 868 2688 922 Patre.
2725 867 2863 922 Inde
2887 865 2945 922 in
2974 867 3240 923 frivolam
3260 883 3422 922 vana
3445 865 3824 923 distinctionis

2187 951 2723 1010 cavillatiunculam
2781 955 3061 1010 abstracti
3110 960 3270 1023 sunt,
3331 973 3448 1028 qua
3497 961 3824 1028 pernegant,

2187 1039 2340 1095 idem
2372 1057 2501 1097 esse
2553 1045 2961 1114 processionem
3018 1049 3076 1100 et
3131 1046 3490 1114 exstantium,
3538 1045 3825 1113 Fatentur,

2181 1129 2469 1198 procedere
2500 1131 2738 1203 quidem
2801 1133 3088 1206 Spiritum
3149 1139 3423 1191 sanctum
3455 1152 3487 1189 α
3537 1139 3710 1190 Patre
3737 1150 3827 1206 per

2185 1219 2433 1282 Filium;
2465 1220 2576 1275 dici
2629 1226 2826 1277 tamen
2885 1227 3101 1290 vetant,
3163 1223 3448 1298 Spiritum
3499 1240 3603 1295 per
3629 1224 3830 1279 Filium

2184 1317 2419 1362 exstare.
2456 1311 2612 1365 100
2641 1311 2919 1367 Transire
2950 1313 3313 1383 spirationem
3341 1314 3579 1368 activam
3609 1313 3833 1384 ﬁngunt

2179 1413 2281 1467 per
2333 1399 2559 1467 Filium,
2619 1400 2788 1471 quasi
2843 1418 2943 1472 per
2992 1401 3258 1473 medium,
3312 1406 3365 1456 et
3410 1403 3835 1458 instrumentum

2183 1487 2432 1542 inanime
2464 1488 2521 1542 in
2554 1489 2716 1544 nullo
2766 1507 3124 1562 cooperans;
3178 1496 3244 1546 ut
3273 1507 3342 1546 ea
3381 1491 3608 1547 ratione
3639 1508 3832 1562 proce-

2183 1574 2328 1630 dens
2385 1574 2630 1647 Spiritus
2686 1576 3049 1652 intelligatur
3108 1595 3439 1651 consequens
3473 1579 3739 1651 quiddam
3767 1581 3838 1636 ad

2184 1662 2394 1718 Filium
2427 1665 2545 1720 sola
2573 1667 2921 1737 cogitatione,
2944 1668 3037 1723 cui
3061 1667 3207 1723 nihil
3235 1669 3591 1740 respondeat
3614 1670 3673 1725 in
3705 1684 3782 1724 re.
3808 1691 3835 1719 »

2183 1751 2328 1806 Hinc
2381 1769 2514 1808 vero
2571 1755 2809 1810 demum
2876 1757 3309 1828 processionem
3369 1775 3474 1829 pro
3532 1757 3842 1831 efﬁcientia

2183 1845 2482 1912 sumptam
2531 1843 2857 1899 referebant
2896 1846 2968 1900 ad
3015 1847 3334 1902 missionem
3363 1847 3624 1920 Spiritus
3655 1847 3838 1904 sancti

2181 1930 2561 2000 temporalem
2593 1948 2697 2002 per
2727 1933 3016 1988 donorum
3046 1937 3102 1988 et
3145 1934 3576 1991 charismatum
3609 1952 3843 1993 conces-

2183 2016 2431 2073 sionem.
2465 2019 2627 2083 Quod
2659 2021 2707 2076 si
2735 2021 2935 2077 eadem
2982 2021 3286 2093 efﬁcientia
3299 2040 3398 2095 per
3427 2025 3641 2080 Filium
3672 2025 3840 2082 intel-

2183 2106 2286 2178 ligi
2319 2112 2495 2163 etiam
2527 2109 2734 2165 debeat
2784 2113 3008 2179 azterna,
3063 2111 3214 2166 hanc
3245 2112 3496 2184 Cyprius
3527 2114 3844 2187 Gregorius

2183 2195 2268 2250 ita
2296 2196 2810 2268 interpretabatur,
2866 2204 2930 2254 ut
2978 2216 3186 2256 novam
3219 2200 3491 2258 haeresim
3522 2203 3844 2271 inveheret,

2183 2285 2254 2340 de
2292 2302 2409 2357 qua
2463 2285 2707 2342 inferius
2764 2289 3056 2360 agendum
3115 2296 3223 2345 est.
3281 2291 3624 2349 Laudatum
3684 2293 3850 2350 Becci

2182 2377 2600 2431 testamentum
2659 2375 3029 2449 diligentiore
3078 2394 3220 2434 cura
3275 2380 3471 2452 capite
3523 2381 3756 2438 decimo
3785 2399 3850 2438 ac

2183 2467 2480 2534 postremo
2511 2466 2897 2537 expendimus
2926 2471 2983 2522 et
3012 2466 3405 2524 illustramus.

2253 2551 2346 2606 IV.
2401 2553 2722 2624 Egerrime
2797 2555 3015 2611 ferebat
3090 2561 3418 2630 Augustus,
3499 2575 3854 2632 congressum

2183 2642 2337 2712 longe
2385 2645 2576 2697 contra
2620 2659 2788 2715 quam
2832 2655 3169 2714 speraverat,
3217 2647 3510 2704 accidisse.
3558 2653 3856 2707 Joannem

2182 2733 2450 2799 Beccum,
2484 2731 2789 2804 sociosque
2841 2735 3050 2806 excepit
3107 2735 3370 2792 Cosmidii
3415 2741 3855 2809 monasterium,

2179 2818 2279 2873 sub
2309 2819 2427 2889 ﬁda
2457 2820 2666 2876 habitos
2685 2821 2955 2878 custodia.
2981 2823 3142 2878 Idem
3174 2829 3285 2892 est,
3316 2841 3384 2880 ac
3409 2830 3858 2885 monasterium

2179 2913 2499 2963 sanctorum
2531 2909 2734 2966 Cosmte
2779 2915 2834 2966 et
2895 2913 3179 2978 Damiani,
3215 2913 3371 2985 quod
3437 2921 3616 2973 extra
3649 2919 3861 2975 urbem

418 3007 764 3079 spirationis,
799 3021 832 3059 a
863 3019 981 3074 quo
1011 3002 1188 3057 etiam
1237 3001 1415 3056 habet
1457 3000 1613 3056 ﬁlius
1643 3001 1918 3057 virtutem
1950 3003 2069 3076 spi-
2182 2997 2253 3052 ad
2310 2998 2437 3053 freti
2494 2997 2662 3054 littus
2709 3000 3000 3057 exstabat.
3070 3002 3437 3075 Ducangium
3498 3007 3754 3063 consule
3802 3007 3862 3063 in

420 3096 706 3152 rativam;
767 3097 824 3148 et
880 3109 995 3146 non
1053 3094 1290 3163 propter
1347 3089 1606 3160 aliquem
1663 3090 1952 3158 ordinem,
1981 3093 2072 3148 vel
2183 3086 2341 3158 Cpoli
2369 3086 2680 3144 Christiana
2724 3087 2754 3160 §
2792 3091 2872 3157 15,
2908 3107 3071 3144 num.
3133 3091 3222 3146 10.
3263 3091 3374 3148 Sed
3413 3093 3558 3152 illos
3591 3098 3866 3170 demum,

419 3184 667 3256 gradum
706 3181 1017 3254 prioritatis
1067 3187 1117 3234 et
1156 3179 1586 3249 posterioritatis
1635 3179 1824 3234 Patris
1854 3184 1911 3235 et
1941 3181 2068 3238 ﬁlii.
2183 3192 2300 3247 qua
2331 3176 2528 3246 miniS,
2565 3193 2682 3249 qua
2736 3177 3039 3234 blanditiis
3092 3179 3311 3236 frustra
3360 3186 3663 3255 tentat03,
3691 3188 3870 3259 jubet

418 3271 700 3330 Similiter
729 3270 906 3326 etiam
947 3272 1184 3340 propter
1230 3267 1496 3323 eamdem
1545 3266 1828 3323 rationem
1855 3268 2069 3326 dicitur
2099 3263 2142 3331 C
2178 3265 2516 3337 imperator,
2561 3282 2699 3322 nave
2745 3266 3028 3338 deportari
3075 3270 3137 3323 in
3189 3285 3391 3340 arcem,
3431 3289 3470 3329 a
3512 3274 3744 3332 dextris
3775 3279 3876 3332 in-

411 3363 637 3434 proprie
666 3359 975 3433 procedere
1005 3375 1039 3412 a
1070 3360 1277 3412 Patre:
1313 3356 1565 3412 maxime
1596 3373 1731 3412 cum
1770 3358 1892 3413 haec
1923 3377 2067 3430 prae-
2175 3353 2447 3426 gredienti
2527 3357 2709 3410 sinum
2768 3361 3099 3413 Astacenum
3155 3360 3345 3428 sitam,
3411 3365 3515 3419 cui
3573 3382 3788 3424 nomen
3842 3383 3878 3422 a

417 3450 652 3524 positio,
674 3466 728 3516 a,
753 3447 907 3520 apud
931 3447 1160 3502 Graecos
1190 3449 1353 3501 notat
1373 3444 1713 3502 relationem
1735 3448 1806 3502 ad
1825 3449 2071 3518 primam
2177 3448 2364 3499 sancto
2396 3442 2652 3516 Gregorio
2681 3449 2778 3501 est.

419 3542 706 3613 originem.
740 3538 904 3593 Unde
936 3536 1090 3608 apud
1122 3552 1221 3591 eos
1243 3551 1357 3590 non
1389 3534 1604 3590 dicitur
1629 3538 1784 3607 quod
1817 3539 1969 3593 lacus
2002 3540 2075 3595 sit

420 3648 456 3686 a
485 3631 622 3699 rivo,
649 3628 742 3683 sed
772 3645 806 3682 a
851 3628 1037 3697 fonte:
1087 3629 1144 3680 et
1197 3623 1332 3679 inde
1387 3628 1476 3680 est
1506 3624 1704 3697 etiam,
1766 3629 1920 3698 quod
1956 3645 2071 3684 non

425 3718 775 3783 concedunt,
806 3715 963 3786 quod
995 3713 1248 3786 Spiritus
1281 3717 1520 3768 sanctus
1541 3713 1618 3769 sit
1644 3731 1679 3768 a
1708 3715 1872 3785 Filio,
1908 3717 2007 3773 sed
2041 3735 2076 3774 a

424 3809 613 3864 Patre.
646 3803 1042 3861 Nihilominus
1075 3807 1268 3857 tamen
1309 3819 1423 3857 non
1455 3806 1543 3857 est
1571 3802 1907 3871 dicendum,
1939 3809 2075 3878 quin

425 3900 594 3954 etiam
623 3913 659 3951 a
686 3895 826 3949 Filio
871 3893 1096 3964 proprie
1150 3890 1425 3959 procedat,
1478 3891 1577 3962 qui
1627 3908 1760 3946 cum
1794 3893 1959 3949 Patre
1990 3900 2081 3950 est

428 4003 607 4044 unum
629 3983 971 4056 principium
1019 3979 1273 4052 Spiritus
1331 3980 1556 4034 sancti:
1611 3997 1724 4036 non
1768 3987 1963 4038 autem
1995 3985 2078 4041 sic

431 4081 608 4145 rivus,
637 4079 694 4131 et
738 4075 862 4145 fons
919 4074 1057 4127 sunt
1114 4085 1286 4124 unum
1333 4070 1676 4140 principium
1725 4071 1874 4127 laci:
1917 4095 1944 4121 ››
1976 4076 2077 4130 sed

426 4169 632 4240 utique
664 4165 803 4231 duo,
834 4176 1086 4232 quorum
1135 4159 1386 4214 alterum
1419 4159 1634 4229 pendet
1663 4161 1734 4215 ab
1766 4159 1944 4217 altero
1971 4180 1984 4231 ;
2012 4181 2078 4219 ac

427 4257 789 4319 distinctam,
819 4252 868 4307 si
900 4267 1018 4321 qua
1046 4253 1156 4319 est,
1200 4246 1572 4303 efficientiam
1622 4248 1814 4305 habet.
1849 4250 2078 4309 Graecos

429 4347 501 4403 ab
549 4342 841 4416 Aquinate
888 4341 1246 4393 memoratos
1294 4335 1555 4409 intellige
1585 4342 1820 4394 sanctos
1853 4345 2073 4410 Patres,

425 4434 688 4504 aliosque
718 4427 990 4486 catholici
1019 4424 1313 4498 dogmatis
1344 4425 1625 4482 vindices.

495 4523 571 4596 (6)
621 4521 752 4577 Hac
781 4516 1077 4591 praecipua
1105 4519 1263 4585 sunt,
1296 4531 1423 4585 quae
1463 4514 1616 4571 circa
1644 4516 1937 4588 dogmatis
1968 4519 2072 4574 do-

420 4613 673 4669 ctrinam
707 4611 766 4664 iu
816 4605 1108 4678 colloquio
1157 4604 1427 4660 discussa
1472 4604 1654 4660 fuere.
1685 4605 2066 4678 Testamenti,
2099 4631 2146 4696 D

421 2757 554 2797 cum
585 2755 731 2795 usus
760 2737 916 2809 apud
948 2735 1212 2792 Graecos:
1265 2733 1540 2806 patefacit
1579 2734 1842 2804 Aquinas
1873 2733 2072 2789 omnia

420 2829 660 2897 ibidem,
695 2830 803 2883 art.
825 2830 880 2891 2,
901 2825 971 2880 ad
994 2825 1061 2879 3:
1099 2847 1126 2874 «
1151 2818 1407 2896 Spiritus
1432 2825 1670 2878 sanctus
1703 2821 1921 2877 dicitur
1941 2840 2073 2879 esse

420 2917 806 2989 principaliter
833 2932 867 2969 a
914 2917 1122 2979 Patre,-
1153 2911 1293 2983 quia
1339 2912 1398 2965 in
1459 2911 1627 2966 Patre
1657 2915 1747 2966 est
1777 2914 2074 2969 auctoritas

2793 3552 3025 3609 CAPUT
3063 3553 3214 3610 VIII.

2183 3639 2672 3720 Gregoringprio
2713 3642 3049 3720 patriarchae
3093 3643 3383 3720 provincia
3415 3647 3782 3720 imponitur,
3818 3657 3883 3709 ut

2251 3712 2480 3786 Joannis
2509 3713 2840 3786 Damasceni
2883 3715 3197 3769 testimonia
3243 3712 3522 3786 exponat,
3578 3731 3634 3778 et
3685 3712 3878 3780 conci-

2257 3783 2354 3838 liet
2382 3785 2442 3837 in
2475 3787 2636 3858 torno,
2680 3785 2776 3854 qui
2823 3801 3013 3858 coram
3056 3783 3353 3858 palamque
3405 3791 3475 3845 in
3503 3783 3763 3852 ecclesia
3796 3798 3886 3852 le-

2256 3863 2488 3935 geretur.
2545 3855 2751 3935 prapes
2808 3857 2869 3910 in
2927 3873 3007 3935 eoﬁ
3044 3855 3402 3935 deprehensae
3467 3864 3888 3935 di/ﬁcultates.

2256 3927 2439 4008 ipsum
2468 3925 2678 4000 refellit
2708 3932 2908 4008 Bcccus
2929 3947 2949 3982 :
2962 3925 3549 4008 gypriumquereuni
3567 3925 3699 4008 agit
3732 3954 3900 3998 novae

2259 3998 2545 4065 Iurereseos,
2583 4013 2711 4068 quae
2737 4003 2924 4064 postea
2950 3998 3290 4055 Palamitica
3321 4003 3485 4060 dicta,
3517 3998 3634 4064 est:
3661 4012 3906 4068 Tomum

2257 4071 2531 4142 corrigere
2585 4069 2785 4142 abnuit
2843 4070 3113 4142 Cyprius:
3171 4073 3360 4142 plures
3424 4084 3639 4135 tamen
3698 4085 3912 4139 scribit

2259 4127 2480 4196 libellos
2535 4127 2932 4212 apologeticos.‘
2985 4127 3182 4198 Sancti
3227 4127 3915 4211 Joannis

2255 4228 2408 4298 mens
2436 4212 2759 4298 diligentius
2799 4215 3109 4298 exponitur,
3141 4215 3334 4298 Sancti
3401 4220 3652 4298 Thom
3715 4228 3905 4298 Aqui-

2255 4285 2403 4362 natis
2432 4285 2501 4339 de
2545 4285 2884 4362 pamasceno
2923 4285 3227 4362 judicium.
3287 4289 3563 4362 Itemque
3615 4297 3690 4352 de
3727 4285 3905 4355 Theo-

2252 4354 2456 4480 dgretp:
2537 4358 2807 4411 Doctrina:
2866 4354 3327 4428 anacephalaeosis
3388 4354 3610 4422 contra
3694 4354 3902 4428 Photii

2255 4442 2282 4480 ο
2324 4442 2402 4480 νεα
2427 4442 2597 4480 tones.

2255 4427 2597 4494 obiectiones.

2254 4518 2295 4569 I.
2329 4513 2668 4570 Adversariis
2694 4517 2812 4571 suis
2843 4517 3043 4588 (verba
3075 4521 3215 4573 sunt
3236 4517 3662 4594 Pachymeris
3696 4528 3814 4586 lib.
3842 4548 3917 4601 ιι,

2180 4618 2306 4675 cap.
2339 4604 2416 4675 1),
2446 4621 2629 4659 acrem
2652 4607 2884 4678 reliquit
2903 4623 3097 4662 curam
3117 4608 3318 4662 Beccus
3349 4611 3762 4687 inquirendi,
3799 4638 3919 4694 qua

417 4702 575 4776 quod
605 4699 779 4755 morti
810 4697 1110 4769 proximus
1159 4710 1312 4748 anno
1364 4693 1500 4747 1298
1533 4694 1796 4749 condidit
1827 4700 2065 4765 Beccus,
2099 4693 2135 4696 “
2177 4694 2396 4748 ratione
2424 4694 2484 4747 in
2512 4693 2872 4750 orthodoxam
2905 4696 3009 4766 (ita
3057 4696 3349 4752 Sentiet)!“
3387 4699 3560 4776 ille),
3599 4693 3925 4781 explicari

415 4796 642 4864 partem
677 4787 933 4858 aliquam
966 4785 1073 4840 hoc
1105 4785 1278 4838 liceat
1303 4783 1427 4840 loco
1457 4783 1748 4852 exhibere,
1784 4789 1848 4840 ut
1877 4785 2068 4857 splen-
2175 4798 2390 4874 sensum
2418 4787 2600 4854 posset
2630 4784 2951 4874 Damasceni
2981 4786 3169 4841 Patris
3197 4785 3441 4859 dictum,
3481 4793 3583 4852 ita
3623 4802 3693 4854 ut
3729 4818 3928 4874 neque

415 4881 550 4936 dide
581 4880 778 4951 pateat
817 4873 1253 4930 adversantium
1301 4872 1632 4927 Graecorum
1677 4875 1969 4930 sententia
1994 4876 2066 4931 de
2175 4872 2332 4926 Becci
2359 4873 2691 4943 expositioni
2734 4874 2996 4928 assentiri
3040 4875 3402 4945 viderentur,
3451 4891 3516 4937 et
3546 4888 3765 4944 tamen
3794 4872 3928 4964 ipsi

413 4969 638 5042 Spiritu
672 4970 895 5021 sancto.
929 4968 1228 5034 Integrum
1263 4961 1543 5017 Possinus
1573 4961 1747 5017 refert
1775 4962 1834 5018 in
1862 4963 2066 5020 Obser-
2171 4961 2504 5031 suspiciones
2543 4962 2863 5033 effugerent,
2915 4963 3114 5034 quibus
3170 4965 3436 5034 ipsorum
3492 4961 3933 5049 doctrinm—ea:

407 5056 742 5114 vationibus
768 5053 841 5110 ad
873 5051 1005 5107 libri
1047 5049 1202 5107 tertii
1251 5054 1426 5122 caput
1452 5049 1541 5104 29.
1580 5071 1607 5100 «
1643 5051 1701 5105 In
1734 5049 1843 5106 hoc
1868 5051 2061 5108 hallu-
2171 5051 2462 5121 apparenti
2487 5066 2612 5104 cum
2638 5052 2911 5143 sententia
2962 5054 3135 5110 tanta:
3163 5055 3556 5116 auctoritatis
3596 5069 3923 5143 conﬂictu,

410 5148 684 5203 cinantur
732 5144 772 5198 ii
824 5141 1178 5214 quibuscum
1239 5140 1384 5194 mihi
1435 5139 1848 5209 controversia,
1902 5143 2057 5213 quod
2168 5141 2318 5212 apud
2362 5139 2607 5194 eruditos
2663 5138 2966 5194 laborabat.
3030 5164 3057 5190 «
3088 5143 3728 5231 ,Animadvertebant
3762 5138 3928 5231 ipsi,

381 5234 1128 5309 lipsisviargumentorum
1154 5245 1223 5284 ex
1245 5227 1597 5284 authenticis
1621 5229 2054 5300 Scripturarum
2168 5246 2286 5284 non
2344 5227 2459 5282 dici
2515 5245 2549 5283 a
2604 5227 2986 5296 Damasceno,
3057 5229 3432 5302 theologiam
3506 5227 3924 5322 explicante,

405 5332 463 5381 et
494 5325 736 5380 Patrum
766 5319 1118 5376 testimoniis
1151 5316 2058 5389 depromptorumineluctabili-
2161 5318 2458 5390 procedere
2516 5316 2784 5387 Spiritum
2845 5333 2917 5373 ea:
2974 5317 3119 5375 Filio
3175 5335 3276 5390 per
3336 5322 3591 5386 Filium
3663 5342 3724 5390 et
3785 5316 3932 5396 Ver;

407 5418 498 5470 ter
527 5411 768 5485 pressis,
804 5408 967 5465 nulla
988 5409 1405 5464 ostendebatur
1434 5407 1530 5462 via
1549 5405 2053 5478 declinaudi,quin
2167 5410 2316 5464 bum.
2346 5407 2491 5461 101
2540 5406 2850 5462 Addebant
2904 5407 3105 5476 etiam,
3163 5409 3355 5464 sancti
3415 5418 3634 5476 verba
3667 5423 3930 5486 ibidem

406 5503 641 5559 fatenda
685 5504 858 5565 esset,
936 5515 1002 5554 ac
1059 5514 1163 5569 pro
1231 5500 1385 5551 certo
1457 5496 1729 5568 dogmate
1787 5495 2057 5552 habenda
2164 5496 2418 5569 legi:ex
2446 5495 2586 5550 Filio
2641 5504 2830 5552 autem
2876 5496 3148 5568 Spiritum
3198 5513 3310 5553 non
3363 5500 3693 5569 dicimus.
3755 5517 3932 5578 Hinc

401 5593 578 5647 sancti
607 5591 846 5662 Spiritus
865 5604 936 5643 ea:
955 5589 1129 5643 Patre
1143 5600 1243 5657 per
1270 5585 1474 5640 Filium
1484 5585 1781 5658 processio.
1804 5584 2054 5680 Aliunde
2111 5657 2116 5661 _
2163 5585 2509 5680 inferebant,
2543 5585 2984 5680 [naepositiones
3013 5603 3088 5680 etc
3112 5589 3171 5642 et
3201 5601 3480 5680 per‘non
3518 5613 3679 5659 esse
3715 5609 3931 5680 aequi-

399 5695 556 5752 vero,
590 5694 726 5737 cum
757 5677 885 5753 pari
914 5674 1377 5752 theologicarum
1423 5690 1493 5733 ex
1521 5673 1841 5750 Scripturis
1870 5673 2054 5734 ratio-
2160 5673 2464 5752 pollentes.
2497 5695 2526 5728 »
2561 5675 2603 5732 E
2653 5690 2716 5734 re
2746 5691 2856 5734 sua
2897 5675 3236 5752 censebant,
3260 5676 3330 5734 ut
3367 5681 3522 5745 solo
3559 5673 3933 5767 uterentur
