4090 6448
243 381 362 446 109

1477 405 1686 468 VITA.
1721 439 1802 456 --
1830 410 2356 483 DISSERTATIO
2400 425 2448 484 Ι.

3556 459 3676 517 110

244 513 581 574 Damasceni
610 521 793 578 effatu
818 523 945 596 illo,
997 545 1144 601 quos
1202 530 1252 587 is
1285 536 1540 607 negabat
1598 555 1660 594 se
1718 540 1911 598 dicere
1941 545 1994 611 Α
2026 548 2264 618 quidem
2295 553 2619 629 intelligere
2651 579 2764 620 non
2789 567 2950 624 valeo
2981 576 3231 644 (reponit
3260 578 3520 656 Beccus),
3554 604 3672 660 qua

248 607 514 660 Spiritum
559 625 629 660 ex
689 613 876 660 Filia:
952 619 1403 660 nnmrnhnnfnno
1462 627 1880 660 ονηηαςιςηηηη.
2021 636 2235 660 -Αιῖ....-
2317 643 2376 660 ,ιγι
2416 643 2427 660 ι
2474 646 2483 655 σ
2709 652 2719 660 .

248 607 514 680 Spiritum
559 625 629 664 ex
689 613 876 670 Filio:
952 619 1404 694 quaerebantque
1462 627 1906 700 expositionem,

249 713 362 769 qua
396 697 619 770 reliqua
648 702 856 772 priora
872 707 1052 762 verba
1083 710 1433 784 emollirent,
1472 697 1551 770 et,
1575 717 1637 771 in
1667 734 1907 775 concor-

247 787 400 841 diam
429 787 803 846 reducerent.
837 793 1044 866 Itaque
1077 797 1352 869 Gregorio
1402 805 1612 875 Cyprio
1666 807 1907 864 deman-

249 875 376 929 data
407 877 733 947 provincia,
768 881 992 938 Tomum
1020 887 1314 944 scribendi
1346 889 1458 946 hac
1488 894 1558 948 de
1589 911 1670 949 re.

308 964 591 1035 Imposito
623 983 876 1026 munere
907 972 1146 1030 functus
1176 982 1265 1031 est
1295 980 1563 1051 Cyprius,
1591 983 1903 1056 editusque

244 1053 439 1119 Tomus,
473 1055 536 1109 in
569 1056 836 1114 Ecclesia
864 1077 1059 1118 coram
1094 1063 1409 1139 palamque
1440 1068 1648 1126 lectus.
1690 1073 1754 1127 Id
1806 1053 1902 1129 ac-

240 1141 441 1198 cibisse
471 1145 768 1202 Pessinus
811 1153 979 1220 putat
1035 1169 1188 1208 anno
1248 1155 1460 1212 Christi
1516 1160 1671 1216 1288.
1731 1162 1902 1219 Vetat

224 1413 364 1463 sunt
393 1409 770 1484 apologetica
799 1416 1039 1488 scripta,
1067 1435 1194 1490 quae
1229 1438 1366 1477 mox
1390 1427 1892 1502 enumerabimus,

217 1495 273 1549 id
302 1513 629 1569 exposcere
657 1501 1307 1564 videntur.Tomolecto
1333 1513 1643 1583 imperator
1670 1517 1894 1572 rubrica

211 1585 558 1658 subscripsit,
595 1588 798 1646 deinde
824 1596 1178 1666 patriarcha,
1212 1607 1330 1653 tum
1379 1601 1579 1657 ordine
1617 1606 1892 1676 prazsutes

211 1673 621 1732 Ecclesiastici
651 1679 760 1732 viri
791 1680 952 1737 fuere
981 1683 1204 1755 plures,
1236 1687 1338 1758 qui
1386 1673 1889 1764 subscriptionem

211 1768 414 1834 aperte
446 1772 768 1837 negarunt.

281 1852 354 1907 II.
387 1854 651 1910 Causam
682 1862 918 1914 enarrat
965 1860 1354 1935 Pachymeres
1403 1867 1656 1925 ibidem:
1691 1894 1718 1921 «
1751 1874 1889 1929 Erat

217 1940 370 1996 enim
402 1942 568 1999 inter
598 1943 714 2000 alia
743 1946 802 2001 in
838 1949 1014 2017 Tomo,
1049 1951 1149 2022 qui
1189 1953 1654 2015 subscribendus
1680 1961 1883 2018 obtru-

217 2029 488 2098 debatur,
523 2033 799 2104 quaedam
822 2037 1108 2109 expositio
1139 2043 1444 2098 sententias
1471 2046 1637 2116 prius
1666 2065 1884 2107 memo-

215 2123 350 2172 rata
381 2119 500 2176 divi
551 2121 930 2193 Damasceni,
991 2127 1075 2183 sic
1134 2146 1196 2184 se
1252 2130 1516 2189 habens:
1571 2136 1635 2192 Si
1688 2155 1881 2196 veroa

207 2223 422 2264 summa
480 2211 746 2284 Theologo
804 2219 1144 2273 Damasceno
1172 2223 1482 2290 reperiatur
1508 2223 1688 2281 dictus
1715 2229 1881 2285 Pater

204 2306 383 2353 sancit
411 2300 667 2369 Spiritus
697 2297 788 2355 διὰ
816 2301 1000 2377 Λόγου
1047 2301 1377 2380 προϐολεὺς,
1431 2313 1727 2380 productor
1775 2335 1880 2390 per

204 2386 439 2443 Verbum
469 2407 492 2443 :
551 2389 702 2446 haud
751 2393 922 2462 plane
979 2395 1084 2450 ista
1135 2397 1333 2453 locutio
1391 2401 1713 2471 signiﬁcare
1758 2386 1878 2463 uult

195 2479 386 2530 sancti
444 2480 692 2549 Spiritus
749 2479 827 2542 εἷς
860 2479 1006 2535 αιτὸ
1044 2480 1284 2558 πρόοδον
1353 2493 1762 2558 processionem
1813 2498 1876 2552 in

192 2568 600 2631 exstantium;
661 2570 764 2624 sed
797 2567 875 2631 εἷς
953 2566 1203 2649 ἔκφανσιν
1238 2571 1437 2647 ἀίδιον,
1489 2581 1550 2634 in
1603 2591 1876 2642 aeternam

189 2655 769 2725 exptmdescentiam.
830 2660 950 2716 Hoc
1009 2666 1200 2719 autem
1229 2664 1371 2736 quid
1401 2667 1514 2721 sibi
1548 2669 1738 2738 vellet,
1773 2692 1873 2732 ne-

188 2759 504 2814 quaquam
541 2762 604 2802 se
634 2763 843 2820 capere
864 2751 1135 2808 aiebant:
1186 2755 1643 2830 quaerebantque
1701 2780 1870 2821 mon-

191 2833 371 2887 strari
427 2833 550 2889 sibi
609 2835 931 2894 discrimen
997 2845 1361 2912 processionis
1418 2849 1474 2900 et
1519 2852 1742 2907 aeternae
1774 2870 1870 2909 ex-

189 2921 632 2991 plendescentiw
660 2942 674 2992 ;
704 2930 766 2980 ut
795 2927 882 2983 sic
920 2945 1125 2987 earum
1169 2950 1380 2990 vocum
1439 2941 1688 2998 alteram
1719 2944 1869 3015 abji-

197 3016 415 3076 oerent,
446 3012 703 3068 alteram
737 3017 1250 3088 amplecterentur.
1283 3025 1450 3085 Nunc
1507 3031 1664 3087 enim
1695 3033 1869 3104 plane

199 3114 475 3170 apparere
502 3102 659 3174 ipsis
689 3103 805 3160 ista
833 3108 1115 3164 vocabula
1146 3121 1349 3170 mutuo
1408 3102 1865 3193 aaquipollentia,

197 3203 310 3241 nec
338 3187 465 3259 plus
493 3192 776 3248 minusve
808 3195 1143 3267 signiﬁcare
1188 3204 1514 3277 quidquam
1565 3214 1865 3282 processio-

201 3293 334 3330 nem
365 3281 423 3332 in
449 3284 813 3350 exstantium,
847 3301 1024 3356 quam
1055 3295 1452 3359 processionem
1479 3300 1539 3353 in
1568 3281 1862 3359 raeternam

195 3368 765 3437 explendescentiam.
799 3395 826 3421 »

255 3457 706 3530 Animadverte,
769 3463 968 3519 minus
1013 3475 1344 3528 accuratam
1376 3474 1708 3549 falsamque
1729 3480 1856 3551 jam

172 3545 388 3617 Cyprio
439 3549 630 3604 visam
690 3566 820 3606 esse
867 3568 1070 3610 eorum
1125 3556 1695 3636 interpretationem,
1754 3571 1854 3642 qui

163 3637 596 3705 processionem
630 3641 816 3695 sancti
867 3641 1106 3714 Spiritus
1136 3663 1171 3701 a
1199 3653 1365 3705 Patre
1391 3668 1490 3722 per
1516 3656 1722 3712 Filium
1752 3637 1855 3715 aut

164 3723 602 3797 intelligebant
659 3731 1020 3800 temporalem
1065 3734 1332 3794 donorum
1377 3745 1432 3796 et
1461 3744 1853 3804 charismatum

159 3815 602 3885 concessionem,
663 3823 765 3872 aut
817 3824 972 3877 certe
1015 3829 1390 3894 processionis
1421 3833 1618 3890 acti-um
1649 3837 1850 3891 transi-

165 3910 282 3958 tum
336 3920 451 3976 per
511 3907 773 3971 Verbum,
826 3909 1008 3965 veluti
1070 3915 1352 3988 medium,
1412 3919 1539 3976 sine
1571 3922 1692 3978 ulla
1721 3926 1848 3996 ejus

166 3992 511 4049 efﬁcientia.
545 3994 864 4068 Perspicua
894 3999 1117 4058 scilicet
1143 4003 1490 4064 Damasceni
1513 4028 1579 4067 ac
1609 4012 1846 4072 Patrum

160 4348 421 4407 indicare
462 4349 648 4406 Verbi
680 4352 1056 4413 efﬁcientiam
1089 4377 1227 4433 erga
1259 4365 1543 4435 Spiritum
1567 4374 1837 4428 sanctum

165 4453 330 4506 quam
355 4441 876 4511 interpretabatur
903 4445 1150 4518 Cyprius
1191 4467 1306 4507 non
1355 4454 1426 4509 ad
1480 4461 1834 4532 exstantiam,

162 4527 256 4580 sed
305 4529 379 4583 ad
433 4536 720 4585 aeternam
769 4533 1351 4602 explendescentiam;
1408 4561 1543 4600 cum
1575 4527 1835 4605 attamen

161 4702 315 4760 aliud
346 4706 530 4772 foret,
565 4723 748 4778 quam
777 4711 896 4781 ejus
923 4717 1207 4772 exstantia
1236 4735 1270 4774 a
1303 4720 1467 4777 Patre
1494 4739 1598 4794 per
1623 4725 1833 4783 Filium

228 4795 385 4852 102
419 4793 525 4851 III.
561 4796 787 4854 Tomus
818 4800 1022 4857 incidit
1051 4805 1110 4858 in
1140 4821 1353 4865 manus
1391 4793 1555 4867 Becici
1604 4831 1834 4873 carcere

173 4879 377 4940 detenti
436 4885 636 4941 Multa
690 4885 794 4942 ille
851 4890 1056 4947 eodem
1104 4893 1164 4948 in
1197 4895 1378 4953 Tomo
1407 4901 1831 4970 reprehendebat

176 4968 369 5036 (verbis
430 4977 574 5028 utor
630 4974 1022 5050 Pachymeris,
1081 4999 1207 5054 cap.
1264 4988 1344 5054 2),
1390 4968 1486 5043 sed
1510 4996 1829 5061 praesertim

169 5058 446 5117 incusabat
501 5064 900 5133 ezpositionem
954 5069 1017 5122 in
1069 5086 1130 5125 eo
1214 5075 1484 5132 traditam
1510 5058 1827 5139 ~sententia:

159 5145 516 5206 Damasceni.
549 5151 789 5209 Prostat
846 5155 906 5210 in
963 5162 1123 5214 tomo
1158 5160 1206 5215 II
1238 5163 1473 5223 Grmciw
1502 5169 1828 5230 orthodoxe

159 5235 277 5303 ejus
307 5243 490 5296 oratio
516 5241 710 5311 prima
741 5244 803 5298 in
866 5246 1089 5302 Tomum
1122 5250 1334 5322 Cyprii,
1370 5261 1424 5308 et
1451 5273 1620 5313 novas
1674 5276 1822 5331 ejus-

168 5321 274 5380 dem
300 5326 560 5385 haereses.
625 5330 850 5386 Novam
901 5321 1659 5412 Cypriiinterpretationem
1690 5321 1824 5420 pro-

175 5413 296 5479 priis
321 5419 517 5474 verbis
549 5419 904 5476 aﬂ‘ertnum.
936 5424 990 5478 5.
1023 5425 1175 5483 Licet
1202 5431 1352 5485 enim
1371 5413 1824 5503 apudnonnullos

175 5514 360 5562 sanctos
408 5525 516 5581 per
569 5510 794 5566 Filium
831 5513 1132 5582 procedere
1217 5517 1489 5590 Spiritum
1571 5535 1824 5583 sanctum

176 5595 474 5659 astruatur;
503 5598 677 5655 dictio
709 5599 856 5664 haec,
889 5601 952 5655 in
974 5606 1243 5660 xternam
1289 5610 1653 5683 eﬂulsionem,
1713 5632 1822 5674 non

178 5680 242 5736 ad
287 5700 390 5746 esse
434 5705 606 5764 pure,
665 5690 960 5764 signiﬁcat
1003 5707 1428 5766 progressum.»
1463 5701 1534 5758 Et
1561 5680 1820 5779 primum

2019 636 2241 693 ratione
2295 643 2642 714 e/fulsionem
2695 652 2756 708 in
2812 663 3079 715 aeternum
3139 664 3392 737 Spiritus
3449 637 3494 727 ai
3532 636 3672 746 paro

2013 742 2303 834 progressu
2332 734 2401 788 ad
2429 752 2542 792 esse
2570 740 2915 817 distinguat.
2947 754 3000 805 2.
3034 734 3347 827 Gregorius
3368 734 3670 834 Nyssenus

2760 813 2785 817 ν
3145 813 3179 827 υ
3330 813 3341 815 ⁷
3369 813 3385 815 ⁷
3419 813 3440 834 d
3458 813 3669 824 v—V—uw

2015 813 2264 913 duarum
2298 837 2682 891 personarum
2711 849 2906 906 causa,
2943 855 3046 896 seu
3089 844 3364 920 principii
3393 851 3670 910 diﬁ'eren-

2002 1438 2304 1547 ipsum,'ex
2333 1449 2502 1504 Patre
2531 1451 2881 1514 administer
2904 1460 2931 1516 ?
3064 1466 3224 1529 Quod
3255 1438 3336 1527 "si
3364 1438 3368 1439 ν

2001 1531 2340 1632 naturaliter
2368 1552 2472 1606 per
2501 1539 2714 1598 Filium
2747 1548 3005 1622 effulget,
3038 1552 3194 1612 idem
3228 1559 3405 1617 fuerit
3434 1531 3648 1633 dicere,

2002 1632 2068 1726 ac
2097 1622 2361 1689 procedit
2391 1625 2514 1696 ipse
2544 1645 2644 1700 per
2672 1633 2905 1692 Filium.
2939 1661 2968 1690 »
3002 1641 3131 1700 Haec
3164 1650 3223 1701 et
3271 1648 3388 1706 alia
3443 1622 3653 1726 quam;

1999 1704 2170 1775 plura
2197 1709 2412 1768 Beccus
2441 1721 2786 1788 opponebat.

2072 1795 2273 1900 Inepta
2329 1807 2452 1900 erat
2507 1806 2622 1864 alia
2656 1811 2848 1884 Cyprii
2878 1822 3190 1900 sententia,
3225 1843 3352 1898 qua;
3384 1847 3550 1887 num.
3585 1834 3652 1888 10

1997 1883 2281 1990 habetur:
2340 1893 2441 1947 sed
2492 1913 2596 1967 per
2653 1883 2884 1973 Filium,
2944 1917 2996 1964 et
3043 1889 3115 1966 ex
3176 1883 3327 1972 'Filio

1995 1971 2257 2049 ὑπάρχειν
2316 1984 2662 2043 naturaliter
2713 1995 3010 2054 exsistere:
3059 2017 3172 2057 non
3227 2021 3350 2062 vero
3396 1971 3502 2080 ‘per
3556 2012 3648 2068 Fi-

2003 2059 2044 2080 ι·
2252 2071 2262 2080 -
2453 2073 2557 2080 ----
2674 2077 2684 2080 -
2782 2077 2807 2080 “

1995 2059 2156 2132 lium,
2212 2071 2265 2122 et
2320 2085 2389 2125 ex
2444 2073 2586 2131 Filio
2644 2077 2719 2140 εἰς
2778 2077 3002 2159 ὕπαρξιν
3058 2084 3205 2164 ἔχειν
3260 2059 3647 2156 exsistentiam

1990 2150 2213 2226 habere,
2245 2159 2344 2227 qui
2400 2160 2456 2214 id
2485 2169 2913 2228 enuntiaverunt
2941 2150 3159 2248 Patres,
3197 2187 3338 2252 fassi
3364 2191 3509 2243 sunt.
3538 2211 3567 2239 «
3599 2190 3643 2246 Ο

1987 2248 2263 2314 argutum
2291 2247 2436 2304 talia
2463 2259 2852 2316 asserentium
2883 2280 3129 2323 acumen
3148 2247 3238 2327 7!
3264 2273 3382 2346 Ego
3404 2277 3504 2348 qui
3527 2297 3640 2336 non

1985 2330 2067 2386 ita
2092 2336 2362 2392 curiosus
2393 2356 2548 2409 sum,
2597 2345 2697 2400 sed
2755 2351 2919 2407 rudis
2973 2330 3497 2431 hebesque,uillud
3553 2385 3644 2424 ex-

1985 2421 2124 2476 Filio
2148 2428 2487 2484 naturaliter
2517 2431 2791 2502 Spiritum
2835 2444 3114 2517 exsistere,
3165 2421 3284 2519 pro.
3323 2421 3639 2514 exsistentia

1982 2525 2054 2564 ex
2082 2512 2226 2568 Filio
2255 2531 2533 2576 assumo:
2567 2526 2624 2577 et
2678 2530 3152 2600 praepositionem
3208 2554 3298 2605 ex,
3340 2541 3466 2600 loco
3492 2562 3639 2618 pra-

1984 2599 2291 2708 positionis
2315 2622 2434 2676 per,
2469 2612 2534 2664 ut
2555 2599 3095 2684 scriptisrmandata
3118 2599 3356 2685 traditio
3387 2599 3636 2708 intdnat,

1982 2686 2047 2742 de
2074 2690 2217 2746 Filio
2247 2709 2481 2766 semper
2510 2701 2805 2772 accipiens
2832 2723 2845 2773 ;
2889 2725 3007 2765 non
3037 2713 3172 2769 duas
3218 2733 3412 2774 causas
3454 2686 3636 2794 Spiri:

1981 2783 2084 2847 tus,
2119 2780 2219 2834 sed
2248 2782 2471 2838 Patrem
2527 2803 2760 2847 causam
2801 2811 2905 2865 per
2961 2799 3168 2857 Filium
3225 2780 3633 2878 depraadicos»

1980 2865 2109 2921 Haec
2137 2884 2270 2924 vero
2293 2887 2636 2943 germanam
2668 2881 2969 2941 continent
2995 2887 3106 2944 loci
3154 2891 3394 2953 alterius
3447 2899 3631 2958 inter-

1974 3044 2121 3100 Filio
2150 3063 2261 3101 non
2289 3048 2504 3107 dicere:
2531 3055 2811 3116 nimirum
2842 3063 3020 3120 veluti
3051 3083 3120 3123 ex
3149 3044 3326 3129 causa
3373 3093 3408 3130 a
3465 3079 3629 3137 Patre

1975 3131 2270 3190 distincta.
2306 3141 2439 3194 Haec
2467 3141 2539 3197 de
2568 3159 2629 3199 re
2655 3146 2994 3219 diligentius
3023 3154 3195 3213 intra.

2043 3223 2189 3278 Cum
2246 3225 2366 3282 haec
2399 3229 2647 3287 fortasse
2697 3251 2816 3306 prae
2856 3241 3041 3298 oculis
3080 3243 3323 3305 haberet
3355 3251 3624 3312 doctissi-

1975 3326 2107 3366 mus
2138 3313 2487 3373 Franciscus
2519 3319 2928 3399 Combeﬁsius,
2979 3331 3346 3405 frequentius
3381 3343 3626 3402 adnotat

1969 3399 2028 3454 in
2062 3399 2245 3458 altera
2263 3410 2429 3474 parte
2454 3408 3349 3492 NovissimiAuctarii,Joannem
3373 3430 3620 3492 Beccum

1966 3489 2225 3546 hzeresim
2251 3494 2648 3554 Palamiticam
2677 3501 3012 3564 damnasse.
3044 3489 3334 3572 'Insanum
3393 3521 3621 3580 scilicet

1965 3577 2210 3635 invaluit
2240 3581 2536 3655 delirium,
2580 3605 2694 3660 quo
2725 3609 2758 3646 a
2788 3593 2985 3652 divina
3013 3605 3270 3660 essentia
3298 3606 3619 3685 distingue-

1963 3666 2137 3723 batur
2161 3673 2380 3727 mterna
2418 3674 2519 3730 Dei
2554 3678 2725 3751 actio,
2762 3698 2828 3738 ac
2861 3687 3284 3759 sempiternum
3316 3666 3613 3768 quoddam

1960 3754 2160 3813 lumen
2183 3759 2485 3819 divinum:
2522 3783 2588 3821 ac
2618 3768 2776 3825 istud
2831 3777 3127 3835 mentibus
3183 3754 3392 3842 creatis
3449 3805 3608 3846 com‘

1960 3846 2246 3902 municari
2279 3850 2600 3924 dicebatur,
2625 3857 2754 3928 ipsa
2781 3862 3018 3932 penitus
3066 3867 3606 3936 incommunicabili

1956 3937 2233 4009 essentia,
2266 3955 2332 3994 ac
2363 3939 2663 4000 invisibili.
2695 3951 2828 4004 Haec
2846 3951 3079 4010 videtur
3099 3975 3228 4016 esse
3247 3961 3351 4019 illa
3379 3969 3604 4039 exsplen

1953 4024 2245 4092 descentia,
2276 4027 2336 4082 in
2369 4045 2546 4100 quam
2577 4033 2822 4105 Cyprius
2852 4043 3119 4100 tradebat
3148 4065 3218 4103 ex
3265 4055 3436 4109 Patre
3466 4024 3599 4128 pro-

1953 4112 2156 4169 cedere
2185 4115 2472 4188 Spiritum
2505 4127 2776 4180 sanctum
2807 4143 2910 4198 per
2940 4133 3092 4188 103
3137 4137 3370 4212 Filium,
3402 4112 3512 4200 non
3541 4150 3606 4204 in

1951 4204 2308 4260 exstantium.
2331 4209 2452 4263 Hoc
2485 4208 2668 4281 igitur
2706 4212 2958 4288 impium
3015 4223 3266 4282 Palamae
3326 4204 3539 4306 dogma
3568 4255 3603 4294 a

1948 4289 2173 4347 Joanne
2204 4293 2382 4350 Becco
2415 4297 2762 4358 damnatum
2793 4305 2852 4361 in
2888 4309 3042 4366 Tomo
3071 4317 3325 4388 quodam,
3360 4289 3603 4383 adnotat

1948 4377 2224 4437 laudatus
2278 4383 2649 4470 Conbefisius
2705 4390 2765 4446 in
2824 4377 3340 4463 Observationibus
3372 4411 3444 4465 ad

1948 4469 2137 4524 nuelis
2194 4469 2407 4528 Calecee
2463 4476 2680 4534 librum
2737 4483 2814 4537 De
2859 4491 3097 4545 essentia
3147 4501 3198 4548 et
3252 4503 3598 4568 operatione.

1945 4555 2250 4615 Michaelis
2282 4563 2559 4634 Lequieni
2589 4569 2959 4630 verissimam
2994 4579 3170 4636 affero
3219 4555 3596 4646 animadver-

1943 4821 2157 4893 dogma
2204 4825 2276 4880 ab
2331 4827 2442 4884 isto
2501 4821 2940 4902 praeformatum
2994 4821 3280 4906 refutasse
3324 4821 3593 4916 Bede—uim:

1939 4915 2210 4968 caeterum
2251 4917 2516 4973 Joannem
2570 4922 2732 4978 illum
2774 4931 3153 4996 patriai-chum
3206 4941 3596 5006 Constantino-

1931 5000 2270 5071 politanum,
2305 5005 2405 5074 qui
2438 5006 2783 5081 Gregorium
2816 5016 3118 5079 Palamam
3152 5027 3379 5097 primus

1938 5088 2116 5156 navit,
2142 5096 2244 5146 aut
2271 5093 2637 5166 Sozopolitam
2667 5101 2848 5160 fuisse
2893 5108 3047 5165 circa
3095 5088 3317 5174 annum
3375 5120 3589 5181 Christi

1939 5177 2097 5244 1294,
2141 5196 2212 5234 au
2246 5186 2398 5238 certe
2431 5183 2637 5258 Clycyn
2662 5190 2817 5249 circa
2846 5211 3070 5254 annum
3107 5204 3263 5263 1316.

2010 5268 2072 5321 In
2130 5266 2282 5326 hanc
2339 5273 2765 5336 absurditatem
2826 5283 3103 5346 incidisse
3135 5293 3585 5374 Cyprium,jam

1935 5353 2110 5410 allata
2139 5357 2328 5428 ipsius
2359 5362 2429 5415 ad
2448 5362 2640 5422 locum
2666 5373 3004 5431 Damasceni
3025 5353 3430 5455 interpretatio
3445 5353 3590 5450 satis

1935 5443 2166 5499 evincit.
2187 5448 2422 5504 Accedit
2451 5451 2611 5510 aliud
2643 5456 2831 5529 ipsius
2858 5464 3080 5523 dictum
3131 5443 3198 5526 in.
3247 5491 3353 5532 suo
3382 5443 3592 5540 Tomo:

1934 5534 2089 5602 quod
2143 5534 2279 5592 inde
2334 5547 2633 5613 sumptum
2686 5564 2720 5602 a
2751 5549 2930 5609 Becco
2961 5558 3209 5615 refertur
3236 5562 3295 5618 in
3327 5569 3586 5628 oratione

1933 5619 2110 5676 citata
2168 5641 2333 5682 num.
2397 5629 2462 5683 14
2495 5647 2506 5685 :
2541 5654 2571 5682 «
2630 5634 2786 5692 Nihil
2841 5643 2973 5697 novi
3003 5651 3112 5713 est,
3147 5665 3336 5724 neque
3366 5619 3582 5718 ait};

1928 5710 2363 5785 Scripturarum
2393 5718 2674 5796 alienum,
2715 5727 2765 5784 si
2795 5731 3052 5804 spiritale
3070 5710 3276 5798 donum
3292 5710 3584 5821 aequivi
