4090 6444
447 423 562 481 Hi

1473 418 1792 481 GEORGII
1837 417 2104 479 CYPRII
2149 417 2269 477 GP.
2320 418 2856 482 PATRIARCHIE

3761 418 3877 480 112

447 554 692 627 Spiritus
741 556 966 608 sanctus
1019 556 1292 607 vocetur:
1353 555 1409 608 et
1468 554 1611 608 actio
1641 551 1958 625 aliquando
1989 550 2101 607 sibi
2133 552 2187 619 Α
2219 551 2384 607 becio
2414 552 2738 609 recensitus
2768 552 2919 610 libro
2949 553 3590 619 vCommentariorum,
3624 553 3735 608 sub
3766 552 3879 609 hoc

443 659 651 699 nomen
679 643 900 715 agentis
931 640 1254 698 admiscere
1277 641 1623 709 videtur,uti
1656 641 1797 698 solis
1829 641 2104 714 splendor

447 736 508 789 et
562 731 763 788 lumen
825 747 1226 803 saepenumero
1248 729 1410 786 solis.
1442 752 1470 780 »
1503 730 1727 796 Quibus
1758 729 1962 802 utique
1982 745 2102 785 ver-

443 821 535 876 bis
556 821 664 893 (ait
682 819 1016 892 Lequienus
1041 819 1167 875 loco
1190 819 1386 890 citato)
1419 819 1791 892 significabat
1822 824 2100 874 aeternam

444 909 547 964 Dei
578 909 890 974 actionem,
924 925 1052 980 qum
1084 909 1350 981 personis
1399 908 1592 964 tribus
1625 907 1959 963 communis
1989 912 2097 977 est,

443 997 730 1070 Spiritum
770 1001 1041 1053 sanctum
1073 997 1428 1069 quandoque
1446 997 1637 1052 vocari
1666 1014 1679 1052 :
1705 1001 1762 1052 et
1782 996 1933 1052 hanc
1953 1012 2101 1052 sem-

445 1086 659 1158 piterni
707 1085 951 1142 luminis
1018 1085 1414 1152 efﬁcientiam,
1482 1085 1676 1140 tribus
1724 1101 2098 1141 communem

441 1175 734 1247 personis,
758 1175 948 1248 ipsam
978 1174 1090 1230 dici
1123 1175 1561 1247 processionem
1584 1173 1838 1246 Spiritus
1870 1192 1903 1230 a
1937 1175 2099 1231 Patre

443 1281 548 1337 per
600 1263 837 1321 Filium.
891 1263 1062 1319 Aliud
1120 1264 1274 1319 idem
1328 1263 1656 1335 Lequienus
1679 1263 2097 1335 Fragmentum

446 1370 604 1426 operi
662 1372 696 1410 a
751 1354 960 1426 Cyprio
1019 1352 1262 1409 confecti
1322 1352 1541 1408 ibidem
1599 1352 1800 1408 affert:
1865 1369 2096 1426 nempe,

440 1443 642 1499 divina
667 1446 872 1516 gratia,
913 1443 1360 1514 eﬂ‘utgentiaque,
1412 1450 1463 1497 et
1519 1444 1766 1513 operatio
1823 1438 2093 1504 συναῖ¹διός

443 1528 554 1584 ἐστι
582 1536 662 1603 τῷ
693 1532 799 1602 Υἱῷ
827 1540 1101 1588 coaeterna
1148 1532 1289 1586 Filio
1352 1535 1478 1585 est:
1519 1535 1570 1586 et
1616 1547 1689 1586 ere
1719 1533 1836 1602 ipso
1867 1535 2098 1587 scaturit

438 1623 591 1678 velut
617 1625 783 1677 etiam
801 1638 873 1677 ea:
901 1625 1087 1690 Patre,
1119 1625 1170 1676 et
1200 1623 1430 1692 ipsomet
1457 1621 1772 1676 Paracleto.
1823 1621 2098 1678 Enormia

439 1715 796 1781 commenta,
830 1727 957 1782 quea
987 1709 1280 1764 cudebant
1310 1707 1513 1778 Graeci,
1567 1707 1807 1763 Patrum
1838 1710 2096 1765 auctori-

435 1799 552 1854 tale
582 1799 788 1872 pressi,
820 1798 1162 1870 diligentius
1183 1797 1336 1852 infra
1364 1796 1838 1869 explanabimus.

2217 639 2425 696 titulo:
2462 642 2521 697 Ὀ
2587 640 2766 714 Τόμος
2826 644 2925 709 τῆς
2988 640 3137 716 ἁγίας
3200 637 3448 713 συνόδου,
3509 638 3634 710 ἤτοι
3695 638 3873 711 στήλη

2215 726 2551 804 ὀρθοδοξίας,
2613 733 2802 788 Tomus
2859 731 3174 804 synodicus,
3235 733 3350 788 sive
3405 731 3665 787 columna
3692 735 3876 788 ortho-

2209 819 2412 876 doxise.
2467 820 2713 892 Incipit:
2747 819 2916 895 Ἔσχε
2977 821 3070 892 μὲν
3121 821 3156 888 ἡ
3210 814 3555 892 ἐπισυμϐἆσκ
3610 819 3717 895 πρὸ
3779 841 3872 892 μι-

2207 913 2341 980 κροῦ
2397 910 2612 983 ταραχή
2675 929 2732 964 τε
2789 909 2880 963 καὶ
2929 906 3066 979 ζάλη
3091 912 3161 982 τῇ
3193 907 3511 980 Ἐκκλησίᾳ.
3546 911 3725 966 Habet
3755 912 3879 982 qui-

2207 998 2328 1054 dem
2385 1000 2648 1067 turbatio,
2701 1007 2752 1054 et
2793 1001 3036 1070 procella
3064 999 3318 1056 Ecclesia
3349 1001 3758 1071 superveniens.
3783 1000 3873 1055 Ab

2209 1087 2300 1142 his
2325 1085 2501 1141 etiam
2526 1086 2731 1159 incipit
2752 1086 2942 1144 verbis
2973 1088 3132 1160 Opus
3179 1104 3212 1142 a
3241 1087 3525 1144 Banderio
3576 1088 3875 1162 integrum

2209 1175 2404 1230 Graece
2433 1175 2655 1231 editum
2685 1176 2743 1232 in
2774 1177 2938 1233 Notis
2961 1177 3032 1232 ad
3057 1177 3274 1233 librum
3326 1195 3427 1232 vm
3468 1178 3877 1248 Antiquitatum

2205 1265 2669 1337 Constantinopol.
2704 1265 2860 1337 quod
2891 1265 3232 1322 inscribitur
3255 1267 3535 1328 ε’Έκθεσις
3563 1269 3660 1320 τοῦ
3687 1264 3874 1339 Τόμου

2204 1359 2303 1422 τῆς
2335 1352 2568 1414 πίστεως
2599 1354 2734 1408 κατά
2759 1357 2858 1408 τοῦ
2916 1353 3136 1425 Βέκχου,
3187 1357 3472 1428 Expositio
3504 1357 3652 1413 Tomi
3673 1357 3742 1412 de
3768 1357 3880 1428 ﬁde

2205 1451 2400 1498 contra
2427 1445 2680 1498 Beccum.
2727 1443 2935 1501 Nostro
2983 1444 3226 1501 domum
3257 1449 3486 1517 prostat
3543 1446 3671 1501 sine
3699 1445 3875 1500 titulo

2205 1531 2265 1586 in
2297 1531 2634 1604 apographo
2662 1532 2880 1588 codicis
2903 1532 3764 1605 Lugduno-Batavensis,num.
3810 1534 3870 1588 9.

2277 1620 2352 1676 Ut
2380 1625 2446 1674 ut
2477 1620 2765 1676 intactum
2798 1620 3127 1694 relinquere
3159 1623 3378 1678 Tomum
3417 1638 3583 1678 suum
3619 1622 3875 1679 voluerit

2208 1709 2559 1780 patriarcha,
2618 1709 2981 1782 apologetica
3031 1715 3229 1766 tamen
3281 1710 3504 1790 scripta
3533 1710 3716 1767 edidit
3744 1728 3864 1767 non

2206 1815 2409 1870 paucs.
2466 1799 2787 1854 Adversum
2846 1801 3030 1855 Marci
3074 1800 3340 1856 monachi
3369 1816 3540 1872 opus,
3563 1803 3622 1856 et
3649 1804 3870 1870 errata,

510 1888 756 1944 Joannis
782 1888 945 1943 Becci
976 1888 1418 1943 Commentarius
1451 1902 1555 1954 per
1604 1886 1797 1941 urbem
1829 1888 2094 1944 Constan-
2128 1925 2178 1990 Β
2208 1905 2335 1960 quas
2394 1887 2506 1960 ipsi
2581 1888 3033 1960 efﬁngebantur,
3117 1889 3356 1962 scripsit
3431 1889 3858 1960 Confessionem,

440 1978 729 2049 tinOpolim
783 1991 1006 2048 serpens
1063 1975 1457 2047 (Pachymeris
1513 1976 1705 2032 verbis
1748 1983 1881 2033 utor
1909 1979 2100 2050 capite

441 2065 619 2122 citato
648 2067 726 2137 2),
784 2065 978 2137 cupide
1035 2065 1201 2120 lectus
1249 2082 1286 2119 a
1313 2066 1568 2135 plurimis
1597 2072 1720 2124 est:
1750 2073 1800 2124 et
1824 2070 2100 2140 plerisque

439 2157 693 2210 aculeum
721 2155 929 2224 inﬁxit.
967 2155 1053 2209 Ad
1086 2154 1274 2226 ipsius
1302 2155 1462 2210 Tomi
1507 2158 1939 2213 accusationem
1973 2159 2099 2214 ani-

443 2261 609 2299 mum
669 2243 1024 2316 appulerunt
1075 2246 1362 2315 episcopus
1407 2246 1987 2317 Quinquecclesiensis,
2043 2253 2101 2304 et

442 2333 708 2404 Georgius
737 2333 1125 2405 Moschampar,
1160 2333 1261 2404 qui
1294 2338 1550 2389 cesserat
1578 2335 1770 2390 ofﬁcio
1800 2338 2094 2393 excharto-

430 2421 720 2495 phytacis,
756 2423 1116 2494 quibusdam
1147 2423 1592 2478 olfensiunculis
1637 2425 1764 2495 jam
1797 2441 1830 2480 a
1886 2426 2096 2498 Cyprio

438 2528 702 2568 aversus.
737 2511 1147 2567 Accusationes
1175 2510 1234 2566 in
1274 2511 1444 2566 Tomi
1473 2511 1822 2579 doctrinam,
1851 2531 1885 2568 a
1915 2515 2096 2570 Becco

433 2601 729 2673 expositae,
763 2599 1166 2672 praetermissae
1191 2604 1351 2667 sunt,
1385 2616 1456 2656 nc
1489 2617 1624 2656 cum
1661 2601 1840 2657 Becco
1876 2605 2098 2660 sentire

435 2689 792 2746 viderentur.
825 2689 1016 2745 Aliam
1049 2690 1230 2762 igitur
1281 2689 1431 2745 inire
1481 2690 1634 2746 viam
1692 2693 2098 2764 excogitarunt

437 2779 827 2853 impugnandi
912 2779 1101 2846 Tomi,
1169 2796 1348 2851 quam
1434 2780 1608 2836 refert
1685 2782 2094 2854 Pachymeres,

438 2870 632 2938 capite
687 2871 722 2924 3
772 2887 784 2926 :
848 2891 877 2919 ‹‹
909 2869 1226 2940 Culpantes
1263 2867 1555 2937 videlicet,
1591 2872 1744 2942 quod
1804 2889 1939 2928 cum
1987 2890 2097 2929 vox

435 2951 742 3032 προϐολεὺς
770 2959 1081 3030 productor,
1101 2958 1334 3031 proprie
1354 2965 1743 3030 usurparetur
1761 2977 1795 3015 a
1823 2961 2097 3019 Patribus

439 3049 511 3102 ad
545 3047 1001 3119 significandum
1029 3047 1366 3118 principium
1412 3050 1652 3105 activum
1681 3045 1876 3116 α’ἰτιον,
1910 3051 2094 3122 Spiri-

436 3141 536 3191 tus
567 3137 776 3204 sancti,
810 3137 964 3192 sicut
992 3153 1100 3191 vox
1131 3135 1352 3192 Genitor
1388 3139 1460 3192 ab
1508 3139 1719 3194 iisdem
1788 3141 2098 3198 adhibetur

441 3225 515 3281 ad
540 3225 969 3297 designaudum
1029 3224 1385 3297 principium
1445 3228 1726 3293 activum,
1779 3229 1904 3282 Υἱοῦ
1957 3233 2090 3286 uni-

445 3313 626 3386 geniti
684 3313 894 3382 Verbi;
954 3318 1151 3368 tamen
1185 3313 1437 3386 scriptor
1467 3316 1657 3387 Tomi,
1690 3318 1846 3374 vocis
1878 3313 2094 3393 προϐο-

447 3400 573 3462 λεὺς
607 3402 1006 3474 signiﬁcatum
1035 3401 1332 3459 retulisset
1361 3405 1431 3459 ad
1464 3406 1777 3477 simplicem
1814 3409 2095 3480 enplende-
2128 3443 2130 3446 ν

439 3493 725 3563 scentiam,
751 3508 866 3547 non
907 3493 1254 3548 l04autem
1286 3494 1358 3548 ad
1390 3497 1796 3552 emanatin
1839 3498 2096 3570 Spiritus

441 3581 628 3637 sancti
657 3598 688 3636 e
717 3597 852 3637 vero
885 3581 1170 3654 principio
1203 3582 1409 3638 activo.
1444 3583 1630 3646 Quam
1657 3586 2092 3643 emanationem

438 3670 720 3727 vocabulo
742 3673 1106 3742 processionis
1137 3671 1491 3744 exprimens,
1519 3677 1578 3728 et
1597 3678 1997 3746 processionem
2023 3679 2095 3733 ab

437 3760 909 3830 explendescentia
939 3759 1334 3832 distinguens,
1362 3761 1520 3816 haud
1575 3763 1752 3818 dubie
1809 3765 2121 3822 adimeret-

439 3850 564 3904 voci
593 3850 890 3918 productor
927 3850 1224 3906 notionem
1257 3850 1370 3922 ipsi
1400 3850 1683 3906 tributam
1733 3870 1767 3908 a
1796 3854 2094 3922 Patribus,

435 3941 800 3995 emanationis
854 3940 1063 3995 scilicet
1110 3944 1176 3994 ut
1206 3930 1262 3995 ie
1321 3939 1880 4011 principioQactivo;
1937 3945 2092 4016 quod

434 4027 583 4083 nihil
615 4028 813 4083 minus
844 4041 973 4084 esse
1004 4027 1454 4098 contendebant,
1489 4045 1668 4100 quam
1711 4031 2093 4088 defectionem

438 4133 472 4172 a
500 4117 617 4172 ﬁde
647 4116 943 4173 catholicae
973 4117 1266 4174 doctrinae.
1307 4139 1335 4167 »

509 4206 640 4262 Haec
680 4210 746 4261 ut
775 4205 1014 4262 haeresis
1045 4207 1252 4278 Cyprio
1282 4206 1662 4275 tribueretur,
1695 4225 1902 4265 ansam
1933 4210 2098 4266 dedit

436 4295 672 4351 libellus
701 4296 1013 4367 cujusdam
1044 4295 1222 4350 Marci
1255 4296 1550 4366 monachi,
1586 4297 1644 4351 in
1669 4313 1784 4369 quo
1816 4300 2094 4355 tradeba-

438 4388 558 4451 tur,
595 4389 658 4439 ut
687 4385 768 4440 ait
799 4384 1201 4456 Pachymeres.
1230 4384 1420 4456 capite
1453 4386 1682 4456 4,etiam
1709 4387 1919 4444 clarius
1932 4406 2097 4459 quam

437 4475 500 4528 in
529 4482 670 4529 tomo
698 4474 1051 4544 parriarchae,
1085 4473 1428 4528 damnabilis
1477 4475 1578 4530 illa
1608 4478 1881 4533 restrictio
1910 4480 2094 4534 notio-

437 4565 526 4618 nis
557 4565 618 4617 in
645 4577 787 4631 voce,
817 4562 1112 4634 productor
1130 4579 1150 4624 ,ο
1180 4580 1287 4633 qua
1312 4563 1583 4635 principii
1606 4567 1776 4620 activi
1802 4566 2094 4636 signiﬁca-

2208 1977 2468 2049 itemque
2527 1978 2856 2048 Apologiam
2888 1993 2988 2047 pro
3038 1979 3216 2046 Tomo,
3266 1995 3332 2034 ao
3362 1979 3538 2034 etiam
3565 1978 3870 2051 Epistolam

2207 2065 2278 2121 ad
2307 2067 2694 2137 imperatorem
2742 2065 3150 2134 Andronicum;
3184 2084 3312 2139 quas
3354 2067 3549 2123 Graece
3571 2067 3739 2123 editae
3772 2083 3869 2123 ex-

2208 2159 2370 2211 stant
2419 2156 2574 2226 apud
2633 2154 2993 2210 Bandurium
3061 2155 3188 2212 loco
3225 2156 3422 2212 citato.
3457 2161 3596 2212 Post
3625 2157 3867 2212 abdica-

2210 2261 2343 2300 nem
2376 2243 2808 2316 patriarchatus
2839 2263 2873 2299 a
2901 2245 3176 2316 Gregorio
3207 2244 3444 2313 factam,
3505 2261 3680 2316 quam
3715 2245 3872 2301 inse-

2208 2333 2408 2406 quenti
2441 2333 2630 2406 capite
2660 2333 3091 2402 enarrabimus,
3159 2333 3324 2389 irrito
3345 2339 3560 2390 conatu
3593 2335 3742 2390 Tomi
3792 2335 3868 2390 ab

2206 2439 2272 2478 eo
2303 2422 2548 2478 confecti
2574 2423 2854 2478 correctio
2884 2426 3109 2478 tentata
3129 2423 3401 2478 est.Hanc
3431 2422 3492 2478 in
3522 2440 3646 2479 rem
3680 2428 3871 2480 coetus

2206 2512 2404 2584 plures
2435 2512 2885 2578 coactos,refert
2915 2511 3322 2584 Pachymeres,
3375 2512 3564 2585 capite
3624 2513 3712 2584 11,
3764 2513 3870 2569 sed

2203 2601 2480 2656 continuis
2509 2601 2726 2656 dierum
2753 2601 3057 2656 multorum
3086 2602 3565 2670 altercationibus,
3610 2602 3674 2656 in
3729 2602 3866 2656 nul-

2207 2691 2326 2745 lum
2353 2691 2634 2745 concordis
2663 2690 2735 2745 de
2766 2691 2938 2744 istius
2965 2690 3163 2761 scripti
3191 2693 3525 2746 correctione
3579 2693 3867 2747 sententis:

2206 2779 2582 2834 desinentibus
2663 2778 2848 2848 ﬁnem,
2896 2778 3119 2834 tandem
3192 2781 3504 2835 convenisse
3543 2796 3752 2852 omnes,
3804 2788 3870 2837 ut

2206 2867 2434 2924 omnino
2455 2867 2741 2924 tolleretur
2769 2869 3050 2924 enarratio
3075 2868 3183 2924 loci
3211 2869 3534 2924 Damasceni
3550 2886 3572 2931 ;
3617 2877 3868 2942 prasta-

2207 2957 2376 3013 bilius
2396 2956 2651 3012 ducentes
2679 2958 3054 3028 inexpositum
3098 2956 3349 3029 relinqui
3403 2959 3553 3015 1θῦ
3617 2959 3872 3014 testimo—

2204 3047 2363 3101 nium
2382 3046 2547 3114 iltud,
2581 3062 2747 3118 quam
2776 3062 2838 3102 eo
2868 3045 3183 3118 exponendo
3214 3047 3422 3103 adduci
3441 3048 3501 3102 in
3528 3049 3866 3118 periculum,

2207 3135 2335 3207 Ipse
2362 3151 2495 3191 vero
2526 3135 2842 3207 Gregorius
2873 3153 2978 3190 sua
3016 3135 3077 3191 in
3139 3135 3419 3207 Apologia,
3481 3153 3691 3192 novam
3732 3153 3876 3207 quo—

2207 3224 2479 3280 rumdam
2511 3224 2832 3280 insectatus
2863 3228 2952 3280 est
2980 3224 3658 3297 interpretationem,qui
3692 3225 3751 3280 in
3801 3243 3873 3282 eo

2210 3313 2553 3369 Damasceni
2574 3313 2749 3384 dicto,
2781 3313 3180 3384 Manifestantis
3208 3313 3448 3385 Spiritus
3475 3330 3572 3386 per
3625 3315 3871 3370 Verbum

2199 3403 2498 3474 productor
2544 3403 2730 3470 Pater,
2787 3403 2964 3458 verba
3018 3402 3120 3458 illa
3170 3400 3260 3455 σὺν
3334 3400 3532 3478 Λόγου,
3591 3399 3662 3456 δι’
3709 3402 3871 3471 Υἱοῦ,

2200 3507 2301 3564 per
2361 3492 2593 3546 Verbum
2643 3507 2746 3564 per
2794 3493 3001 3547 Filium
3051 3492 3134 3548 ita
3164 3492 3558 3564 accipiebant,
3585 3508 3652 3549 ac
3683 3491 3734 3548 si
3765 3510 3877 3565 pe-

2204 3581 2371 3636 rinde
2428 3580 2594 3650 foret,
2651 3596 2717 3636 ac
2748 3577 2840 3632 σὺν
2867 3582 2948 3650 τῷ
2981 3577 3165 3654 Λόγω,
3196 3597 3323 3636 cum
3369 3581 3554 3650 Verbo,
3581 3579 3716 3652 μετά
3766 3585 3877 3636 τοῦ

2205 3669 2356 3735 Υἱοῦ,
2387 3685 2512 3724 cum
2557 3670 2724 3738 Filio,
2755 3664 2868 3740 ἅμα
2896 3672 2975 3739 τῷ
3003 3667 3131 3740 Υίῷ,
3165 3687 3280 3725 una
3351 3687 3478 3725 cum
3542 3671 3706 3727 Filio.
3765 3670 3878 3726 Ni-

2204 3759 2424 3814 mirum
2447 3763 2654 3831 praeter
2681 3758 2845 3814 Becci
2875 3758 3317 3831 expositionem,
3351 3775 3478 3830 quae
3525 3758 3871 3817 Latinorum

2203 3849 2418 3920 dogma
2468 3847 2655 3915 offert,
2697 3847 2812 3902 alia
2859 3848 3142 3903 sincerior
3170 3847 3334 3902 nulla
3363 3848 3695 3903 occurebat.
3729 3848 3871 3905 Haec

2201 3938 2408 3993 eadem
2461 3936 2773 4008 diligenter
2839 3937 3116 3992 adnotata
3145 3935 3385 3992 consule
3415 3936 3572 4008 apud
3623 3936 3870 3992 Bandu-

2202 4027 2380 4093 rium,
2415 4025 2518 4098 qui
2550 4041 2611 4081 se
2632 4042 2666 4080 a
2695 4025 2974 4082 Michaele
3005 4025 3298 4097 Lequieno
3329 4025 3601 4081 edoctum
3652 4023 3872 4098 fuisse,

2203 4116 2452 4172 candide
2484 4115 2722 4170 fatetur.

2275 4209 2342 4260 V.
2403 4203 2783 4276 Diligentiore
2843 4221 2984 4260 cura
3035 4203 3289 4277 insignis
3317 4203 3484 4260 locus
3515 4202 3614 4258 ille
3643 4207 3870 4260 Dama-

2203 4293 2364 4350 sceni
2395 4292 2782 4348 illustraudus
2813 4298 2921 4360 est,
2957 4309 3133 4365 quem
3167 4297 3342 4348 Becco
3373 4291 3720 4365 opposuisse
3751 4293 3868 4347 ad-

2203 4382 2512 4448 versarios,
2590 4383 2968 4438 adnotantem
3033 4381 3447 4454 Pachymerem
3498 4380 3867 4452 audivimus,

2204 4489 2369 4527 num.
2430 4473 2480 4526 1.
2539 4471 2776 4544 Legitur
2829 4488 2964 4528 vero
3008 4471 3158 4527 libro
3210 4489 3228 4526 ι
3282 4471 3352 4526 De
3397 4471 3507 4540 ﬁde
3530 4469 3870 4539 orthodoxa,

2203 4562 2393 4633 capite
2419 4563 2473 4627 8,
2533 4561 2593 4616 in
2652 4561 2805 4616 fine:
2839 4584 2869 4611 ‹‹
2918 4559 3073 4616 Scire
3102 4576 3290 4633 operae
3320 4560 3574 4631 pretium
3605 4562 3715 4625 est,
3746 4575 3868 4616 nos

437 4659 524 4707 tus
574 4655 765 4706 contra
824 4654 1178 4723 manifestam
1235 4653 1462 4707 Patrum
1513 4655 1892 4708 auctoritatem
1928 4655 1995 4709 ab
2025 4671 2093 4711 ea
2120 4657 2167 4722 Β
2200 4651 2427 4706 Patrem
2459 4666 2528 4706 ex
2546 4651 2732 4721 aliquo
2762 4666 2878 4706 esse
2907 4667 3023 4706 non
3067 4649 3281 4719 dicere,
3317 4649 3418 4704 sed
3478 4649 3675 4720 ipsum
3723 4648 3877 4705 Filii

433 4739 766 4794 excluditur.
822 4740 982 4812 Opus
1041 4739 1221 4810 istud,
1287 4744 1350 4794 ut
1408 4739 1816 4796 elucubratum
1875 4743 2084 4813 fuerat,

435 4827 698 4883 oblatum
729 4829 1004 4900 Gregorio
1036 4828 1380 4900 patriarcha:
1423 4829 1568 4883 fuit:
1601 4833 1712 4900 Qui
1735 4847 2086 4902 percurrens,

433 4919 497 4971 ut
551 4924 777 4973 exteras
832 4919 1040 4974 solebat
1103 4917 1363 4989 discipuli
1415 4920 1882 4987 scriptiunculas:
1931 4937 2088 4993 qua?-

436 5005 565 5061 dam
623 5007 682 5061 in
713 5008 815 5061 hac
859 5023 1068 5079 quoque
1104 5008 1216 5062 sibi
1256 5009 1442 5063 minus
1467 5009 1723 5078 probata,
1750 5026 1921 5066 manu
1953 5027 2091 5082 pro-

430 5097 562 5166 pria
618 5097 876 5151 correxit.
932 5104 983 5151 et
1036 5097 1116 5150 sic
1145 5097 1487 5151 emendatam
1515 5096 1774 5167 reddidit,
1805 5098 1948 5154 Hinc
1979 5099 2090 5154 im-

438 5184 573 5256 pius
621 5201 800 5255 error,
860 5201 926 5240 eo
983 5184 1044 5239 in
1109 5189 1280 5240 Marci
1335 5201 1508 5258 opere
1568 5193 1856 5258 repertus,
1912 5188 2090 5244 etiam

435 5273 709 5346 Gregorio
741 5274 1161 5329 ascribebatur.

509 5364 597 5420 IV.
631 5364 780 5418 Hinc
808 5361 1034 5418 stimuli
1093 5362 1459 5418 addebantur
1489 5364 1855 5434 patriarchae,
1881 5369 1947 5421 ut
1977 5368 2093 5437 ipse

432 5454 758 5523 corrigeret,
818 5450 959 5523 quod
1014 5453 1075 5505 in
1124 5455 1288 5507 Tomo
1341 5469 1437 5508 suo
1466 5453 1753 5509 emendari
1771 5469 1902 5525 Opus
1929 5462 2086 5510 esset.

435 5541 590 5597 Nihil
624 5558 752 5596 esse
781 5541 841 5595 in
875 5541 1057 5596 Tomo
1087 5539 1376 5607 vitiatum,
1404 5542 1558 5612 quod
1590 5542 1838 5614 spongia
1863 5543 2089 5615 indige-

435 5643 544 5698 ret,
603 5631 898 5702 praefracte
953 5629 1344 5685 contendebat
1417 5629 1536 5685 ille.
1598 5631 1851 5686 Domum
1908 5630 2089 5688 istum

435 5719 672 5786 exhibet
699 5720 880 5777 codex
907 5717 1379 5776 Vindobonensis
1405 5719 1534 5792 249,
1566 5736 1732 5776 num.
1763 5720 1816 5792 3,
1859 5737 1892 5776 a
1915 5719 2091 5778 Lam-

2195 4743 2407 4812 patrem
2457 4739 2844 4812 appellamus.
2898 4739 3111 4794 Filium
3169 4738 3307 4794 item
3349 4754 3449 4794 nec
3475 4754 3722 4805 causam,
3755 4753 3877 4795 nec

2200 4833 2430 4884 Patrem
2463 4829 2738 4896 dicimus,
2771 4845 2973 4884 verum
3013 4828 3231 4900 potius,
3266 4844 3402 4884 eum
3433 4843 3503 4883 ex
3529 4830 3699 4883 Patre
3727 4841 3876 4896 esse,

2200 4935 2266 4975 ac
2295 4919 2487 4975 Patris
2537 4919 2741 4973 Filium
2796 4934 2927 4973 esse.
2980 4919 3226 4989 Denique
3279 4917 3550 4989 Spiritum
3605 4918 3874 4972 sanctum

2198 5024 2269 5064 ea:
2296 5010 2466 5064 Patre
2520 5024 2650 5075 esse,
2709 5011 2761 5063 et
2801 5009 2986 5062 Patris
3040 5007 3310 5078 Spiritum
3350 5006 3766 5062 nominamus:
3808 5010 3883 5062 at

2198 5114 2333 5153 vero
2359 5114 2495 5152 eum
2527 5113 2602 5152 ex
2621 5097 2759 5152 Filio
2789 5111 2900 5152 esse
2958 5112 3074 5150 non
3133 5096 3410 5160 dicimus,
3467 5095 3605 5150 Filii
3655 5099 3866 5150 tamen

2199 5186 2476 5259 Spiritum
2494 5185 3075 5251 vocitamus....Quin
3098 5189 3156 5240 et
3175 5201 3310 5241 eum
3340 5184 3496 5240 nobis
3511 5198 3612 5255 per
3637 5182 3870 5240 Filium

2201 5275 2578 5330 manifestum
2637 5289 2787 5338 esse,
2848 5277 2905 5328 et
2969 5273 3258 5346 impertiri
3307 5270 3877 5344 proﬁtemur...Pe—

2199 5364 2369 5419 rinde
2399 5367 2464 5418 ut
2492 5379 2561 5418 ex
2593 5362 2714 5418 sole
2737 5362 2975 5435 quidem
3005 5369 3096 5419 est
3115 5379 3251 5418 cum
3275 5362 3633 5431 radius,tum
3665 5358 3871 5432 splen-

2201 5453 2343 5519 dor;
2376 5451 2502 5523 ipse
2524 5451 2680 5506 enim
2714 5450 2846 5507 fons
2877 5455 2967 5507 est
3010 5451 3178 5521 radii,
3240 5455 3298 5507 et
3353 5449 3724 5522 splendoris:
3757 5465 3878 5520 per

2193 5540 2431 5614 radium
2480 5544 2678 5595 autem
2737 5540 2906 5596 nobis
2963 5540 3242 5612 splendor
3300 5537 3793 5603 communicatur,
3834 5560 3869 5588 η

2199 5630 2410 5686 Eodcm
2443 5629 2708 5702 exemplo
2739 5633 2964 5686 veteres
3007 5633 3229 5697 Patres,
3263 5644 3331 5684 ac
3387 5627 3677 5684 Joannem
3723 5626 3872 5682 Bec-

2199 5735 2357 5793 cum,
2389 5719 2655 5795 aliosque
2683 5719 2744 5776 in
2783 5717 3070 5778 catholico
3123 5718 3403 5795 dogmate
3460 5715 3674 5789 socios,
3707 5731 3862 5776 usos
