4090 6440
254 435 364 499 H3

1479 435 1690 500 VITA.
1723 469 1801 482 —
1830 434 2358 500 DISSERTATIO
2403 434 2454 498 I.

3563 436 3679 498 1M

255 585 399 635 esse,
428 570 492 625 ut
527 565 824 641 Spiritum
855 571 1132 625 sanctum
1162 568 1639 626 substantialiter
1690 586 1754 624 ac
1794 568 1896 641 hy-

2017 568 2128 624 Sed
2160 569 2364 624 eadem
2414 567 2590 623 etiam
2623 583 2781 636 voce,
2812 571 2914 636 τῆς
2962 563 3138 629 αἰτίας
3175 575 3676 643 προκαταρκτικῆς,

253 658 524 732 postatice
553 675 589 712 a
617 656 790 714 Patre
844 673 952 730 per
981 657 1214 725 Filium,
1244 659 1335 714 vel
1365 675 1399 713 a
1432 659 1594 714 Patre
1643 658 1906 730 Filioque

253 747 554 819 procedere
579 746 1116 818 ostenderent,jam
1137 746 1507 817 frequentius
1537 747 1904 802 adnotatum.

251 837 356 893 Sed
387 835 534 890 illud
573 835 756 891 etiam
789 835 1127 907 exemplum
1176 835 1519 892 adhibuisse
1550 837 1775 892 Graecos
1805 837 1906 891 ad-

248 929 566 986 versantes,
599 924 851 978 dubium
899 923 1133 979 nullum
1167 941 1178 979 :
1213 923 1536 996 ipsumque
1566 941 1770 980 eorum
1802 942 1905 980 no-

245 1013 393 1070 mine
421 1016 672 1068 sanctus
694 1011 958 1068 Thomas
981 1012 1223 1084 opponit
1243 1015 1523 1084 quaest.10
1544 1015 1620 1070 De
1634 1016 1904 1085 potentia,

243 1106 342 1158 art.
383 1103 437 1170 4,
473 1119 652 1158 num.
708 1104 782 1156 22
814 1118 828 1157 :
862 1103 1039 1158 Filius
1064 1109 1143 1158 est
1169 1103 1364 1158 radius
1408 1104 1630 1173 Patris;
1665 1102 1906 1175 Spiritus

238 1196 413 1248 autem
463 1199 688 1247 sanctus
716 1195 797 1246 est
839 1191 1120 1262 splendor.
1154 1192 1422 1263 Splendor
1449 1195 1638 1248 autem
1663 1209 1772 1248 non
1825 1202 1905 1250 est

236 1299 266 1336 a
290 1281 458 1337 radio
479 1300 501 1337 :
534 1297 663 1352 ergo
707 1296 809 1336 nec
838 1280 1084 1352 Spiritus
1127 1292 1349 1337 sanctus
1378 1299 1412 1337 a
1441 1283 1601 1337 Filio.
1652 1283 1902 1338 Solutio-

226 1387 355 1426 nem
408 1371 614 1442 accipe
646 1371 720 1426 ad
769 1371 843 1425 22
876 1387 889 1425 :
922 1370 1244 1437 Dicendum,
1292 1370 1433 1442 quod
1470 1372 1730 1442 splendor
1758 1379 1837 1427 est
1861 1389 1904 1428 α

224 1460 394 1516 radio
415 1477 440 1524 ;
467 1476 601 1514 cum
628 1460 779 1514 nihil
831 1458 997 1514 aliud
1024 1460 1114 1529 sit,
1145 1476 1310 1531 quam
1347 1461 1716 1516 reverberatio
1746 1462 1904 1516 radii

222 1549 290 1603 ad
340 1565 545 1620 corpus
593 1549 832 1604 clarum.
886 1553 1086 1620 Itaque
1149 1549 1406 1621 splendor
1456 1566 1571 1604 non
1621 1549 1814 1606 solum
1867 1567 1901 1606 a

219 1637 389 1693 radio
425 1637 633 1707 habet,
669 1638 825 1709 quod
862 1637 1034 1694 nobis
1065 1639 1534 1695 communicatur
1566 1656 1579 1694 :
1613 1639 1714 1694 sed
1748 1656 1781 1693 a
1810 1657 1900 1694 ra-

221 1726 316 1782 dio
346 1725 536 1781 habet
566 1726 625 1781 id
673 1742 931 1797 quoque,
966 1727 1118 1797 quod
1153 1731 1261 1782 est.
1297 1727 1587 1790 Quoniam
1635 1743 1770 1783 vero
1802 1745 1896 1783 ra-

223 1814 304 1871 dii
332 1815 554 1882 virtus,
590 1831 707 1886 qua
736 1813 1019 1886 splendor
1069 1814 1342 1882 efficitur,
1378 1833 1412 1869 a
1441 1815 1562 1872 sole
1594 1816 1892 1887 provenit;

2016 657 2235 713 Beccus
2283 657 2500 729 aliique
2549 657 2734 713 Graeci
2763 657 2854 712 usi
2886 661 3050 724 sunt,
3083 658 3236 713 facta
3283 657 3470 713 Patris
3510 676 3676 714 com-

2015 747 2317 818 paratione
2366 747 2437 802 ad
2479 745 2764 819 Spiritum
2815 751 3086 802 sanctum
3122 764 3136 802 :
3171 751 3236 802 ut
3262 745 3320 801 id
3372 747 3676 819 significa-

2016 840 2147 890 rent
2177 852 2385 904 unum,
2412 837 2640 892 Patrem
2673 852 2803 891 esse
2834 835 3120 908 originem
3153 853 3219 891 ac
3246 836 3529 906 fontem,a
3558 854 3672 909 quo

2017 940 2146 980 esse
2177 941 2350 980 omne
2381 924 2620 996 proﬂuit
2649 929 2770 980 tam
2802 925 3333 996 increatum,quam
3369 929 3670 982 creatum:

2017 1029 2083 1068 ac
2114 1013 2323 1069 Filium
2367 1013 2582 1070 habere
2613 1031 2648 1070 a
2676 1014 2870 1082 Patre,
2901 1019 2967 1068 ut
2996 1014 3180 1085 spiret
3225 1014 3509 1086 Spiritum
3537 1031 3672 1070 san-

2015 1105 2198 1156 ctum.

2087 1191 2341 1247 Mentem
2390 1208 2561 1248 suam
2607 1191 2916 1264 perspicue
2977 1197 3372 1248 Damascenus
3421 1191 3673 1249 declarat

2013 1278 2140 1335 loco
2171 1281 2345 1336 citato
2381 1297 2393 1336 :
2429 1283 2596 1336 Pater
2623 1297 2779 1336 mens
2834 1287 2933 1352 est,
2966 1283 3208 1337 rationis
3236 1282 3481 1354 abyssus,
3519 1283 3674 1338 Verbi

2010 1371 2245 1439 genitor,
2309 1385 2372 1424 ac
2447 1387 2545 1441 per
2605 1371 2833 1426 Verbum
2906 1363 3214 1446 προϐολεὺς
3282 1369 3671 1448 ἐκφαντορικοῦ

2011 1455 2350 1529 ΙΙνεύματος,
2383 1461 2801 1531 manifestantis
2852 1460 3092 1531 Spiritus
3135 1459 3452 1531 productor.
3486 1459 3670 1517 Filius

2011 1550 2101 1603 est
2145 1549 2384 1618 perfecta
2413 1565 2652 1619 persona
2695 1566 2764 1604 ea:
2813 1551 3056 1620 per/ecta
3103 1565 3366 1622 persona,
3409 1550 3670 1621 quomodo

2009 1637 2124 1706 ipse
2169 1639 2341 1704 novit,
2386 1637 2696 1709 diciturque
2745 1639 2938 1694 Filius.
2987 1639 3062 1694 Ae
3104 1648 3380 1710 postremo
3427 1639 3670 1711 Spiritus

2005 1733 2248 1793 sanctus,
2281 1727 2470 1782 Patris
2515 1729 2762 1798 potentia
2791 1733 2848 1782 et
2904 1728 3220 1784 divinitatis
3267 1730 3545 1784 recondita
3573 1729 3670 1784 de-

2005 1814 2247 1881 clarans,
2318 1812 2681 1890 ἐκφαντορική
2761 1818 2859 1868 τοῦ
2938 1814 3167 1894 κρυφίου
3237 1822 3338 1886 τῆς
3414 1815 3668 1886 θεότητος

226 1903 353 1960 ideo
414 1908 477 1959 et
535 1903 835 1975 splendor,
867 1909 921 1958 et
986 1902 1184 1958 radius
1245 1919 1279 1958 a
1333 1903 1476 1970 sole,
1517 1909 1801 1976 tanquam
1862 1923 1895 1961 a

2010 1897 2256 1975 δύναμις,
2296 1920 2366 1959 ea:
2416 1909 2579 1960 Patre
2620 1922 2724 1976 per
2768 1906 2981 1962 Filium
3021 1907 3318 1977 procedens
3350 1904 3408 1960 ἐκ
3456 1907 3667 1982 ΙΙατρὸς

231 1993 500 2065 principe
547 2009 617 2048 ac
664 1992 950 2064 primaria
1014 2008 1211 2062 causa,
1262 1992 1551 2063 proficisci
1600 1993 1895 2050 dicuntur.

230 2082 480 2138 Ratione
534 2081 666 2154 pari
699 2080 749 2135 si
799 2096 892 2137 res
921 2079 1148 2136 divinas
1181 2081 1418 2137 modulo
1447 2086 1649 2138 nostro
1702 2084 1897 2140 metiri

227 2169 414 2242 liceat,
468 2168 730 2242 Spiritus
777 2173 1044 2237 sanctus,
1094 2170 1332 2225 tametsi
1365 2187 1399 2225 a
1431 2169 1573 2226 Filio
1623 2173 1900 2243 procedat

227 2260 492 2332 spirante
521 2260 746 2331 ipsum,
781 2256 1060 2330 peculiari
1093 2263 1292 2314 tamen
1325 2259 1547 2314 ratione
1590 2261 1898 2330 procedere

221 2349 446 2405 dicitur
498 2366 534 2404 a
562 2353 758 2416 Patre,
791 2347 932 2418 quia
963 2365 998 2403 a
1047 2347 1214 2404 Patre
1263 2347 1535 2404 virtutem
1588 2349 1765 2404 habet
1814 2351 1898 2404 Fi-

218 2437 362 2506 lius,
404 2454 528 2509 qua
574 2436 764 2509 spirat
813 2435 1102 2508 Spiritum
1153 2442 1445 2492 sanctum.
1479 2438 1627 2494 Hinc
1673 2438 1898 2494 ratione

218 2526 449 2599 duplici
497 2524 788 2581 catholico
819 2526 976 2581 106
1005 2525 1121 2580 dici
1151 2541 1330 2581 sensu
1365 2530 1578 2598 potest,
1610 2527 1896 2599 Spiritum

215 2621 503 2674 sanctum
546 2631 662 2671 non
691 2632 806 2671 esse
849 2632 920 2671 ea:
948 2616 1090 2671 Filio
1123 2636 1142 2670 :
1173 2632 1240 2671 ac
1281 2615 1471 2688 primo
1502 2633 1619 2672 non
1671 2633 1799 2673 esse
1829 2634 1899 2673 ex

215 2705 342 2774 illo,
395 2710 691 2777 tanquam
727 2721 760 2759 a
792 2721 992 2770 causa,
1028 2721 1156 2777 quae
1206 2705 1384 2760 habet
1425 2723 1458 2761 a
1505 2722 1568 2762 se
1615 2706 1896 2762 virtutem

216 2795 494 2868 apirandi
531 2811 546 2848 :
583 2794 798 2850 deinde
829 2811 946 2850 non
977 2810 1108 2850 esse
1137 2811 1206 2849 ex
1235 2793 1663 2866 illo,tanquam
1695 2813 1729 2852 a
1757 2813 1896 2851 cau-

221 2901 310 2951 sa,
341 2888 446 2938 aut
498 2898 821 2948 concausa,
863 2882 1149 2938 distincta
1179 2899 1212 2936 a
1243 2883 1428 2939 Patre.
1464 2885 1666 2955 Itaque
1714 2883 1898 2956 Spiri-

224 2976 323 3028 tus
372 2978 626 3028 sanctus
657 2988 776 3026 non
823 2971 1017 3026 solum
1067 2973 1363 3042 temporali
1397 2974 1659 3029 missione
1689 2990 1722 3028 a
1754 2972 1896 3029 Filio

230 3066 289 3116 et
332 3077 430 3132 per
481 3060 700 3116 Filium
754 3060 1189 3128 manifestatur,
1241 3061 1614 3134 donaturque
1661 3063 1833 3118 nobis
1880 3081 1892 3118 :

231 3165 432 3207 verum
460 3150 640 3206 etiam
672 3158 909 3220 aeterna,
943 3166 1008 3204 ac
1053 3149 1418 3207 substantiali
1457 3152 1769 3217 emissione,
1803 3162 1905 3210 aut

227 3241 564 3310 proscissione
615 3256 651 3294 a
698 3237 866 3294 Patre
915 3242 1006 3294 est
1049 3237 1332 3311 Filioque,
1381 3244 1482 3296 aut
1511 3257 1545 3296 a
1580 3240 1748 3297 Patre
1792 3257 1896 3313 per

229 3326 464 3384 Filium.

291 3417 410 3473 Cur
453 3433 597 3473 vero
643 3421 1049 3473 Damascenus
1097 3433 1279 3472 unam
1327 3417 1458 3472 Filii
1515 3417 1893 3474 efﬁcientiam

213 3506 482 3579 proferat
543 3504 606 3560 in
665 3504 979 3577 temporali
1035 3505 1224 3560 sancti
1284 3505 1543 3577 Spiritus
1593 3505 1894 3575 missione,

214 3612 405 3651 unam
433 3611 542 3667 per
569 3595 786 3650 Filium
816 3610 1155 3650 memorans
1203 3595 1709 3665 mani/estationem
1737 3596 1896 3666 ejus-

211 3685 352 3740 dem
388 3700 458 3740 ac
508 3683 802 3739 donorum
845 3683 1336 3739 concessionem?
1365 3684 1490 3739 Imo
1539 3700 1675 3739 cum
1721 3684 1895 3756 Spiri-

209 3778 335 3828 tum
364 3773 506 3828 Filii
529 3775 823 3844 proprium
853 3771 1132 3844 appellat,
1161 3771 1305 3828 satis
1337 3772 1563 3828 indicat
1609 3777 1895 3829 aeternam

209 3860 520 3934 originem
554 3861 685 3930 ejus
713 3876 781 3915 ex
811 3859 956 3915 Filio
987 3860 1180 3931 quoad
1212 3861 1738 3917 exstantiam.Cum
1765 3877 1896 3916 vero

211 3948 662 4023 expressiorem
711 3949 980 4020 ejusdem
1021 3947 1277 4021 Spiritus
1329 3948 1500 4005 nobis
1528 3966 1632 4021 per
1679 3949 1894 4005 Filium

215 4037 594 4096 manifestati
647 4037 1004 4094 mentionem
1058 4039 1292 4112 ingerit,
1325 4041 1783 4108 procatarctieam
1829 4056 1894 4096 ac

213 4127 651 4199 primordialem
707 4126 872 4183 illam
930 4128 1206 4183 virtutem
1267 4129 1590 4200 spectabat,
1653 4145 1779 4200 quae
1833 4128 1894 4184 in

212 4218 508 4291 operibus
569 4216 642 4271 ad
698 4220 861 4271 extra
932 4216 1216 4288 peculiari
1277 4218 1451 4273 modo
1508 4217 1688 4273 tribui
1749 4217 1892 4273 Filio

209 4307 385 4364 solet.
455 4306 582 4360 Hac
640 4305 711 4360 de
760 4321 820 4360 re
867 4305 995 4377 ipse
1046 4310 1446 4362 Damascenus
1495 4306 1618 4379 agit
1676 4305 1892 4363 ibidem

210 4396 409 4469 capite
462 4395 534 4448 12
565 4392 626 4448 in
678 4392 824 4448 Edit.
875 4393 1156 4466 Lequieni
1189 4395 1300 4450 sub
1349 4394 1519 4451 titulo
1566 4396 1642 4450 De
1688 4394 1894 4451 divinis

210 4485 576 4541 nominibus.
609 4480 707 4538 Ait
737 4483 894 4538 enim
928 4501 942 4538 :
973 4484 1051 4539 Ne
1077 4485 1254 4540 multa
1284 4484 1488 4554 dicam,
1518 4499 1631 4540 non
1673 4487 1750 4539 est
1777 4485 1893 4540 alia

199 4577 368 4632 Patri
434 4574 612 4637 ratio,
668 4573 964 4643 sapientia,
1019 4574 1291 4643 potentia,
1372 4573 1630 4629 voluntas
1687 4581 1894 4644 praeter

2012 1989 2106 2063 μὲν
2161 1988 2229 2045 δι’
2285 1992 2412 2044 Υἱοῦ
2473 1990 2901 2066 ἐκπορευομένη.
2951 2037 2963 2048 .
3019 2037 3031 2050 .
3092 2011 3193 2066 quo
3248 1996 3309 2066 ﬁt
3364 1997 3551 2067 etiam,
3610 2001 3672 2052 ut

2007 2080 2248 2152 Spiritus
2297 2084 2518 2138 sanctus
2588 2084 2841 2138 omnium
2895 2085 3196 2140 creationis
3261 2093 3672 2142 eonsummator

2007 2171 2159 2225 107
2212 2172 2460 2226 exsistat.
2491 2171 2902 2237 Animadverte
2936 2189 2949 2227 :
2988 2173 3037 2226 1.
3073 2174 3135 2227 In
3169 2173 3282 2242 .his
3314 2174 3408 2246 agi
3452 2175 3667 2242 verbis,

2008 2276 2134 2330 quea
2166 2260 2612 2331 exscripsimus,
2638 2261 2709 2315 de
2743 2267 2950 2316 mutuo
2983 2278 3366 2333 personarum
3400 2267 3670 2335 respectu

2006 2349 2076 2404 ad
2129 2349 2296 2405 intra.
2352 2351 2408 2404 2.
2451 2351 2729 2421 Adeoque
2775 2367 3140 2423 consequens
3189 2369 3338 2420 esse,
3389 2357 3670 2409 substan-

2005 2437 2207 2502 tialem
2241 2455 2306 2493 ac
2327 2438 2781 2510 lhypostaticam
2813 2439 3063 2512 Spiritus
3096 2441 3283 2496 sancti
3329 2443 3669 2512 productio-

2007 2542 2143 2582 nem
2174 2526 2297 2582 illis
2347 2528 2594 2600 exprimi
2623 2528 2840 2596 verbis,
2878 2530 3046 2585 Pater
3069 2547 3173 2601 per
3222 2531 3455 2586 Verbum
3487 2531 3668 2604 Spiri-

2003 2617 2091 2671 tus
2115 2615 2435 2686 produetor,
2470 2632 2535 2670 ac
2583 2615 2700 2672 illis
2750 2616 2950 2686 etiam,
2991 2633 3061 2672 ex
3111 2623 3275 2674 Patre
3315 2636 3417 2691 per
3460 2621 3670 2676 Filium

1999 2704 2316 2776 procedens.
2367 2705 2422 2759 3.
2471 2704 2681 2761 Verbis
2756 2704 2896 2772 illis,
2948 2703 3334 2782 ἐκφαντορικοῢ
3405 2708 3667 2781 Spiritus,

2005 2810 2111 2850 seu
2161 2791 2552 2870 ἐκφαντορικῆς
2602 2794 2824 2848 virtutis
2873 2798 2974 2848 aut
2998 2797 3280 2866 potentia,
3327 2796 3669 2853 manifesta-

2005 2887 2225 2938 tionem
2282 2882 2452 2938 nobis
2504 2883 2741 2950 factam,
2775 2882 3183 2955 donorumque
3230 2887 3670 2942 concessionem

2007 2988 2122 3026 non
2174 2970 2494 3043 signiﬁcari
2540 2987 2553 3027 :
2606 2971 2708 3026 sed
2759 2971 2964 3044 utique
3016 2972 3367 3030 exstantiam
3414 2974 3668 3046 Spiritus

2007 3060 2218 3125 sancti,
2251 3060 2350 3131 qui
2402 3059 2576 3115 sicuti
2625 3061 2886 3132 procedit
2917 3078 2951 3116 a
2979 3065 3148 3117 Patre
3179 3079 3282 3134 per
3323 3063 3557 3131 Filium,
3587 3063 3672 3119 ita

2005 3148 2287 3205 latentem
2355 3148 2722 3205 divinitatem
2775 3149 2988 3220 Patris,
3039 3167 3216 3222 quam
3271 3152 3342 3207 ab
3392 3153 3521 3226 ipso
3570 3171 3672 3226 per

2009 3238 2219 3293 Filium
2298 3238 2532 3309 accipit,
2595 3239 2953 3307 manifestat,
3026 3239 3322 3312 exprimit,
3380 3242 3669 3312 enuntiat,

2007 3331 2406 3400 repraesentat.
2440 3328 2494 3382 4.
2531 3327 2611 3382 Ex
2634 3327 2739 3383 hac
2761 3328 3001 3383 demum
3023 3329 3401 3386 substantiali
3422 3331 3495 3386 ad
3516 3331 3670 3386 intra

2007 3417 2484 3474 manifestatione
2554 3416 2731 3473 aliam
2790 3418 2960 3489 sequi
3019 3418 3078 3473 in
3154 3419 3466 3492 temporali
3523 3421 3664 3477 Mis-

2007 3506 2172 3562 sione
2230 3506 2445 3561 factam
2482 3522 2494 3560 :
2530 3506 2687 3562 unde
2743 3523 2812 3561 ex
2869 3523 2958 3577 eo,
3019 3509 3176 3579 quod
3236 3514 3478 3565 sanctus
3536 3512 3669 3584 Spi-

2007 3595 2158 3649 ritus
2205 3595 2451 3666 potentia
2509 3595 2583 3648 sit
2629 3611 2664 3649 a
2725 3596 2889 3650 Patre
2940 3611 3040 3666 per
3083 3597 3299 3653 Filium
3353 3599 3665 3669 procedens,

2011 3681 2237 3739 latentis
2266 3682 2580 3739 divinitatis
2627 3683 2746 3752 eius
2785 3685 3151 3753 enuntiativa,
3184 3685 3409 3758 colligit
3456 3687 3669 3744 Dama-

2005 3789 2240 3839 scenus,
2295 3773 2493 3844 ipsum
2551 3773 2623 3828 ad
2684 3777 2847 3829 extra
2902 3790 3017 3830 esse
3071 3777 3321 3831 omnium
3373 3779 3668 3834 creationis

2004 3864 2494 3918 consummatorem
2505 3902 2516 3915 .

2076 3950 2334 4005 Mentem
2383 3949 2535 4005 hanc
2565 3966 2738 4005 suam
2787 3949 2901 4007 alia
2930 3951 3313 4024 patefaciunt,
3349 3970 3475 4026 quae
3526 3955 3666 4011 sub-

1997 4039 2337 4111 junguntur
2392 4037 2615 4093 verba:
2659 4042 2825 4094 Pater
2873 4042 2998 4110 fons
3050 4035 3147 4108 est,
3202 4049 3253 4097 et
3309 4044 3504 4098 auctor
3550 4050 3669 4099 tum

2003 4128 2164 4193 Filii,
2193 4130 2313 4181 tum
2343 4127 2583 4198 Spiritus
2625 4130 2806 4183 sancti
2836 4145 2856 4183 :
2885 4129 3057 4184 solius
3085 4133 3271 4184 tamen
3300 4131 3436 4186 Filii
3483 4136 3662 4204 pater,

2003 4225 2056 4272 et
2085 4217 2326 4288 Spiritus
2375 4217 2555 4270 sancti
2601 4209 2932 4286 προϐολεὺς,
2979 4217 3290 4288 productor.
3339 4220 3518 4274 Filius
3561 4237 3663 4275 au-

2003 4313 2109 4361 tem
2136 4309 2214 4360 est
2261 4305 2438 4359 Filius
2464 4305 2667 4375 patris,
2696 4309 2747 4360 et
2798 4321 2869 4360 ex
2922 4311 3111 4362 Patre.
3146 4307 3390 4378 Spiritus
3439 4317 3662 4365 sanctus

2000 4399 2082 4449 est
2111 4394 2351 4465 Spiritus
2404 4394 2615 4462 Patris,
2649 4401 2711 4448 ut
2739 4410 2834 4465 qui
2861 4410 2931 4449 ea:
2959 4395 3125 4451 Patre
3158 4397 3480 4467 procedat...
3517 4399 3663 4466 Quin

2000 4484 2134 4539 Filii
2159 4499 2369 4555 quoque
2421 4482 2668 4554 Spiritus
2695 4482 2920 4551 dicitur,
2950 4501 3062 4540 non
3107 4486 3256 4541 velut
3283 4503 3356 4541 ea:
3384 4488 3521 4558 ipso,
3554 4485 3663 4560 οὐχ

2001 4571 2075 4632 ὡς
2132 4570 2183 4641 ἐξ
2242 4570 2431 4640 αὐτοῦ,
2472 4572 2563 4627 sed
2614 4588 2716 4644 per
2773 4574 2958 4644 ipsum
3006 4591 3078 4630 8.19
3129 4577 3296 4631 Patre
3344 4576 3658 4647 procedens,

196 4667 242 4722 Ρ
242 4667 446 4733 ilium,
480 4663 586 4734 qui
611 4661 729 4716 sola
759 4669 840 4716 est
866 4662 1053 4716 Patris
1075 4662 1348 4734 potentia,
1381 4662 1416 4728 ἡ
1448 4661 1888 4736 προκαταρκτική

2010 4659 2023 4674 Ι,
2115 4661 2126 4680 ’
2194 4659 2207 4678 ί
2320 4656 2384 4679 δ’
2489 4658 2501 4676 ’
2577 4663 2604 4673 ~
2851 4664 2875 4673 “’
3097 4661 3110 4678 ‘
3212 4659 3247 4694 ἰ
3382 4683 3401 4694 .-

2010 4657 2106 4714 κλλ
2179 4681 2254 4721 ως
2316 4678 2369 4713 οι
2445 4679 2609 4712 αυτου
2671 4658 2732 4713 ἐκ
2783 4680 2879 4712 του
2938 4667 3150 4736 Πατρος
3210 4661 3661 4738 ειπορευόμενον.

193 4757 299 4821 τῆς
341 4755 464 4806 τῶν
519 4749 740 4803 πάντων
793 4750 1090 4819 ποιήσεως,
1126 4767 1316 4806 rerum
1362 4752 1611 4806 omnium
1659 4754 1889 4808 creatio-

195 4847 288 4900 nis
331 4839 746 4915 primordialis
779 4840 972 4894 virtus.
1008 4841 1134 4906 Qua
1158 4838 1306 4894 inita
1353 4840 1789 4912 comparatione
1817 4841 1890 4896 ad

199 4949 293 4989 res
339 4933 612 4995 creatas,
649 4927 870 4983 dicitur
898 4929 1155 5000 Spiritus
1207 4933 1452 4984 sanctus
1501 4927 1743 4997 ibidem,
1776 4945 1890 4984 om-

193 5026 359 5078 nium
412 5017 728 5076 ereationis
792 5022 1216 5083 eonsummator,
1266 5012 1670 5092 τελεσιουργόν.
1724 5020 1894 5073 Pater

191 5127 357 5177 vero,
401 5107 686 5164 bonitatis
730 5107 892 5161 totius
917 5108 1063 5177 fons,
1095 5110 1151 5162 et
1177 5105 1381 5162 occulti
1423 5107 1485 5160 in
1510 5121 1569 5162 se
1600 5105 1726 5161 boni
1767 5121 1891 5162 sca-

186 5204 404 5273 turigo.
442 5195 811 5268 Hujusmodi
844 5211 1235 5268 personarum
1266 5193 1713 5267 appellationes,
1747 5195 1888 5250 dum

191 5291 267 5347 ad
298 5307 399 5345 res
450 5289 698 5344 creatas
743 5284 886 5356 ipsae
940 5288 1382 5355 comparantur,
1411 5283 1556 5340 alias
1604 5283 1789 5353 aﬁ‘ert,
1822 5299 1890 5339 ac

196 5380 372 5435 modo
409 5375 688 5450 quodam
719 5373 951 5428 diverso
983 5375 1227 5428 sanctus
1258 5372 1514 5428 Basilius
1543 5371 1602 5426 in
1635 5372 1783 5427 libro
1813 5375 1890 5428 De

199 5468 415 5541 Spiritu
442 5468 676 5532 sancto,
710 5461 906 5535 capite
938 5461 1028 5529 16,
1063 5462 1301 5517 num.38
1337 5478 1348 5516 :
1381 5463 1446 5517 In
1477 5463 1673 5517 horum
1703 5466 1890 5517 autem

195 5559 497 5624 creatione,
551 5551 861 5626 inquiens,
909 5552 1095 5620 cogita
1144 5549 1644 5626 προκαταρκτικὴν,
1670 5552 1886 5622 prima-

197 5649 342 5703 riam
370 5661 640 5712 causam,
673 5642 908 5699 Patrem
926 5660 946 5695 .'
972 5634 1036 5707 δη
1051 5639 1885 5715 μιουργικὴν,οοηάἱινίσεγη,Ρί-

202 5735 339 5794 lium
357 5757 382 5805 ;
408 5732 815 5804 τελειωτικήν,
857 5731 1264 5803 perfectrieem,
1297 5729 1569 5801 Spiritum
1613 5733 1884 5786 sanctum.

2003 4749 2161 4805 Solus
2212 4751 2360 4804 enim
2411 4751 2580 4804 Pater
2632 4744 2824 4817 αἴτιος,
2883 4765 3053 4804 causa
3107 4759 3158 4806 et
3211 4760 3423 4809 auctor.
3484 4751 3658 4809 Solus

2001 4853 2212 4910 nempe
2243 4842 2414 4893 Pater
2461 4855 2641 4894 causa
2671 4837 2772 4894 illa
2801 4841 2911 4906 est,
2943 4855 3012 4894 ex
3040 4855 3158 4910 qua
3187 4857 3298 4898 esse
3340 4857 3496 4898 omne
3524 4858 3657 4912 pro-

2001 4928 2132 4983 ﬂuit
2177 4931 2298 4984 tam
2350 4926 2698 4995 increatum,
2734 4943 2912 4998 quam
2961 4932 3246 4984 creatum.
3279 4929 3442 4985 Hanc
3486 4931 3658 5002 juxta

2001 5016 2300 5072 notionem
2334 5031 2451 5070 non
2483 5015 2747 5086 procedit
2775 5016 2949 5070 veluti
2974 5031 3045 5071 ea:
3071 5017 3213 5073 Filio
3243 5017 3499 5090 Spiritus
3528 5035 3661 5075 san-

2001 5110 2154 5177 ctus,
2186 5121 2319 5160 cum
2353 5121 2386 5161 a
2413 5108 2583 5160 Patre
2640 5103 2854 5159 habeat
2904 5103 3052 5176 ipse,
3083 5109 3149 5160 ut
3181 5105 3465 5178 Spiritum
3519 5125 3656 5164 san-

2001 5200 2162 5251 ctum
2231 5194 2437 5266 spiret,
2486 5194 2586 5250 sed
2637 5209 2706 5248 ex
2750 5194 2914 5248 Patre
2964 5195 3219 5265 procedit
3256 5212 3361 5270 per
3422 5195 3656 5268 Filium,
3711 5260 3714 5262 γ

2001 5285 2140 5356 quia
2170 5283 2315 5340 Filio
2340 5284 2638 5350 virtutem,
2675 5298 2854 5354 quam
2884 5286 3055 5339 Pater
3104 5284 3303 5351 habet,
3334 5285 3460 5358 ipse
3489 5287 3659 5343 Pater

2001 5373 2421 5438 communicat,
2443 5388 2508 5426 ac
2539 5371 2721 5426 Filius
2752 5388 2856 5443 per
2882 5371 3034 5427 hanc
3065 5374 3658 5432 communicationem

2000 5479 2115 5518 non
2148 5467 2238 5518 est
2268 5461 2457 5517 sancti
2489 5460 2743 5533 Spiritus
2773 5477 2957 5517 causa
2985 5461 3269 5518 distincta
3297 5481 3331 5519 a
3360 5464 3655 5533 Patre,sed

2000 5568 2118 5608 una
2149 5568 2327 5607 causa
2355 5567 2490 5606 cum
2520 5555 2710 5606 Patre.

2072 5641 2371 5714 Insignem
2417 5639 2614 5695 locum
2656 5639 2838 5695 istum
2884 5641 3249 5711 Damasceni,
3281 5639 3462 5699 veluti
3510 5661 3649 5716 spu-

1999 5729 2177 5798 rium,
2225 5729 2426 5802 rejecit
2470 5728 2722 5802 Gorgius
2772 5726 3186 5803 Moschampar
3231 5731 3650 5806 chartopbylax
