4090 6442
454 430 568 493 115

1483 440 1802 504 GEORGII
1849 438 2111 503 CYPRlI
2156 439 2275 502 CP.
2319 438 2850 502 PATBIARGHE

3742 441 3850 502 116

450 565 512 621 in
546 565 838 640 colloquio
869 569 940 625 de
971 586 1086 643 quo
1133 571 1361 645 egimus
1393 574 1584 646 capite
1612 576 1668 642 7,
1702 592 1868 630 num.
1902 575 1979 629 III
2008 573 2105 645 (3).
2139 575 2195 640 Α
2224 573 2410 629 dorem
2457 591 2620 630 suum
2648 577 2958 630 naturalem
3002 573 3315 646 explicans.
3347 573 3430 629 Ex
3475 575 3640 630 Patre
3686 574 3859 631 oritur

455 654 763 712 Sincerum
814 657 1004 728 illum,
1037 678 1103 716 ac
1149 678 1496 734 germanum
1531 664 1818 736 probabat
1862 680 2117 736 magnus

453 743 755 818 logotheta
793 749 1016 805 Muzalo
1063 751 1409 807 auctoritate
1442 753 1758 809 Andronici
1805 752 2117 819 Camateri,

456 834 558 904 qui
591 834 888 909 integrum
922 856 1040 894 sua
1075 841 1406 896 inseruerat
1433 841 1818 915 Hoplotheczr.
1842 846 1955 896 Cur
1985 858 2118 897 vero

464 923 792 994 abjudicari
825 943 859 981 a
888 933 1089 984 sancto
1142 934 1497 986 Damasceno
1529 931 1707 986 veluti
1751 936 1990 1004 parente
2021 931 2118 986 de-

461 1012 615 1082 beat,
650 1030 781 1070 cum
842 1033 1040 1087 parem
1097 1020 1482 1092 eamdemque
1525 1021 1851 1076 doctrinam
1909 1019 2122 1075 habeat

464 1100 525 1156 in
562 1101 692 1159 aliis
741 1106 920 1162 dubio
969 1108 1173 1179 procul
1225 1110 1496 1180 genuinis
1529 1110 1938 1182 operibus‘Hn
1988 1109 2119 1163 Dia-

462 1191 595 1264 logo
627 1201 830 1249 contra
878 1195 1248 1265 Manichasos,
1285 1216 1447 1253 num.
1480 1201 1536 1267 5,
1570 1198 1653 1254 sic
1703 1199 1879 1254 habet
1911 1216 1924 1251 :
1960 1205 2124 1254 Pater

465 1297 678 1353 semper
725 1285 960 1339 Verbum
1007 1302 1166 1341 suum
1213 1303 1282 1342 ea:
1327 1304 1384 1342 se
1431 1289 1697 1358 genitum,
1746 1285 1836 1340 καὶ
1895 1283 1983 1340 διὰ
2025 1290 2122 1339 τοῦ

467 1367 646 1443 Λόγου
703 1371 867 1425 αὐτοῦ
927 1371 977 1442 ἐξ
1036 1373 1199 1428 αὐτοῦ
1251 1375 1314 1429 τὸ
1349 1377 1569 1448 Πνεῦμα
1617 1375 1781 1429 αὐτοῦ
1838 1374 2125 1451 ἐκπορευό-

473 1479 654 1531 μενον,
703 1465 755 1516 et
797 1479 898 1534 per
954 1465 1194 1520 Verbum
1237 1483 1401 1521 suum
1442 1467 1719 1538 Spiritum
1763 1483 1927 1520 suum
1973 1482 2042 1521 ea:
2071 1481 2126 1520 se

465 1550 850 1620 procedentem
899 1552 1109 1609 habuit.
1165 1555 1457 1627 Insipiens
1506 1559 1653 1622 esto,
1683 1555 1784 1625 qui
1832 1560 2001 1625 neget
2031 1555 2124 1609 his

470 1656 806 1712 expressam
853 1643 1044 1698 verbis
1095 1648 1394 1709 aeternam,
1445 1661 1510 1698 ac
1561 1643 2038 1708 substantialem,
2071 1647 2128 1698 et

472 1728 897 1800 hypostaticam
931 1733 1120 1788 sancti
1152 1732 1404 1804 Spiritus
1435 1749 1538 1803 per
1566 1731 1778 1787 Filium
1811 1732 2129 1805 processio-

474 1833 608 1872 nem
657 1835 726 1873 ex
774 1819 958 1875 Patre.
1012 1822 1074 1875 In
1123 1820 1384 1893 Epistola
1431 1821 1502 1876 ad
1550 1821 1869 1876 Jordanem
1938 1821 2127 1876 archi-

478 1907 834 1963 mandritam
891 1909 963 1966 de
1014 1909 1231 1983 hymno
1284 1909 1567 1981 Trisagio,
1618 1910 1770 1964 108
1822 1927 1986 1965 num.
2034 1910 2104 1962 28

478 1997 560 2051 ait
591 2013 603 2050 :
640 1999 724 2052 Ex
753 2003 922 2054 Patre
963 1999 1236 2070 siquidem
1260 2016 1364 2070 per
1409 2000 1621 2055 Filium
1649 2004 1702 2054 et
1738 1999 1967 2055 Verbum
2003 2015 2107 2071 pro

477 2086 690 2155 cedens,
721 2105 831 2144 non
863 2092 1042 2144 tamen
1075 2090 1362 2159 ﬁliationis
1389 2089 1565 2144 modo.
1603 2088 1951 2158 llujusmodi
1982 2105 2130 2160 opus

479 2192 594 2230 non
643 2181 767 2232 erat
795 2178 1153 2250 exceptione,
1186 2179 1235 2233 si
1288 2179 1410 2234 haec
1452 2194 1555 2249 per
1601 2178 1810 2232 Filium
1854 2179 2129 2250 processio

477 2265 548 2319 ad
597 2265 939 2322 missionem
987 2267 1368 2339 temporalem
1417 2267 1826 2338 donorumque
1874 2266 2130 2339 largitio-

476 2370 609 2408 nem
642 2355 944 2410 referenda
973 2361 1146 2412 esset.

543 2443 850 2500 Difﬁcilior
877 2445 1107 2500 videtur
1136 2446 1400 2516 ejusdem
1438 2446 1778 2501 Damasceni
1815 2444 1978 2500 locus
2009 2444 2126 2514 ille,

470 2531 570 2602 qui
601 2531 854 2588 habetur
883 2533 1126 2590 homilia
1154 2534 1211 2590 in
1246 2535 1568 2590 Sabbatum
1597 2535 2124 2602 sanctum,num.4:

467 2621 710 2692 Spiritus
754 2631 977 2678 sanctus
1042 2629 1162 2691 Dei,
1209 2633 1260 2680 et
1309 2625 1514 2692 Patris,
1573 2632 1843 2697 tanquam
1896 2640 1966 2678 ea:
2012 2625 2128 2694 ipso

465 2711 759 2781 procedens
791 2728 803 2766 :
833 2715 929 2783 qui
974 2721 1027 2768 et
1056 2715 1201 2770 Filii
1226 2714 1449 2785 dicitur,
1482 2716 1541 2768 ut
1589 2715 1688 2784 qui
1711 2729 1813 2785 per
1839 2730 1968 2768 eum
2015 2730 2130 2768 ma-

467 2801 783 2872 nifestetur,
814 2808 867 2857 et
905 2806 1107 2859 creatis
1158 2805 1319 2859 rebus
1361 2805 1738 2876 impertiatur,
1771 2799 1898 2855 ἀλλ⁵
1946 2799 2044 2854 οὐκ
2075 2799 2126 2870 ἐξ

471 2886 639 2942 αὐτοῦ
691 2887 819 2964 ἕχον
865 2891 965 2958 τὴν
1009 2891 1253 2966 ὕπαρξιν,
1298 2909 1408 2948 non
1459 2897 1639 2948 tamen
1691 2909 1760 2947 ea:
1805 2893 1924 2961 ipso
1976 2892 2126 2946 exsi-

469 2980 733 3035 stentiam
761 2982 986 3037 habens.
1023 2982 1287 3038 Similem
1311 2983 1440 3053 jam
1470 2982 1856 3053 expendimus
1887 2985 2126 3035 senten-

470 3067 615 3122 tiam
647 3068 797 3138 ejus,
829 3086 898 3124 ex
947 3074 1149 3126 octavo
1180 3072 1370 3142 capite
1408 3071 1580 3141 primi
1611 3070 1746 3126 libri
1779 3071 1853 3124 De
1899 3069 2004 3139 ﬁde
2033 3086 2122 3124 or-

472 3155 731 3228 thodoxa,
765 3157 1283 3230 depromptam.Ac
1313 3159 1500 3233 primo
1532 3159 1771 3230 quidem
1806 3160 1878 3213 ad
1916 3157 2123 3213 Filium

471 3245 755 3317 peculiari
810 3248 1065 3318 quadam
1097 3249 1321 3304 ratione
1362 3248 1745 3318 temporalem
1776 3247 1962 3304 sancti
1993 3246 2120 3319 Spi-

472 3333 619 3388 ritus
664 3334 1006 3390 missionem
1059 3337 1234 3392 refert
1281 3337 1701 3405 Damascenus,
1748 3341 1813 3390 ut
1860 3337 2122 3391 virtutem
2151 3319 2193 3385 Ο

467 3425 943 3492 procatarcticam
971 3425 1030 3479 in
1062 3426 1266 3481 eadem
1301 3426 1583 3481 missione
1617 3424 1756 3481 Filio
1789 3430 2123 3496 competen-

470 3516 590 3566 tem
622 3510 894 3568 declaret.
925 3514 1107 3586 Negat
1137 3513 1236 3570 ille
1265 3514 1495 3584 deinde,
1527 3515 1811 3585 Spiritum
1853 3518 2123 3569 sanctum

471 3616 542 3654 ex
571 3601 711 3656 Filio
739 3603 1120 3658 exsistentiam
1150 3604 1350 3659 habere
1380 3622 1398 3658 :
1431 3608 1490 3658 at
1518 3620 1586 3658 ea
1616 3602 1785 3675 plura
1814 3603 1940 3658 loca
1993 3602 2128 3657 sub-

472 3688 854 3762 intelligenda
885 3699 1043 3758 sunt,
1078 3693 1293 3764 quibus
1319 3692 1514 3764 ipsum
1561 3691 1932 3764 apertissime
1961 3692 2129 3748 docet

471 3793 540 3834 ea:
572 3785 735 3834 Patre
779 3781 1068 3850 procedere
1097 3798 1192 3852 per
1239 3783 1463 3851 Filium,
1513 3781 1698 3853 Negat
1740 3797 1894 3848 vero,
1947 3780 2127 3852 Spiri-

471 3870 591 3922 tum
618 3885 688 3923 θέε
724 3869 870 3924 Filio
917 3870 1296 3925 exsistentiam
1338 3870 1558 3940 habere,
1591 3870 1729 3940 quia
1778 3869 1961 3925 Filius
2011 3886 2127 3926 non

473 3959 560 4010 est
611 3972 790 4011 causa
819 3974 852 4011 a
885 3957 1046 4012 Patre
1093 3956 1406 4025 distincta;
1440 3962 1496 4012 et
1535 3956 1673 4028 quia
1721 3955 1904 4011 Filius
1951 3956 2130 4012 habet

473 4061 508 4099 a
536 4049 725 4116 Patre,
761 4049 825 4100 ut
870 4046 1152 4118 Spiritum
1188 4053 1458 4102 sanctum
1503 4047 1703 4117 spiret.
1734 4045 1978 4100 Additur
2024 4063 2128 4117 po-

473 4138 691 4189 strema
732 4136 878 4189 ratio
932 4152 1000 4190 ex
1047 4151 1240 4190 errore
1287 4135 1606 4208 Apollinari
1656 4135 2130 4206 Arianorumqne

471 4223 804 4295 desumpta,
861 4225 960 4296 qui
1019 4224 1273 4295 Spiritus
1321 4225 1508 4280 sancti
1576 4223 2020 4295 productionem
2069 4224 2128 4278 in

473 4311 686 4368 Filium
719 4315 1044 4385 praesertim
1069 4313 1900 4383 refundebantzdicebantque
1930 4313 2128 4384 ipsum

470 4403 614 4458 Filio
659 4404 954 4470 minorem,
984 4407 1186 4474 utpote
1233 4420 1300 4457 ex
1333 4402 1476 4458 Filio
1525 4407 1918 4474 procreatum,
1952 4401 2127 4457 sicuti

470 4493 527 4544 et
557 4489 765 4546 Filium
817 4491 1106 4548 minorem
1152 4495 1343 4558 Patre,
1379 4495 1581 4562 utpote
1625 4496 1828 4544 natum
1880 4507 1946 4544 ex
1974 4490 2124 4560 ipso.

469 4579 556 4633 Ab
586 4580 695 4636 hac
744 4581 1048 4652 impietate
1081 4583 1353 4635 caventes
1400 4579 1581 4634 Graeci
1632 4578 1836 4632 mediae
1884 4595 2128 4650 praeser-

2228 663 2483 734 Spiritus
2519 681 2531 719 :
2565 665 2666 719 sed
2697 663 2874 720 hocce
2905 664 2966 718 in
2999 664 3127 734 ejus
3159 666 3287 719 ortu
3321 662 3514 719 iocum
3545 663 3716 719 habet
3742 681 3856 720 ma-

2229 752 2526 807 nifestatio
2578 753 2842 824 ejusdem
2890 769 2993 825 per
3043 753 3323 807 Verbum.
3378 752 3570 809 Sancti
3620 753 3860 824 Spiritus

2229 846 2393 896 ortus
2429 843 2576 897 Patri
2609 843 2972 911 attribuitur,
3002 842 3102 914 qui
3133 841 3316 897 totius
3345 841 3588 897 Deitatis
3626 843 3860 898 abscon-

2230 930 2350 984 dita
2380 931 2674 1003 scaturigo
2706 935 2813 986 est.
2847 930 3236 987 Manifestatio
3265 931 3864 1002 ejusdem,eademque

2228 1021 2506 1075 naturalis
2538 1021 2723 1076 instar
2759 1020 3084 1092 splendoris,
3119 1020 3257 1076 Filio
3306 1021 3606 1090 tribuitur,
3642 1021 3775 1092 quia
3802 1037 3866 1076 ex

2230 1110 2397 1165 Patre
2454 1115 2666 1165 natura
2722 1109 2920 1165 divina
2979 1126 3081 1181 per
3141 1109 3352 1165 Filium
3413 1110 3869 1166 communicatur

2231 1198 2475 1270 Spiritui
2505 1203 2726 1254 sancto.

2305 1332 2682 1405 Theologiam
2735 1348 2902 1389 suam
2959 1333 3188 1389 tradere
3253 1333 3655 1388 Damascenus
3702 1333 3876 1405 pergit

2233 1421 2454 1477 ibidem
2489 1440 2501 1478 :
2535 1423 2718 1478 Filius
2764 1422 2835 1477 ad
2865 1428 3088 1478 Patrem
3117 1424 3385 1493 refertur,
3416 1430 3582 1492 atque
3606 1438 3677 1477 ea:
3718 1426 3876 1477 Patre

2233 1514 2330 1578 est,
2364 1513 2496 1583 quia
2543 1520 2710 1566 natus
2740 1517 2821 1567 est
2850 1527 2924 1567 ea:
2964 1513 3128 1567 Patre
3153 1529 3172 1566 .·
3202 1518 3250 1566 et
3282 1512 3433 1566 109
3481 1511 3725 1583 Spiritus
3755 1527 3875 1566 san-

2233 1608 2348 1654 ctus
2379 1601 2454 1654 ad
2480 1601 2712 1656 Patrem
2742 1603 3000 1672 refertur,
3027 1604 3190 1672 atque
3220 1605 3298 1656 est
3326 1616 3398 1656 ea:
3431 1602 3612 1666 Patre,
3651 1602 3777 1672 quia
3803 1608 3879 1655 est

2236 1705 2308 1744 ex
2336 1690 2454 1759 illo,
2484 1705 2592 1744 non
2641 1691 2927 1760 filiationis
2957 1706 3125 1756 more,
3174 1689 3267 1745 sed
3311 1691 3694 1757 processionis.
3726 1691 3878 1745 Item-

2237 1795 2340 1848 que
2367 1787 2585 1834 sanctus
2632 1780 2872 1849 Spiritus
2901 1786 2981 1833 est
3025 1777 3192 1846 Filii,
3224 1778 3317 1834 sed
3356 1796 3471 1833 non
3517 1787 3597 1834 est
3627 1795 3701 1834 ea:
3728 1779 3879 1833 Filio.

2245 1870 2334 1924 Est
2362 1870 2549 1923 tamen
2597 1868 2668 1922 ad
2696 1869 2923 1932 Filium,
2957 1869 3087 1938 quia
3135 1875 3357 1923 emanat
3380 1883 3482 1933 per
3523 1869 3709 1934 illum,
3743 1869 3791 1922 et
3819 1882 3883 1922 ea:

2115 1954 2127 1976 ’
2159 1949 2206 2013 B
2239 1958 2338 2012 illo
2370 1975 2388 2012 .°
2417 1973 2479 2012 ac
2529 1973 2639 2012 non
2672 1961 2750 2011 est
2795 1973 2866 2012 ea:
2895 1957 3054 2020 Filio,
3087 1957 3217 2026 quia
3266 1959 3430 2011 Pater
3460 1974 3578 2012 una
3605 1965 3687 2012 est
3728 1972 3886 2011 causa

2239 2055 2356 2102 tum
2385 2047 2536 2117 Filii,
2570 2055 2689 2100 tum
2717 2046 2959 2118 Spiritus
2988 2047 3187 2100 sancti.
3221 2046 3351 2100 Ηεεε
3381 2051 3685 2118 postrema
3723 2045 3889 2100 verba

2239 2151 2483 2190 sensum
2533 2134 2830 2190 declarant
2862 2134 3044 2190 totius
3091 2135 3417 2190 sententiae.
3456 2135 3629 2191 Pater
3657 2153 3773 2191 una
3809 2138 3892 2190 est

2239 2241 2418 2280 causa
2462 2228 2590 2278 tum
2623 2223 2772 2290 Filii,
2807 2229 2934 2279 tum
2991 2223 3248 2296 Spiritus
3279 2225 3473 2280 sancti
3511 2243 3524 2280 :
3555 2241 3626 2280 ea
3676 2225 3890 2280 ratione

2238 2313 2394 2383 quod
2427 2312 2486 2367 in
2520 2316 2710 2377 Patre,
2742 2310 2920 2367 veluti
2952 2311 3013 2366 in
3048 2312 3224 2380 fonte,
3259 2311 3360 2382 qui
3392 2329 3516 2368 non
3549 2317 3642 2368 est
3669 2330 3738 2368 ex
3767 2311 3891 2379 alio,

2235 2402 2424 2456 virtus
2479 2401 2769 2472 reperitur
2824 2400 3104 2471 spirativa
3178 2400 3429 2471 Spiritus
3497 2400 3710 2456 sancti.
3771 2401 3892 2456 Haec

2238 2490 2440 2562 utique
2492 2507 2611 2545 una
2657 2494 2713 2544 et
2760 2491 2964 2544 eadem
3015 2489 3158 2544 Filio
3205 2489 3384 2545 etiam
3437 2489 3604 2546 inest
3649 2508 3663 2546 :
3718 2490 3817 2546 sed
3867 2506 3898 2544 a

2236 2581 2405 2635 Patre
2460 2578 2910 2634 communicata.
2956 2578 3103 2633 Hinc
3151 2578 3405 2648 Spiritus
3435 2583 3694 2635 sanctus
3739 2594 3899 2636 suam

2236 2669 2414 2724 habet
2443 2667 2794 2725 exstantium
2835 2684 2902 2722 ex
2936 2667 3411 2738 Patre.tanquam
3445 2684 3527 2724 ex
3561 2669 3761 2725 fonte:
3795 2684 3902 2740 quo

2235 2774 2366 2814 eam
2425 2757 2597 2812 modo
2657 2773 2771 2811 non
2831 2756 3008 2811 habet
3063 2772 3132 2811 ex
3187 2755 3351 2811 Filio.
3382 2758 3463 2812 At
3521 2758 3804 2829 quoniam
3843 2756 3899 2812 in

2238 2846 2378 2901 Filio
2411 2845 2692 2918 spirativa
2719 2845 2908 2900 virtus
2940 2844 3095 2900 inest
3123 2861 3156 2900 a
3185 2845 3355 2901 Patre
3408 2848 3856 2904 communicata
3885 2863 3898 2902 :

2232 2937 2363 2992 ideo
2389 2952 2486 3007 per
2535 2936 2760 3005 Filium,
2793 2939 2845 2989 et
2874 2951 2947 2989 ea:
2976 2934 3115 2990 Filio
3165 2933 3420 3006 Spiritus
3464 2941 3715 2992 sanctus
3761 2953 3908 2992 ema-

2231 3041 2370 3080 nare
2400 3024 2636 3091 dicitur,
2670 3041 2784 3078 non
2816 3023 3036 3078 dicitur
3064 3039 3179 3079 esse
3199 3039 3218 3084 ,·
3254 3025 3496 3080 tametsi
3531 3025 3636 3082 illa
3667 3041 3903 3082 emana-

2232 3115 2312 3170 tio
2337 3114 2500 3170 sitad
2543 3114 2898 3168 exstantiam.
2929 3117 3053 3179 Quo
3096 3112 3272 3167 etiam
3316 3129 3499 3170 sensu
3543 3132 3664 3171 non
3715 3117 3902 3186 inepte

2233 3204 2348 3259 dici
2406 3207 2617 3276 potest,
2652 3201 3048 3274 splendorem,
3083 3205 3184 3256 aut
3221 3202 3470 3258 ﬂuvium
3499 3221 3618 3260 non
3680 3221 3810 3260 esse
3838 3220 3904 3259 ex

2233 3293 2415 3359 radio,
2469 3297 2570 3347 aut
2608 3291 2750 3359 rivo,
2797 3292 2895 3346 sed
2948 3307 3077 3346 esse
3125 3291 3508 3362 splendorem
3559 3311 3631 3349 ex
3685 3293 3807 3350 sole
3853 3299 3907 3348 et

2237 3381 2480 3436 ﬂuvium
2540 3396 2608 3435 ex
2665 3380 2823 3435 fonte
2875 3397 2888 3435 :
2940 3396 3006 3434 ac
3065 3379 3460 3436 nihilominus
3523 3382 3904 3455 splendorem

2236 3484 2512 3526 emanare
2560 3485 2662 3541 per
2700 3469 2955 3533 radium,
3007 3476 3062 3523 et
3109 3468 3284 3523 etiam
3332 3485 3403 3524 ex
3451 3473 3665 3540 radio;
3700 3477 3759 3528 et
3807 3473 3910 3528 ﬂu-

2236 3559 2398 3613 vium
2457 3573 2733 3613 emanare
2789 3573 2891 3628 per
2946 3557 3163 3622 rivum,
3206 3561 3263 3612 et
3335 3558 3520 3615 etiam
3585 3577 3659 3616 ex
3717 3562 3841 3616 rivo
3891 3580 3905 3630 ς

2238 3648 2380 3704 solis
2411 3663 2476 3702 ac
2533 3645 2712 3701 fontis
2742 3647 2954 3700 virtute
2987 3647 3149 3701 radio
3181 3663 3247 3701 ac
3277 3645 3398 3702 rivo
3439 3651 3912 3707 communicata.

2238 3737 2367 3792 Haec
2399 3735 2565 3790 affert
2611 3734 2828 3790 ibidem
2869 3734 3268 3790 Damascenus
3318 3738 3620 3809 exempla,
3659 3755 3915 3812 quorum

2239 3825 2556 3880 discrimen
2617 3823 2942 3878 maximum
3001 3841 3034 3879 a
3091 3824 3340 3895 Spiritus
3398 3829 3602 3884 sancti
3677 3847 3918 3886 emana-

2237 3914 2395 3970 tione
2442 3912 2700 3968 sumitur
2729 3930 2762 3967 a
2807 3912 3092 3984 principio
3142 3913 3353 3980 activo,
3384 3918 3554 3986 quod
3608 3935 3803 3974 unum
3853 3935 3920 3974 ex

2239 4002 2407 4057 Patre
2455 4000 2927 4056 communicatur
2976 4000 3114 4054 Filio
3150 4017 3161 4055 :
3197 4001 3502 4058 diversum
3553 4010 3652 4061 est
3702 4008 3763 4061 in
3801 4004 3924 4062 sole

2237 4095 2294 4146 et
2323 4091 2507 4157 radio,
2540 4089 2600 4143 in
2651 4090 2810 4144 fonte
2839 4093 2897 4144 et
2926 4089 3068 4144 rivo.
3101 4089 3245 4144 Rem
3276 4088 3430 4144 hanc
3476 4092 3673 4165 igitur
3703 4097 3778 4150 ab
3811 4096 3920 4150 hu-

2240 4195 2414 4235 mano
2466 4183 2640 4249 captu
2693 4174 3038 4250 longissime
3107 4176 3380 4244 alienam,
3432 4183 3645 4240 verbis
3712 4185 3926 4256 utique

2241 4269 2510 4334 diversis,
2560 4284 2679 4322 una
2707 4271 2902 4322 tamen
2935 4267 3248 4336 sententia,
3279 4279 3704 4340 exposuerunt
3737 4273 3928 4330 Eccle-

2238 4357 2339 4412 sizs
2373 4356 2591 4412 Patres.

2308 4491 2403 4546 VI.
2444 4491 2703 4546 Primum
2733 4489 3085 4546 Damasceni
3115 4490 3558 4568 testimonium,
3595 4499 3764 4570 quod
3796 4499 3934 4555 hac-

2238 4585 2410 4635 tenus
2469 4597 2571 4652 pro
2624 4578 2776 4634 virili
2837 4578 3283 4650 illustravimus,
3344 4581 3510 4638 inter
3577 4588 3936 4646 Graecorum

470 4668 578 4724 tim
614 4669 798 4724 aetatis
830 4671 1116 4736 doctores,
1149 4669 1230 4723 ita
1261 4669 1555 4740 negabant
1584 4684 1655 4722 ea:
1686 4667 1828 4722 Filio
1859 4667 2130 4738 Spiritum
2162 4687 2206 4750 D
2239 4669 2596 4739 objectiones
2626 4669 2793 4724 affert
2815 4673 3054 4724 sanctus
3075 4668 3334 4725 Thomas
3364 4670 3422 4725 in
3459 4674 3934 4735 Sententiarum

473 4759 759 4824 exsistere,
805 4762 872 4812 ut
914 4757 1087 4813 illum
1135 4761 1331 4812 tamen
1376 4773 1476 4827 per
1521 4757 1727 4810 Filium
1768 4757 2066 4826 procedere
2096 4775 2130 4811 a

472 4849 638 4902 Patre
688 4846 1166 4902 constantissime
1221 4845 1514 4900 docerent.
1577 4845 1910 4900 Genuinum
1970 4844 2128 4900 hunc

471 4951 713 4990 sensum
746 4951 896 5002 esse,
930 4935 1145 4990 evincit
1172 4934 1439 5004 ejusdem
1473 4932 1816 4988 Damasceni
1845 4935 2128 5005 Expositio

471 5025 622 5094 ﬁdei,
658 5040 836 5095 quam
868 5040 935 5078 ex
965 5023 1210 5077 Arabico
1256 5039 1485 5078 versam
1519 5021 1767 5077 Michael
1799 5024 2127 5094 Lequienus

470 5131 579 5170 sua
607 5112 842 5168 exhibet
888 5111 947 5166 in
996 5113 1272 5166 editione.
1319 5113 1445 5166 Haec
1494 5112 1807 5178 habentur,
1843 5129 2009 5176 num,
2041 5115 2075 5166 2
2108 5131 2122 5169 :

467 5204 633 5258 Pater
679 5201 878 5272 absque
921 5201 1199 5271 principio
1246 5210 1370 5255 est:
1401 5205 1451 5255 et
1493 5201 1671 5255 Filius
1711 5204 1790 5256 est
1840 5218 1911 5256 ea:
1958 5208 2125 5258 Patre

463 5308 561 5363 per
609 5291 936 5360 ﬁlialion-em
985 5307 1003 5344 :
1053 5297 1104 5344 et
1153 5289 1394 5359 Spiritus
1445 5299 1664 5345 sanctus
1712 5298 1792 5345 est
1839 5307 1911 5344 ex
1957 5294 2125 5346 Patre

460 5396 560 5451 per
590 5378 825 5445 Filium,
875 5394 986 5434 non
1010 5393 1107 5448 per
1159 5378 1505 5447 ﬁliationem,
1565 5379 1660 5433 sed
1686 5396 1784 5450 per
1823 5383 2120 5450 processio-

464 5485 607 5523 nem.
658 5467 1048 5539 Aptissimum
1100 5465 1432 5537 exemplum
1481 5471 1589 5537 est,
1625 5468 1780 5539 quod
1835 5468 2117 5522 additur:

469 5557 698 5612 Verbum
726 5557 983 5626 gignitur
1009 5556 1077 5609 ab
1123 5555 1457 5610 intellectu:
1490 5556 1590 5610 sed
1625 5557 1800 5611 etiam
1832 5557 1898 5610 ab
1947 5556 2119 5610 intel-

469 5646 608 5701 lectu
635 5647 816 5700 oritur
865 5644 1126 5716 Spiritus,
1154 5659 1248 5713 qui
1278 5647 1668 5715 manifestatur
1712 5661 1815 5717 per
1867 5645 2113 5716 Verbum,

468 5736 617 5806 quod
645 5742 863 5791 emanat
891 5750 963 5791 ea:
1011 5731 1335 5790 abscondita
1381 5735 1715 5804 scaturigine
1751 5751 1873 5805 sua,
1923 5732 2116 5805 splen-

2240 4759 2692 4825 Commentario,
2728 4758 2786 4812 in
2841 4757 3275 4823 Questionibus
3307 4759 3672 4837 disputatis,
3707 4775 3772 4826 et
3820 4770 3940 4842 pri-

2239 4866 2336 4904 ma
2368 4853 2532 4919 parte
2581 4848 2836 4903 Summae
2868 4845 3252 4918 Theologicae.
3300 4848 3452 4905 Loco
3507 4855 3742 4928 priore,
3780 4859 3940 4915 scili-

2239 4943 2328 4993 cet
2357 4938 2415 4992 in
2450 4955 2488 5008 1,
2523 4937 2658 4992 dist.
2691 4954 2768 5001 x1,
2824 4941 3028 5006 quaest.
3065 4937 3115 5006 1,
3167 4941 3277 4992 art.
3314 4939 3363 5003 1,
3397 4937 3518 4996 hac
3579 4947 3788 5004 utitur
3839 4967 3938 5006 so-

2236 5026 2456 5082 lutione
2505 5026 2578 5080 ad
2609 5026 2642 5078 3
2677 5041 2689 5078 :
2725 5048 2752 5074 «
2787 5024 3132 5091 Dicendum,
3179 5027 3335 5095 quod
3382 5026 3826 5094 Damascenus
3876 5040 3940 5094 in

2236 5115 2344 5171 hac
2375 5120 2540 5187 parte
2590 5132 2706 5170 non
2738 5113 2998 5168 creditur
3031 5131 3044 5168 :
3079 5115 3217 5184 quia
3263 5114 3490 5172 dicitur
3524 5121 3732 5181 fuisse
3779 5131 3945 5184 tem-

2235 5221 2374 5276 pore
2405 5203 2526 5271 illo,
2562 5219 2679 5275 quo
2704 5202 2924 5274 incepit
2953 5205 3349 5259 controversia
3379 5222 3576 5278 super
3606 5212 3732 5270 hac
3769 5233 3946 5288 qua-

2233 5293 2420 5348 stione
2470 5292 2624 5347 inter
2655 5295 2883 5346 Graecos
2933 5297 2991 5346 et
3030 5291 3285 5348 Latinos.
3321 5294 3559 5353 Tamen
3598 5318 3728 5360 non
3756 5309 3949 5380 negat

2231 5383 2374 5453 quin
2405 5383 2475 5436 sit
2496 5398 2568 5436 ea:
2611 5382 2775 5447 Filio,
2827 5381 2927 5436 sed
2978 5380 3119 5436 dicit
3148 5397 3210 5436 se
3240 5399 3356 5438 non
3387 5391 3742 5450 concedere
3795 5397 3950 5466 quod

2228 5472 2357 5525 sita
2388 5471 2546 5537 Filio,
2594 5470 2732 5541 quia
2763 5469 2954 5524 adhuc
2986 5469 3142 5541 apud
3174 5486 3273 5525 eos
3302 5470 3361 5525 in
3393 5471 3594 5534 dubio
3650 5485 3946 5543 verteba-

2229 5564 2346 5615 tur.
2399 5582 2426 5609 ››
2472 5561 2618 5614 Ante
2666 5559 2862 5614 saeculi
2913 5558 3147 5630 septimi
3197 5559 3420 5614 exitum
3481 5571 3684 5626 natus
3739 5574 3943 5631 fertur

2227 5647 2648 5718 Damascenus,
2679 5649 2975 5719 vitamque
3005 5664 3174 5703 suam
3223 5647 3379 5704 ultra
3408 5665 3662 5714 annum
3698 5661 3937 5722 Christi

2225 5737 2331 5792 754
2380 5738 2589 5810 agebat
2620 5755 2632 5794 :
2667 5755 2783 5810 quo
2812 5741 3077 5810 tempore
3103 5735 3354 5810 Spiritus
3401 5746 3617 5802 sancti
3677 5767 3938 5824 preces-
