4090 6448
264 441 376 506 11³7

1485 443 1695 512 VITA.
1729 472 1810 491 —
1837 439 2361 506 DlSSERTATlO
2404 442 2451 506 Ι.

3563 443 3682 510 118

267 577 484 635 sionem
515 593 547 634 a
574 576 746 635 Patre
777 578 1048 654 Filioque
1089 596 1122 637 a
1152 578 1377 637 Latinis
1424 582 1709 636 assertum
1741 577 1906 632 incu-
1937 576 1992 642 Α
2023 593 2136 648 que
2169 593 2182 632 :
2217 578 2275 632 vi
2302 579 2614 648 verborum,
2647 578 2864 651 quibus
2917 595 3065 635 usus
3110 581 3201 635 est
3250 577 3674 648 Damascenus,

268 669 470 725 nabant
495 668 1084 742 insequebanturque
1116 670 1507 726 Iconomachi.

331 754 454 812 Alia
480 762 570 812 est
600 758 845 814 Thomas
878 758 1116 829 solutio,
1173 763 1378 831 quaest.
1415 759 1500 827 10,
1534 760 1611 813 De
1655 759 1916 829 potentia,

266 848 369 898 art.
402 846 454 912 4,
508 847 605 901 ad.
636 848 709 901 24
751 863 764 901 :
829 869 857 896 ‹‹
889 847 1212 902 Dicendum
1264 848 1421 919 quod
1475 846 1686 920 positio
1727 847 1917 901 Nesto-

261 934 547 990 rianorum
581 936 712 1008 fuit,
734 937 892 1008 quod
925 936 1167 1009 Spiritus
1200 945 1421 992 sanctus
1448 953 1560 991 non
1587 938 1658 991 sit
1697 952 1731 990 a
1753 936 1913 990 Filio.

260 1024 421 1084 Unde
474 1025 537 1080 in
595 1025 858 1096 quodam
910 1024 1186 1097 Symbolo
1236 1025 1719 1080 Nestorianorum
1775 1041 1915 1079 con-

254 1117 530 1174 damnato
584 1114 647 1170 in
687 1117 879 1186 prima
939 1113 1215 1184 Ephesina
1261 1114 1464 1186 synodo
1515 1114 1733 1168 dicitur
1780 1112 1910 1168 sic:

248 1206 528 1275 Spiritum
581 1206 836 1259 sanctum
906 1205 1062 1259 110
1128 1220 1304 1276 neque
1357 1205 1572 1261 Filium
1627 1205 1911 1274 putamus,

245 1312 417 1367 neque
442 1310 550 1367 per
576 1294 787 1348 Filium
816 1294 1108 1349 essentiam
1133 1295 1423 1365 accepisse.
1468 1294 1710 1365 Propter
1755 1292 1911 1363 quod

243 1383 501 1458 Cyrillus
563 1394 757 1439 contra
815 1384 1133 1438 Nestorium
1187 1385 1250 1438 in
1326 1383 1576 1455 Epistola
1643 1381 1914 1453 praedicta

233 1473 560 1546 (Synodica
617 1472 691 1527 ad
751 1471 1109 1538 Nestorium,
1173 1489 1207 1527 a
1284 1471 1512 1526 Thoma
1590 1475 1915 1526 memorata

229 1563 302 1618 ad
338 1563 456 1632 13),
521 1560 728 1634 posuit
785 1560 1073 1632 Spiritum
1132 1564 1403 1616 sanctum
1464 1576 1595 1616 esse
1648 1577 1681 1614 a
1741 1559 1908 1614 Filio.

232 1651 606 1708 Theodoretus
635 1666 771 1706 vero
820 1650 881 1704 in
931 1650 1185 1721 quadam
1230 1648 1491 1722 Epistola
1521 1651 1592 1704 ad
1623 1648 1910 1704 Joannem

231 1740 680 1798 Antiochenum
713 1740 798 1795 sic
830 1739 976 1794 dicit
1005 1757 1024 1793 :
1051 1739 1296 1810 Spiritus
1325 1746 1546 1795 sanctus
1574 1754 1685 1793 non
1714 1746 1792 1793 est
1843 1754 1913 1792 ex

235 1830 406 1897 Filio,
465 1833 570 1884 aut
631 1844 736 1900 per
806 1829 1016 1883 Filium
1071 1829 1273 1884 habens
1325 1829 1685 1883 substantiam
1742 1844 1760 1882 :
1818 1827 1913 1881 sed

239 1917 542 1991 procedens
598 1916 820 1988 quidem
867 1933 900 1970 a
961 1922 1146 1983 Patre,
1183 1915 1424 1988 Spiritus
1481 1933 1611 1971 vero
1647 1916 1802 1979 Filii,
1851 1931 1910 1970 eo
1940 1951 1987 2016 B

245 2007 382 2080 quod
435 2015 489 2062 et
531 2008 588 2063 ei
632 2005 1124 2062 consubstantialis
1151 2007 1226 2061 sit
1251 2007 1590 2062 nominatus.
1624 2005 1756 2060 Haec
1803 2022 1909 2059 au-

254 2100 370 2152 tem
400 2095 588 2151 verba
618 2094 1027 2151 Theodoretus
1056 2094 1368 2166 praedictus
1397 2094 1650 2166 imponit
1678 2092 1908 2166 Cyrillo,

251 2189 538 2258 tanquam
594 2184 666 2239 ab
708 2200 772 2238 eo
823 2182 982 2238 dicta
1024 2182 1142 2238 sint
1188 2183 1249 2238 in
1297 2182 1564 2255 epistola,
1611 2199 1788 2255 quam
1837 2182 1910 2238 ad

246 2274 542 2330 Joannem
573 2271 1007 2328 Antiochenum
1039 2272 1312 2344 scripsit;
1345 2272 1480 2328 licet
1527 2272 1587 2326 in
1635 2271 1740 2326 illa
1789 2271 1910 2343 epi-

246 2363 401 2419 stola
449 2362 564 2418 hoc
622 2379 739 2417 non
791 2361 1041 2433 legatur,
1077 2349 1178 2416 sed
1232 2361 1450 2417 dicitur
1495 2362 1623 2418 sic:
1673 2362 1911 2433 Spiritus

242 2454 345 2509 Dei
369 2453 552 2524 patris
581 2450 826 2522 procedit
854 2450 1079 2522 quidem
1106 2466 1176 2505 ex
1223 2453 1338 2522 ipso
1378 2469 1397 2506 :
1435 2455 1518 2506 est
1565 2454 1747 2506 autem
1774 2459 1824 2506 et
1875 2467 1910 2505 α

238 2544 419 2612 Filio,
453 2558 568 2598 non
600 2541 821 2596 alienus
865 2540 1166 2597 secundum
1220 2542 1386 2595 unius
1438 2540 1695 2597 essentia:
1743 2541 1910 2596 ratio-

239 2648 389 2688 nem.
420 2633 586 2686 Hanc
638 2634 837 2686 autem
869 2628 1223 2685 Theodoreti
1274 2629 1627 2685 sententiam
1671 2633 1908 2686 secutus

239 2726 332 2778 est
373 2721 764 2793 postmodum
823 2719 1249 2790 Damascenus,
1309 2718 1579 2790 quamvis
1635 2719 1912 2790 dogmata

241 2811 517 2882 ejusdem
559 2808 915 2865 Theodoreti
967 2807 1085 2864 sint
1130 2807 1190 2862 in
1245 2808 1454 2880 quinta
1501 2809 1722 2880 synodo
1771 2823 1908 2862 con-

247 2899 549 2954 demnata.
587 2896 752 2953 Unde
783 2896 843 2951 in
877 2895 990 2951 hoc
1021 2912 1138 2951 non
1169 2900 1260 2952 est
1289 2896 1568 2952 standum
1609 2895 1910 2952 sententiae

253 2986 631 3044 Damasceni.
665 3008 695 3036 »

324 3075 585 3147 Denique
643 3077 666 3131 Ι
725 3078 902 3147 part.,
965 3077 1168 3146 quast.
1233 3074 1324 3141 36,
1379 3077 1490 3130 art.
1548 3075 1604 3144 2,
1665 3074 1736 3129 ad
1792 3075 1826 3128 3
1895 3089 1908 3129 :

268 3184 293 3213 ι
323 3164 670 3235 Dicendum,
706 3165 862 3235 quod
894 3162 1176 3235 Spiritum
1228 3166 1497 3219 sanctum
1548 3180 1662 3218 non
1712 3178 1911 3235 proce-

262 3254 393 3309 dere
417 3270 451 3308 a
480 3253 650 3321 Filio,
687 3253 877 3325 primo
911 3251 1022 3307 fuit
1051 3251 1465 3308 aNestorianis
1485 3251 1910 3318 introductum,

2029 665 2273 722 minime
2304 668 2491 723 sancti
2522 668 2774 740 Spiritus
2803 668 3075 741 denegari
3095 671 3493 742 processionem
3511 671 3682 726 etiam

2027 771 2062 810 α
2090 757 2253 811 Filio.

2098 847 2248 900 111
2294 846 2414 902 VII.
2449 850 2684 914 Caetera,
2717 864 2844 919 quas
2873 846 3018 903 locis
3049 847 3244 904 allatis
3275 847 3355 903 ait
3391 847 3509 916 ille,
3542 847 3679 904 illu-

2027 935 2268 990 stranda
2313 939 2470 992 sunt.
2503 937 2778 1007 Adnotat,
2825 938 3072 1009 posuisse
3120 936 3485 1004 Nestorianos,
3538 939 3679 1010 quod

2026 1024 2268 1094 Spiritus
2288 1030 2506 1080 sanctus
2533 1043 2646 1082 non
2674 1028 2748 1081 sit
2773 1043 2807 1081 a
2843 1027 2986 1083 Filio
3019 1045 3032 1082 :
3084 1026 3142 1081 id
3192 1026 3308 1100 legi
3348 1029 3408 1082 in
3437 1028 3676 1101 quodam

2023 1114 2473 1170 Nestorianorum
2501 1116 2794 1187 symbolo:
2847 1132 2914 1170 ac
2963 1117 3120 1171 istud
3170 1118 3231 1171 in
3277 1117 3563 1189 Ephesina
3590 1135 3677 1190 sy-

2022 1203 2160 1258 nodo
2191 1203 2606 1260 condemnatum
2635 1221 2765 1260 esse.
2806 1205 3311 1274 Nestorianorum,
3346 1207 3502 1277 quod
3551 1223 3673 1262 me-

2025 1297 2308 1360 moratur,
2360 1293 2703 1366 Symbolum
2753 1293 2996 1366 protulit
3044 1294 3352 1366 Ephesinis
3403 1295 3672 1351 Patribus

2025 1379 2307 1436 Charisius
2324 1382 2628 1453 presbyter,
2663 1386 2720 1437 et
2766 1381 3183 1454 Philadelphia;
3228 1400 3566 1440 meonomus
3612 1385 3672 1440 in

2022 1469 2198 1540 Lydia
2235 1487 2247 1524 :
2281 1469 2614 1542 legiturque
2645 1472 2874 1527 actione
2895 1473 2929 1526 6
2960 1471 3263 1543 Ephesinae
3295 1473 3501 1546 synodi
3522 1490 3674 1529 oecu-
3729 1533 3738 1542 η

2021 1558 2261 1613 manicae
2311 1576 2464 1614 anno
2498 1559 2591 1614 431
2655 1559 2979 1628 celebratae,
3031 1561 3141 1615 sub
3189 1561 3358 1616 titulo
3407 1563 3673 1635 Exempli

2018 1648 2377 1718 expositionis
2421 1648 2666 1720 Symboli
2715 1649 3020 1720 depravati.
3073 1650 3202 1705 Haec
3249 1651 3330 1705 ibi
3377 1650 3672 1707 habentur

2017 1736 2237 1791 verba:
2273 1737 2374 1792 Sed
2415 1738 2715 1810 (Spiritum
2768 1741 3061 1806 sanctum)
3109 1755 3208 1794 nec
3254 1740 3461 1796 Filium
3505 1744 3669 1812 puta-

2017 1841 2142 1880 mus
2169 1842 2345 1898 neque
2390 1843 2488 1898 per
2534 1829 2748 1882 Filium
2780 1845 2937 1882 suam
2974 1829 3412 1897 subsistentiam,
3443 1827 3666 1904 ὕπαρξιν

2019 1913 2328 1970 habentem.
2362 1916 2565 1970 Tribui
2615 1916 2958 1988 Symbolum
3006 1917 3162 1972 istud
3212 1917 3499 1986 Nestorio,
3533 1923 3671 1975 tan-

2022 2019 2201 2074 quam
2235 2006 2478 2070 auctori,
2511 2005 2582 2060 ab
2615 2004 2912 2076 aliquibus
2956 2005 3171 2062 assolet
3202 2022 3216 2061 :
3258 2007 3451 2062 verius
3481 2007 3668 2064 Theo-
3697 2021 3704 2026 “

2021 2093 2162 2148 doro
2181 2096 2590 2164 Mopsuesteno
2613 2096 2684 2149 ab
2704 2094 2863 2162 aliis;
2891 2096 3045 2166 quod
3068 2099 3324 2151 attauem
3339 2095 3669 2152 Nestoriani

2020 2186 2122 2237 aut
2150 2181 2513 2238 instruendis
2543 2183 2604 2238 in
2635 2183 2769 2250 ﬁde,
2802 2187 2903 2239 aut
2933 2184 3004 2239 ad
3036 2184 3212 2240 ﬁdem
3241 2186 3670 2243 revertentibus

2017 2272 2349 2327 tradebant.
2383 2275 2593 2327 Contra
2623 2272 2967 2345 Symbolum
2995 2274 3053 2328 in
3084 2273 3379 2346 Ephesius
3409 2291 3667 2331 cacume-

2019 2360 2150 2416 nica
2181 2361 2402 2433 synodo
2433 2360 2616 2416 latum
2647 2361 2740 2417 his
2776 2363 2968 2419 verbis
3019 2363 3317 2418 decretum
3364 2368 3475 2430 est,
3507 2365 3662 2436 quod

2020 2449 2249 2505 actione
2295 2451 2474 2505 citata
2520 2454 2790 2522 prostat:
2847 2474 2874 2502 «
2917 2451 3104 2507 Simili
3154 2455 3323 2508 etiam
3371 2454 3528 2509 modo
3575 2470 3678 2525 qui

2017 2539 2241 2595 inventi
2287 2539 2505 2596 fuerint
2551 2539 2638 2595 vel
2686 2542 2967 2612 episcopi,
2997 2540 3086 2596 vel
3131 2541 3346 2608 clerici,
3387 2541 3476 2598 vel
3526 2541 3664 2598 laici

2019 2629 2143 2684 sive
2175 2629 2381 2684 docere
2411 2645 2479 2684 ea
2508 2646 2634 2700 quas
2667 2629 3046 2685 continentur
3089 2630 3150 2685 in
3200 2630 3399 2686 oblata
3429 2631 3672 2704 Exposi~~

2018 2717 2176 2773 tione
2207 2734 2240 2772 a
2269 2717 2533 2773 Charisio
2567 2717 2904 2790 presbytero
2936 2720 3010 2774 De
3056 2719 3342 2788 Unigeniti
3387 2720 3528 2776 Filii
3576 2721 3674 2777 De:

2019 2807 2422 2872 Incarnalione,
2483 2806 2603 2861 sive
2662 2806 2947 2862 scelerata
2992 2811 3050 2862 et
3095 2823 3367 2880 perversa
3424 2808 3720 2865 Nestorii'

2021 2896 2317 2968 dogmata,
2351 2912 2475 2966 quae
2507 2899 2564 2950 et
2593 2895 2854 2952 subnexa
2885 2900 3043 2965 sunt,
3077 2897 3420 2968 subjaceant
3441 2901 3676 2954 senten-

2020 2985 2115 3040 tiae
2169 2988 2387 3040 sanctas
2441 2984 2623 3055 hujus
2678 2989 2737 3040 et
2792 2985 3143 3042 universalis
3196 2986 3423 3058 synodi.
3479 3010 3502 3040 ι)
3560 2991 3672 3044 etc.

2020 3077 2208 3130 Hocce
2256 3074 2487 3129 decreto
2537 3074 2846 3130 damnatos
2895 3075 3159 3146 Aquinas
3211 3075 3517 3147 intellexit,
3570 3077 3676 3150 qui

2021 3167 2306 3235 negarent
2354 3179 2456 3234 per
2512 3162 2724 3218 Filium
2778 3179 2940 3218 suam
2997 3164 3196 3220 habere
3262 3165 3673 3221 subsistentiam

2023 3251 2291 3323 Spiritum
2320 3261 2590 3308 sanctum.
2627 3253 2787 3308 Idem
2841 3257 3086 3309 consent
3114 3253 3526 3324 Bellarminus,
3561 3256 3674 3312 Leo

255 3348 318 3400 ut
348 3348 505 3414 patet
534 3343 598 3398 in
631 3317 893 3414 quodam
925 3340 1191 3414 symbolo
1223 3341 1707 3397 Nestorianorum
1739 3317 1910 3397 dam?
1941 3317 1984 3385 α
2023 3317 2290 3409 Allatius,
2324 3341 2664 3408 Garnerius,
2693 3342 2985 3398 Petavius.

245 3437 384 3488 nato
414 3431 476 3486 in
512 3430 815 3504 Ephesina
845 3431 1088 3503 synodo.
1117 3431 1189 3486 Et
1227 3430 1386 3486 hunc
1437 3446 1694 3486 errorem
1737 3446 1908 3486 secu-

240 3527 338 3578 tus
389 3521 505 3576 fuit
554 3519 962 3576 Theodoretus
992 3518 1396 3588 Nestorianus,
1429 3523 1487 3575 et
1536 3517 1733 3591 plures
1779 3523 1912 3590 post

239 3611 468 3683 ipsum,
527 3609 682 3665 inter
739 3625 889 3681 quos
957 3608 1065 3663 fuit
1120 3609 1518 3664 Damascenus
1572 3625 1585 3663 :
1642 3609 1797 3664 unde
1850 3608 1912 3663 in

239 3699 355 3757 hoc
414 3700 550 3770 ejus
599 3698 900 3753 sententiae
955 3713 1072 3752 non
1131 3701 1220 3753 est
1274 3698 1575 3753 standum.
1636 3697 1913 3762 Quamvis

237 3807 273 3845 a
333 3786 706 3860 quibusdam
781 3786 1058 3841 dicatur:
1123 3786 1280 3858 quod
1329 3791 1729 3842 Damascenus
1760 3787 1915 3842 sicut

238 3895 364 3934 non
454 3876 772 3932 conﬁtetur
841 3876 1118 3948 Spiritum
1191 3883 1442 3931 sanctum
1511 3891 1623 3930 non
1693 3891 1806 3931 esse
1879 3893 1914 3930 α

238 3969 412 4035 Filio,
446 3966 537 4021 ita
585 3965 763 4020 etiam
822 3982 939 4021 non
991 3972 1164 4037 negat
1211 3982 1284 4020 ea:
1335 3967 1392 4021 vi
1445 3966 1674 4020 illorum
1723 3967 1912 4021 verbo-

242 4074 398 4112 rum.
434 4077 464 4106 Ὠ

313 4145 528 4201 Minus
559 4159 762 4215 equus
802 4143 862 4198 in
895 4144 1326 4201 Damascenum
1374 4144 1606 4200 videtur
1634 4143 1910 4215 Aquinas.

240 4233 693 4300 Animadverte,
721 4231 903 4288 vitam
936 4232 1218 4304 Aquinati
1241 4249 1318 4305 eo
1357 4236 1620 4302 tempore
1653 4231 1911 4302 ducenti,

243 4341 362 4396 quo
423 4321 712 4395 pleraque
773 4325 1114 4377 sanctorum
1175 4321 1414 4377 Patrum
1468 4320 1692 4393 scripta
1722 4320 1915 4376 adhuc

239 4412 540 4477 latebant,
581 4427 687 4466 nec
745 4409 962 4480 videre,
1022 4427 1128 4466 nec
1189 4409 1530 4484 diligentius
1589 4410 1915 4482 expendere

240 4499 605 4559 Damasceni
657 4499 997 4580 testimonia
1053 4499 1312 4567 licuisse,
1374 4499 1591 4572 quibus
1655 4515 1916 4555 emanare

240 4591 513 4665 Spiritus
559 4592 803 4645 sanctus
836 4589 1052 4644 dicitur
1095 4605 1198 4660 per
1246 4591 1452 4645 Filium
1508 4592 1557 4644 et
1610 4604 1682 4644 ex
1719 4589 1864 4644 Filio
1896 4606 1915 4643 .-

2090 3430 2269 3502 Atqui
2303 3430 2516 3486 decreti
2557 3430 2735 3485 verba
2782 3431 3090 3486 damnatos
3140 3432 3404 3489 indicant
3449 3450 3675 3490 errores

2020 3519 2086 3575 de
2122 3521 2408 3590 Unigeniti
2452 3520 2592 3575 Filii
2632 3521 2738 3574 Dei
2782 3521 3190 3586 Incarnatione,
3231 3538 3347 3576 non
3395 3521 3566 3579 alios.
3600 3523 3677 3579 Eo

2021 3609 2197 3664 etiam
2255 3612 2518 3680 tempore
2574 3607 2848 3680 vigebant
2903 3613 3236 3665 commenta
3285 3611 3559 3666 Eunomii
3620 3615 3678 3667 et

2021 3695 2368 3769 Apollinarii
2402 3714 2416 3752 :
2450 3712 2705 3767 quorum
2735 3696 2846 3750 iste
2877 3697 3099 3768 gradus
3125 3699 3186 3753 in
3218 3698 3504 3755 Trinitate
3553 3703 3678 3756 sta-

2019 3790 2195 3842 tuens
2226 3786 2430 3840 Filium
2457 3787 2732 3841 minorem
2760 3787 2934 3840 Patre
2963 3790 3169 3858 utpote
3215 3804 3285 3843 ex
3327 3787 3442 3844 isto
3474 3793 3678 3846 natum

2022 3875 2350 3941 eﬂ'utiebat,
2379 3877 2436 3930 et
2467 3873 2738 3945 Spiritum
2779 3878 3031 3929 sanctum
3078 3877 3353 3932 minorem
3380 3876 3551 3947 Filio,
3583 3882 3676 3934 ut-

2022 3969 2155 4037 pote
2180 3980 2249 4020 ex
2280 3963 2393 4019 isto
2424 3968 2528 4019 aut
2574 3979 2679 4035 per
2723 3963 2902 4019 istum
2931 3974 3302 4035 procreatum,
3336 3969 3402 4022 ut
3447 3966 3678 4038 inquie-

2021 4055 2123 4109 bat
2156 4069 2168 4107 :
2203 4070 2269 4108 ac
2297 4051 2394 4108 ille
2446 4052 2717 4123 Spiritum
2773 4053 3057 4123 auferebat
3104 4071 3139 4109 a
3193 4058 3380 4121 Patre,
3415 4055 3680 4127 uniceque

2023 4142 2300 4198 tribuebat
2334 4141 2646 4210 Unigenito,
2676 4145 2808 4196 tum
2839 4141 3060 4214 ipsum,
3111 4159 3246 4197 cum
3277 4143 3490 4199 Filium
3537 4145 3678 4214 reji-

2023 4231 2182 4287 ciens
2215 4231 2366 4285 inter
2394 4234 2718 4294 creaturas,
2744 4233 2892 4286 teste
2941 4230 3152 4288 Basilio
3198 4231 3348 4287 libro
3379 4250 3421 4287 II
3472 4232 3676 4289 Contra

2023 4321 2378 4384 Eunomium,
2439 4335 2602 4373 num.
2632 4319 2718 4372 34.
2773 4318 2918 4374 Hinc
2972 4337 3107 4375 vero
3165 4321 3236 4376 de
3279 4321 3677 4392 propositione

2023 4409 2143 4478 illa,
2178 4408 2448 4480 Spiritum
2477 4415 2733 4463 sanctum
2763 4407 2966 4464 habere
2989 4425 3100 4480 per
3137 4409 3343 4464 Filium
3371 4409 3674 4466 subsisten-

2022 4500 2160 4554 tiam
2191 4501 2463 4568 negante,
2496 4495 2672 4552 silent
2719 4495 2994 4568 Ephesini
3044 4497 3295 4553 Patres:
3346 4497 3447 4568 qui
3497 4499 3678 4570 probe

2024 4591 2326 4654 noverant,
2356 4585 2628 4658 Symbolo
2661 4584 2840 4640 inseri
2873 4587 3136 4657 potuisse
3164 4587 3235 4641 ad
3268 4603 3509 4643 sensum
3539 4587 3676 4659 reji-

239 4698 308 4737 ac
367 4682 550 4735 Pater
600 4678 898 4750 productor
953 4679 1084 4750 ejus
1133 4695 1240 4751 per
1295 4679 1544 4746 Filium,
1603 4679 1994 4752 ipsumqueD
2027 4677 2297 4732 ciendum
2329 4675 2602 4730 Eunomii
2634 4678 2690 4728 et
2720 4673 3089 4744 Apollinarii.

236 4786 467 4843 semper
496 4767 708 4824 habere
738 4783 798 4823 se
840 4767 988 4839 apud
1025 4784 1102 4840 se,
1129 4784 1228 4840 per
1256 4768 1463 4823 Filium
1508 4783 1580 4822 ex
1627 4783 1682 4822 se
1726 4782 1917 4839 proce-

239 4860 490 4916 dentem.
554 4857 698 4912 Tam
755 4855 1068 4912 luculenta
1126 4857 1428 4913 sententiae
1501 4855 1778 4928 nuspiam
1853 4854 1911 4908 in

239 4947 543 5022 Operibus
574 4945 811 5001 Thema
857 4949 1193 5001 memorata;
1237 4944 1617 5002 inveniuntur
1656 4960 1669 4998 :
1730 4959 1915 5014 eoque

239 5035 537 5110 Opusculi
586 5037 792 5090 contra
840 5049 1069 5090 errores
1096 5034 1429 5090 Graecorum
1461 5034 1522 5089 in
1573 5032 1781 5104 capite,
1813 5031 1914 5087 ubi

234 5128 637 5183 recenssmtur
662 5125 866 5178 Patres
915 5122 1016 5194 qui
1063 5123 1350 5195 Spiritum
1402 5127 1674 5179 sanctum
1721 5121 1916 5178 dixere

237 5233 275 5272 α
326 5218 504 5271 Patre
551 5212 847 5286 procedere
891 5228 991 5283 per
1025 5213 1254 5281 Filium,
1289 5212 1615 5268 afferuntur
1665 5211 1916 5282 Cyrillus

225 5303 686 5384 alexandrini”,
764 5301 1008 5356 Basilius
1102 5305 1158 5356 et
1246 5303 1541 5372 Gregorius
1612 5299 1913 5371 Nyssenus,

234 5394 614 5451 Damasceno
647 5389 1067 5464 praetermisso.
1099 5390 1266 5446 Haud
1301 5391 1519 5446 mirum
1551 5388 1727 5444 fuerit
1755 5404 1913 5459 ergo,

236 5485 509 5554 ejusdem
543 5479 903 5538 Damasceni
934 5478 1285 5550 doctrinam,
1320 5496 1450 5551 quae
1489 5478 1622 5535 aliis
1668 5477 1914 5549 quihus-

234 5573 369 5630 dam
419 5574 483 5629 in
549 5571 702 5628 locis
752 5569 957 5625 minus
1006 5574 1274 5624 accurate
1317 5567 1470 5624 tradi
1514 5566 1765 5634 videtur,
1816 5582 1916 5621 su-

233 5669 502 5738 spectam
558 5661 754 5717 fuisse
811 5656 1114 5730 Aquinati.
1184 5659 1291 5714 Pro
1369 5675 1435 5714 eo
1509 5661 1730 5725 tamen,
1801 5670 1917 5726 quo

233 5753 493 5826 pollebat
539 5751 679 5826 ipse
736 5745 967 5822 ingenii
1029 5747 1319 5817 acumine,
1373 5746 1537 5817 vidit,
1570 5745 1909 5802 admonuit-

2097 4762 2727 4834 Constantinopolitani
2763 4763 2976 4828 Patres,
3012 4763 3112 4834 qui
3142 4781 3397 4821 errorem
3423 4764 3676 4836 impium

2026 4870 2179 4910 anno
2208 4855 2308 4908 381
2352 4853 2795 4920 damnaverant,
2838 4851 3028 4907 satius
3076 4851 3338 4908 habuere
3389 4852 3675 4925 Spiritum

2023 4945 2294 4998 sanctum
2328 4940 2570 4996 deﬁnire
2615 4955 2685 4994 ex
2715 4943 2886 4996 Patre
2908 4940 3288 5011 procedentem
3334 4958 3348 4998 :
3410 4942 3675 5013 adeoque

2021 5048 2222 5087 verum
2285 5030 2471 5085 Deum
2523 5030 2747 5097 docere,
2792 5029 3293 5102 quemadmodum
3355 5031 3675 5086 docuerant

2022 5120 2240 5177 Niczeni
2273 5123 2489 5190 Patres,
2522 5117 2734 5173 Filium
2765 5134 2895 5173 esse
2917 5134 3122 5174 verum
3155 5119 3342 5174 Deum
3392 5135 3459 5174 ac
3511 5119 3672 5175 Patri

2023 5207 2607 5278 consubstantialem,
2660 5211 2866 5280 utpote
2913 5211 3116 5264 natum
3169 5208 3556 5281 genitumque
3603 5225 3675 5265 ex

2023 5301 2210 5355 Patre.
2244 5298 2372 5354 Non
2405 5295 2599 5353 solum
2654 5313 2728 5351 ex
2759 5301 2923 5352 Patre
2944 5297 3349 5368 procedentem,
3380 5301 3447 5352 ut
3491 5296 3673 5370 Spiri-

2023 5393 2152 5443 tum
2184 5390 2454 5444 sanctum
2482 5385 2859 5441 ostenderent
2885 5402 3090 5441 verum
3124 5387 3328 5453 Deum,
3361 5386 3460 5442 sed
3494 5385 3674 5442 etiam

2023 5494 2093 5533 ex
2120 5477 2266 5534 Filio
2298 5492 2364 5530 ac
2385 5490 2486 5545 per
2514 5474 2739 5537 Filium,
2773 5478 2875 5530 aut
2904 5491 3180 5547 expressa
3225 5475 3540 5544 locutione,
3573 5478 3678 5530 aut

2023 5567 2215 5623 verbis
2272 5566 2426 5620 “2
2504 5563 3041 5635 aequipollentibus,
3121 5563 3387 5620 Ecclesiae
3472 5563 3679 5620 Patres

2025 5656 2162 5709 data
2191 5652 2514 5718 occasione,
2546 5651 2831 5707 catholico
2882 5668 3058 5706 sensu
3104 5651 3278 5722 longe
3327 5651 3555 5708 diverso
3605 5652 3679 5706 ab

2026 5743 2388 5800 Eunomiano
2437 5745 2494 5797 et
2549 5739 3046 5812 Apollinaristico,
3098 5741 3385 5798 docebant
3426 5758 3440 5796 :
3495 5740 3674 5811 idque
