4090 6450
356 425 474 488 119

1379 428 1703 492 GEORGII
1745 425 2016 502 CYPRII
2054 423 2174 486 GP.
2221 427 2753 492 PATRIARCHxE

3663 427 3780 490 120

359 558 659 615 Dominum
713 575 825 616 non
880 560 940 615 in
998 562 1206 618 incerto
1253 563 1564 634 reliquisse,
1625 562 2009 634 proﬁtebatur
2035 559 2093 624 Α
2120 559 2270 614 enim
2319 560 2593 631 Spiritum
2648 567 2701 617 et
2754 562 2856 618 Dei
2908 560 3224 634 appellavit,
3267 568 3319 618 et
3367 560 3592 618 Christi.
3651 568 3779 620 Non

363 649 647 717 Hilarius,
676 648 778 704 lib.
811 667 911 705 vm
960 651 1033 706 De
1080 653 1362 723 Trimtate,
1405 670 1568 722 num,
1616 653 1708 707 20.
1757 652 2012 707 Anathe-

363 738 643 793 matismo
673 755 826 794 nono
877 739 1030 794 inter
1079 740 1246 807 alios,
1281 757 1428 812 quos
1477 759 1545 797 ex
1593 742 1839 797 concilio
1890 741 2015 796 Ale-

363 828 674 896 xandrino,
708 845 860 884 anno
893 830 1016 893 430,
1053 831 1122 885 ad
1155 831 1441 886 Joannem
1492 831 1735 886 miserat
1765 831 2015 904 Cyrillus

365 917 817 973 Alexandrinus.
854 919 1140 990 Spiritum
1173 925 1444 975 sanctum
1468 921 1711 976 docebat
1727 923 2018 993 proprium

364 1007 499 1062 Filii
527 1023 656 1062 esse.
689 1007 888 1078 Carpit
935 1009 1054 1063 haec.
1102 1010 1280 1064 verba
1336 1010 1736 1066 Theodoretus
1783 1011 1842 1065 in
1904 1012 2011 1066 Re-

368 1095 758 1167 prehensione
805 1096 1117 1152 duodecim
1167 1097 1367 1169 Cyrilli
1418 1099 1879 1169 anathematum,
1913 1116 2015 1155 seu

365 1183 424 1238 in
457 1183 719 1254 Epistola
749 1186 820 1240 ad
854 1186 1142 1240 Joannem
1174 1186 1601 1242 Antiochenum
1634 1187 1973 1260 episcopum
2000 1206 2013 1244 :

371 1293 399 1322 «
433 1274 737 1341 Proprium
765 1278 951 1329 autem
979 1276 1114 1329 Filii
1141 1276 1428 1347 Spiritum.
1464 1276 1758 1348 inquiens,
1793 1278 1842 1332 si
1887 1278 2018 1350 qui-

367 1362 501 1416 dem
552 1367 616 1416 ut
667 1363 912 1433 ejusdem
967 1379 1091 1418 cum
1145 1381 1208 1419 eo
1266 1368 1482 1420 natura:
1531 1369 1588 1419 et
1615 1382 1684 1420 ea:
1712 1369 1875 1422 Patre
1899 1383 2022 1438 pro-

367 1450 640 1506 cedentem
688 1450 854 1519 dixit,
895 1451 1071 1506 simul
1126 1453 1555 1524 conﬁtebimur,
1613 1459 1668 1510 et
1737 1460 2020 1526 tanquam

370 1540 530 1612 piam
563 1539 958 1611 suscipiemus
987 1543 1269 1596 vocemﬁi
1300 1559 1431 1598 vero
1454 1548 1736 1615 tanquam
1769 1561 1839 1600 ea:
1858 1545 2018 1616 Filio,

372 1633 473 1684 aut
508 1644 606 1699 per
634 1630 848 1684 Filium
894 1630 1296 1686 exsistentiam
1342 1631 1571 1701 habeat,
1625 1633 1733 1688 hoc
1786 1637 1850 1688 ut
1894 1633 2020 1689 bla-

373 1719 686 1789 sphemum
736 1723 792 1774 et
822 1719 1071 1791 impium
1104 1721 1461 1792 rejiciemus.
1500 1744 1526 1772 ››
1559 1723 1800 1779 Errasse
1829 1723 2021 1780 Theo-

371 1808 660 1875 doretum,
697 1808 940 1864 adnotat
988 1815 1230 1865 sanctus
1271 1810 1550 1882 Thomas,
1597 1828 1664 1866 ac
1711 1811 1818 1867 viri
1866 1813 2019 1868 docti

372 1895 748 1952 consentiunt
778 1914 926 1969 quos
955 1897 1346 1954 laudavimus.

442 1985 870 2042 Theodoretum
899 1987 1265 2042 arbitrantur
1321 1987 1440 2056 alii,
1473 2005 1576 2060 pro
1608 1994 1753 2045 testu
1785 2007 1900 2062 quo
1941 1989 2024 2045 la-

372 2074 618 2130 borabat
638 2073 920 2147 Cyrillum
943 2076 1239 2147 carpendi,
1262 2076 1457 2149 Cyrilli
1479 2077 1650 2133 dictis
1672 2078 2028 2150 imposuisse

373 2165 781 2219 Eunomianum
837 2168 896 2220 ot
951 2166 1465 2236 Apollinaristicum
1532 2183 1795 2222 sensum.
1829 2168 2029 2239 Neque

377 2252 572 2308 solum
627 2254 805 2308 verba
881 2255 1361 2310 anathematismi
1435 2255 1764 2323 vellicabat,
1823 2273 2028 2312 verum

371 2342 550 2397 etiam
615 2343 879 2412 ejusdem
938 2343 1414 2399 anathematismi
1444 2344 1933 2416 explanationem,
1967 2347 2028 2401 in

375 2431 598 2500 synodo
631 2431 925 2503 Ephesina
967 2433 1407 2503 pronuntiatam
1443 2450 1454 2488 :
1507 2435 1623 2489 Etsi
1672 2437 2029 2506 unigenitum

373 2521 473 2575 Dei
499 2520 754 2587 Verbum,
785 2521 1085 2592 inquiens,
1126 2523 1282 2578 homo
1311 2526 1518 2593 factum
1547 2531 1643 2593 cst,
1692 2527 1896 2579 mansit
1940 2529 2024 2578 ta-

371 2625 501 2664 men
557 2610 720 2675 Deus,
767 2611 954 2665 omnia
1007 2619 1211 2679 preter
1254 2612 1429 2666 solum
1467 2613 1861 2678 paternitatem
1901 2629 2028 2668 cum

372 2703 546 2754 Patre
592 2701 908 2755 communia
957 2699 1197 2755 habens:
1231 2700 1584 2773 Spritumque
1635 2711 1906 2772 sanctum,
1931 2704 2028 2772 qui

371 2804 444 2842 ex
472 2789 588 2859 ipso
616 2797 717 2853 est,
751 2790 963 2859 ipsique
1001 2791 1368 2846 essentialiter
1419 2792 1577 2855 inest,
1607 2793 1896 2862 proprium
1924 2792 2024 2845 ha-

375 2877 521 2932 bens.
581 2881 713 2932 Hac
759 2877 818 2932 in
879 2894 948 2934 ea
997 2878 1245 2934 docebat
1301 2879 1720 2950 Explanatione
1777 2880 2025 2952 Cyrillus

371 2971 574 3021 contra
625 2965 1009 3022 Orientalium
1043 2968 1270 3038 objecta
1326 2986 1338 3023 :
1402 2968 1619 3038 quibus
1681 2969 2023 3025 haereticum

372 3071 612 3110 sensum
646 3054 966 3127 efﬁngebat
988 3056 1393 3112 Theodoretus
1416 3057 1667 3112 nimium
1699 3058 2022 3114 subiratus.

373 3145 519 3199 Rem
576 3143 657 3198 ita
713 3159 861 3211 esse,
904 3161 972 3201 ex
1021 3145 1149 3216 ipso
1179 3145 1542 3202 Theodoreto
1573 3147 1937 3203 addiscimus
1963 3148 2024 3203 in

373 3232 635 3305 Epistola
664 3235 737 3289 ad
780 3233 1139 3289 monasteria
1185 3257 1213 3284 ‹‹
1249 3235 1623 3306 Blasphemat
1650 3236 2019 3308 (inquiente),

376 3302 438 3378 et
463 3327 733 3377 sanctum
767 3322 1051 3394 Spiritum
1095 3339 1202 3378 non
1254 3340 1322 3379 ea:
1368 3302 1530 3381 Putre
1575 3302 1775 3396 ipsum
1823 3302 2022 3396 procas
2055 3302 2098 3368 C

372 3412 508 3466 dere
565 3411 766 3467 dicens
824 3413 1150 3467 secundum
1208 3412 1439 3468 Domini
1488 3430 1737 3470 vocem:
1799 3416 1898 3470 sed
1955 3432 2028 3471 ea:

370 3501 515 3556 Filio
534 3517 662 3557 esse.
716 3501 829 3556 Iste
875 3517 1008 3556 vero
1056 3502 1393 3573 Apollinarii
1439 3503 1735 3558 seminum
1797 3504 2026 3560 fructus

369 3594 460 3645 est
512 3605 526 3644 :
585 3589 942 3661 propinquat
995 3605 1130 3646 vero
1188 3591 1531 3646 Mancedonii
1595 3593 1676 3663 (et
1731 3592 2025 3663 Eunomii)

371 3677 643 3751 malignae
673 3678 936 3734 culturzn.
961 3701 990 3728 »
1017 3681 1422 3736 Eunomianum
1442 3696 1578 3752 ergo
1604 3684 1661 3736 et
1689 3683 2026 3753 Apollinari—

368 3769 570 3822 sticum
620 3783 862 3823 sensum
911 3767 1122 3840 Cyrillo
1172 3769 1512 3840 imponebat
1558 3769 1953 3826 Theodoretus
2007 3789 2020 3827 :

371 3856 691 3928 ipsumque
721 3856 830 3911 hoc
859 3856 1030 3912 titulo
1061 3858 1370 3925 refutabat,
1405 3875 1471 3913 ac
1512 3858 1562 3912 si
1595 3862 1864 3914 sanctum
1893 3860 2022 3931 Spi-

377 3947 557 4000 ritum
610 3961 681 4001 ea:
723 3945 864 4001 Filio
906 3961 1023 4001 esse
1050 3946 1366 4010 docuisset,
1397 3963 1509 4002 non
1539 3950 1707 4002 etiam
1735 3965 1804 4003 ea:
1832 3953 2020 4005 Patre.

373 4033 645 4104 Iniquam
700 4051 1009 4088 censuram
1062 4034 1236 4089 verba
1281 4033 1458 4089 allata
1501 4033 1748 4100 elidunt,
1809 4037 2023 4104 quibus

369 4121 528 4178 idem
560 4121 815 4193 Spiritus
845 4125 1029 4178 omnia
1063 4123 1283 4178 dicitur
1320 4131 1525 4194 praeter
1560 4125 1737 4180 solum
1780 4129 2024 4196 paterni-

373 4215 540 4267 tatem
568 4227 696 4267 cum
722 4212 891 4266 Patre
928 4213 1243 4268 communia
1292 4212 1500 4268 habere
1530 4229 1544 4266 :
1599 4230 1666 4268 ac
1712 4213 2026 4270 innumera

374 4303 516 4356 sunt
562 4301 624 4356 in
666 4301 932 4372 ejusdem
989 4299 1188 4372 Cyrilli
1227 4301 1502 4372 operibus
1559 4301 1897 4358 testimonia
1951 4304 2024 4359 de

372 4389 586 4460 Spiritu
625 4393 827 4446 sancto
858 4407 892 4444 a
919 4391 1090 4445 Patre
1122 4391 1486 4460 procedente.

442 4479 601 4534 Intra
655 4478 877 4534 limites
931 4479 1078 4534 istos
1108 4495 1223 4533 non
1280 4478 1514 4534 stetisse
1569 4479 2020 4553 Theodoretum,

371 4569 474 4624 sed
521 4567 774 4640 Spiritus
822 4567 1255 4638 processionem
1305 4583 1377 4622 ex
1421 4568 1580 4639 Filio,
1631 4569 1754 4624 sive
1801 4587 1897 4639 per
1925 4573 2020 4626 Fi-

2124 648 2288 718 quod,
2323 657 2382 703 ut
2431 651 2615 705 volent
2658 652 2903 707 haeretici
2931 651 3277 718 exsecrandi,
3311 668 3383 707 ea:
3413 654 3516 708 Deo
3553 669 3654 725 per
3683 655 3778 710 Fi-

2125 739 2269 792 lium
2296 728 2514 794 creatus
2552 741 2623 795 sit
2648 758 2660 796 :
2693 740 2784 796 sed
2814 743 2946 812 quia
2984 748 3063 796 est
3109 742 3355 813 ejusdem
3381 757 3508 796 eum
3535 743 3702 798 Patre
3728 751 3780 799 et

2125 826 2269 883 Filio
2318 827 2644 885 substantiae
2679 847 2691 884 :
2736 846 2806 884 ex
2850 831 3015 885 Patre
3059 829 3280 901 quidem
3325 831 3567 901 procedit
3613 832 3784 904 juxta

2124 916 2496 984 evangelicum
2551 917 2880 985 doctrinam,
2942 923 3064 990 ejus
3112 923 3296 974 autem
3339 921 3523 989 gratia
3569 921 3642 975 iis
3685 922 3783 993 qui

2127 1005 2290 1075 digni
2318 1009 2446 1059 sunt
2475 1023 2575 1076 per
2605 1008 2882 1062 Christum
2911 1007 3320 1079 suppeditatur.
3355 1009 3478 1072 Quo
3508 1008 3632 1064 loco
3666 1011 3784 1064 mi-

2128 1111 2240 1150 nus
2297 1100 2566 1151 accurate
2625 1097 3012 1152 disserentem
3064 1097 3317 1152 fatemur
3346 1097 3778 1154 Theodoretum

2128 1201 2231 1255 pro
2267 1183 2546 1255 temporis
2579 1184 2932 1254 conditione,
2967 1203 3082 1257 quo
3125 1186 3198 1242 de
3240 1186 3494 1258 Spiritus
3543 1205 3780 1259 proces-

2129 1271 2292 1327 sione
2353 1290 2469 1328 non
2528 1275 2810 1345 agebatur
2861 1291 2873 1330 :
2935 1290 3122 1345 eoque
3181 1275 3470 1347 praecipue
3528 1281 3786 1332 mentem

2130 1378 2296 1416 suam
2332 1361 2613 1418 direxisse
2673 1363 2844 1434 plane
2913 1368 3161 1429 constat,
3209 1368 3274 1419 ut
3330 1364 3614 1436 Spiritum
3649 1383 3785 1422 san-

2130 1456 2292 1506 ctum
2327 1458 2565 1524 negaret
2595 1471 2628 1508 a
2658 1455 2798 1510 Filio
2835 1456 3070 1524 factum,
3118 1459 3220 1510 aut
3269 1472 3373 1526 per
3420 1456 3631 1510 Filium
3680 1456 3789 1512 ha-

2131 1541 2266 1596 bere
2299 1543 2702 1598 exsistentiam
2729 1544 2901 1614 juxta
2930 1544 3351 1600 exsecrandam
3383 1544 3655 1600 heresim
3679 1546 3794 1600 Eu-

2131 1630 2337 1698 nomii,
2397 1631 2741 1699 Macedonii,
2801 1631 3167 1704 Apollinarii,
3217 1633 3487 1704 Spiritum
3537 1643 3792 1689 sanctum

2129 1724 2449 1775 creaturam
2498 1725 2791 1788 creaturae,
2826 1721 2924 1777 hoc
2968 1730 3046 1777 est
3082 1723 3150 1777 ab
3199 1723 3316 1794 ipso
3361 1721 3508 1778 Filio
3538 1727 3793 1779 creatum

2130 1811 2451 1879 volentium,
2484 1813 2550 1866 ut
2597 1811 2678 1865 ait
2721 1810 3108 1882 Augustinus,
3135 1810 3284 1867 libro
3334 1813 3410 1868 De
3463 1812 3791 1881 haeresibus,

2055 1933 2103 1998 B
2135 1897 2194 1953 in
2225 1899 2472 1953 Arianis.

2210 1987 2341 2043 Alia
2371 1988 2609 2043 demum
2651 1988 3007 2044 Theodoreti
3043 1989 3368 2045 afferuntur
3395 1989 3573 2045 verba
3596 1990 3656 2044 in
3687 1990 3796 2046 Ex-

2141 2077 2432 2147 positione
2482 2076 2685 2149 primte
2715 2079 2787 2132 ad
2819 2077 3152 2134 Corinthios
3181 2077 3474 2151 Epistola,
3509 2079 3697 2151 capite
3727 2096 3792 2136 II.

2141 2167 2171 2233 ir
2206 2166 2272 2219 12
2306 2182 2320 2220 :
2353 2167 2451 2220 Dei
2477 2181 2677 2221 nomen
2707 2167 2767 2221 in
2795 2181 2997 2222 nomen
3023 2168 3215 2222 Patris
3253 2175 3562 2223 commutat
3589 2167 3660 2222 ad
3689 2184 3794 2223 ea:-

2136 2254 2463 2311 cludendam
2511 2257 2910 2327 processionem
2966 2274 3002 2311 a
3045 2257 3186 2311 Filio
3237 2274 3250 2311 :
3312 2256 3404 2312 sed
3432 2258 3568 2328 ipse,
3624 2259 3723 2328 qui
3761 2274 3796 2313 a

2142 2345 2304 2398 Patre
2326 2343 2589 2415 procedit,
2623 2343 2860 2415 Spiritus
2889 2345 3106 2399 occulta
3135 2346 3401 2416 mysteria
3443 2360 3544 2400 nos
3588 2344 3793 2401 docuit.

2137 2435 2270 2487 Haec
2301 2449 2417 2487 non
2450 2432 2745 2487 habentur
2772 2434 2948 2488 verba
2978 2434 3039 2488 in
3089 2432 3344 2489 editione
3375 2433 3659 2505 Garnerii,
3692 2434 3796 2489 ubi

2137 2520 2222 2576 sic
2246 2520 2545 2591 legimus:
2604 2522 2852 2578 Ostendit
2900 2522 3173 2595 Spiritum
3214 2530 3470 2578 sanctum
3513 2538 3627 2578 non
3677 2539 3801 2579 esse

2136 2624 2323 2664 rerum
2348 2618 2661 2665 creaturam
2699 2619 2954 2681 partem:
3006 2611 3098 2668 sed
3143 2627 3305 2666 suum
3358 2611 3557 2667 habere
3612 2629 3643 2667 a
3691 2614 3800 2668 Deo

2135 2699 2560 2754 substantiam...
2597 2700 2703 2754 Sed
2753 2701 2888 2772 ipse,
2918 2701 3016 2772 qui
3074 2717 3108 2754 a
3162 2701 3328 2756 Patre
3382 2701 3649 2772 procedit,
3682 2706 3794 2757 etc.

2133 2788 2564 2842 Theodoretum
2597 2804 2734 2859 ergo
2766 2793 2964 2861 aperte
2987 2788 3242 2860 Spiritus
3262 2790 3698 2860 processionem
3724 2791 3803 2847 ab

2136 2882 2387 2947 utroque
2418 2893 2686 2948 negasse,
2719 2878 2981 2933 nondum
3010 2881 3260 2933 constat.

2212 2967 2373 3020 llunc
2423 2966 2676 3037 denique
2724 2966 3025 3038 redarguit
3077 2967 3358 3038 Aquinas,
3403 2984 3471 3023 ac
3522 2967 3572 3024 si
3615 2967 3802 3024 verba

2135 3055 2404 3126 quaedam
2435 3054 2647 3126 Cyrillo
2679 3056 2990 3123 afﬁnxerit,
3022 3055 3202 3110 veluti
3248 3056 3320 3111 ab
3368 3055 3497 3126 ipso
3547 3057 3800 3128 scripta,

2135 3160 2266 3199 cum
2300 3143 2415 3198 alia
2445 3144 2744 3215 scripserit
2789 3143 2963 3216 longe
3011 3143 3259 3200 diversa.
3309 3145 3374 3199 In
3406 3144 3670 3217 Epistola
3712 3147 3795 3201 ad

2133 3233 2421 3288 Joannem
2467 3232 2901 3287 Antiochenum
2949 3233 3351 3289 Theodoretus
3391 3233 3491 3300 ait,
3525 3251 3588 3290 se
3615 3235 3796 3306 perle-

2134 3323 2276 3394 gisse
2312 3323 2664 3393 AEgyptiacus
2695 3322 2930 3385 litteras,
2967 3337 3001 3376 a
3041 3320 3253 3394 Cyrillo
3305 3322 3513 3378 datas:
3567 3322 3628 3378 in
3671 3322 3798 3378 eis-

2136 3427 2248 3482 que
2309 3411 2536 3467 dictum
2586 3409 2856 3477 inveniri,
2919 3409 3192 3482 Spiritum
3245 3419 3500 3466 sanctum
3553 3427 3666 3467 non
3722 3428 3802 3469 ea:

2135 3502 2297 3568 Filio,
2329 3508 2425 3556 aut
2449 3517 2554 3572 per
2583 3500 2790 3555 Filium
2818 3501 3155 3555 exstantium
3182 3501 3422 3570 habere;
3470 3502 3568 3557 sed
3615 3517 3651 3556 a
3681 3507 3800 3557 Pa-

2134 3598 2217 3645 tre
2258 3589 2570 3661 procedere,
2600 3589 2998 3661 prOpriumque
3043 3591 3180 3645 Filii
3234 3590 3366 3660 dici,
3408 3592 3539 3661 quia
3562 3590 3798 3646 consub-

2133 3680 2409 3736 stantialis
2441 3682 2540 3734 est.
2587 3678 2691 3734 His
2743 3679 3009 3748 ejusdem
3059 3679 3259 3751 Cyrilli
3296 3679 3356 3735 in
3398 3679 3661 3752 Epistola
3717 3682 3800 3736 ad

2131 3767 2420 3823 Joannem
2477 3783 2582 3839 per
2638 3766 2886 3822 Paulum
2919 3768 3141 3823 Emesa
3189 3767 3532 3839 episcopum
3583 3768 3798 3837 missa,

2133 3856 2297 3929 paria
2325 3874 2441 3912 non
2491 3860 2654 3924 sunt,
2701 3872 2829 3926 quae
2875 3855 3052 3911 verba
3093 3856 3420 3928 leguntur:
3475 3860 3600 3912 Non
3640 3859 3800 3914 enim

2134 3947 2325 4000 Patres
2370 3947 2476 4016 ipsi
2525 3943 2698 4001 locuti
2742 3953 2872 3999 sunt
2916 3943 3133 4016 (inquit
3161 3943 3302 4016 ille),
3350 3945 3444 4001 sed
3471 3947 3588 4017 ipse
3615 3945 3800 4016 Spiri-

2133 4043 2218 4090 tus
2270 4036 2386 4101 Dei,
2445 4042 2496 4089 et
2541 4036 2748 4088 Patris.
2804 4034 2912 4102 Qui
2963 4033 3210 4106 procedit
3257 4034 3481 4106 quidem
3527 4051 3597 4090 ea:
3624 4038 3790 4108 ipso:

2131 4138 2232 4177 nec
2262 4123 2326 4178 ob
2359 4122 2420 4178 id
2449 4130 2629 4178 tamen
2679 4122 2982 4179 secundum
3032 4124 3285 4180 essentia?
3330 4123 3603 4179 rationem
3648 4125 3795 4181 atie-

2131 4228 2238 4268 nus
2267 4218 2350 4268 est
2381 4229 2416 4266 a
2445 4213 2608 4267 Filio.
2643 4212 2958 4267 Fatebatur
2988 4211 3260 4284 Cyrillus,
3313 4213 3627 4284 procedere
3655 4212 3792 4285 Spi-

2133 4301 2314 4356 ritum
2347 4319 2382 4357 a
2410 4306 2615 4357 Patre:
2651 4301 2868 4357 diserte
2891 4318 3007 4358 non
3037 4301 3325 4373 expressit
3355 4302 3794 4373 processionem

2133 4390 2260 4458 ejus
2293 4407 2327 4445 a
2365 4389 2508 4445 Filio
2541 4407 2554 4444 :
2588 4389 2689 4445 sed
2717 4389 2913 4461 ipsum
2944 4394 3142 4446 tamen
3173 4390 3480 4461 proﬁtetur
3506 4407 3618 4448 non
3649 4391 3796 4448 alie-

2131 4496 2268 4534 num
2297 4496 2330 4533 u
2359 4480 2520 4534 Filio.
2555 4479 2688 4534 Haec
2735 4479 2818 4534 ita
2872 4479 3159 4534 referebat
3187 4477 3613 4551 Theodoretus,
3645 4498 3712 4537 ac
3741 4482 3798 4537 si

2131 4567 2401 4640 Cyrillus,
2454 4572 2520 4622 ut
2565 4568 2742 4622 iniret
2784 4566 3036 4638 denique
3086 4582 3313 4638 pacem,
3366 4570 3521 4624 114
3552 4575 3797 4642 negaret

371 4657 513 4711 lium
542 4657 782 4711 omnino
815 4672 1083 4729 negasse,
1118 4656 1225 4710 viri
1277 4657 1431 4711 docti
1471 4656 1743 4730 colligere
1783 4658 1894 4714 sibi
1942 4662 2023 4714 vi-
2057 4671 2101 4734 Ι)
2133 4657 2567 4728 processionem
2616 4657 2870 4727 Spiritus
2917 4672 2993 4709 ea:
3039 4656 3178 4711 Filio
3225 4659 3330 4712 aut
3385 4674 3484 4728 per
3529 4659 3788 4714 Filium:

370 4747 586 4802 dentur
629 4762 697 4801 ex
741 4747 944 4801 eodem
975 4747 1036 4801 in
1067 4744 1326 4817 Epistola
1357 4747 1429 4800 ad
1465 4748 1823 4803 monasteria
1852 4749 2020 4804 testi-

374 4834 593 4899 monio,
628 4835 784 4906 quod
825 4835 908 4889 ita
946 4835 1002 4890 in
1047 4834 1344 4906 aliquibus
1387 4835 1685 4891 codicibus
1734 4837 2020 4909 scriptum

373 4923 630 4996 legitur:
670 4923 1019 4995 Blasphemat
1065 4927 1118 4979 et
1165 4925 1226 4978 in
1271 4923 1544 4994 Spiritum
1590 4929 1862 4997 sanctum,
1893 4927 2026 4984 dum

372 5028 482 5068 non
512 5029 582 5068 ex
608 5013 772 5067 Patre
801 5013 912 5068 solo
942 5013 1105 5067 illum
1153 5014 1347 5068 asserit
1391 5012 1696 5083 procedere.
1750 5015 1863 5070 Sed
1910 5017 2026 5072 ista

377 5104 534 5155 caret
563 5098 917 5169 exclusione,
949 5100 1081 5166 solo,
1112 5099 1314 5154 eadem
1345 5099 1595 5171 epistola
1623 5119 1657 5156 a
1694 5103 1848 5157 113
1881 5103 2024 5159 Gar-

378 5189 539 5244 nerio
568 5188 801 5261 vulgata
827 5189 890 5242 in
917 5188 1190 5244 Auctario
1242 5189 1312 5243 ad
1362 5189 1580 5244 librum
1631 5191 2022 5263 Epistolarum

377 5277 743 5350 Theodoreti,
793 5282 850 5333 et
896 5277 1165 5348 ejusdem
1213 5276 1608 5349 fragmentum
1656 5280 1912 5351 epistolae
1963 5283 2022 5338 in

375 5368 597 5437 synodo
623 5386 657 5424 ν
687 5367 1050 5423 oecumenica
1081 5364 1391 5421 collatione
1419 5368 1475 5421 5.

445 5459 656 5512 Contra
705 5457 884 5512 ﬁdem
942 5455 1133 5527 ipsius
1183 5454 1530 5512 Theodoreti
1581 5458 1793 5529 opponi
1843 5458 2019 5514 etiam

370 5546 547 5600 verba
605 5544 812 5612 solent,
849 5562 978 5616 quae
1029 5543 1320 5599 habentur
1360 5544 1419 5599 in
1464 5546 1838 5617 Expositione
1885 5548 2018 5619 Epi-

377 5634 537 5690 tOItB
587 5635 657 5689 ad
707 5635 1026 5702 Romanos,
1071 5650 1199 5706 cap.
1249 5633 1302 5702 8,
1353 5651 1518 5690 num.
1554 5636 1614 5690 11
1653 5653 1665 5691 :
1699 5638 1897 5692 Docuit
1923 5653 2022 5692 nos

378 5725 436 5780 in
493 5725 578 5780 his
623 5724 800 5781 verbis
855 5741 1026 5780 unum
1072 5723 1386 5780 divinitatis
1429 5732 1691 5781 naturam
1726 5741 1738 5780 :
1772 5730 2022 5782 sanctum

2132 4746 2288 4817 quod
2321 4744 2582 4817 intelligo
2603 4745 2776 4815 juxta
2806 4743 3104 4812 delirium,
3136 4745 3292 4817 quod
3320 4744 3433 4817 ipsi
3457 4747 3786 4816 afﬁnxerat,

2133 4835 2205 4890 ab
2238 4834 2548 4902 Eunomio,
2583 4839 2642 4889 et
2670 4833 3030 4900 Macedonio,
3063 4837 3122 4888 et
3148 4833 3508 4905 Apollinario
3557 4837 3787 4910 excogi-

2134 4927 2346 4978 tatum.
2376 4923 2537 4978 Hanc
2567 4922 2721 4978 inter
2750 4938 2850 4977 eos
2883 4937 3061 4977 unam
3095 4922 3377 4995 agitatam
3409 4923 3592 4981 fuisse
3649 4941 3787 4981 con-

2133 5011 2498 5080 troversiam,
2561 5028 2677 5066 non
2737 5010 2934 5078 aliam,
2985 5009 3482 5068 verisimillimum
3523 5018 3632 5070 est.
3665 5016 3790 5080 Quo

2134 5100 2520 5156 nihilominus
2551 5099 2820 5155 haeretica
2882 5115 3083 5165 sensu,
3117 5116 3294 5172 quem
3335 5117 3504 5158 voces
3544 5119 3648 5174 per
3693 5105 3791 5160 Fi-

2132 5192 2278 5246 lium
2307 5191 2562 5261 objicere
2592 5189 2773 5244 menti
2806 5191 3076 5260 poterant
3104 5206 3225 5244 non
3279 5189 3568 5258 obstante,
3603 5208 3796 5265 neque

2132 5279 2401 5335 obstante
2432 5277 2585 5334 facta
2631 5276 2839 5350 Cyrillo
2889 5277 3342 5350 reprehensione
3389 5296 3495 5352 per
3524 5279 3791 5338 Theodo-

2132 5371 2344 5433 retum,
2376 5366 2661 5438 Spiritum
2695 5369 2966 5422 sanctum
2997 5366 3262 5424 conﬁteri
3309 5368 3490 5425 Graeci
3533 5371 3792 5428 maxime

2132 5445 2331 5510 Patres
2362 5459 2761 5527 perrexerunt,
2793 5472 2864 5511 ex
2891 5457 3056 5511 Patre
3081 5456 3377 5527 procedere
3399 5473 3505 5528 per
3531 5459 3738 5516 Filium
3771 5478 3786 5517 ε

2131 5545 2632 5616 quemadmodum
2663 5545 2839 5600 etiam
2874 5545 3065 5600 Latini
3097 5561 3166 5600 ea:
3194 5549 3362 5601 Patre
3381 5545 3598 5617 ipsum,
3633 5553 3690 5604 et
3718 5565 3794 5606 ea:

2130 5634 2269 5689 Filio
2295 5633 2678 5704 procedentem
2720 5635 3029 5691 docebant.
3056 5633 3270 5690 Vocem
3312 5651 3417 5706 per
3464 5636 3791 5697 adhibuere

2131 5724 2334 5790 Graeci,
2350 5727 2415 5780 ut
2444 5723 2736 5796 spirativai
2769 5723 3004 5780 virtutis
3036 5723 3256 5797 unitas,
3281 5741 3410 5796 qua
3443 5725 3602 5784 Patri
3631 5726 3788 5787 inest
