4090 6450
297 439 410 502 131

1519 439 1733 506 VITA.
1766 471 1847 488 -
1872 439 2399 504 DISSERTATIO
2440 440 2493 502 Ῑ.

3597 427 3720 492 122

296 591 330 630 a
358 589 442 644 se,
472 577 527 630 et
552 571 699 630 Filio
729 571 1172 630 communicata
1191 591 1225 631 a
1249 574 1438 643 Patre,
1463 576 1724 647 adeoque
1749 575 1948 631 unitas
1974 573 2032 641 Α
2061 574 2222 641 solo;
2283 575 2333 631 si
2380 576 2450 631 ab
2503 573 2603 630 illo
2652 589 2769 630 non
2821 570 3112 644 acciperet
3161 566 3365 636 Filius,
3416 569 3482 624 ut
3512 566 3583 623 ab
3612 564 3714 622 illo

295 661 558 736 principii
598 667 704 718 aut
746 679 965 729 causai,
997 663 1248 719 maxime
1299 665 1708 721 innotesceret.
1743 665 1807 720 In
1838 681 1951 720 usu

295 751 723 824 prepositionis
753 767 827 807 ex
858 752 1049 807 Latini
1081 757 1392 820 steterunt,
1427 770 1530 825 pro
1559 759 1714 810 certo
1736 753 1952 809 haben-

293 846 379 897 tes
411 859 424 896 :
458 841 614 912 quod
645 841 786 896 sicut
817 843 982 897 Pater
1029 849 1082 897 et
1127 842 1304 898 Filius
1332 858 1478 897 unus
1506 851 1586 898 est
1610 844 1772 910 Deus,
1802 847 1853 898 et
1882 841 1953 898 ad

296 939 610 986 creaturam
639 931 884 986 relative
911 946 1057 986 unus
1104 939 1338 997 creator,
1372 939 1423 986 et
1469 948 1614 987 unus
1653 933 1948 999 Dominus,

292 1022 376 1090 (ut
403 1020 483 1074 ait
514 1020 916 1092 Augustinus,
951 1020 1100 1075 libro
1145 1036 1180 1074 v
1229 1022 1301 1076 De
1351 1021 1633 1092 Trinitate,
1677 1037 1804 1092 cap.
1840 1021 1952 1092 14.)

291 1111 370 1164 sic
398 1107 655 1164 relative
681 1108 754 1164 ad
781 1110 1059 1180 Spiritum
1087 1117 1338 1166 sanctum
1367 1125 1543 1165 unum
1564 1111 1908 1181 principium
1935 1128 1948 1166 :

291 1197 358 1252 ad
411 1201 735 1253 cretauram
790 1213 916 1254 vero
968 1202 1152 1264 Pater,
1213 1207 1264 1253 et
1320 1199 1520 1270 Filius)
1593 1209 1647 1254 et
1712 1199 1953 1270 Spiritus

289 1303 461 1342 unum
486 1287 870 1358 principium,
900 1288 1048 1342 sicut
1092 1302 1239 1342 unus
1285 1290 1538 1354 Creator,
1569 1296 1622 1342 et
1665 1304 1810 1344 unus
1849 1290 1951 1344 Do-

284 1376 495 1430 minus.

355 1463 511 1518 Vill.
547 1464 750 1536 Operae
782 1463 1162 1535 dispendium
1213 1481 1329 1520 non
1376 1465 1571 1535 fuerit,
1604 1465 1951 1522 catholicam

276 1553 582 1625 integram
615 1552 968 1619 doctrinam,
1005 1554 1161 1625 quod
1188 1555 1474 1610 tributam
1505 1554 1565 1610 in
1597 1559 1790 1626 partes
1821 1555 1954 1610 hac-

276 1645 460 1696 tenus
511 1639 985 1712 explanavimus,
1019 1643 1367 1714 compendio
1419 1642 1598 1698 simul
1646 1643 1952 1700 collectam

277 1734 590 1802 postremo
619 1728 749 1785 loco
785 1729 1078 1786 exhibere.
1125 1730 1189 1786 In
1236 1730 1397 1787 lucro
1447 1732 1642 1800 fuerit,
1695 1731 1744 1788 si
1788 1749 1950 1788 sum-

279 1835 447 1874 mam
479 1819 636 1874 hanc
694 1818 939 1889 objectis
997 1819 1074 1876 iis
1145 1821 1661 1876 accommodemus
1737 1821 1953 1892 quibus

277 1907 597 1964 victoriam
623 1908 810 1965 altera
838 1907 1037 1965 saeculi
1067 1909 1206 1965 noni
1253 1914 1416 1982 parte
1464 1915 1667 1966 contra
1711 1911 1950 1967 Latinos
1981 1944 2030 2010 Β

284 1996 473 2052 nimia
532 1997 903 2068 przefidentia
947 1998 1060 2055 sibi
1117 1998 1366 2055 Photius
1423 1998 1828 2071 pollicebatur.
1888 2000 1950 2055 Id

283 2102 417 2142 vero
451 2102 592 2141 cum
623 2087 810 2159 egerit
837 2085 1308 2144 luculentissima
1334 2088 1593 2144 Joannes
1643 2089 1862 2145 Beccus
1892 2089 1952 2143 in

284 2175 551 2231 oratione
580 2175 654 2232 de
701 2175 918 2232 unione
963 2174 1383 2244 Ecclesiarum,
1419 2194 1452 2232 a
1501 2194 1668 2232 num.
1700 2179 1791 2244 36,
1824 2179 1954 2249 ejus

282 2264 464 2320 verba
538 2264 1050 2336 refutationesque
1106 2265 1292 2322 satius
1369 2266 1544 2322 fuerit
1604 2266 1950 2323 exscribere-

285 2352 448 2424 Id(1)
486 2353 736 2424 opponit
793 2351 892 2409 ille
948 2353 1010 2408 in
1068 2354 1315 2424 epistola
1340 2357 1396 2425 2,
1437 2354 1497 2410 in
1555 2354 1807 2410 editione
1864 2355 1957 2411 Ri-

286 2441 497 2496 chardi
521 2441 867 2497 Montacutii
905 2459 918 2497 :
953 2442 1014 2498 Si
1041 2441 1283 2514 simplex
1313 2443 1553 2514 Spiritus
1582 2451 1676 2516 est,
1727 2459 1797 2499 ea:
1841 2446 1954 2499 Pa-

285 2535 372 2586 tre
401 2547 530 2587 vero
577 2535 633 2586 et
679 2532 823 2587 Filio
868 2531 1154 2602 procedit;
1184 2535 1408 2588 omnino
1455 2533 1516 2587 hi
1565 2550 1679 2589 una
1720 2549 1958 2605 persona

285 2619 724 2692 reputabuntur,
763 2620 1000 2693 indeque
1035 2623 1332 2677 contractio
1361 2621 1704 2692 Sabelliana,
1735 2628 1833 2678 aut
1858 2639 1954 2695 po-

283 2710 399 2765 tius
427 2708 946 2766 Semi-Sabelliana
978 2710 1376 2768 introducetur.
1435 2733 1463 2761 ‹‹
1507 2711 1739 2768 Scimus
1796 2729 1954 2768 com-

287 2797 455 2854 muni
491 2799 789 2854 sententia
819 2803 1032 2856 nostraa
1064 2799 1354 2868 Ecclesiae,
1406 2799 1659 2872 (reponit
1696 2801 1955 2874 Beccus),

293 2888 407 2943 dici
435 2887 706 2958 Spritum
738 2903 808 2943 ex
850 2888 1018 2944 Patre
1065 2894 1123 2944 et
1167 2888 1310 2944 Filio
1352 2889 1630 2960 progredi,
1670 2891 1956 2963 profundi,

299 2978 591 3048 provenire
627 2993 639 3029 :
675 2980 734 3031 et
775 2976 936 3032 illius
985 2977 1425 3050 simplicitatem
1448 2979 1796 3046 conservari,
1833 2979 1960 3035 nul-

306 3065 539 3137 lamque
601 3065 740 3121 inde
782 3065 972 3122 Patris
1019 3070 1078 3122 et
1126 3066 1252 3123 Filii
1302 3067 1760 3124 contractionem
1819 3069 1960 3124 insi-

306 3155 491 3209 nuari.
547 3157 772 3226 Aperta
819 3155 943 3210 haec
998 3159 1089 3212 est
1144 3156 1590 3222 demonstratio,
1639 3158 1795 3230 quod
1853 3157 1958 3214 tibi

306 3242 630 3300 absurdum
660 3243 894 3300 videtur
924 3261 1039 3300 non
1089 3245 1282 3316 sequi,
1334 3245 1384 3301 si
1432 3262 1504 3300 ex
1541 3247 1712 3302 Patre
1740 3251 1794 3303 et
1817 3247 1957 3304 Filio

2061 681 2296 736 quoque
2321 665 2662 736 procederet
2691 661 2947 734 Spiritus
2978 662 3238 716 sanctus.

2131 754 2208 826 (4)
2268 753 2329 809 Si
2380 753 2630 824 producit
2689 751 2962 824 Spiritum
3016 750 3207 816 Pater,
3262 745 3520 819 producit
3582 761 3711 802 vero

2061 842 2224 898 illum
2253 846 2305 898 et
2330 843 2507 898 Filius
2527 859 2547 903 ;
2604 842 2712 896 erit
2764 842 2934 895 Pater
2981 841 3034 894 et
3087 837 3375 908 contiguus
3418 834 3715 906 productor

2061 931 2320 1004 Spiritus,
2365 939 2414 988 et
2461 932 2795 1002 longinquus
2838 936 3060 1001 propter
3108 927 3265 982 illius
3312 941 3381 980 ea:
3413 925 3554 980 Filio
3580 939 3713 995 pro-

2059 1021 2390 1077 ductionem.
2423 1043 2452 1071 «
2485 1023 2572 1076 An
2604 1019 2665 1074 in
2697 1018 2827 1074 aliis
2858 1033 3113 1089 quoque,
3148 1032 3272 1086 qua-
3303 1017 3409 1069 tua
3459 1012 3717 1069 Ecclesia

2061 1111 2256 1183 palam
2289 1109 2644 1165 confitetur?
2673 1107 2822 1163 Nam
2855 1107 2904 1162 si
2937 1105 3245 1177 contiguas
3273 1108 3332 1160 et
3359 1102 3715 1175 longinquas

2061 1199 2470 1272 productiones
2521 1197 2828 1270 confingit,
2862 1195 3002 1268 quia
3046 1195 3290 1250 Latinus
3333 1191 3496 1257 dicit,
3529 1191 3710 1263 Spiri-

2059 1293 2186 1344 tum
2225 1305 2294 1344 ex
2340 1288 2510 1344 Patre
2566 1291 2622 1344 et
2653 1285 2797 1342 Filio
2827 1283 3071 1357 produci
3105 1301 3118 1340 :
3162 1283 3290 1354 jam
3320 1280 3427 1336 tibi
3457 1297 3714 1337 commo-

2061 1375 2203 1432 dum
2236 1377 2431 1444 fuerit,
2473 1381 2530 1433 et
2578 1375 2902 1448 contiguas,
2938 1378 2997 1429 et
3040 1371 3392 1445 longinquas
3436 1370 3714 1442 profusio-

2058 1483 2175 1531 nes,
2208 1468 2611 1531 emissiones,et
2635 1464 3102 1537 suppeditationes
3132 1459 3522 1527 comminisci,
3555 1460 3713 1531 quod

2060 1556 2176 1611 ista
2205 1555 2404 1611 omnia
2432 1572 2500 1610 ex
2529 1555 2701 1610 Patre
2751 1557 2810 1608 et
2841 1552 2984 1608 Filio
3016 1553 3373 1607 asserantur.
3407 1571 3435 1599 ››
3487 1548 3550 1604 In
3584 1564 3715 1621 pro-

2061 1644 2323 1700 cessione
2354 1643 2610 1716 Spiritus
2641 1641 2832 1699 sancti
2861 1642 2935 1697 ab
2966 1645 3236 1712 utroque,
3281 1637 3442 1694 nulla
3469 1641 3560 1694 est
3594 1637 3712 1692 vir-

2058 1733 2203 1788 tutis
2236 1731 2533 1799 mediatio,
2567 1733 2670 1788 sed
2701 1730 3166 1804 suppositarum.

2133 1823 2206 1895 (5)
2239 1822 2300 1878 Si
2327 1839 2397 1878 ex
2442 1827 2610 1877 Patre
2651 1822 2920 1893 processio
2949 1819 3193 1891 Spiritus
3237 1818 3423 1874 sancti
3465 1816 3717 1890 perfecta

2059 1919 2140 1970 est
2173 1927 2186 1966 :
2219 1927 2630 1983 supervacanea
2658 1912 2835 1980 igitur
2876 1925 2945 1965 ex
2983 1909 3148 1963 Filio.
3202 1929 3231 1958 ‹‹
3275 1905 3422 1972 Quid
3473 1922 3715 1978 respon-

2063 2000 2228 2057 debis
2258 2001 2778 2073 interrogantibus,
2823 2001 2873 2056 si
2912 2016 2981 2054 ex
3019 1997 3187 2053 Patre
3225 1995 3479 2069 Spiritus
3527 1995 3718 2052 sancti

2061 2090 2430 2161 suppeditatio
2457 2089 2717 2161 perfecta
2740 2090 2830 2144 est
2857 2105 2870 2156 ;
2900 2101 3333 2158 supervacanea
3378 2083 3562 2156 igitur
3607 2082 3719 2139 erit

2063 2195 2131 2234 ex
2162 2179 2325 2235 Filio.
2358 2181 2759 2235 Verumtatem
2793 2180 2851 2232 et
2888 2175 3206 2248 perfectam
3257 2189 3387 2230 esse
3433 2189 3504 2228 ex
3548 2175 3720 2228 Patre

2057 2266 2320 2338 Spiritus
2333 2268 2519 2325 sancti
2539 2265 3098 2339 suppeditationem,
3113 2267 3170 2320 et
3191 2261 3580 2319 nihilominus
3599 2277 3717 2317 non

2067 2373 2564 2429 supervacaneam
2642 2371 2712 2411 ex
2768 2354 2934 2419 Filio,
2993 2357 3232 2425 propter
3303 2351 3716 2423 perfectionem

2066 2463 2244 2518 quam
2276 2463 2345 2502 ex
2374 2449 2544 2501 Patre
2572 2444 2773 2511 habet,
2823 2443 3220 2499 indubitatum
3251 2445 3358 2498 est.
3391 2462 3418 2492 n
3456 2441 3720 2497 Perfecta

2065 2539 2175 2602 est,
2209 2539 2266 2590 et
2315 2533 2742 2607 perfectissima
2783 2531 3077 2604 processio
3135 2530 3384 2603 Spiritus
3441 2528 3631 2591 sancti
3684 2546 3720 2585 a

2065 2624 2237 2679 Patre
2272 2641 2284 2679 :
2317 2624 2417 2680 sed
2450 2639 2639 2694 usque
2671 2621 2815 2677 adeo
2843 2620 2982 2676 inde
3021 2636 3139 2674 non
3187 2618 3581 2689 abjudicanda
3629 2621 3720 2673 est

2067 2717 2124 2769 et
2152 2712 2448 2784 processio
2479 2710 2744 2782 ejusdem
2785 2726 2820 2765 a
2851 2707 3016 2776 Filio,
3051 2711 3116 2762 ut
3163 2706 3298 2762 inde
3354 2705 3548 2776 potius
3579 2721 3717 2761 con-

2066 2802 2352 2858 ﬁrmetur.
2403 2800 2551 2856 Nam
2600 2816 2668 2854 ex
2714 2796 3136 2868 Scripturis,et
3173 2812 3242 2851 ex
3288 2793 3501 2850 Graecis
3530 2793 3718 2850 Patri-

2067 2892 2201 2956 bus,
2248 2889 2449 2945 omnia
2495 2888 2682 2944 Patris
2733 2884 3074 2943 communia
3131 2883 3273 2940 Filio
3315 2887 3476 2952 sunt,
3512 2887 3721 2955 praeter

2067 2979 2439 3052 privilegium
2489 2977 2759 3050 ingeniti,
2797 2980 2852 3032 et
2899 2973 3219 3048 generandi
3265 2971 3417 3028 Filii.
3470 2974 3543 3030 At
3585 2989 3720 3045 pro-

2071 3069 2254 3125 cessio
2286 3068 2543 3140 Spiritus
2574 3065 2761 3123 sancti
2793 3069 2852 3120 et
2887 3065 2958 3120 ab
3002 3061 3266 3134 ingenito
3317 3061 3530 3127 differt,
3578 3065 3638 3118 et
3686 3079 3722 3118 a

2068 3157 2196 3212 Filii
2227 3155 2622 3229 generatione.
2673 3153 2819 3210 Filio
2867 3168 3003 3225 ergo
3053 3150 3386 3208 communis
3432 3165 3562 3207 esse
3618 3150 3719 3206 de-

2066 3246 2217 3302 buit.
2255 3254 2466 3301 Annon
2521 3247 2678 3300 esset
2736 3242 2990 3314 perfecta
3046 3239 3262 3297 creatio
3317 3237 3496 3306 orbis,
3530 3254 3656 3310 quas
3687 3256 3723 3295 a

301 3332 546 3390 Romani
573 3334 870 3405 procedere
914 3309 1230 3390 tradant.»
1263 3309 1472 3401 'Pater,
1520 3340 1579 3392 et
1627 3334 1830 3407 Filius,
1860 3339 1956 3392 ta-
1988 3309 2032 3376 δ
2071 3335 2242 3392 Patre
2270 3334 2394 3390 solo
2426 3309 2937 3406 proﬁcisceretur?
2967 3330 3149 3385 Eccur
3185 3343 3322 3402 ergo
3354 3309 3637 3383 tribuitur
3664 3329 3724 3383 et

290 3423 464 3478 metsi
519 3423 652 3477 dum
705 3438 994 3494 personae,
1046 3439 1168 3478 una
1216 3422 1527 3494 potiuntur
1571 3422 1787 3481 virtute
1835 3424 1954 3497 spi-

285 3511 461 3568 randi
487 3528 502 3566 :
535 3511 696 3568 unde
727 3528 917 3567 unum
948 3515 1088 3567 sunt
1116 3511 1376 3584 Spiritus
1405 3512 1596 3568 sancti
1640 3512 1958 3584 simplicis-

282 3598 428 3655 simi
455 3598 845 3671 principium.
879 3601 1003 3665 Quo
1033 3599 1212 3656 etiam
1244 3601 1420 3656 modo
1453 3604 1643 3666 Pater,
1666 3605 1723 3658 et
1757 3601 1956 3673 Filius,

282 3691 346 3744 et
377 3687 643 3760 Spiritus
673 3692 916 3744 sanctus
949 3705 1134 3744 unum
1158 3693 1300 3745 sunt
1319 3690 1608 3761 cujusque
1626 3690 1867 3746 effectus
1884 3691 1957 3746 ad

277 3781 450 3832 extra
480 3776 845 3849 principium
899 3777 974 3834 ob
1025 3778 1318 3834 unitatem
1378 3777 1613 3834 virtutis
1661 3783 1720 3834 et
1748 3784 1958 3851 poten-

279 3866 405 3922 tia.

349 3956 432 4026 (2)
492 3955 560 4011 Si
609 3971 682 4010 ea:
736 3959 926 4018 Patre,
966 3963 1022 4011 et
1069 3955 1215 4012 Filio
1263 3956 1512 4028 procedit
1541 3955 1778 4028 Spiritus
1827 3974 1957 4013 san-

279 4048 409 4100 ctus
440 4061 460 4098 :
493 4043 704 4115 duplex
728 4045 953 4100 omnino
984 4046 1114 4113 erit,
1146 4051 1202 4100 et
1231 4047 1578 4116 compositus.
1622 4068 1651 4096 ‹‹
1685 4045 1832 4112 Quid
1863 4045 1960 4102 hic

277 4133 392 4202 ais,
427 4131 512 4188 mi
549 4131 728 4188 homo
753 4131 851 4187 ‘l...
910 4132 1158 4188 Etiamsi
1219 4134 1368 4190 I15
1434 4132 1534 4189 ille
1581 4149 1650 4188 ex
1681 4133 1871 4203 Patre,
1901 4138 1959 4190 et

283 4221 437 4278 Filio
497 4220 748 4277 exsistat
809 4220 1177 4293 naturaliter,
1208 4225 1265 4277 et
1321 4217 1738 4288 eaeentialiter,
1787 4227 1846 4278 et
1893 4223 1956 4279 in

282 4308 625 4383 hypostasi,
679 4309 977 4381 propriam
1056 4313 1253 4366 tamen
1329 4309 1766 4380 simplicitatem
1840 4327 1954 4368 non

280 4397 533 4454 amittit.
568 4419 597 4448 »
633 4398 737 4454 Est
763 4397 922 4454 enim
957 4397 1352 4454 essentialiter
1382 4398 1632 4470 simplex
1665 4416 1678 4454 :
1713 4415 1780 4455 ac
1809 4417 1953 4472 prai-

287 4492 451 4544 terea
481 4504 558 4543 ex
577 4486 812 4543 duabus
840 4487 1130 4558 personi,
1155 4503 1284 4558 quae
1316 4487 1552 4544 nonnisi
1584 4505 1768 4543 unum
1801 4489 1956 4560 prin-

282 4576 520 4648 cipium
553 4579 713 4643 sunt,
748 4573 996 4647 simplex
1034 4576 1164 4646 ejus
1196 4575 1531 4649 hypostasis
1561 4575 1842 4647 procedit.

2069 3424 2236 3494 Filio,
2277 3426 2336 3479 et
2364 3421 2610 3495 Spiritui
2641 3423 2842 3477 sancto
2860 3420 2888 3474 ‘I
2916 3419 3138 3489 Nempe
3167 3415 3503 3473 communis
3529 3415 3722 3472 tribus

2069 3511 2284 3568 divinis
2315 3509 2734 3584 hypostasibus
2765 3511 2907 3564 sunt
2933 3505 3133 3564 omnia
3163 3509 3373 3578 praeter
3400 3503 3720 3578 paternita-

2067 3603 2212 3670 tem,
2244 3604 2301 3656 et
2330 3599 2673 3655 ﬁliationem
2706 3615 2824 3670 qua
2871 3614 2906 3653 a
2934 3597 3105 3652 Patre
3133 3599 3225 3651 est
3255 3593 3458 3660 Filius,
3489 3597 3549 3650 et
3595 3610 3726 3666 pro-

2069 3688 2392 3746 cessionem
2424 3689 2580 3744 116
2607 3703 2728 3759 qua
2753 3684 3011 3758 Spiritus
3044 3687 3284 3740 sanctus
3328 3700 3363 3739 a
3409 3687 3580 3739 Patre
3609 3685 3722 3750 est,

2066 3782 2126 3834 et
2155 3795 2190 3833 a
2221 3777 2364 3834 Filio
2394 3803 2408 3842 ;
2438 3776 2540 3848 qui
2570 3775 2910 3832 communia
2937 3773 3137 3830 omnia
3167 3789 3302 3830 cum
3328 3773 3498 3828 Patre
3545 3770 3724 3828 habet

2067 3869 2277 3938 prater
2305 3865 2738 3938 paternitatem.

2141 3957 2216 4028 (6)
2249 3955 2313 4010 Si
2331 3955 2589 4027 producit
2617 3953 2837 4025 quidem
2866 3960 2917 4009 et
2945 3951 3137 4018 Filius,
3172 3951 3418 4021 Spiritus
3446 3965 3571 4004 vero
3594 3965 3723 4021 pro-

2065 4045 2318 4102 ductione
2346 4043 2606 4100 viduatur
2628 4061 2648 4106 ;
2701 4044 2970 4099 tenuioris
3014 4048 3150 4097 esset
3200 4039 3510 4111 facultatis,
3556 4054 3724 4110 quam

2065 4135 2261 4190 Filius.
2295 4155 2322 4183 ‹‹
2357 4133 2468 4188 Sed
2501 4148 2689 4204 neque
2718 4132 2973 4204 Spiritus
3003 4129 3206 4194 mittit,
3246 4145 3314 4183 ac
3344 4125 3592 4184 effundit
3619 4130 3723 4183 aut

2067 4221 2353 4294 seipsum,
2378 4225 2481 4276 aut
2501 4219 2684 4275 alium
2701 4219 3008 4292 Spiritum,
3029 4215 3526 4290 quemadmodum
3545 4213 3724 4287 Spiri—
3777 4250 3792 4263 .

2064 4315 2194 4366 tum
2226 4310 2459 4366 mittere
2492 4325 2557 4364 ac
2587 4307 2885 4364 effundere
2932 4306 3153 4362 dicitur
3177 4303 3380 4360 Filius.
3412 4303 3536 4357 Erit
3582 4317 3722 4374 ergo

2064 4397 2162 4454 ille
2193 4403 2500 4470 propterea
2527 4395 2810 4452 tenuioris
2840 4394 3156 4459 facultatis,
3182 4409 3250 4449 ac
3277 4391 3460 4449 Filius
3479 4389 3508 4446 ?
3537 4408 3565 4443 ι
3594 4389 3719 4448 Uno

2062 4487 2262 4556 verbo,
2292 4490 2414 4542 tota
2465 4486 2663 4541 divina
2710 4483 3042 4541 fecunditas
3091 4483 3163 4540 ad
3221 4481 3378 4537 intra
3427 4479 3719 4552 quodam-

2066 4577 2240 4632 modo
2273 4575 2336 4630 in
2367 4574 2589 4646 Spiritu
2623 4578 2825 4630 sancto
2857 4571 3143 4645 expletur.
3195 4569 3538 4626 Missionem
3583 4585 3718 4626 vero

351 4665 436 4737 (3)
471 4665 539 4720 Si
569 4664 640 4719 ad
668 4663 777 4720 duo
803 4665 1084 4736 principia
1130 4667 1375 4735 refertur
1397 4665 1639 4737 Spiritus
1683 4673 1905 4722 sanctus
1935 4683 1954 4720 :
1986 4679 2034 4745 Β
2063 4682 2098 4720 a
2126 4666 2306 4720 Becco
2338 4666 2722 4719 memoratam
2752 4660 3014 4734 intelligo
3043 4659 3274 4733 proprie
3304 4658 3542 4714 dictam.

283 4753 386 4810 ubi
443 4755 563 4810 erit
614 4753 959 4810 tantumdem
1011 4755 1336 4811 decantatus
1375 4769 1521 4810 unus
1561 4754 1911 4826 principatus
1929 4757 1956 4807 .’

280 4844 415 4898 «At
478 4840 586 4897 ubi
650 4840 835 4897 Italus
889 4841 1370 4914 deprehenditur,
1426 4843 1542 4898 duo
1589 4858 1860 4899 asserens
1890 4842 1952 4898 in

282 4931 462 4988 beata
490 4929 708 4986 Triade
735 4931 1028 5003 principia
1048 4931 1076 4985 ‘l
1127 4930 1188 4986 1d
1240 4947 1357 4989 non
1390 4931 1728 4996 ostendens,
1757 4930 1951 5002 palam

281 5018 620 5076 innotescis
677 5019 812 5075 odio
866 5024 923 5075 et
979 5037 1094 5076 non
1149 5019 1396 5076 veritate
1471 5019 1828 5076 ratiocinans
1893 5025 1952 5077 et

278 5108 669 5166 concludens.
704 5129 733 5157 υ
781 5107 930 5172 Quid
980 5109 1186 5182 utique
1249 5107 1764 5176 inconsideratius,
1812 5127 1948 5165 cum

275 5197 478 5270 palam
509 5196 710 5254 Latini
743 5197 942 5254 Patres
972 5198 1378 5269 proﬁteantur,
1428 5214 1463 5254 a
1509 5199 1680 5253 Patre
1722 5214 1855 5269 esse,
1897 5202 1950 5254 et

277 5303 378 5344 sua
433 5288 640 5343 omnia
667 5285 872 5344 habere
894 5287 1150 5343 Filium:
1202 5290 1258 5342 et
1304 5287 1415 5344 hoc
1457 5286 1657 5359 ipsum
1700 5303 1734 5342 a
1780 5291 1950 5343 Patre

275 5377 570 5451 accipere,
605 5379 674 5432 ut
721 5375 795 5431 ab
845 5391 912 5432 eo
967 5373 1211 5446 perinde
1257 5391 1326 5431 ac
1367 5391 1402 5430 a
1450 5374 1638 5446 Patre,
1670 5375 1947 5447 procedat

274 5464 540 5538 Spiritus
589 5469 858 5522 sanctus.
906 5463 1060 5520 Tum
1116 5466 1369 5536 primum
1423 5463 1784 5536 principium,
1816 5467 1946 5520 tum

269 5558 452 5625 prima
483 5569 679 5621 causa,
711 5557 840 5610 tum
885 5551 1197 5610 Monarcha
1247 5569 1364 5609 non
1414 5557 1569 5608 esset
1593 5554 1758 5609 Pater
1787 5554 1943 5627 apud

268 5643 532 5714 Latinos,
570 5644 624 5701 si
675 5642 751 5699 ab
799 5642 903 5699 illo
953 5658 1074 5697 non
1119 5643 1460 5716 procederet
1505 5641 1732 5711 Filius;
1779 5644 1831 5698 si
1869 5644 1942 5699 ab

267 5734 364 5794 illo
391 5753 518 5795 non
551 5733 900 5808 procederet
947 5730 1202 5804 Spiritus
1250 5733 1512 5800 sanctus,
1561 5731 1664 5789 sed
1713 5748 1766 5796 a,
1794 5731 1941 5789 Filio

2135 4754 2210 4825 (7)
2241 4753 2304 4809 Si
2357 4751 2600 4808 eamdem
2654 4751 2896 4823 Spiritus
2941 4750 3351 4822 productionem
3400 4746 3562 4803 habet
3615 4748 3715 4802 Fi-

2063 4843 2195 4913 lius,
2227 4849 2388 4913 atque
2415 4842 2620 4903 Pater;
2649 4841 2964 4896 communis
2989 4839 3186 4896 horum
3207 4839 3380 4898 fuerit
3400 4835 3714 4908 productio-

2061 4932 2150 4986 nis
2193 4931 2524 5002 proprietas.
2558 4931 2624 4984 Et
2667 4930 2937 5001 quomodo
2977 4943 3264 4983 commune
3307 4928 3415 4983 erit
3463 4926 3714 4998 proprie-

2061 5028 2148 5076 tas
2169 5022 2194 5073 .9
2222 5040 2250 5068 «
2284 5019 2402 5090 Ego
2432 5033 2604 5090 porro
2644 5017 2774 5072 dico
2807 5034 2820 5072 :
2875 5031 3134 5088 quanam
3180 5015 3410 5071 ratione
3458 5012 3715 5070 maxime

2060 5107 2387 5164 absurdum
2447 5107 2554 5162 tibi
2605 5105 2855 5171 videtur,
2915 5122 3045 5161 esse
3103 5104 3340 5177 aliquod
3397 5117 3713 5158 commune

2059 5197 2214 5254 Patri
2245 5199 2302 5252 et
2331 5195 2495 5262 Filio,
2528 5194 2760 5268 proprie
2793 5194 2853 5250 in
2881 5194 3028 5267 ipsis
3058 5192 3200 5250 solis
3248 5193 3710 5260 consideratum,

2058 5287 2214 5361 quod
2246 5302 2359 5341 non
2393 5285 2470 5339 sit
2501 5299 2813 5340 commune
2843 5282 3135 5356 Spiritui?
3162 5283 3265 5339 Est
3295 5281 3514 5338 etenim
3554 5296 3708 5337 com-

2057 5392 2236 5432 mune
2265 5375 2419 5430 Patri
2450 5378 2508 5429 et
2538 5371 2703 5442 Filio,
2735 5373 2891 5446 quod
2934 5371 3179 5445 Spiritui
3226 5386 3538 5430 commune
3588 5386 3706 5426 non

2056 5469 2164 5522 est.
2201 5465 2269 5520 Et
2299 5463 2454 5535 quod
2487 5479 2603 5518 non
2634 5462 2834 5532 unius,
2867 5462 2968 5519 sed
3016 5462 3267 5516 duarum
3317 5475 3704 5533 personarum

2053 5554 2164 5610 hoc
2193 5557 2284 5608 est
2312 5567 2625 5608 commune
2654 5550 2872 5607 dicitur
2910 5555 2968 5606 et
2995 5554 3084 5607 est
3113 5566 3127 5608 :
3175 5549 3332 5623 quod
3383 5565 3517 5605 vero
3560 5564 3702 5620 pro-

2053 5644 2178 5716 prie
2207 5643 2267 5698 in
2298 5640 2415 5697 illis
2447 5639 2876 5708 consideratur,
2911 5644 2968 5696 et
2997 5639 3160 5695 illius
3191 5638 3482 5712 particeps
3513 5637 3702 5710 Spiri-

2052 5737 2152 5788 tus
2179 5748 2294 5787 non
2325 5733 2435 5799 est,
2469 5728 2683 5786 dicitur
2710 5745 2913 5786 eorum
2964 5729 3313 5802 proprietas,
3345 5731 3412 5786 ut
3455 5743 3523 5788 eo
3573 5725 3696 5786 dis-
