4090 6430
351 412 466 477 123

1372 421 1689 488 GEORGII
1733 422 1996 488 CYPRII
2040 421 2158 486 GP.
2207 425 2744 491 PATRIARCHE

3653 426 3768 490 124

347 550 656 624 tinguntur
713 551 968 626 Spiritus
1024 557 1096 614 ab
1145 556 1332 617 illis...
1364 560 1666 633 Nyssenus
1692 561 1750 617 in
1781 561 2001 617 Oratio-
2030 560 2082 625 Α
2113 559 2230 616 tiva
2261 578 2374 616 non
2407 561 2545 631 sint,
2579 563 2678 618 sed
2712 559 3001 618 absoluta.
3033 562 3106 617 At
3147 559 3379 634 spirari,
3411 563 3470 618 et
3517 560 3767 634 spirare,

349 655 485 696 nem
543 641 910 700 Dominicam
970 648 1277 705 manifeste
1327 649 1384 705 id
1417 655 1704 706 astruet...
1733 654 1916 704 κοινοῦ
1946 646 2002 704 δὲ

349 724 504 792 ὄντος
535 735 614 802 τῷ
642 732 770 803 Υὶῷ,
802 733 891 787 καὶ
929 739 1008 806 τῷ
1052 735 1348 810 ΙΙνεύματι,
1407 757 1534 796 cum
1589 757 1877 796 commune
1930 742 2003 795 sit

349 822 523 887 Filio,
555 825 607 878 et
635 822 877 894 Spiritui
903 830 1089 882 sancto
1139 845 1251 883 non
1293 846 1404 885 esse
1454 829 1654 900 absque
1701 835 1844 896 ortu,
1876 846 2004 885 rur-

341 927 436 965 sus
463 918 542 965 est
587 913 753 980 facile
810 912 1210 984 di/ferentiam,
1241 934 1361 989 quae
1418 916 1469 970 ἐν
1518 923 1633 980 τοῖς
1688 915 2000 990 ἰδιώμασιν,

337 1001 398 1054 in
427 1015 616 1055 eorum
645 1004 1083 1073 proprietatibus
1126 1015 1222 1071 est,
1265 1010 1531 1079 reperire.
1583 1009 1826 1064 Advorte
1876 1009 2000 1064 ani-

345 1105 510 1144 mum
543 1089 614 1144 ad
647 1089 756 1147 hoc
787 1093 1040 1165 theologi
1077 1095 1261 1152 Patris
1312 1097 1737 1164 testimonium,
1771 1102 1827 1153 et
1872 1115 2003 1153 con-

336 1177 534 1233 sidera
577 1195 588 1234 :
641 1183 938 1252 quomodo
991 1187 1401 1252 proprietatem
1458 1187 1709 1242 duarum
1773 1192 2000 1242 tantum

339 1283 727 1339 personarum
782 1272 1032 1341 vocavit,
1078 1291 1146 1329 ex
1186 1291 1365 1331 causa
1411 1293 1509 1331 eas
1563 1293 1710 1346 esse,
1757 1282 1814 1332 et
1863 1294 2002 1348 quo-

348 1357 523 1412 modo
557 1362 1011 1430 repraesentavit,
1041 1379 1331 1420 commune
1356 1382 1484 1420 esse
1516 1365 1724 1420 iisdem
1769 1366 2000 1421 duabus

349 1447 640 1517 personis,
675 1449 898 1521 absque
927 1455 1060 1506 ortu
1094 1468 1206 1507 non
1243 1454 1419 1509 esse?
1450 1477 1471 1505 ι

424 1535 499 1606 (8)
530 1535 591 1590 Si
617 1552 687 1591 ex
710 1554 822 1593 una
849 1555 1012 1594 causa
1049 1541 1212 1597 Patre
1259 1543 1434 1598 Filius
1473 1548 1524 1598 et
1573 1543 1816 1614 Spiritus
1863 1561 1999 1600 san-

347 1632 466 1679 ctus
517 1633 854 1682 manarunt
917 1646 928 1682 :
1006 1630 1261 1701 producit
1319 1635 1502 1688 autem
1571 1650 1768 1689 rursus
1825 1634 2000 1688 Filius

345 1712 646 1784 Spiritum,
679 1718 949 1786 producet
978 1723 1029 1774 et
1081 1719 1326 1790 Spiritus
1375 1721 1607 1776 Filium.
1659 1724 1825 1777 Pares
1853 1724 2002 1777 enim

344 1801 617 1872 dignitate
659 1811 912 1876 utrosque
957 1807 1151 1862 eduxit
1197 1814 1380 1864 Pater.
1429 1832 1458 1860 «
1506 1813 1579 1864 At
1623 1810 1999 1866 manifestum

349 1894 459 2000 eat,
518 1908 632 1992 non
680 1909 848 1964 pares
897 1895 1180 1967 dignitate
1229 1902 1460 1953 tantum
1491 1899 1733 1970 produci
1765 1898 1998 1967 Filium,
2029 1935 2078 2000 B

348 1983 406 2034 et
448 1980 730 2052 Spiritum
787 1999 856 2039 ex
917 1985 1084 2040 Patre
1145 2004 1157 2041 :
1221 1989 1322 2043 sed
1382 1991 1439 2043 et
1491 2005 1660 2058 pares
1718 1988 1999 2061 dignitate

349 2069 592 2140 effundi,
652 2089 821 2143 pares
895 2073 1178 2146 dignitate
1238 2078 1559 2149 provenire,
1620 2094 1788 2149 pares
1853 2094 1997 2148 quo-

350 2175 464 2228 que
502 2159 785 2232 dignitate
841 2165 1114 2220 emicare.
1169 2167 1240 2220 Et
1293 2183 1362 2222 ex
1416 2166 1558 2221 Filio
1614 2167 1852 2238 quidem
1911 2167 1999 2222 ef-

347 2247 538 2316 fundi,
600 2251 699 2321 qui
758 2252 883 2322 pari
940 2253 1225 2325 dignitate
1298 2271 1368 2310 ex
1445 2256 1612 2312 Patre
1683 2255 2002 2311 effunditur

349 2336 647 2408 Spiritus;
707 2345 764 2395 et
810 2357 879 2396 ex
929 2341 1074 2398 Filio
1124 2344 1422 2418 effulgere,
1463 2346 1564 2417 qui
1622 2345 1746 2418 pari
1807 2345 1998 2418 digni-

348 2429 470 2480 tate
525 2443 659 2484 cum
693 2445 760 2484 eo
791 2447 860 2485 ex
906 2435 1078 2488 Patre
1124 2434 1383 2506 effulget,
1435 2434 1691 2491 Ecclesia
1739 2436 1996 2490 fatetur:

349 2531 540 2587 neque
569 2521 764 2573 tamen
822 2520 1104 2588 admittit,
1138 2522 1380 2593 effundi,
1414 2523 1718 2596 provenire
1749 2529 1805 2579 et
1833 2523 1999 2579 efful-

351 2620 487 2677 gere
517 2609 573 2661 et
615 2623 683 2661 ex
712 2608 932 2680 Spiritu
981 2610 1217 2676 Filium,
1251 2613 1405 2684 quod
1458 2613 1662 2668 eadem
1717 2613 2003 2686 dignitate

353 2693 526 2749 ambo
557 2711 626 2750 ex
655 2699 824 2752 Patre
854 2698 992 2754 sint.
1028 2722 1050 2752 ι
1090 2701 1239 2764 Quid
1285 2706 1563 2773 praeterea
1606 2702 1810 2759 Photio
1854 2703 1999 2758 infe-

348 2781 501 2838 stius
524 2783 552 2838 ?
583 2785 716 2841 ideo
749 2787 906 2842 enim
942 2805 1055 2844 non
1087 2795 1280 2861 potest
1316 2807 1445 2846 esse
1480 2791 1659 2848 Filius
1700 2809 1732 2847 a
1780 2793 2002 2864 Spiritu

348 2877 578 2937 sancto,
607 2875 746 2946 quia
800 2876 1050 2949 Spiritus
1109 2885 1350 2935 sanctus
1408 2898 1442 2936 a
1498 2880 1642 2936 Filio
1672 2887 1807 2937 est:
1851 2882 1936 2937 uti
1971 2899 2002 2938 a

351 2959 496 3016 Filio
549 2961 678 3018 ideo
728 2981 845 3020 non
900 2970 1095 3038 potest
1135 2984 1265 3024 esse
1313 2973 1501 3040 Pater,
1536 2970 1674 3042 quia
1733 2969 1912 3027 Filius
1970 2989 2004 3027 a

347 3049 519 3105 Patre
558 3055 665 3106 est.
715 3053 775 3107 Si
808 3059 1003 3109 autem
1057 3072 1126 3110 ex
1174 3056 1416 3112 adverso
1461 3059 1715 3130 Spiritus
1764 3063 2002 3115 sanctus

353 3155 470 3193 non
503 3141 838 3210 procederet
885 3159 919 3198 a
946 3143 1108 3213 Filio,
1141 3146 1280 3215 quid
1335 3148 1483 3201 117
1545 3147 1897 3219 prohiberet,
1931 3166 2004 3205 ne

357 3243 390 3281 a
419 3226 639 3299 Spiritu
693 3235 896 3286 sancto
942 3232 1280 3305 gigneretur
1320 3234 1550 3290 Filius?
1603 3236 1814 3292 Omnia
1844 3236 2002 3292 enim

2112 650 2459 722 spiratorem
2491 668 2618 707 esse
2649 656 2706 707 ct
2731 651 3014 724 Spiritum
3048 668 3150 707 seu
3174 651 3488 723 spiratum,
3523 651 3770 709 relativa

2112 744 2272 807 sunt,
2308 757 2423 796 non
2456 740 2744 796 absoluta.

2183 830 2295 902 (10)
2323 831 2620 902 Egreditur
2662 849 2697 886 a
2744 831 2889 887 Filio
2919 833 3183 903 Spiritus.
3234 833 3342 887 Hoc
3396 831 3544 886 unde
3597 831 3765 903 fando

2110 919 2327 994 factum
2360 923 2616 993 accepisti
2643 925 2669 974 ?
2696 922 2736 976 Α
2770 921 3101 993 quibusnam
3128 922 3450 993 Evangeliis
3479 923 3620 977 hanc
3671 938 3766 978 vo-

2113 1025 2228 1063 cem
2259 1009 2483 1065 habes?
2522 1010 2824 1083 Cujusnam
2863 1011 3064 1083 synodi
3101 1010 3491 1083 btasphemum
3522 1011 3620 1066 hoc
3647 1027 3764 1066 ver-

2113 1098 2285 1152 bum?
2338 1098 2466 1153 Haec
2514 1099 2692 1154 etiam
2745 1101 2936 1154 furore
2987 1100 3242 1171 percitus
3275 1099 3518 1154 Photius
3549 1099 3765 1154 aiebat.

2113 1186 2350 1242 Latinos
2381 1187 2538 1243 solos
2590 1188 2870 1260 impetere
2918 1205 2980 1244 se
3028 1187 3392 1244 simulabat:
3447 1194 3508 1243 at
3556 1187 3765 1244 iisdem

2112 1277 2482 1348 argumentis
2515 1276 2841 1333 lacessebat
2887 1282 2944 1332 et
2990 1281 3216 1334 Graecos
3250 1294 3478 1346 omnes,
3511 1294 3768 1350 quorum

2112 1366 2468 1421 adduximus
2497 1366 2853 1422 testimonia.
2889 1366 3200 1422 Afﬁrmant
3245 1366 3329 1421 illi
3380 1383 3542 1437 sane,
3585 1366 3770 1436 Spiri-

2109 1457 2227 1509 tum
2254 1458 2506 1509 sanctum
2535 1471 2567 1510 a
2595 1456 2756 1510 Fillio
2795 1457 3064 1527 accipere,
3097 1472 3132 1510 a
3158 1455 3299 1510 Filio
3327 1457 3502 1521 mitti,
3547 1473 3580 1510 a
3617 1455 3760 1510 Filio

2110 1545 2293 1608 exire,
2325 1560 2359 1596 a
2392 1545 2533 1599 Filio
2563 1544 2708 1599 dari.
2765 1544 2896 1599 Haec
2945 1561 3060 1600 non
3108 1544 3265 1600 idem
3315 1560 3444 1600 esse
3492 1543 3772 1613 inquiunt

2109 1631 2216 1700 illi,
2251 1649 2380 1688 aca
2414 1631 2566 1688 Filio
2595 1633 2898 1704 procedere.
2955 1632 3130 1703 Atqui
3180 1637 3372 1688 totum
3431 1633 3539 1690 hoc
3598 1637 3688 1688 est
3736 1650 3772 1688 a

2110 1721 2248 1776 Filio
2300 1721 2611 1791 procedere,
2647 1725 2712 1775 ut
2767 1721 2849 1776 ait
2893 1721 3342 1788 Thomassinus,
3402 1723 3478 1777 De
3531 1723 3766 1777 sanctis-

2109 1811 2251 1865 sima
2281 1811 2562 1878 Trinitate,
2593 1809 2783 1881 capite
2813 1811 2901 1878 31,
2953 1827 3096 1865 num
3147 1812 3200 1865 9.
3253 1810 3326 1866 Ut
3375 1810 3531 1866 enim
3583 1809 3766 1866 Filius

2107 1898 2378 1954 nascendo
2404 1916 2439 1954 a
2467 1898 2633 1953 Patre
2665 1899 2745 1953 ita
2776 1897 3031 1970 Spiritus
3061 1915 3096 1954 a
3136 1899 3305 1954 Patre
3352 1902 3410 1954 et
3459 1898 3602 1954 Filio
3641 1915 3769 1971 pro-

2107 1988 2326 2043 cedento
2383 1986 2615 2058 accipit,
2676 1986 2952 2056 mittitur,
3013 1987 3150 2054 exit,
3207 1988 3402 2043 datur.
3438 1992 3554 2043 Nec
3603 1987 3761 2043 enim

2108 2081 2332 2148 postea,
2365 2077 2467 2132 sed
2498 2076 2697 2132 statim
2745 2077 3036 2146 nascendo,
3085 2076 3175 2132 vel
3219 2076 3563 2148 procedento,
3604 2076 3762 2133 acci-

2107 2165 2196 2237 pit
2224 2165 2514 2237 quidquid
2577 2164 2809 2237 accipit,
2863 2169 2921 2221 et
2978 2165 3155 2221 habet
3212 2165 3503 2238 quidquid
3562 2165 3760 2233 habet,

2110 2254 2313 2320 Filius,
2346 2259 2404 2310 et
2425 2253 2677 2326 Spiritus
2709 2258 2972 2322 sanctus,
3033 2272 3068 2310 a
3117 2255 3273 2310 fonte
3321 2271 3441 2311 suae
3494 2254 3762 2327 originis.

2108 2343 2347 2398 Frustra
2404 2347 2493 2399 est
2550 2359 2687 2415 ergo
2745 2343 3010 2414 Photius,
3043 2343 3142 2399 ubi
3201 2349 3370 2417 rogat
3427 2343 3647 2416 quibus
3691 2343 3764 2398 ab

2108 2430 2440 2504 Evangeliis
2497 2431 2842 2498 habeamus,
2893 2432 3048 2503 quod
3114 2431 3363 2503 Spiritus
3413 2432 3671 2503 procedat
3733 2447 3769 2484 a

2107 2521 2373 2578 Filio.Ab
2406 2518 2523 2576 illis
2556 2520 2714 2576 enim
2747 2521 2804 2575 id
2837 2520 3196 2588 habemus,a
3226 2521 3444 2592 quibus
3475 2520 3768 2576 habemus

2109 2610 2264 2665 118
2296 2609 2452 2680 quod
2486 2609 2558 2664 ab
2589 2609 2718 2680 ipso
2757 2609 2984 2664 Christo
3034 2611 3105 2665 de
3152 2609 3374 2680 Spiritu
3424 2613 3630 2664 sancto
3681 2609 3771 2663 di-

2109 2702 2269 2753 ctum
2298 2702 2385 2752 est
2418 2715 2430 2753 :
2472 2698 2571 2752 Ille
2599 2697 2666 2752 de
2713 2713 2830 2753 meo
2877 2699 3132 2770 accipiet.
3167 2697 3294 2753 Non
3345 2696 3558 2769 accipit
3588 2696 3771 2765 enim,

2109 2787 2222 2842 nisi
2253 2786 2592 2858 procedendo
2622 2804 2634 2842 :
2665 2789 2728 2841 ut
2760 2785 2940 2842 Filius
2971 2803 3005 2842 a
3034 2787 3202 2842 Patre
3234 2803 3349 2842 non
3381 2785 3623 2858 accipit,
3657 2785 3772 2842 nisi

2109 2875 2408 2932 nascendo.
2444 2875 2608 2931 Unde
2638 2880 2693 2931 et
2736 2879 2913 2931 Pater
2941 2874 3106 2931 solus
3150 2892 3184 2929 a
3227 2873 3388 2930 nullo
3446 2875 3774 2946 quidquam

2110 2965 2344 3039 accipit,
2374 2966 2516 3037 quia
2544 2982 2579 3021 a
2610 2964 2770 3020 nullo
2802 2969 2892 3020 est
2923 2981 2936 3018 :
2972 2981 3006 3020 a
3053 2964 3214 3020 nullo
3271 2964 3547 3033 mittitur,
3575 2963 3716 3036 quia
3741 2981 3776 3021 a

2112 3054 2274 3110 nullo
2299 3053 2582 3121 nascitur,
2616 3071 2651 3109 a
2701 3053 2860 3108 nullo
2915 3053 3196 3125 procedit.
3226 3052 3487 3108 Joannes
3529 3051 3771 3124 Beccus,

2112 3144 2171 3198 in
2203 3144 2464 3198 oratione
2495 3142 2657 3198 citita
2685 3159 2850 3197 num.
2882 3143 2952 3196 57
3002 3140 3314 3214 Epiphanii
3365 3140 3773 3197 testimonium

2116 3233 2305 3301 affert,
2336 3232 2517 3287 verba
2565 3231 2667 3286 illa
2704 3229 3022 3302 Evangelii,
3080 3230 3180 3286 Ille
3234 3229 3298 3286 de
3351 3246 3471 3286 meo
3522 3231 3772 3302 accipiet,

354 3317 547 3371 Patris
578 3319 918 3374 communia
949 3325 1090 3376 sunt
1117 3321 1362 3393 Spiritui
1393 3328 1596 3380 sancto
1646 3329 1857 3397 praeter
1885 3325 2004 3381 vim
2035 3307 2078 3372 Ο
2117 3321 2322 3377 eodem
2381 3320 2554 3375 modo
2609 3317 3054 3391 interpretantis
3084 3319 3144 3374 in
3195 3319 3472 3376 Ancorato
3502 3337 3521 3374 :
3552 3320 3617 3376 Si
3645 3335 3778 3375 vero

348 3403 513 3460 illam
546 3405 758 3476 ipsam,
784 3425 901 3480 qua
923 3409 1177 3480 Spiritus
1208 3416 1448 3468 sanctus
1480 3430 1513 3468 a
1536 3413 1703 3468 Patre
1726 3414 2004 3486 procedit.

424 3493 501 3564 (9)
535 3493 596 3549 Si
623 3499 941 3553 communis
990 3507 1068 3554 est
1107 3502 1270 3556 Patri
1312 3507 1362 3557 et
1407 3503 1549 3558 Filio
1597 3505 1778 3560 sancti
1823 3504 2008 3571 Spiri-

351 3591 441 3640 tus
470 3583 775 3654 productio,
809 3589 1002 3658 utique
1033 3589 1191 3644 illius
1238 3607 1446 3664 quoque
1495 3591 1743 3663 Spiritus
1788 3596 2009 3648 sanctus

354 3675 632 3745 particeps
677 3677 800 3730 erit.
839 3675 1038 3733 Omnia
1085 3681 1387 3751 siquidem,
1420 3696 1546 3752 quae
1589 3685 1720 3737 sunt
1764 3698 2008 3739 commu-

353 3763 455 3817 nia
483 3763 671 3817 Patris
699 3767 752 3819 et
781 3766 935 3834 Filii,
966 3767 1160 3823 eadem
1195 3771 1364 3824 etiam
1410 3771 1730 3841 referuntur
1774 3771 1845 3827 ad
1875 3771 2008 3843 Spi-

353 3853 531 3906 ritum
559 3861 830 3910 sanctum.
863 3856 1001 3912 Ilinc
1050 3859 1162 3913 erit
1208 3859 1306 3914 ille
1350 3875 1517 3914 causa
1563 3860 1750 3928 simul,
1800 3864 1852 3916 et
1887 3861 2010 3932 eﬂe—

351 3944 490 3995 ctus.
525 3961 553 3991 »
599 3940 923 4014 Propositio
951 3944 1072 4000 haec
1108 3962 1121 4000 :
1171 3946 1389 4016 Omnia,
1422 3964 1548 4020 quae
1592 3957 1721 4004 sunt
1766 3966 2008 4005 commu-

353 4029 454 4084 nia
505 4029 696 4085 Patris
751 4034 802 4086 et
858 4033 1013 4101 Filii,
1064 4039 1232 4090 erunt
1286 4039 1454 4092 etiam
1510 4040 1826 4094 communia
1882 4055 2012 4094 cum

355 4118 576 4189 Spiritu
604 4122 811 4191 sancto,
843 4120 1068 4179 nullius
1099 4128 1190 4179 est
1236 4141 1438 4180 eorum
1472 4129 1736 4193 Patrum,
1786 4128 1886 4199 qui
1919 4144 2011 4184 res

303 4225 312 4234 δ
356 4206 718 4280 theologicas
749 4214 970 4266 nostras
999 4212 1267 4268 Ecclesiae
1299 4214 1734 4271 tradiderunt...
1785 4218 1893 4281 Qui
1925 4224 2012 4272 at-

360 4296 584 4352 tentius
643 4297 870 4354 divinas
927 4301 1259 4373 Scripturas
1303 4303 1634 4372 enucleant,
1685 4311 2014 4377 agnoscunt

358 4385 624 4456 quaedam
651 4387 831 4443 insita
862 4390 1202 4447 communia
1222 4391 1378 4448 Patri
1404 4397 1461 4448 et
1488 4393 1652 4461 Filio,
1673 4396 2015 4451 communia

356 4478 414 4528 et
442 4474 726 4546 Spiritui:
761 4477 916 4532 bona
970 4478 1256 4535 duntaxat
1313 4497 1440 4553 quae
1495 4483 1840 4539 naturaliter
1896 4483 2014 4540 illis

358 4563 583 4634 insunt,
640 4569 705 4620 ut
745 4568 988 4637 justitia,
1040 4569 1280 4636 bonitas,
1329 4572 1599 4642 sapienta,
1650 4577 1707 4628 et
1774 4573 2010 4629 similia.

2118 3411 2363 3466 Christus
2409 3425 2479 3464 ex
2523 3409 2690 3464 Patre
2717 3407 2987 3476 creditur,
3017 3409 3159 3464 Deus
3187 3424 3259 3463 ex
3286 3409 3413 3476 Deo,
3448 3417 3499 3464 et
3531 3407 3780 3480 Spiritus

2117 3516 2187 3554 ex
2227 3499 2441 3554 Christo
2471 3494 2531 3550 ἐκ
2567 3500 2664 3550 τοῦ
2694 3499 2949 3568 Χριστοῦ,
2995 3504 3093 3553 aut
3139 3513 3210 3552 ea:
3263 3497 3515 3568 utrisque
3561 3496 3595 3564 ἢ
3648 3497 3778 3572 παρ’

2118 3587 2465 3664 ἀμφοτέρων,
2505 3594 2563 3642 ut
2611 3585 2857 3641 Christus
2904 3585 3056 3655 dicit,
3085 3587 3181 3657 qui
3229 3602 3265 3642 a
3311 3585 3774 3658 patrelprocedit,

2117 3687 2168 3734 et
2195 3679 2284 3734 hic
2321 3693 2390 3734 ex
2418 3693 2534 3733 meo
2565 3677 2795 3748 accipiet
2819 3673 2909 3728 καὶ
2953 3674 3114 3736 οὗτος
3165 3672 3226 3728 ἐκ
3271 3677 3371 3729 τοῦ
3417 3674 3545 3728 Υἱοῦ
3599 3671 3774 3748 λήψε-

2115 3787 2204 3820 ται
2234 3766 2457 3838 (seu)ex
2487 3765 2630 3820 Filio
2667 3765 2928 3836 accipiet.
2971 3763 3187 3820 Castera
3233 3764 3474 3820 demum
3521 3764 3778 3836 Scriptu-

2119 3872 2318 3912 rarum
2378 3858 2435 3910 et
2483 3853 2721 3909 Patrum
2777 3853 2956 3908 verba
3008 3854 3160 3908 mitti
3188 3851 3476 3924 Spiritum
3526 3868 3559 3907 a
3607 3851 3772 3921 Filio,

2119 3945 2262 4012 dari,
2295 3943 2522 4017 effundi,
2553 3943 2920 4015 suppeditari,
2957 3942 3030 3997 ad
3060 3940 3188 3996 sola
3217 3941 3372 3997 dona
3401 3944 3594 3997 creata
3620 3957 3778 3998 coarh

2121 4035 2285 4102 ctari,
2318 4038 2375 4089 et
2403 4032 2476 4089 ad
2505 4032 2698 4104 ipsam
2731 4048 2846 4087 non
2877 4030 3109 4086 extendi
3135 4030 3324 4086 sancti
3357 4029 3612 4102 Spiritus
3644 4048 3774 4103 per-

2121 4140 2350 4191 sonam,
2385 4122 2714 4178 absurdum
2746 4125 2836 4176 est
2856 4137 2923 4176 ac
2978 4119 3281 4175 insanum.
3312 4119 3458 4174 Vide
3497 4124 3674 4192 caput
3713 4121 3772 4192 6,

2122 4230 2286 4269 num.
2320 4211 2393 4267 IV
2423 4212 2558 4283 (12).

2193 4303 2306 4374 (11)
2335 4299 2525 4372 Pergit
2573 4297 2826 4371 denique
2875 4297 3117 4354 Photius
3176 4297 3236 4352 in
3288 4297 3447 4353 hunc
3483 4298 3776 4354 modum:

2124 4391 2413 4466 Quidnam
2444 4389 2702 4460 Spiritui,
2745 4402 2950 4459 quaso,
3003 4387 3216 4443 accedet
3262 4387 3333 4443 ab
3378 4387 3483 4443 illa
3528 4387 3594 4442 de
3640 4388 3781 4445 Filio

2118 4480 2458 4554 processione
2480 4496 2502 4541 ;
2559 4493 2685 4532 cum
2736 4477 3010 4548 processio
3066 4483 3297 4548 paterna
3360 4475 3433 4532 ad
3488 4479 3782 4533 essentiam

2122 4571 2410 4642 sufﬁciat?
2441 4566 2614 4636 Quid,
2648 4565 2696 4621 si
2748 4582 3016 4639 rogemus
3063 4563 3336 4620 Photium
3379 4564 3781 4635 (Thomassini

359 4658 705 4724 Agnoscunt
732 4655 908 4710 etiam
938 4655 1074 4726 alia,
1107 4674 1234 4728 quae
1257 4659 1605 4716 naturaliter
1627 4661 1833 4716 insunt
1855 4662 2012 4718 Patri
2043 4673 2091 4737 D
2120 4659 2298 4714 verba
2325 4656 2524 4728 sunt);
2557 4654 2701 4726 quid
2760 4655 3002 4734 accedat
3057 4657 3340 4710 creaturas
3396 4671 3431 4709 ο.
3485 4653 3781 4711 creatione

363 4746 420 4797 et
452 4741 615 4810 Filio,
649 4747 706 4798 et
740 4760 856 4799 non
888 4745 1095 4800 insunt
1124 4747 1366 4819 Spiritui
1400 4767 1413 4805 :
1461 4766 1576 4805 non
1628 4752 1784 4822 quod
1829 4752 2011 4824 Spiri-

364 4835 464 4884 tus
495 4847 610 4886 non
649 4832 726 4887 sit
756 4834 1017 4903 ejusdem
1069 4841 1310 4907 naturas,
1363 4843 1536 4909 atque
1588 4839 1774 4906 Pater,
1822 4845 1878 4896 et
1924 4841 2016 4895 Fi-

363 4919 480 4975 lius
513 4937 526 4975 :
564 4922 664 4976 sed
697 4923 852 4992 quod
885 4923 1181 4980 naturales
1215 4927 1406 4982 Patris
1438 4931 1504 4983 ut
1533 4928 1744 4996 Patris,
1775 4933 1833 4985 et
1887 4929 2017 4985 Filii

367 5015 433 5064 ut
460 5009 586 5064 Filii
619 5012 1150 5083 proprietates,non
1175 5015 1296 5070 sint
1327 5033 1673 5074 communes
1698 5019 2016 5090 Spiritui...

360 5103 564 5171 Itaque
595 5101 880 5172 Spiritum
921 5120 1039 5158 una
1088 5105 1268 5159 simul
1325 5105 1525 5162 haberi
1583 5124 1616 5161 a
1664 5107 1833 5163 Patre
1882 5114 1937 5163 et
1985 5125 2020 5164 ε.

360 5188 524 5258 Filio,
576 5189 842 5246 naturale
899 5196 988 5248 est
1035 5193 1256 5248 bonum
1303 5194 1490 5252 Patris
1539 5201 1596 5252 et
1625 5196 1776 5262 Filii,
1809 5198 1908 5252 sed
1953 5203 2019 5254 ut

359 5278 686 5350 proprietas
745 5282 1084 5336 eorumdem
1147 5283 1451 5338 naturalis.
1490 5284 1614 5341 Non
1674 5286 1804 5341 ideo
1857 5303 2015 5359 ergo,

366 5367 506 5438 quia
561 5369 960 5424 communicat
1036 5370 1217 5426 Filius
1296 5388 1430 5427 cum
1490 5373 1676 5444 Patre,
1739 5375 1895 5447 quod
1950 5391 2019 5430 ex

366 5455 635 5528 utrisque
672 5458 921 5530 Spiritus
971 5459 1071 5527 sit,
1103 5462 1564 5518 communicabit
1609 5479 1742 5518 cum
1791 5463 2016 5519 eisdem

367 5545 645 5617 Spiritus,
678 5552 742 5601 ut
769 5552 825 5603 et
854 5549 979 5620 ipse
1011 5548 1088 5604 sit
1130 5565 1199 5604 ex
1247 5567 1308 5604 se
1353 5550 1502 5621 ipso.
1538 5574 1566 5601 »
1598 5552 1855 5607 Rursum
1885 5551 2015 5607 ideo
2059 5598 2061 5600 .

364 5650 478 5690 esse
506 5637 694 5709 Deum,
728 5638 951 5710 Regem,
999 5648 1050 5695 et
1077 5641 1414 5710 Creatorem,
1451 5658 1578 5713 quae
1624 5641 1864 5697 Photius
1914 5642 2013 5696 ad-

364 5723 545 5795 ducit,
578 5727 916 5785 communia
943 5732 1082 5786 sunt
1126 5729 1316 5787 tribus
1360 5729 1649 5802 personis,
1678 5731 1834 5802 quod
1863 5736 2011 5787 rela-

2123 4765 2224 4821 per
2258 4745 2492 4816 Filium,
2523 4748 2582 4800 et
2603 4743 2890 4816 Spiritum
2930 4746 3228 4809 sanctum,
3265 4759 3402 4798 cum
3433 4743 3647 4800 creatio
3677 4759 3782 4816 per

2125 4839 2358 4894 Patrem
2413 4833 2647 4890 abunde
2705 4832 2902 4888 esset?
2937 4834 3023 4887 An
3081 4831 3254 4902 dicet,
3309 4832 3511 4888 omnia
3564 4831 3781 4890 divinis

2127 4923 2544 5000 hypostasibus
2601 4939 2732 4978 esse
2781 4920 3122 4978 communia
3176 4925 3385 4992 prater
3441 4921 3780 4990 relationes,

2128 5017 2346 5088 quibus
2378 5013 2502 5070 aliis
2535 5011 2608 5066 ab
2637 5012 2755 5070 illis
2785 5009 3283 5082 distinguuntur?
3321 5011 3695 5083 Reponemus
3726 5015 3786 5068 et

2128 5123 2258 5172 nos,
2289 5105 2491 5160 omnia
2518 5121 2588 5160 ex
2612 5099 2932 5174 Scripturis
2962 5102 3020 5154 et
3069 5098 3288 5154 sanctis
3339 5098 3610 5156 Patribus
3653 5116 3786 5157 esse

2127 5193 2311 5260 Patri,
2345 5192 2606 5264 Filioque
2635 5187 2978 5248 communia
3023 5191 3236 5260 praeter
3281 5187 3695 5259 paternitatem
3727 5193 3788 5245 et

2126 5283 2494 5352 ﬁliationem,
2525 5300 2643 5356 qua
2683 5284 2854 5337 Pater
2895 5295 2930 5334 a
2971 5277 3119 5334 Filio
3165 5276 3599 5350 distinguitur:
3647 5278 3790 5350 quia

2127 5389 2300 5429 nemo
2353 5372 2466 5428 sibi
2520 5375 2715 5440 Pater,
2756 5384 2929 5425 nemo
2984 5366 3096 5424 sibi
3154 5365 3337 5422 Filius
3388 5383 3518 5424 esse
3573 5371 3787 5440 potest.

2126 5459 2348 5516 Exinde
2397 5460 2704 5533 perspicue
2752 5457 3068 5530 colligitur,
3100 5455 3218 5510 vim
3251 5456 3613 5527 producendi
3645 5458 3782 5529 Spi-

2126 5550 2275 5605 ritus
2305 5550 2492 5606 sancti
2522 5566 2652 5606 esse
2682 5547 2839 5605 Patri
2875 5545 3137 5617 Filioque
3177 5561 3553 5602 communem
3579 5565 3592 5615 ;
3643 5564 3779 5604 cum

2125 5656 2194 5695 ea
2221 5638 2368 5694 nihil
2399 5643 2620 5712 spectet
2647 5639 2718 5694 ad
2749 5635 3157 5710 paternitatem
3189 5636 3246 5688 et
3273 5632 3779 5692 ﬁliationemﬁec

2126 5728 2248 5788 ille.
2281 5728 2495 5785 Eadem
2518 5745 2674 5798 vero,
2708 5743 2837 5800 quas
2868 5723 3159 5798 praecipua
3190 5721 3382 5780 Photii
3425 5729 3777 5798 argumenta
