4090 6442
304 443 419 506 {25

1531 438 1745 503 VITA.
1779 467 1860 485 —
1886 433 2414 498 DlSSERTATIO
2457 432 2506 498 Ι.

3611 425 3730 492 HG

305 573 628 633 vanissima
675 574 1085 644 refutavimus,
1118 574 1179 630 in
1223 574 1351 647 ejus
1382 573 1557 630 etiam
1606 571 1854 645 epistola
1881 569 1963 625 le-
1993 571 2049 636 Α
2152 571 2212 626 In
2245 571 2592 642 Hodegorum
2637 569 3037 627 monasterium
3086 563 3372 624 secessit:
3423 580 3614 638 neque
3641 568 3731 620 ta-

315 671 525 740 guntur
544 666 622 720 ad
642 666 1118 738 archiepiscopum
1138 666 1561 736 Aquileiensem,
1582 663 1786 718 Latine
1810 661 1970 716 edita

319 755 463 827 apud
512 753 855 824 Baronium,
891 755 963 810 ad
1015 770 1238 809 annum
1267 755 1396 820 883,
1428 769 1593 808 num.
1624 754 1678 823 5,
1711 755 1766 807 et
1814 750 1968 822 apud

321 843 729 900 Combeﬁsium
749 844 955 899 Latine
977 848 1033 898 et
1053 843 1247 898 Graece
1271 843 1329 898 in
1363 843 1622 898 Auctario
1652 842 1966 896 novissimo.

858 933 1012 988 119
1053 932 1286 988 CAPUT
1331 931 1421 987 IX.

319 1024 610 1093 Gregorius
675 1021 914 1094 Cyprius
946 1021 1279 1094 patriarcha
1325 1021 1525 1076 secedit
1583 1022 1644 1075 in
1690 1027 1968 1094 monaste-

383 1091 553 1149 rium.
583 1095 660 1149 De
687 1091 993 1149 abdicando
1041 1093 1310 1162 dignitate
1337 1097 1650 1163 pertractat,
1683 1091 1970 1147 dummodo

384 1167 762 1220 testimonium
791 1165 856 1221 de
882 1181 985 1221 sua
1031 1165 1358 1220 orthodoxia
1386 1166 1640 1235 accipiat.
1681 1165 1793 1218 Hac
1820 1163 1885 1218 de
1914 1179 1972 1218 re

382 1238 616 1308 epistola
646 1237 714 1292 ab
744 1239 859 1307 ipso
879 1238 1106 1307 scripta,
1132 1252 1282 1290 nunc
1304 1238 1552 1307 primum
1575 1235 1838 1308 Grzceet
1865 1236 1970 1289 La-

385 1307 511 1390 tine
537 1309 688 1390 edita
718 1327 737 1362 :
767 1308 1115 1390 ejusdemque
1163 1309 1309 1363 Nota
1347 1307 1971 1390 chronicw,.Po‘l.licita-

385 1382 484 1444 tio,
514 1397 549 1435 a
599 1378 830 1447 Georgio
875 1378 1288 1450 Moschompare
1332 1385 1489 1450 facta
1537 1379 1692 1450 datis
1749 1378 1971 1450 litteris,

385 1465 516 1522 quae
544 1467 695 1506 nunc
713 1453 957 1522 primum
985 1449 1188 1506 Latine
1205 1449 1495 1522 prodeunt,
1520 1449 1715 1522 Sedem
1742 1449 1974 1519 Cyprius

381 1521 817 1593 patriarchalem
844 1521 1097 1588 dimittit,
1129 1523 1328 1592 scripto
1361 1521 1551 1577 libello
1581 1521 1970 1586 abdicationis,

386 1610 547 1665 quem
571 1595 878 1665 multiplici
903 1609 974 1649 ea:
1001 1596 1177 1665 capite
1206 1593 1557 1663 reprehendit
1589 1593 1972 1664 Pachymeres.

385 1666 721 1720 Athanasius
747 1666 1046 1721 monachus
1075 1681 1104 1720 e
1126 1669 1311 1720 monte
1342 1669 1500 1721 ϐαηο
1521 1665 1750 1736 eligitur
1783 1682 1802 1717 :
1831 1679 1977 1718 mor-

387 1741 498 1792 tem
526 1738 639 1793 obit
668 1739 987 1808 Gregorius.

389 1827 432 1881 I.
465 1825 780 1899 Gregorius
829 1826 1077 1898 Cyprius
1124 1824 1483 1897 patriarcha,
1514 1841 1646 1880 cum
1700 1824 1758 1879 id
1789 1839 1976 1880 emen-

2078 677 2212 717 men
2241 662 2621 732 [unctionibus
2662 661 2873 716 cunctis
2898 658 3298 732 patriarchalis
3327 656 3635 728 dignitatis,
3664 657 3731 710 ut

2078 749 2253 804 ﬁdem
2283 749 2592 804 videbatur
2639 748 2892 817 dedisse,
2925 747 3247 804 abstinebat.
3283 747 3426 814 Quin
3454 753 3506 800 et
3532 760 3728 800 conve-

2076 839 2357 894 nientibus
2387 839 2456 894 ad
2487 855 2610 895 eum
2643 839 2820 909 partis
2849 853 2968 909 ejus
3014 836 3377 902 antistitibus,
3409 841 3461 889 et
3488 835 3730 901 clericis,

2076 928 2274 999 synodi
2314 929 2756 992 celebrabantur,
2787 935 2836 983 et
2856 927 3073 1001 judicia
3129 924 3526 981 exercebantur
3555 941 3574 978 :
3601 923 3732 978 adeo

2078 1025 2139 1072 ut
2164 1019 2440 1089 paulatim
2488 1023 2660 1073 totam
2709 1017 2939 1090 Cyprius
2985 1017 3246 1071 Ecclesiae
3289 1013 3731 1069 administratio-

2077 1125 2204 1164 nem
2231 1109 2516 1179 reciperet.
2565 1105 3127 1178 Constantinopolim
3177 1105 3586 1159 adventaverat
3631 1102 3733 1173 Gy-

2079 1196 2249 1252 rillus
2280 1213 2350 1251 ex
2373 1195 2507 1269 Tyri
2539 1195 2878 1268 episcopatu
2920 1195 2992 1250 ad
3023 1192 3447 1249 Antiochenam
3479 1190 3733 1263 patriar-

2080 1285 2307 1341 chalem
2337 1286 2532 1341 sedem
2565 1289 2818 1340 evectus.
2854 1285 2915 1338 In
2969 1284 3172 1338 eodem
3203 1281 3573 1352 Hodegorum
3607 1295 3732 1334 mo-

2082 1373 2335 1430 nasterio
2368 1373 2750 1430 diversorium
2805 1371 3020 1445 hospiti
3080 1369 3315 1444 praesuli
3363 1368 3732 1441 assignatum

2082 1468 2171 1519 est
2200 1483 2218 1518 :
2249 1482 2317 1520 ex
2349 1481 2462 1536 quo
2510 1464 2765 1518 recedens
2795 1461 3083 1532 Gregorius
3112 1462 3174 1515 in
3204 1460 3503 1527 hospitium
3543 1459 3734 1514 sancti

2082 1555 2250 1608 Pauli
2278 1555 2338 1608 in
2388 1558 2553 1608 Latro
2601 1551 3035 1623 transmigravit.
3070 1550 3150 1605 De
3180 1549 3305 1604 loco
3347 1546 3468 1620 agit
3507 1552 3733 1602 Ducan-

2083 1643 2216 1714 gius
2244 1643 2304 1697 in
2347 1641 2814 1712 Constantinopoli
2843 1640 3182 1707 Christiana,
3215 1637 3365 1693 libro
3396 1655 3471 1704 ιν,
3505 1639 3644 1692 sect.
3676 1635 3732 1702 5,

2086 1749 2252 1788 num.
2279 1733 2370 1787 22.

2159 1822 2228 1875 ΙΙ.
2265 1821 2447 1876 Hocce
2478 1818 2537 1875 in
2586 1818 2712 1874 loco
2743 1822 2902 1874 totus
2949 1816 3328 1872 incumbebat
3356 1813 3736 1886 (Pachymere

313 1914 452 2005 dare
482 1931 589 1970 suo
620 1915 681 1970 in
711 1914 894 1970 Tomo
932 1918 1227 1980 recusaret,
1260 1913 1401 1986 quod
1426 1915 1614 1984 palam
1646 1929 1859 1969 errasse
1885 1913 1978 1969 de-
2009 1941 2056 2005 B
2086 1913 2236 1965 teste
2265 1926 2392 1981 cap.
2425 1911 2500 1978 7).
2534 1910 2688 1966 120
2717 1910 2781 1963 in
2807 1903 3208 1978 scriptitandas
3229 1904 3630 1976 confutationes
3652 1918 3740 1957 ac-

312 2004 616 2076 prehensus
642 2006 838 2075 fessot;
878 2021 942 2060 ac
988 2021 1093 2059 sua
1137 2004 1450 2076 pertinacia
1503 2003 1683 2058 labem
1725 2004 1981 2058 inureret

316 2094 591 2162 Ecclesiae,
646 2093 970 2149 multorum
1036 2093 1218 2149 subiit
1281 2092 1768 2164 indignationem.
1829 2092 1978 2158 Quin

315 2183 440 2239 imo
474 2184 558 2238 his
585 2183 651 2240 de
680 2185 864 2239 causis
893 2183 1106 2255 (verbis
1136 2186 1269 2237 utor
1296 2180 1692 2254 Pachymeris,
1725 2181 1874 2237 libro
1913 2200 1978 2250 ιι,

315 2273 378 2328 in
408 2272 762 2341 Andronico,
811 2273 1000 2345 capite
1051 2275 1129 2340 v),
1161 2272 1546 2344 refrigescebat
1595 2270 1794 2326 ardens
1821 2273 1979 2343 prius

315 2363 672 2432 imperatoris
699 2361 759 2416 in
797 2378 923 2417 eum
968 2362 1214 2434 aﬂ‘ectus.
1246 2361 1436 2432 Hujus
1467 2360 1642 2416 etiam
1691 2377 1860 2416 suasu
1888 2360 1978 2416 in-

317 2451 533 2506 ductus
561 2449 998 2506 Alexandrinus
1039 2449 1398 2522 patriarcha,
1429 2458 1617 2505 auctor
1643 2451 1754 2521 fuit
1785 2449 1980 2521 Grego-

315 2542 406 2596 rio
433 2540 832 2608 patriarchalis
868 2540 1160 2611 dignitatis
1188 2540 1336 2594 ultro
1387 2537 1728 2596 abdicandae.
1765 2539 1979 2595 Datum

318 2628 634 2685 consilium
682 2645 833 2702 aegre
880 2628 1064 2684 tulit:
1098 2632 1158 2683 at
1203 2632 1425 2697 fractus
1473 2629 1682 2694 animo,
1711 2629 1983 2700 rebusque

316 2721 436 2775 suis
464 2717 742 2789 difﬁdens,
775 2721 866 2788 (ut
911 2733 1151 2773 narrare
1181 2716 1370 2788 pergit
1418 2716 1759 2785 historicus,
1792 2718 1980 2788 capite

317 2809 376 2879 6)
405 2807 645 2878 quadam
672 2807 764 2863 die
810 2808 1119 2871 Dominica,
1152 2807 1388 2862 homilia
1416 2807 1489 2861 ad
1531 2807 1800 2878 populum
1826 2822 1982 2877 pero-

319 2900 466 2965 rata,
499 2897 704 2952 multos
750 2897 1125 2951 insurrexisse
1169 2894 1466 2950 adversum
1493 2910 1608 2950 sese
1654 2903 1982 2966 conquestus

319 2990 399 3044 est
430 3008 449 3041 :
481 2985 902 3058 indicavitque,
939 3001 995 3040 se
1024 2985 1162 3040 velle
1204 2985 1422 3040 cedere.
1456 2983 1787 3054 Audiverat,
1819 2985 1982 3040 Arse-

325 3078 522 3132 nianos
557 3077 798 3144 iactare,
822 3091 1016 3147 pacem
1043 3075 1188 3146 ipsos
1213 3075 1598 3144 amplexuros,
1631 3072 1924 3142 Gregorius
1953 3091 1983 3130 e

328 3165 498 3220 medio
527 3166 578 3219 si
615 3167 969 3220 amoveretur
999 3181 1018 3217 :
1050 3163 1207 3217 unde
1239 3179 1270 3217 e
1301 3178 1362 3217 re
1409 3179 1517 3217 sua
1571 3161 1821 3230 censuit,
1855 3167 1980 3218 tan-

325 3255 488 3325 tisper
513 3254 782 3323 secedere,
810 3255 1002 3308 animo
1030 3252 1304 3307 duntaxat
1327 3250 1681 3322 explorandi,
1710 3251 1842 3322 quid
1867 3254 1982 3307 sint

2087 2001 2451 2068 cusationum,
2485 2014 2606 2070 qum
2641 1999 2797 2054 Tomo
2825 2015 2860 2052 a
2890 2012 2946 2052 se
2973 1995 3113 2052 edito
3139 1995 3572 2051 intentabantur.
3606 1995 3739 2048 Hac

2089 2106 2196 2145 nos
2227 2091 2354 2159 ejus
2381 2104 2559 2160 opera
2605 2086 3010 2142 recensuimus
3053 2102 3178 2157 cap.
3211 2085 3266 2150 8,
3297 2100 3463 2140 num.
3495 2083 3548 2137 4.
3581 2084 3740 2137 Inter

2089 2178 2208 2234 haec
2239 2177 2516 2249 scrupulo
2548 2177 2872 2249 angebatur
2919 2175 3255 2248 imperator,
3291 2191 3365 2229 an
3404 2189 3563 2228 sacra
3593 2186 3737 2244 quae,

2087 2269 2355 2334 adiuncta
2409 2267 2657 2336 Gregorii
2695 2267 3043 2338 patriarchae
3066 2265 3303 2336 publica
3342 2277 3740 2318 commemora-

2087 2361 2256 2426 tione,
2289 2357 2716 2423 celebrarentur,
2749 2354 2858 2410 sibi
2891 2353 2965 2409 ad
3010 2351 3493 2421 sanctiﬁcationem
3520 2348 3740 2422 prodes-

2087 2457 2228 2504 sent.
2261 2446 2406 2501 Hinc
2454 2461 2655 2501 nomen
2701 2445 2819 2513 eius
2856 2445 2917 2498 in
2965 2441 3282 2515 Synaxibus
3329 2441 3548 2496 silentio
3588 2454 3741 2510 pres-

2085 2553 2208 2592 sum
2253 2538 2353 2591 est.
2396 2539 2528 2590 Haec
2576 2534 2754 2589 habet
2799 2531 3186 2604 Pachymeres
3235 2529 3422 2600 capite
3466 2530 3522 2596 6,
3554 2526 3744 2600 pergit

2087 2643 2202 2698 que
2227 2640 2464 2680 narrare
2495 2623 2682 2695 capite
2703 2620 3036 2692 insequenti
3065 2637 3078 2675 :
3113 2617 3351 2691 petiisse
3373 2617 3740 2689 Gregorium,

2087 2716 2216 2770 dari
2262 2715 2371 2770 sibi
2415 2715 2484 2769 ab
2532 2712 2910 2768 anstistitibus
2957 2713 3011 2766 et
3059 2710 3294 2780 Augusto
3343 2707 3739 2773 testimonium,

2088 2806 2241 2861 omni
2287 2802 2644 2859 auctoritatis
2692 2800 2954 2870 ﬁrmitate
2999 2797 3069 2853 ad
3115 2797 3276 2867 ﬁdem
3313 2797 3533 2868 plenam
3551 2795 3741 2850 muni-

2090 2897 2228 2960 tum,
2259 2908 2366 2965 quo
2397 2891 2486 2947 illi
2527 2891 2916 2962 profiterentur
2960 2888 3124 2958 plane
3151 2902 3212 2941 se
3237 2886 3580 2956 comperisse,
3615 2883 3742 2938 Gre-

2088 2983 2316 3056 gorium
2342 2979 2720 3052 patriarcham
2749 2976 2898 3032 haud
2925 2991 3169 3047 unquam
3190 2976 3248 3029 in
3280 2975 3529 3043 dogmate
3557 2972 3744 3028 ortho-

2090 3071 2229 3127 doxo
2267 3070 2533 3126 titubasse
2564 3085 2583 3126 :
2615 3083 2781 3139 eoque
2823 3073 3059 3136 accepto,
3090 3081 3146 3121 se
3195 3064 3438 3120 vicissim
3483 3061 3748 3117 daturum

2088 3163 2197 3216 rite
2226 3160 2590 3231 conscriptam
2617 3158 2806 3212 throni
2831 3157 3118 3211 cesionem.

2168 3250 2263 3305 ΙΙΙ.
2313 3246 2780 3321 Pachymerianas
2831 3245 3100 3301 Historiae
3151 3243 3416 3316 apprime
3463 3243 3747 3297 consonat

321 3309 520 3408 acturi,
573 3309 1071 3413 Denuntiavitque
1122 3340 1338 3413 palam,
1394 3309 1512 3396 nisi
1556 3309 1846 3412 promissis
1895 3343 1984 3397 illi
2013 3309 2056 3378 C
2095 3340 2360 3411 ejusdem
2392 3309 2583 3410 Cyprii
2608 3336 2839 3408 epistola
2869 3334 2939 3390 ad
2972 3309 3216 3389 amicum
3231 3309 3403 3400 data,
3434 3347 3558 3401 quae
3590 3346 3747 3386 nunc

314 3435 589 3500 steterint,
620 3441 674 3488 et
724 3431 1032 3488 Ecclesium
1077 3430 1302 3486 turbare
1347 3430 1636 3497 desierint,
1672 3429 1982 3485 rediturum

311 3537 388 3590 se,
422 3526 474 3578 et
503 3521 726 3594 quidem
753 3522 985 3588 iratum,
1019 3521 1072 3575 et
1101 3521 1357 3575 ultorem.

2094 3429 2352 3501 primum
2401 3443 2470 3482 ex
2515 3430 2713 3481 nostro
2771 3422 3108 3496 apograpbo
3163 3420 3380 3477 codicis
3440 3419 3742 3492 Lugduno.

2093 3516 2434 3574 Batavensis
2461 3515 2521 3571 in
2547 3515 2739 3571 lucem
2770 3514 2987 3586 prodit,
3019 3512 3214 3568 Graece
3243 3527 3310 3566 ac
3342 3509 3564 3565 Latine.

1480 3607 1703 3679 Georgii
1729 3608 1922 3679 Cyprii
1948 3609 2182 3681 epistola
2213 3609 2283 3663 ad
2313 3608 2578 3663 amicum.

385 3703 502 3752 Τῶν
555 3696 730 3775 φίλων
787 3694 928 3750 τινί.
990 3693 1232 3750 Δέσποτα
1286 3694 1604 3768 τιμιώτατε,
1652 3693 1840 3764 ἐπειδή
1891 3697 1981 3750 ἆσ-

312 3787 506 3866 φαλῶς
538 3791 741 3862 γνῶναι
799 3790 998 3856 ζητεῖς,
1058 3784 1133 3846 ὡς
1183 3781 1298 3861 ἔχει
1347 3785 1575 3859 γνώμης
1620 3783 1743 3859 περὶ
1781 3785 1844 3839 τὸ
1873 3806 1976 3840 πα-

306 3881 629 3952 τριαρχεῖον
685 3878 720 3945 ἡ
785 3873 1080 3950 μετριότης
1138 3876 1324 3946 ἡμῶν,
1383 3877 1544 3928 τοῦτο
1607 3867 1839 3948 βεϐαίως
1883 3871 1976 3930 ἓσο

307 3964 496 4027 εἰδώς·
554 3963 640 4020 ὅτι
694 3964 785 4019 καὶ
842 3966 942 4033 τήν
988 3963 1168 4038 ἀρχὴν
1212 3961 1312 4017 οὐκ
1356 3958 1544 4024 ἄλλως
1587 3960 1849 4036 ἐδεξάμην
1879 3985 1979 4018 πα-

302 4055 586 4131 τριάρχης
616 4053 881 4128 γενέσθαι,
939 4051 1020 4107 ὅτι
1077 4053 1151 4126 μή
1201 4051 1285 4106 ἐπ’
1314 4048 1499 4106 ἐλπίδι
1546 4056 1645 4106 τοῦ
1677 4050 1974 4128 εἰρηνεύειν

302 4146 400 4200 τὸν
447 4147 547 4197 τοῦ
603 4147 739 4198 Θεοῦ
790 4140 945 4214 λαὸν,
973 4140 1064 4196 καὶ
1119 4143 1187 4196 τὰ
1237 4141 1417 4215 μακρὰ
1467 4140 1556 4194 καὶ
1606 4140 1833 4196 ποικίλα
1876 4149 1978 4210 τῆς

305 4231 639 4304 Ἐκκλησίάς
695 4228 968 4286 σκάνδαλα
1013 4228 1367 4294 παύσασθαι.
1418 4229 1518 4284 Καὶ
1568 4227 1634 4298 δὴ
1683 4229 1758 4292 ὡς
1809 4229 1974 4305 γέγο-

302 4345 394 4394 να,
451 4321 540 4377 ἐπὶ
589 4319 771 4394 τούτῳ
819 4320 914 4375 καὶ
967 4319 1120 4392 μόνῳ
1164 4320 1267 4388 τὴν
1318 4324 1491 4373 πᾶσαν
1541 4318 1778 4392 ἐμαυτοῦ
1828 4318 1974 4390 εἰσῆ-

303 4434 405 4488 γον
463 4408 705 4482 σπουδήν
741 4453 755 4467 .
813 4415 899 4472 Ὠς
957 4407 1014 4464 δὲ
1071 4407 1361 4484 προϊόντος
1407 4412 1504 4462 τοῦ
1563 4407 1769 4483 χρόνου
1821 4407 1972 4464 οὐδὲν

302 4500 479 4558 πλέον
539 4501 614 4562 εἷς
674 4499 898 4576 εἰρήνην
957 4497 1050 4553 καὶ
1105 4499 1194 4553 τὸν
1247 4499 1486 4572 ἀρχῆθεν
1540 4497 1741 4552 σκοπὸν
1788 4498 1976 4575 ἑώρων

300 4591 642 4668 γινόμενον,
703 4586 1069 4661 διενοησάμην
1126 4587 1378 4656 ἐκστῆναι
1433 4589 1530 4640 τοῦ
1589 4585 1783 4662 θρόνου
1817 4633 1830 4659 ,
1885 4587 1975 4642 καὶ

303 4680 473 4753 ἄλλῳ
529 4683 720 4734 τοῦτον
781 4682 1225 4753 παραχωρῆσαι,
1280 4673 1372 4730 ’ἕνα
1435 4677 1509 4749 μή
1566 4673 1664 4749 ἐμὲ
1707 4675 1973 4753 πρόφασιν

304 4765 414 4846 ἔχῃ
443 4772 479 4838 ἡ
528 4775 633 4837 τῆς
686 4765 1038 4836 Ἐκκλησίας,
1087 4763 1228 4840 ῇπέρ
1277 4784 1417 4826 τινες
1473 4762 1686 4838 ἔλεγον,
1733 4767 1974 4841 ταραχὴ,

301 4859 398 4914 καὶ
457 4859 527 4913 τὰ
572 4860 805 4934 Χριστοῦ
862 4849 1110 4928 πρόϐατα
1150 4860 1249 4923 τῆς
1303 4852 1444 4915 θείας
1499 4851 1744 4925 ποίμνης
1803 4853 1974 4908 ἀποσ-

302 4948 497 5024 κίρτᾷν
530 4989 544 5002 .
603 4949 758 5010 Ὅθεν
843 4944 934 4998 καὶ
1011 4941 1195 5019 ὥσπερ
1271 4942 1772 5016 προοιμιαζόμενος
1809 4987 1822 5013 ,
1885 4944 1975 4998 καὶ

2159 3697 2405 3754 Cuidam
2459 3694 2820 3750 amicorum.
2877 3691 3124 3748 Domine
3180 3688 3699 3746 honorabilissime
3730 3731 3746 3756 ,

2089 3784 2571 3859 quandoquidem
2615 3788 2770 3838 certo
2813 3796 3162 3854 cognoscere
3209 3778 3444 3851 quieris,
3477 3793 3745 3850 quaenam

2089 3876 2165 3932 sit
2198 3879 2410 3931 nostrae
2453 3870 2874 3928 mediocritatis
2921 3869 3075 3925 circa
3117 3867 3578 3941 patriarchatum
3613 3883 3744 3922 sen-

2087 3965 2285 4030 tentia,
2319 3964 2375 4019 id
2431 3967 2588 4018 certo
2638 3961 2789 4017 scias
2845 3977 2858 4015 :
2908 3958 3064 4031 quod
3095 3957 3271 4014 etiam
3321 3957 3393 4012 ab
3448 3955 3614 4010 initio
3674 3958 3740 4010 ut

2087 4053 2421 4126 patriarcha
2449 4052 2670 4119 ﬁerem,
2704 4066 2822 4105 non
2859 4048 3029 4104 aliter
3076 4045 3438 4113 admiserim,
3470 4043 3587 4100 nisi
3634 4060 3738 4116 spe

2088 4143 2378 4198 adductus
2427 4156 2629 4213 pacem
2680 4137 2959 4194 afferendi
3007 4133 3224 4209 populo
3271 4134 3394 4203 Dei,
3434 4137 3492 4189 et
3543 4132 3737 4205 longis

2086 4231 2379 4303 variisque
2411 4228 2678 4286 Ecclesiae
2725 4224 3018 4282 scandalis
3067 4225 3244 4280 ﬁnem
3274 4221 3636 4294 imponendi.
3667 4222 3739 4276 Et

2087 4321 2326 4393 quidem
2382 4323 2448 4374 ut
2496 4319 2687 4374 factus
2737 4333 2892 4383 sum,
2927 4315 3010 4370 ita
3058 4314 3118 4368 in
3167 4313 3276 4368 hoc
3326 4309 3447 4368 solo
3499 4325 3736 4366 omnem

2085 4409 2330 4465 adhibui
2363 4407 2750 4480 diligentiam.
2784 4405 2859 4461 Ut
2888 4408 3083 4460 autem
3106 4417 3421 4475 progressu
3453 4398 3738 4472 temporis

2084 4497 2231 4554 nihil
2263 4499 2334 4553 ad
2386 4512 2606 4567 pacem,
2639 4499 2697 4551 et
2726 4496 2797 4551 ad
2851 4508 3096 4566 scopum
3129 4491 3201 4547 ab
3254 4489 3422 4545 initio
3471 4487 3736 4561 proposi-

2088 4592 2213 4644 tum
2247 4604 2340 4643 me
2367 4587 2645 4656 proﬁcere
2671 4583 2962 4652 viderem;
2993 4579 3240 4654 cogitavi
3270 4579 3481 4634 throno
3513 4577 3735 4645 cedere,

2087 4678 2402 4748 ipsumque
2430 4674 2529 4731 alii
2573 4672 2931 4746 permittere,
2963 4687 3036 4726 ne
3078 4685 3170 4724 me
3217 4668 3486 4724 Ecclesiae
3534 4666 3736 4723 turba-

2087 4767 2190 4834 tio,
2225 4770 2292 4821 ut
2339 4765 2575 4820 aiebant
2621 4761 2912 4826 nonnulli,
2943 4775 3184 4816 causam
3214 4758 3476 4826 haberet,
3516 4759 3572 4812 et
3603 4771 3738 4811 oves

2088 4854 2305 4912 Christi
2337 4854 2410 4909 ab
2442 4851 2577 4909 ovili
2610 4851 2806 4907 divino
2855 4849 3208 4906 recederent.
3241 4849 3604 4918 QuaprOpter
3632 4843 3740 4899 ini-

2088 4948 2236 4999 tlum
2281 4942 2462 5000 veluti
2511 4941 2748 5006 faciens,
2782 4956 2847 4994 ac
2897 4939 3112 5010 pignus
3159 4937 3422 5008 perfectae
3455 4933 3738 4990 cessionis

301 5030 601 5112 ἆρῥαϐὦνα
659 5035 733 5096 ὡς
781 5033 900 5088 ἀντὶ
947 5039 1048 5102 τῆς
1110 5030 1326 5092 τελείας
1375 5031 1514 5104 ἐμῆς
1563 5031 1975 5108 ὑποχωρήσεως

2090 5036 2208 5104 jam
2259 5033 2424 5100 dans,
2458 5032 2529 5086 de
2568 5026 3061 5102 patriarchalibus
3107 5025 3332 5082 aedibus
3383 5023 3740 5080 descenden-

301 5128 374 5182 τὰ
417 5124 559 5187 τέως
614 5121 821 5192 διδοὺς,
851 5127 961 5177 τῶν
1011 5123 1424 5198 πατριαρχικῶν
1484 5122 1726 5191 κατήειν,
1789 5118 1863 5184 εῗ¹ς
1921 5143 1980 5176 τε

300 5217 405 5284 τήν
446 5219 558 5269 τῶν
601 5209 850 5288 Ὀδηγῶν
907 5212 1080 5284 μονήν
1119 5211 1527 5280 κατεσκήνωσα,
1574 5209 1674 5277 τήν
1727 5214 1834 5264 τῶν
1881 5211 1976 5287 ἀρ-

301 5304 540 5381 χιερέων
601 5301 692 5358 καὶ
751 5305 859 5356 τῶν
920 5298 1106 5355 ἄλλων
1163 5295 1416 5377 ἀδελφῶν
1463 5295 1976 5374 σκανδαλιζομὲνων

299 5395 652 5468 συεδάθροισιν
687 5387 1049 5466 ἐκδεχόμενος
1080 5433 1097 5456 ,
1123 5385 1197 5442 ’ἔν’
1270 5387 1347 5450 ὡς
1423 5385 1820 5461 εὐπρεπέσταται
1889 5389 1984 5449 καὶ

301 5482 743 5559 εἷρηνικώτατα,
787 5477 880 5534 καὶ
941 5477 1016 5540 ὡς
1075 5475 1234 5554 φίλον
1302 5480 1437 5548 Θεῷ,
1494 5479 1564 5549 τῇ
1620 5472 1688 5530 δι’
1748 5476 1971 5554 εἰρήνην

301 5574 547 5648 ἐμαυτοῦ
603 5567 908 5645 προθέσει,
957 5565 1170 5621 ἐκείνων
1251 5563 1621 5628 συνελθόντων
1655 5611 1670 5632 ,
1731 5564 1975 5638 ἐπιθήσω

302 5663 371 5718 τὸ
401 5662 592 5735 πέρας,
647 5655 808 5717 Ἀλλ’
858 5655 912 5712 ἐν
962 5655 1210 5728 τοσούτῳ
1259 5655 1550 5724 ἀνέστησαν
1613 5653 1828 5728 οἷ’τινες,
1885 5657 1974 5711 καὶ

305 5752 606 5824 ἀνέστησαν
659 5746 902 5827 θρασέως
957 5745 1048 5801 καὶ
1107 5746 1329 5820 ἀμαθῶς
1381 5744 1517 5802 κατά
1570 5749 1672 5818 τῆς
1723 5742 1861 5821 ἐμῆς
1891 5745 1975 5801 εὖ-

2090 5123 2186 5189 do,
2219 5122 2277 5176 in
2327 5121 2698 5192 Hodegorum
2760 5115 3116 5172 monasterio
3162 5112 3588 5170 habitationem
3640 5128 3740 5184 po-

2089 5212 2203 5284 sui,
2236 5209 2568 5267 antistitum
2602 5212 2658 5264 et
2687 5207 2937 5263 aliorum
2968 5205 3116 5261 121
3154 5202 3544 5274 fratrum,qui
3575 5217 3739 5257 scan-

2091 5301 2289 5357 dalum
2324 5299 2482 5372 passi
2531 5302 2690 5367 sunt,
2721 5293 3234 5367 congregationem
3271 5295 3639 5365 exspectans,
3675 5293 3741 5346 ut

2092 5407 2269 5463 quam
2316 5387 2749 5454 decentissime,
2780 5391 2837 5442 et
2882 5383 3276 5458 pacatissime,
3310 5387 3367 5438 et
3418 5380 3592 5437 sicuti
3622 5380 3740 5437 Deo

2091 5485 2326 5552 gratum
2372 5482 2480 5549 est,
2509 5477 2648 5533 huic
2697 5492 2840 5532 mea;
2887 5479 3126 5546 prepter
3155 5488 3356 5544 pacem
3404 5469 3737 5538 intentioni,

2093 5567 2576 5625 convenientibus
2624 5565 2764 5633 illis,
2800 5579 3042 5620 manum
3094 5561 3364 5618 ultimam
3413 5559 3738 5632 imponam.

2090 5659 2199 5714 Sed
2245 5656 2480 5713 interim
2525 5655 2971 5712 insurrexerunt
3017 5651 3282 5724 quidam,
3314 5653 3372 5706 et
3418 5649 3743 5706 insurrexe-

2095 5751 2236 5804 runt
2291 5747 2566 5803 audacter
2620 5749 2678 5801 et
2728 5743 2996 5816 imperite
3054 5745 3257 5798 contra
3314 5754 3506 5797 meam
3552 5737 3738 5811 pieta-
