4090 6430
349 388 469 453 127

349 529 472 584 tem
517 533 819 589 moventes
863 530 1131 606 linguam
1184 552 1197 591 :

349 619 409 674 et
461 618 595 674 vani
650 636 950 679 sermones
1006 640 1208 681 eorum
1262 643 1394 683 mea
1448 629 1778 685 secessione
1824 630 2004 686 veluti

350 707 844 766 conﬁrmarentur
914 713 1415 788 (quandoquidem
1494 717 1696 773 multis
1770 720 2007 775 videbar

351 796 520 867 quasi
569 799 890 868 convictus,
918 807 973 858 et
1022 805 1259 877 propria
1287 808 1646 863 conscientia
1684 810 2003 881 reprehen—

349 900 474 954 sus,
506 885 718 942 throno
751 891 996 963 cedere),
1030 911 1122 950 me
1155 895 1350 966 ipsum
1385 914 1418 951 a
1440 897 1596 953 dicto
1625 899 1853 954 inhibui
1879 916 2004 970 pro-

349 974 562 1046 posito,
595 992 662 1031 ac
711 994 918 1036 rursus
962 982 1356 1054 principatum
1407 985 1584 1041 veluti
1617 988 1690 1042 de
1733 1004 1878 1043 novo
1909 1004 2001 1044 as-

348 1064 600 1135 sumpsi.
630 1066 828 1137 Neque
856 1075 1009 1124 certe
1039 1071 1312 1144 litigiose,
1347 1091 1476 1131 mea
1507 1076 1684 1131 veluti
1715 1078 2002 1148 poeniten—

346 1150 432 1206 tia
465 1153 696 1221 ductus,
726 1159 949 1213 tantam
981 1159 1425 1230 sublimitatem,
1461 1169 1517 1218 et
1544 1165 1741 1235 gloriae
1771 1167 1998 1238 magni-

346 1241 612 1296 tudinem
666 1261 781 1299 non
831 1246 1110 1304 dimitto:
1145 1251 1246 1306 sed
1295 1251 1470 1307 veluti
1502 1270 1604 1324 pro
1653 1271 1794 1310 mea
1835 1260 2000 1310 stans

351 1329 588 1401 pietatis
611 1334 872 1402 nomine,
898 1338 1069 1408 cujus
1099 1339 1429 1410 subjectum
1453 1359 1602 1414 opus
1629 1345 1749 1398 tam
1785 1361 1999 1415 purum

350 1419 408 1473 in
457 1436 572 1488 me,
621 1422 810 1493 gratia
865 1425 1098 1496 Christi,
1152 1433 1210 1482 et
1262 1429 1666 1501 incorruptum
1711 1437 1996 1500 servatur,

349 1523 526 1578 quam
561 1509 620 1564 in
653 1511 898 1568 oculatis
921 1514 1094 1570 etiam
1129 1517 1399 1583 testibus,
1426 1536 1492 1574 ac
1525 1520 1830 1592 discipulis
1858 1521 1999 1578 Jesu

348 1596 563 1653 Christi
595 1600 698 1655 Dei
731 1605 788 1656 et
819 1603 1134 1661 Salvatoris
1166 1607 1370 1662 nostri.
1405 1613 1678 1665 Attamen
1710 1610 1999 1682 hodieque

348 1701 557 1742 rursus
605 1705 708 1759 pro
755 1707 917 1762 pace,
949 1697 1007 1748 et
1056 1693 1372 1751 multorum
1428 1697 1639 1769 salute,
1673 1698 1722 1754 si
1771 1716 1868 1754 eos
1900 1699 2000 1772 qui

347 1780 551 1831 contra
580 1794 772 1834 meam
813 1781 1218 1839 orthodoxiam
1272 1787 1539 1857 garriunt
1582 1787 1998 1858 injustissima,

1376 399 1695 465 GEORGII
1738 397 2008 463 CYPRII
2051 398 2172 464 ΟΡ.
2217 401 2751 466 PATRIARCHE

1249 536 1505 610 indeque
1553 556 1626 594 ne
1667 529 2326 605 ωθῃάειοθε,Ασεϐείας
2384 533 2634 609 γλῶτταν
2688 537 2988 608 κινοῦντες,
3041 535 3226 591 Ἔνθεν
3282 555 3368 591 τοι
3427 534 3520 592 καὶ
3577 537 3654 602 ὡς
3712 537 3774 596 ἂν

3655 406 3776 471 128

2119 625 2194 696 μὴ
2229 625 2280 678 οἱ
2306 623 2518 697 ψευδεῖς
2567 623 2740 680 αὐτῶν
2793 625 2882 680 καὶ
2942 623 3160 698 μάταιοι
3218 624 3374 702 λόγοι
3423 630 3494 701 τῇ
3545 626 3651 702 ἐμῇ
3684 629 3774 704 βε-

2115 707 2420 767 ϐαιωθῶσιν
2457 714 2833 791 ὑποχωρήσει,
2880 714 2915 783 ἦ
2947 715 3048 790 γὰρ
3093 713 3151 769 ἂν
3194 711 3342 786 ἔδοξε
3386 721 3501 778 τοῖς
3530 714 3770 781 πολλοῖς

2114 803 2187 864 ὡς
2242 802 2622 876 ἁλισκόμενος,
2670 804 2760 858 καὶ
2813 804 2916 859 ὑπὸ
2962 809 3060 859 τοῦ
3107 801 3414 868 συνειδότος
3464 803 3772 882 ἐλεγχόμεο

2111 912 2226 960 νος,
2253 893 2342 946 καὶ
2377 892 2480 946 ὑπὸ
2527 897 2624 947 τοῦ
2670 890 2978 955 συνειδότος
3030 893 3418 969 ἐλεγχόμενος,
3449 899 3547 949 τοῦ
3576 895 3772 971 θρόνου

2113 980 2479 1053 ἐξιστάμενος,
2540 980 2770 1057 ἐπέσχον
2816 981 3048 1055 ἐμαυτὸν
3113 988 3216 1050 τῆς
3275 982 3573 1058 εἰρημένης
3632 1005 3768 1060 προ-

2111 1071 2329 1140 θέσεως,
2363 1071 2452 1125 καὶ
2500 1077 2603 1140 τῆς
2651 1071 2834 1146 ἀρχῆς
2887 1068 3035 1133 αὗθις
3086 1070 3162 1132 ὡς
3212 1070 3273 1126 ἐκ
3321 1070 3445 1126 νέου
3475 1067 3769 1128 ἀντελαϐό-

2115 1181 2245 1232 μην.
2278 1159 2352 1214 Οὐ
2405 1162 2498 1233 μὲν
2552 1160 2644 1214 οὗν
2687 1161 2989 1237 ἐριστικῶς,
3045 1158 3159 1215 οὐδ’
3209 1161 3284 1222 ὡς
3327 1159 3635 1234 μετάμελον
3667 1159 3767 1216 λα-

2112 1243 2245 1322 ϐὼν,
2301 1250 2376 1322 μὴ
2426 1254 2682 1304 τοσοῦτον
2736 1249 2870 1324 ὕψος
2924 1251 3013 1306 καὶ
3067 1247 3226 1323 δόξης
3288 1249 3576 1326 μεγαλεῖον
3637 1250 3769 1306 ἀπο-

2111 1333 2409 1411 ϐαλοῦμαιο
2445 1338 2572 1395 ἀλλ’
2612 1340 2688 1402 ὡς
2742 1339 3031 1413 ἱστάμενος
3083 1340 3215 1416 ὑπὲρ
3255 1343 3354 1395 τοῦ
3402 1346 3503 1409 τῆς
3533 1339 3770 1412 ἐμαυτοῦ

2111 1423 2380 1491 εὐσεϐείας
2454 1428 2724 1502 ὀνόματος
2776 1475 2790 1500 ,
2843 1429 2904 1483 οὗ
2975 1429 3038 1484 τὸ
3107 1429 3463 1502 ὑποκείμενον
3542 1435 3772 1504 πρᾶγμα

2111 1517 2284 1579 οὕτως
2343 1518 2634 1595 ἀκραιφνὲς
2686 1518 2737 1572 ἐν
2793 1519 2940 1591 ἐμοὶ,
2996 1523 3066 1593 τῇ
3125 1523 3360 1595 Χριστοῦ
3418 1518 3628 1594 χάριτι,
3679 1520 3768 1572 καὶ

2110 1605 2379 1661 ἆνόθωτον
2440 1608 2688 1678 σώζεται,
2749 1605 2874 1662 ὅσον
2932 1607 3020 1662 καὶ
3080 1606 3132 1662 ἐν
3183 1613 3301 1669 τοῖς
3355 1606 3645 1668 αὖτόπταις
3677 1607 3768 1661 καὶ

2115 1697 2380 1768 μαθηταῖς
2455 1697 2635 1766 Ἰησοῦ
2692 1701 2924 1771 Χριστοῦ
2980 1701 3077 1750 τοῦ
3162 1701 3297 1751 Θεοῦ
3353 1695 3440 1750 καὶ
3501 1702 3768 1771 Σωτῆρος

2109 1788 2292 1858 ἡμῶν.
2341 1783 2501 1854 Ιιλὴν
2549 1785 2637 1839 καὶ
2689 1787 2930 1862 σήμερον
2977 1787 3132 1848 αῦθις
3183 1785 3407 1861 εἰρήνης
3446 1781 3644 1858 ἕνεκεν,
3675 1785 3770 1839 καὶ

347 1865 656 1936 paeniteret
685 1869 756 1923 de
788 1869 948 1926 hisce
999 1874 1386 1931 mendacibus
1416 1876 1912 1948 accusationibus,
1945 1886 1999 1933 et

2112 1882 2207 1944 τῆς
2240 1879 2347 1929 τῶν
2380 1872 2608 1930 πολλῶν
2659 1874 2950 1950 σωτηρίας,
3003 1873 3091 1930 ἐὰν
3138 1875 3190 1929 οἱ
3232 1877 3331 1943 τῆς
3371 1874 3509 1948 ἐμῆς
3545 1871 3772 1950 ὀρθοδο-

345 1953 466 2010 hac
496 1957 609 2010 tuae
639 1957 842 2028 pietati
874 1960 1151 2032 scribere,
1182 1967 1240 2018 et
1288 1963 1453 2020 fateri
1485 1965 1776 2022 voluerint
1807 1985 1819 2023 :
1854 1966 1998 2023 nihil

2110 1963 2223 2034 ξίας
2283 1961 2591 2018 ἀδικώτατα
2653 1963 2998 2026 κατειπόντες
3037 2007 3050 2032 ,
3115 1960 3418 2036 μετάμελοι
3495 1964 3584 2018 ἐπὶ
3647 1964 3775 2019 ταύ-

345 2041 502 2098 ultra
543 2047 882 2116 requiritur,
915 2052 1103 2106 Verus
1151 2056 1243 2107 est.
1274 2069 1488 2122 sermo,
1519 2059 1578 2110 et
1627 2056 1998 2112 mendacium

2112 2074 2228 2115 ταις
2265 2053 2508 2128 γένοιντο
2550 2057 2668 2113 ταῖς
2704 2049 2922 2126 ψευδέσι
2964 2052 3340 2128 κατηγορίαις,
3390 2053 3481 2107 καὶ
3521 2053 3590 2106 τὰ
3639 2051 3775 2108 αὐτὰ

347 2147 464 2188 non
491 2137 583 2189 est
611 2135 672 2189 in
718 2153 805 2192 eo.
837 2137 1016 2203 Nihil,
1065 2140 1331 2212 inquam,
1365 2143 1518 2198 ultra
1562 2145 1903 2216 requiritur,
1935 2149 1999 2200 ut

2112 2146 2176 2216 τῇ
2207 2146 2274 2215 σῇ
2330 2135 2571 2196 εὐσεϐεία
2617 2144 2817 2216 γράψαι
2865 2141 2957 2196 καὶ
3010 2139 3423 2217 ἀνομολογῆσαι
3471 2139 3770 2214 θελήσωσι,

345 2237 451 2293 ego
482 2224 798 2281 ascendam
844 2228 1043 2284 statim
1075 2231 1146 2285 ad
1199 2231 1484 2304 templum
1517 2233 1619 2288 Dei
1651 2235 1999 2300 maximum,

345 2315 403 2366 et
446 2312 728 2385 populum
775 2333 878 2388 pro
909 2319 1188 2376 concione
1236 2325 1643 2390 convocatum,
1681 2325 1790 2380 Deo
1840 2340 1999 2380 com-

346 2401 642 2469 mendem,
674 2407 852 2473 atque
895 2405 1232 2464 facultatem
1264 2409 1474 2466 faciam
1508 2412 1660 2468 122
1693 2412 1873 2468 alium
1905 2430 2000 2469 vo-

346 2491 516 2545 candi
550 2491 622 2546 ad
645 2492 948 2563 thronum,
974 2497 1030 2550 in
1063 2513 1248 2570 eoque
1268 2501 1663 2556 constituendi
1688 2519 1700 2568 ;
1734 2503 1836 2571 qui
1865 2519 2000 2558 cum

346 2578 564 2636 auxilio
608 2581 709 2638 Dei
743 2584 1015 2652 paciﬁcos
1063 2587 1195 2643 illos
1245 2605 1384 2662 erga
1416 2590 1513 2645 Dei
1565 2590 1884 2647 Ecclesiam
1915 2593 2000 2647 fa-

347 2667 480 2736 ciat,
514 2674 573 2725 et
604 2670 850 2728 invicem
902 2679 1238 2734 concordes.
1272 2677 1367 2734 Sic
1396 2678 1577 2751 igitur
1619 2681 1864 2736 intentio
1895 2698 2001 2737 no-

347 2760 470 2813 stra
499 2763 608 2827 est,
642 2759 698 2815 id
730 2778 938 2820 rursus
979 2765 1268 2835 faciendi;
1302 2769 1350 2824 si
1382 2769 1484 2840 qui
1518 2769 1662 2826 falso
1690 2787 1797 2826 nos
1829 2788 2000 2827 accu-

347 2854 628 2905 saverunt
691 2849 962 2909 homines
1018 2855 1472 2926 postulationem
1532 2863 1815 2930 nostram,
1870 2877 2002 2932 qua;

337 2935 676 3007 justissima
703 2944 810 3006 est,
835 2942 1132 3014 simulque
1159 2945 1458 3016 facillima,
1484 2947 1806 3020 adimplere
1837 2949 2000 3021 prius

346 3023 680 3083 voluerunt.
731 3028 917 3086 Aliter
970 3031 1337 3104 impossibile
1387 3040 1475 3090 est
1533 3037 1890 3108 permittere,
1937 3043 2001 3094 ut

349 3113 447 3169 alii
481 3115 749 3172 Ecclesiae
781 3119 1040 3190 praesint.
1074 3123 1323 3179 Maxime
1353 3123 1533 3192 enim,
1565 3129 1622 3180 et
1653 3127 1844 3182 modis
1875 3143 1999 3183 om-

348 3202 525 3260 nibus
555 3204 765 3274 enitar,
799 3224 866 3262 ac
895 3207 1236 3279 prohibebo,
1272 3227 1344 3268 ne
1375 3212 1694 3285 quispiam,
1729 3231 1823 3271 me
1853 3215 1999 3271 invi-

347 3295 430 3361 to,
462 3292 742 3350 thronum
777 3312 1064 3368 occupare
1095 3299 1327 3356 audeat.

2111 2229 2264 2286 οὐδὲν
2299 2229 2542 2286 λείπεται
2575 2229 2810 2303 (ἀληθὴς
2853 2228 2911 2286 δὲ
2955 2231 2983 2284 ὁ
3031 2229 3222 2306 λόγος,
3267 2231 3356 2286 καὶ
3387 2228 3586 2302 ψεῦδος
3618 2228 3772 2287 οὐδὲν

2112 2321 2163 2376 ἐν
2196 2319 2383 2393 αὐτῷ),
2417 2317 2570 2375 οὐδὲν
2628 2319 2892 2392 λείπεται,
2947 2321 3023 2394 μή
3081 2321 3282 2375 ἀνιέναι
3335 2319 3527 2375 αὐτίκα
3578 2319 3654 2382 εἷς
3680 2321 3774 2376 τὸν

2115 2411 2363 2486 μέγιστον
2421 2415 2520 2464 τοῦ
2575 2414 2707 2465 Θεοῦ
2763 2409 2889 2464 ναὸν
2921 2456 2935 2480 ,
2993 2410 3082 2464 καὶ
3139 2409 3231 2464 τὸν
3287 2408 3418 2465 λαὸν
3476 2407 3770 2480 ἐκκλησία-

2110 2519 2275 2554 σαντα
2319 2503 2398 2570 τῷ
2447 2497 2628 2574 Κυρίῳ
2677 2497 3051 2574 παρατιθέναι,
3103 2498 3194 2552 καὶ
3244 2496 3416 2554 ἄλλον
3469 2498 3638 2553 εἰπεῖν
3695 2499 3772 2561 εἷς

2108 2587 2201 2642 τὸν
2247 2587 2433 2664 θρόνον
2488 2587 2929 2662 προσκαλεῖσθαι,
2987 2587 3077 2641 καὶ
3136 2581 3502 2659 ἀναϐιϐάζειν,
3564 2589 3624 2651 ’ὸς
3675 2589 3770 2642 σὺν

2112 2677 2397 2752 ἐπικουρία
2463 2681 2598 2732 Θεοῦ
2655 2674 2963 2753 εἰρηνικοὺς
3020 2675 3217 2739 αὐτοὺς
3282 2675 3416 2731 εἶναι
3469 2677 3605 2752 πρὸς
3669 2678 3770 2746 τήν

2107 2765 2435 2836 Ἐκκλησίαν
2484 2767 2752 2837 ποιήσει,
2797 2765 2888 2820 καὶ
2934 2766 3069 2841 πρὸς
3119 2763 3405 2836 ἀλλήλους
3453 2761 3777 2839 συμϐαίνον-

2109 2879 2218 2927 τες,
2281 2856 2426 2911 οῧτω
2481 2854 2662 2910 τοίνυν
2725 2851 2925 2930 ἔχομεν
2971 2855 3198 2930 γνώμης
3255 2853 3347 2909 καὶ
3405 2853 3556 2917 αὖθις
3605 2856 3773 2931 πράτ-

2108 2968 2219 3003 τειν
2255 2990 2269 3015 ,
2329 2945 2415 3000 ἐὰν
2496 2946 2554 3000 οἱ
2609 2942 2785 3018 ψευδῆ
2859 2943 3299 3020 κατηγορηκότες
3355 2946 3516 3017 ἡμῶν
3579 2942 3770 3021 ἄνδρες

2109 3035 2313 3110 τούμὸν
2347 3032 2577 3107 αἴτημα,
2637 3033 2770 3110 ὅπερ
2822 3033 2912 3088 καὶ
2972 3029 3311 3088 δικαιότατον
3371 3033 3486 3105 ἅμα
3539 3034 3631 3088 καὶ
3682 3033 3777 3110 ῥᾷ-

2112 3127 2233 3181 στὸν
2276 3123 2436 3196 ἐστιν,
2487 3124 2798 3198 ἐκπληροῃν
2850 3121 3154 3193 ἐθελήσωσι
3200 3121 3501 3199 πρότερον.
3546 3120 3773 3186 Ἀλλως

2115 3213 2174 3271 δὲ
2239 3219 2641 3288 παραχωρῆσαι
2717 3216 2817 3282 τῆς
2895 3209 3222 3282 Ἐκκλησίας
3296 3209 3484 3288 ἄρχειν
3570 3210 3774 3288 ἑτέροις

2125 3269 2164 3271 "
2319 3269 2328 3288 I
2391 3269 2429 3288 Α.
2481 3269 2490 3287 ι
2539 3269 2548 3282 ι
2775 3269 2815 3282 ι-
3086 3269 3097 3282 ι
3209 3269 3219 3273 -
3333 3269 3406 3288 ,Α
3657 3269 3668 3288 ι
3761 3269 3773 3275 -

2031 3269 2074 3335 C
2114 3301 2401 3360 ἀδύνατον.
2443 3301 2696 3357 Μάλιστα
2748 3302 2842 3375 μὶν
2893 3298 2986 3356 οὖν
3032 3300 3122 3356 καὶ
3169 3306 3298 3357 πᾶσι
3345 3300 3572 3379 τρόποις
3603 3301 3777 3376 ἐμπο-

350 3375 440 3436 δὸν
469 3381 763 3454 στήσομαι,
791 3382 881 3438 καὶ
914 3380 1263 3456 διακωλύσω,
1297 3383 1451 3450 εἷ’τις
1482 3389 1706 3452 ἄκοντος
1740 3389 1876 3464 ἐμοῦ
1900 3397 1997 3447 τοῦ
2027 3391 2223 3470 θρόνου
2250 3387 2520 3462 ἐπιπηδᾷν
2549 3387 2924 3460 ἐθελήσειεν...

419 3470 618 3528 Mense
648 3472 821 3542 Maio,
854 3475 1170 3533 indictione
1212 3481 1492 3548 secunda,
1523 3497 1678 3538 anno
1705 3483 1868 3552 6799,
1901 3500 1998 3556 pa-

345 3558 604 3616 triarcha
633 3562 913 3619 dominus
942 3567 1266 3638 Gregorius.

2181 3481 2327 3551 Μηνὶ
2385 3477 2614 3551 Μαΐῳ...
2673 3480 2802 3556 νβ’,
2884 3479 2935 3534 έν
2996 3476 3102 3535 ἔτει
3160 3479 3354 3558 ,ςψιιζλ
3420 3480 3773 3556 πατριάρχης

2107 3575 2272 3647 κῦρος
2305 3567 2626 3646 Γρηγόριος.

417 3741 613 3796 Graaca
641 3741 821 3798 verba
867 3743 990 3813 illa,
1035 3741 1113 3807 εἷ¹ς
1139 3765 1198 3800 τε
1243 3747 1344 3815 τήν
1373 3751 1480 3800 τῶν
1521 3744 1764 3824 Ὀδηγῶν
1801 3751 2000 3823 μονὴν,

347 3843 482 3882 cum
514 3845 843 3904 anonymus
875 3833 975 3890 ille
1021 3834 1331 3909 interpres,
1359 3838 1531 3910 cujus
1581 3839 1787 3896 Latina
1815 3845 2004 3896 trans-

345 3915 488 3972 latio
540 3934 674 3975 cum
733 3920 929 3979 Graeco
978 3927 1136 3980 textu
1180 3925 1455 3982 Venetiae
1501 3929 1849 3985 transmissa
1891 3928 2004 3985 fuit

347 4007 636 4079 Lugduno
693 4009 1064 4082 Batavorum,
1119 4015 1372 4086 verterit,
1435 4022 1501 4072 ut
1555 4017 1616 4073 in
1661 4018 1999 4091 apographo

349 4101 548 4152 nostro
597 4097 873 4172 legimus,
915 4102 1304 4160 habitationem
1348 4105 1550 4162 ducum
1595 4109 1718 4175 viae,
1746 4106 1999 4164 celeber-

348 4183 564 4241 rimum
625 4186 1333 4262 Constantidopolitanum
1406 4195 1711 4268 ignorasse
1767 4196 2000 4251 videtur

348 4273 475 4346 ipse
532 4276 876 4346 Hodegorum
928 4285 1325 4338 monasterium
1381 4285 1637 4356 Deiparae
1691 4301 1928 4340 sacrum
1981 4303 1994 4340 :

347 4361 430 4418 ita
474 4363 724 4434 dietum,
757 4383 826 4422 ex
873 4383 940 4424 eo
993 4371 1150 4440 quod
1182 4371 1564 4442 imperatores
1609 4373 2000 4445 Graeci,expe-

347 4452 630 4510 ditionem
662 4457 994 4529 suscepturi
1044 4458 1104 4514 in
1134 4458 1354 4528 hostes,
1383 4461 1649 4516 eamdem
1699 4461 1866 4532 prius
1895 4462 1995 4517 de-

346 4543 572 4614 precari
602 4543 910 4617 Deiparam
950 4553 1420 4618 eonsuescerent,
1454 4554 1520 4604 ut
1548 4553 1703 4605 esset
1739 4548 1860 4605 illis
1888 4552 1997 4607 viae

2115 3751 2208 3807 cui
2237 3748 2478 3806 secunda
2505 3746 2775 3804 convenit
2801 3747 3058 3804 indictio.
3089 3747 3225 3805 Jam
3271 3746 3502 3820 collige,
3534 3745 3770 3803 labente

2113 3840 2269 3896 Maio
2299 3838 2567 3910 ejusdem
2600 3838 2747 3894 anni
2774 3836 2918 3892 1289
2946 3835 3147 3892 sedem
3191 3835 3384 3892 adhuc
3417 3834 3775 3908 patriarcha-

2111 3931 2228 3985 lem
2258 3928 2526 3985 tenuisse
2553 3925 2924 3999 Gregorium.

2184 4019 2280 4074 IV.
2312 4015 2781 4088 Disceptabatur,
2814 4031 2957 4070 num
2989 4015 3148 4086 quod
3198 4013 3534 4087 patriarcha
3562 4017 3768 4086 postu-

2108 4105 2288 4175 labat,
2324 4105 2703 4161 scribendum
2755 4103 2904 4160 foret
2951 4102 3358 4159 testimonium
3405 4103 3477 4159 de
3506 4105 3633 4173 ejus
3680 4119 3773 4159 or-

2106 4195 2405 4252 thodoxia.
2449 4193 2806 4249 Canonicum
2848 4191 3142 4264 judicium
3188 4191 3252 4248 de
3297 4193 3450 4249 123
3498 4209 3686 4260 causa,
3717 4195 3772 4248 et

2106 4284 2212 4357 ﬁde
2263 4284 2521 4357 Gregorii
2567 4283 2641 4338 ab
2688 4286 2954 4354 Augusto
3003 4281 3193 4338 liberis
3233 4283 3437 4354 synodi
3479 4282 3769 4354 suﬂragiis

2107 4373 2298 4446 primo
2320 4372 2702 4446 permissum,
2729 4375 2859 4428 tum
2891 4386 3250 4443 suspensum
3273 4371 3770 4444 denegatumque,

2107 4463 2282 4520 refert
2322 4461 2712 4535 Pachymeres
2758 4461 2947 4532 capite
2991 4460 3047 4514 7.
3079 4460 3224 4531 Ejus
3267 4475 3402 4533 ergo
3451 4459 3769 4533 postulatio

2107 4551 2168 4607 in
2201 4551 2684 4608 deliberationem
2734 4553 2957 4606 vocata.
3003 4551 3317 4621 Ephesinus
3364 4555 3419 4605 et
3469 4549 3771 4622 Cyzicenus

346 4613 542 4698 eomes,
582 4633 672 4689 vel
707 4613 912 4705 potius
959 4635 1200 4692 ductrix.
1251 4613 1618 4710 Duca'ngium
1667 4638 1910 4694 consule
1937 4638 1999 4693 in
2029 4613 2076 4677 D
2108 4641 2400 4696 antistites
2456 4655 2570 4696 non
2642 4639 2986 4694 sustinebant
3041 4613 3339 4710 (Historici
3397 4613 3574 4694 verba
3626 4643 3769 4694 sunt

344 4723 818 4795 Constantinopoli
845 4723 1183 4792 Christiana,
1215 4725 1315 4782 lib.
1349 4744 1426 4797 ιν,
1459 4731 1602 4783 sect.
1635 4729 1690 4798 2,
1716 4745 1880 4783 num.
1903 4730 1996 4784 24.

345 4809 492 4866 Hinc
522 4827 689 4867 sacra
718 4811 820 4869 illa
849 4813 1001 4869 mdes
1031 4814 1335 4871 dicebatur
1378 4817 1576 4886 etiam,
1608 4817 1862 4888 Deiparae
1890 4820 1997 4874 Ho-

341 4899 613 4972 degetriz.

416 4997 626 5046 Annus
653 4991 795 5046 6799
824 4997 911 5048 est
943 5009 1136 5048 annus
1182 4993 1397 5050 Christi
1426 4995 1584 5051 1291.
1619 4995 1849 5061 Litterae
1883 4995 1995 5051 illae

343 5077 445 5149 νβ’,
479 5095 680 5135 vocem
711 5079 772 5135 in
814 5097 925 5137 ms.
967 5081 1239 5139 mutilam
1290 5083 1584 5152 exhibent,
1614 5102 1744 5156 quae
1775 5085 1995 5152 scripta

346 5167 564 5224 fuissse
610 5169 861 5236 videtur,
908 5165 1011 5224 ἴνδ.
1069 5170 1134 5244 β’,
1167 5170 1257 5228 vel
1312 5167 1605 5228 ἰνδικτιῶν.
1661 5173 1727 5246 β’,
1760 5173 1869 5228 hoc
1910 5180 1998 5229 est

342 5252 702 5318 Ἰνδικτιῶνος
758 5257 826 5332 β’,
882 5259 1196 5316 indictionis
1241 5262 1515 5319 secundae.
1562 5263 1692 5318 Haec
1739 5279 1872 5318 vero
1920 5279 1998 5318 se-

341 5346 523 5402 cunda
561 5346 804 5403 indictio
853 5365 972 5404 non
1012 5351 1280 5406 convenit
1310 5368 1462 5408 anno
1511 5351 1997 5422 Constantinopo-

341 5434 529 5492 litano
565 5437 728 5506 6799,
762 5439 860 5509 qui
894 5437 1118 5495 divisus
1170 5456 1271 5514 per
1304 5441 1370 5494 15
1419 5441 1610 5496 reddit
1640 5441 1998 5497 indictionem

343 5528 618 5596 quartam,
652 5542 769 5597 qua
813 5527 988 5583 etiam
1031 5527 1350 5601 insignitus
1407 5530 1758 5601 procedebat
1806 5545 1998 5584 annus

341 5613 601 5686 vulgaris
646 5614 859 5672 Christi
914 5617 1069 5671 1291.
1102 5620 1334 5673 Annum
1385 5635 1522 5690 ergo
1567 5619 1624 5672 in
1673 5618 1870 5674 codice
1899 5634 1997 5673 ex-

341 5719 611 5783 pressum
632 5705 777 5764 6799
810 5705 895 5767 ita
923 5706 1170 5780 carige,
1201 5706 1378 5783 σψιιξ,
1405 5707 1569 5778 6797,
1592 5706 1804 5765 Christi
1837 5708 1996 5777 1289,

2108 4729 2301 4803 capite
2329 4730 2407 4801 8),
2439 4729 2719 4786 declarari
2746 4744 2872 4784 eum
2917 4727 3284 4784 orthodoxam
3315 4746 3334 4784 :
3363 4727 3506 4800 quod
3533 4727 3593 4784 id
3621 4728 3767 4784 nihil

2104 4818 2293 4872 minus
2345 4831 2461 4872 esse
2505 4815 2774 4882 dicerent,
2822 4831 2988 4887 quam
3033 4817 3364 4887 conﬁrmare
3414 4817 3476 4872 in
3523 4817 3768 4889 patriar-

2106 4906 2262 4962 chali
2317 4904 2540 4974 throno,
2597 4920 2762 4977 quem
2810 4903 3081 4976 dejectum
3129 4905 3258 4960 inde
3305 4921 3490 4962 omnes
3541 4903 3767 4961 vellent.

2108 4996 2241 5064 Quis
2290 4995 2443 5050 enim
2487 5009 2601 5050 non
2645 4993 2876 5062 videret,
2906 4993 3078 5049 simul
3126 4999 3369 5065 purgata
3395 5001 3535 5050 esset
3579 5008 3772 5065 pravae

2105 5085 2366 5140 doctrinm
2417 5083 2588 5151 labes,
2622 5097 2748 5154 quae
2794 5081 2920 5138 sola
2963 5083 3308 5157 atlegaretur
3358 5086 3502 5138 ratio
3551 5081 3772 5154 deposi-

2107 5175 2272 5229 tionis
2302 5174 2462 5245 ejus;
2489 5174 2856 5244 perstiturum
2903 5171 3069 5228 illum
3116 5189 3281 5244 quam
3322 5173 3523 5244 optimo
3543 5173 3674 5244 jure
3703 5174 3767 5228 in

2105 5261 2313 5317 dudum
2363 5265 2590 5330 accepta
2643 5265 2905 5333 potestate
2927 5264 2954 5315 .9
3008 5261 3259 5318 Favebat
3317 5277 3455 5332 pars
3510 5260 3697 5318 altera
3750 5279 3764 5317 :

2109 5351 2251 5420 Quid
2278 5352 2430 5406 enim
2474 5349 2621 5406 mali
2665 5359 2808 5406 esset
2838 5350 3204 5424 (inquiebat),
3251 5351 3534 5407 consolari
3571 5350 3773 5424 Grego-

2105 5441 2278 5507 rium,
2335 5439 2516 5496 dando
2550 5440 2640 5494 illi
2690 5439 2834 5512 quod
2879 5441 3119 5512 petebat,
3168 5441 3594 5502 testimoniam;
3643 5457 3772 5496 cum

2105 5531 2242 5584 satis
2288 5537 2582 5599 constaret,
2627 5546 2741 5586 non
2792 5539 2912 5586 tam
2957 5545 3027 5587 ea:
3074 5531 3192 5603 ejus
3242 5529 3399 5586 Temo
3448 5529 3771 5586 scandalum

2106 5620 2408 5674 multorum
2454 5624 2661 5693 ortum,
2695 5637 2863 5692 quam
2907 5637 2978 5677 ex
3005 5621 3207 5692 scripto
3259 5618 3429 5675 Marci
3476 5619 3766 5676 monachi.

2106 5708 2236 5766 Haec
2267 5709 2459 5768 fuerat
2505 5709 2702 5783 opinio
2746 5709 3005 5783 episcopi
3053 5708 3560 5782 Philadelphiensis
3609 5708 3769 5768 Theo-
