4090 6440
337 403 456 463 129

1574 399 1787 462 VlTA.
1821 429 1899 443 —
1927 395 2450 459 DlSSERTATIO
2493 396 2543 457 Ῑ.

3652 407 3774 467 130

345 532 492 608 lepti,
526 533 631 605 qui
665 533 1052 590 offensionem
1101 549 1337 590 omnem
1390 548 1459 588 ex
1511 532 1636 590 solo
1665 531 1844 588 Marci
1878 546 2002 586 mo-
2034 528 2558 597 AVindobonensi
2615 527 2997 585 inscribitur:
3059 529 3410 606 Ἀνακήρυξις
3459 537 3556 604 τῆς
3617 537 3768 593 esse-

351 625 518 681 naohi
543 625 696 679 libro
727 628 1030 696 protexere
1069 623 1299 693 maluit,
1350 639 1529 694 quam
1561 621 1757 694 ipsum
1789 621 2006 693 Grego-

358 714 504 770 rium
531 729 691 769 novae
741 728 910 768 reum
958 712 1249 768 haereseos
1296 713 1355 767 in
1406 715 1568 768 tomo
1614 711 1840 766 tradite
1872 727 2007 766 cum

361 805 576 860 Joanne
633 802 816 858 Becco
889 818 1076 873 agere,
1130 818 1197 856 ac
1272 801 1460 856 fateri.
1519 799 1664 856 Vide
1720 804 1897 872 caput
1950 802 2006 870 8,

364 910 519 949 num.
550 893 601 947 4.

428 981 729 1053 Theolepti
760 981 978 1053 Opinio,
1013 997 1080 1036 ac
1108 979 1282 1036 factio
1315 979 1636 1052 praevaluit.
1671 980 1757 1035 Ad
1792 979 2010 1052 Grego-

358 1074 508 1128 rium
539 1087 674 1126 mox
698 1068 946 1142 epistola
977 1069 1134 1138 data,
1167 1085 1286 1141 qua
1324 1068 1595 1140 Diploma
1625 1069 2008 1140 promittitur,

355 1161 505 1234 quod
538 1160 662 1231 ipse
704 1158 1119 1232 postulaverat,
1171 1157 1496 1214 dummodo
1539 1157 1774 1214 ﬁrmam
1806 1158 2013 1214 reddat

350 1251 423 1306 de
461 1247 788 1304 abdicando
839 1247 1241 1320 patriarchatu
1291 1246 1645 1303 cautionem.
1701 1248 1766 1302 In
1814 1247 2010 1303 codice

2117 621 2262 688 ϐεἰας
2292 625 2455 680 αὐτοῦ
2505 627 2652 703 παρὰ
2678 632 2786 681 τῶν
2835 627 3230 703 ὑποσχομένων
3272 631 3436 704 αὐτῷ.
3473 635 3535 690 In
3569 642 3768 694 nostro

2120 717 2454 789 apographo
2506 717 2726 773 codicis
2783 717 3422 790 Lugdono-Batavensis
3475 723 3768 798 legimus:

2115 808 2213 858 τοῦ
2283 805 2649 879 Μοσχάμπερ,
2731 807 3170 879 Monsca-mperis.
3246 811 3502 882 Epistola
3561 833 3770 890 nempe

2118 901 2226 964 est,
2288 910 2466 964 quam
2525 895 2595 948 ad
2657 893 3052 965 patriarcham
3111 899 3440 957 transmisit
3486 903 3770 978 Georgius

2119 983 2594 1054 Monschampar,
2649 983 3160 1057 exchartophylax.
3215 986 3408 1045 Graece
3453 992 3773 1066 vulgarunt

2119 1088 2249 1127 eam
2319 1073 2391 1127 ad
2434 1071 2956 1145 Pachymerianam
3001 1075 3318 1132 Historiam
3377 1081 3770 1154 supplendam

2124 1161 2447 1217 lambecius
2477 1166 2534 1217 et
2563 1161 2830 1217 Oudinus
2855 1179 2867 1218 :
2907 1163 3174 1220 Latinam
3206 1183 3313 1224 nos
3338 1169 3613 1229 addimus
3649 1191 3772 1230 ver-

2122 1266 2371 1305 sionem.

1712 1355 2132 1428 Mosclzamperis
2170 1357 2416 1430 epistola.

420 1442 739 1520 Εὐλογητὸς
815 1443 843 1496 ὁ
903 1443 1033 1504 Θεὸς
1106 1445 1308 1515 ἡμῶν,
1367 1440 1452 1497 ὅτι
1519 1439 1780 1499 οὐδεποτε
1836 1445 2007 1513 κακὴν

345 1533 629 1606 ὑπόληψιν
659 1528 884 1607 εἴχομεν
940 1531 1064 1607 περὶ
1113 1536 1211 1586 τοῦ
1256 1528 1519 1586 δεσπότου
1566 1535 1725 1604 ἡμῶν
1765 1537 1863 1586 τοῦ
1906 1553 2012 1587 παη

343 1622 618 1697 τριάρχου
675 1623 845 1694 κυροῦ
903 1619 1208 1696 Γρηγορίου
1249 1664 1262 1689 ,
1323 1619 1399 1682 ὡς
1453 1615 1564 1674 ἔστι
1629 1620 1959 1698 βλάσφημος
1993 1669 2008 1694 ,

345 1708 590 1785 καθάπερ
634 1707 797 1764 τοῦτό
839 1728 978 1770 τινες
1014 1712 1122 1763 τῶν
1174 1707 1434 1782 ἀμυήτων
1489 1703 1759 1765 ὑπέλαϐον
1785 1751 1798 1764 .
1851 1707 2010 1766 Ἀλλ’

352 1796 777 1876 ὀρθοδοξότατον
823 1801 1014 1852 τοῦτον
1065 1798 1432 1874 γινώσκομεν,
1477 1798 1566 1853 καὶ
1609 1793 2008 1854 εὐσεϐέστατον.

349 1889 530 1944 Μόνον
603 1883 836 1961 δεόμεθα
868 1933 882 1960 ,
939 1887 1030 1942 τὸν
1103 1888 1499 1963 πατριαρχικὸν
1581 1889 2011 1964 παραιτήσασθαι

2191 1446 2544 1502 Benedictus
2584 1451 2735 1502 Deus
2784 1453 3000 1520 noster,
3052 1452 3330 1522 quoniam
3364 1457 3582 1514 malam
3612 1478 3769 1518 nun-

2121 1553 2300 1607 quam
2355 1536 2425 1591 de
2480 1535 2717 1591 domino
2749 1542 2947 1592 nostro
3001 1539 3333 1610 patriarcha
3361 1545 3600 1604 domino
3629 1554 3769 1608 Gre-

2121 1624 2284 1697 gorio
2317 1623 2712 1697 suspicionem
2744 1624 3100 1691 habuimus;
3134 1645 3200 1684 ac
3231 1631 3280 1685 si
3310 1639 3466 1689 esset
3497 1637 3769 1712 blasphe-

2123 1730 2257 1768 mus
2285 1713 2788 1784 quemadmodum
2829 1715 3070 1785 quidam
3115 1732 3185 1772 ex
3213 1736 3330 1775 non
3363 1721 3607 1782 initiatis
3639 1731 3768 1802 opi-

2122 1801 2242 1858 nati
2274 1807 2433 1858 sunt.
2467 1803 2667 1874 Ipsum
2691 1803 3066 1874 agnoscimus
3090 1807 3341 1866 maxime
3361 1813 3772 1892 orthodoxam,

2124 1896 2182 1947 et
2236 1891 2596 1963 piissimum.
2655 1891 3037 1949 Solummodo
3085 1911 3418 1970 exoramus,
3469 1907 3532 1958 ut
3562 1909 3774 1978 patria-

345 1978 542 2054 Θρόνον
602 1974 691 2032 διὰ
743 1977 845 2046 τήν
904 1980 1012 2030 τῶν
1063 1973 1364 2052 ἀνθρώπων
1412 1976 1658 2052 εἰρήνην.
1703 1977 1800 2032 Καὶ
1854 1975 2013 2048 ἐπιδὴ

2131 1979 2352 2035 chalem
2384 1979 2665 2036 thronum
2696 1980 2955 2036 dimittat
2985 1989 3222 2055 propter
3251 1990 3518 2047 omnium
3548 1973 3773 2065 pacem.

346 2069 478 2144 παρ’
507 2069 667 2139 ἡμῶν
719 2069 873 2135 ζητεῖ
907 2066 1009 2134 τὴν
1053 2071 1157 2134 τῆς
1207 2059 1478 2128 εὐσεϐείας
1527 2065 1691 2120 αὐτοῦ
1740 2067 2013 2142 ἀνακήρυ-

351 2158 429 2228 ξιν
487 2153 753 2232 ἔγγραφον
815 2155 1113 2228 γενέσθαι,
1165 2153 1254 2209 καὶ
1333 2154 1526 2210 αὐτίκα
1595 2155 1872 2212 κατανεύει
1921 2159 2014 2212 τὸν

357 2245 550 2323 θρόνον
609 2246 1090 2322 παραιτήσασθαι,
1153 2247 1422 2318 ζητοῦμεν
1498 2244 1589 2300 καὶ
1656 2248 1820 2319 ἡμεῖς
1893 2267 2016 2301 τινα

355 2334 650 2412 ἀσφάλειαν
699 2337 918 2409 πρῶτον
981 2331 1291 2410 (πρότερον)
1347 2331 1592 2409 γενέσθαι
1650 2337 1778 2410 παρ’
1826 2335 2012 2394 αὐτοῦ.

355 2424 457 2479 Καὶ
519 2423 565 2478 εἰ
619 2427 781 2478 τοῦτο
837 2422 1050 2498 γένοιτο
1083 2469 1096 2493 ,
1158 2421 1350 2477 αὐτίκα
1419 2423 1508 2478 καὶ
1578 2425 1743 2497 ἡμεῖς
1819 2426 2016 2487 πάντες

352 2515 572 2587 ἕτοιμοι
623 2511 675 2568 ἐν
727 2509 957 2585 ὀνόματι
999 2515 1096 2566 τοῦ
1148 2515 1402 2588 Χριστοῦ,
1452 2511 1541 2568 καὶ
1589 2513 1870 2592 ἐγγράφως
1925 2515 2016 2570 καὶ

358 2602 636 2680 ἀγράφως,
697 2599 978 2676 παρῥησίᾳ
1024 2621 1084 2655 τε
1132 2600 1222 2655 καὶ
1272 2597 1404 2674 ἰδίᾳ,
1456 2606 1645 2658 τοῦτον
1697 2602 1878 2679 ὥσπερ
1926 2605 2015 2660 καὶ

354 2691 450 2748 τὸν
509 2687 719 2745 ἅπαντα
764 2689 966 2766 χρόνον
1015 2692 1079 2759 ἦν
1111 2734 1126 2760 ,
1169 2684 1546 2746 εὐσεϐέστατον
1594 2692 1878 2770 κηρύττειν
1926 2696 2016 2750 καὶ

361 2777 782 2856 ὐρθοδοξότατον
819 2823 834 2850 ,
897 2775 1127 2850 ἐπιμᾷν
1189 2775 1247 2832 δὲ
1302 2777 1392 2833 καὶ
1448 2784 1567 2842 τοῖς
1625 2780 1873 2860 ἀφρόνως
1929 2783 2018 2839 καὶ

360 2870 587 2944 ἀμαθῶς
615 2867 733 2923 κατ’
764 2865 931 2922 αὐτοῦ
962 2865 1208 2942 λέγουσι.

430 3011 829 3084 Compellatus
859 3027 997 3085 ergo
1028 3010 1342 3085 Gregorius
1371 3029 1408 3069 a
1449 3015 1638 3071 missis
1666 3016 1735 3072 ab
1764 3018 2020 3089 impera-

368 3108 480 3159 tore
506 3102 575 3158 ad
604 3102 705 3158 hoc
759 3104 947 3172 ipsum
1001 3101 1065 3157 de
1114 3104 1388 3174 promisso
1442 3104 1812 3161 abdicationis
1842 3108 2020 3164 dando

376 3193 560 3265 (verba
587 3195 732 3248 sunt
761 3190 1137 3262 Pachymeris
1168 3191 1359 3264 capite
1401 3193 1479 3261 8),
1512 3193 1610 3248 ille
1638 3194 1708 3250 ad
1737 3195 1794 3251 id
1821 3200 2020 3270 scripto

374 3281 778 3354 concipiendum
806 3280 965 3336 haud
992 3289 1294 3353 promptus,
1344 3283 1498 3338 omni
1537 3285 1829 3340 verborum
1869 3303 2019 3343 asse-

2121 2069 2191 2124 Et
2221 2067 2498 2140 quoniam
2552 2085 2586 2124 a
2641 2070 2812 2125 nobis
2869 2071 3078 2140 quaerit
3122 2075 3192 2129 de
3239 2091 3344 2132 sua
3391 2079 3606 2150 pietate
3630 2088 3773 2142 scri-

2123 2162 2290 2230 ptum
2326 2158 2447 2214 fieri
2495 2158 2873 2230 praaconium,
2926 2176 2992 2215 ac
3023 2163 3222 2218 statim
3254 2169 3465 2225 annuit
3494 2172 3774 2233 thronum

2124 2247 2454 2302 dimittere:
2513 2263 2620 2302 nos
2665 2248 2821 2304 124
2872 2248 3049 2304 etiam
3107 2254 3445 2328 quaerimus,
3505 2278 3774 2323 securam

2124 2335 2289 2407 prius
2321 2335 2392 2390 ab
2424 2351 2490 2391 eo
2535 2335 2660 2390 dari
2707 2336 3038 2393 cautionem
3088 2339 3368 2413 aliquam.
3416 2348 3577 2411 Quod
3609 2353 3658 2408 si
3691 2355 3775 2411 fa-

2126 2430 2286 2479 ctum
2320 2424 2514 2491 fuerit,
2549 2425 2744 2481 statim
2774 2443 2879 2482 nos
2903 2428 3080 2484 etiam
3112 2447 3316 2490 omnes
3341 2439 3529 2507 parati
3551 2443 3773 2502 erimus

2125 2513 2184 2569 in
2217 2513 2428 2570 Christi
2462 2515 2720 2581 nomine,
2771 2517 2990 2588 scripto
3020 2523 3078 2574 et
3108 2537 3225 2576 non
3273 2526 3510 2598 scripto,
3545 2533 3777 2602 publice

2128 2608 2186 2694 et
2214 2603 2507 2694 privatim,
2540 2603 2735 2676 ipsum
2769 2605 2924 2660 sicut
2965 2609 3124 2663 omni
3164 2613 3428 2684 tempore
3456 2624 3601 2688 erat,
3634 2623 3778 2694 piis-

2127 2692 2347 2747 simum
2379 2691 2690 2761 celebrare,
2723 2697 2781 2748 et
2810 2695 3060 2751 maxime
3091 2698 3517 2763 orthodoxum:
3563 2691 3781 2784 eosque

2127 2779 2355 2924 punire,
2390 2781 2491 2853 qui
2524 2782 2926 2854 imprudenter
2954 2788 3010 2840 et
3040 2786 3308 2860 imperite
3338 2799 3544 2852 contra
3581 2779 3777 2872 ipsum

2153 2874 2475 2924 oauuntur.

2153 2874 2475 2942 oquuntur.

2128 3012 2472 3085 principalis
2513 3014 2820 3070 sacerdotii
2866 3015 3231 3090 dignitatem,
3273 3040 3388 3081 non
3429 3045 3562 3086 mea
3591 3032 3778 3104 ipsius

2129 3107 2547 3175 promoverunt
2593 3104 2808 3174 studia,
2862 3122 2966 3162 nec
3016 3124 3280 3167 meorum
3330 3117 3780 3192 sufi‘ragationes

2129 3191 2491 3248 amicorum:
2547 3193 2648 3248 sed
2703 3195 3036 3267 conscendi,
3090 3203 3154 3254 ut
3202 3199 3356 3260 Deus
3404 3191 3566 3266 solus
3599 3215 3777 3272 novit.

2129 3285 2448 3353 Postquam
2482 3289 2680 3338 autem
2719 3288 2810 3339 est
2838 3283 2947 3339 hoc
2999 3286 3236 3356 factum,
3271 3296 3447 3366 atque
3477 3292 3596 3361 ἔτος
3624 3296 3778 3357 ἕκτον

369 3372 664 3438 veratione,
695 3385 891 3426 coram
942 3373 1052 3425 Deo
1101 3371 1486 3441 conﬁrmavit:
1527 3389 1637 3428 non
1682 3375 1845 3445 prius
1874 3377 2020 3447 ipsos

2131 3366 2240 3438 ἤδη
2273 3369 2361 3423 καὶ
2392 3369 2550 3445 πρὸς,
2582 3389 2792 3428 annum
2832 3373 2955 3444 jam
3000 3379 3216 3434 sextum
3243 3389 3296 3436 et
3341 3353 3483 3454 quod
3510 3395 3784 3464 excurrit,

362 3460 600 3517 edituros
625 3462 913 3531 scriptum,
967 3474 1071 3530 quo
1098 3459 1207 3514 sibi
1232 3460 1401 3517 decus
1430 3463 1769 3534 incorruptae
1798 3463 1860 3519 in
1883 3464 2023 3538 dog-

361 3553 508 3606 mate
533 3549 664 3621 ﬁdei
706 3555 1035 3618 assererent,
1065 3564 1234 3619 quam
1275 3551 1394 3619 ipse
1435 3551 1685 3607 vicissim
1729 3555 1842 3609 rite
1889 3571 2020 3611 con-

361 3642 632 3711 scriptum
676 3638 1050 3694 abdicationis
1092 3638 1504 3710 patriarchatus
1551 3641 1806 3697 libellum
1844 3642 2020 3700 daret.

355 3732 554 3784 Catus
597 3727 753 3799 apud
806 3726 1088 3798 Magnum
1135 3726 1418 3798 palatium
1467 3733 1724 3797 coactus,
1751 3737 2025 3803 praesente

358 3820 714 3890 imperatore,
744 3820 1019 3888 praesente
1059 3818 1324 3872 universo
1373 3822 1592 3886 senatu,
1624 3819 1767 3876 clero
1797 3823 2026 3896 insuper

354 3917 411 3966 et
459 3907 746 3963 monachis
801 3905 1188 3976 praesentibus.
1238 3906 1456 3962 Aderat
1499 3907 1627 3979 ipse
1683 3910 2022 3983 Gregorius.

351 3998 510 4053 Tum
541 4012 676 4052 vero
703 3993 1060 4066 Theoleptus
1090 3994 1328 4051 nomine
1368 3996 1635 4052 omnium
1667 3998 2020 4057 declaravit:

355 4091 539 4158 Quem
592 4084 841 4140 viderent
911 4099 1098 4139 coram
1173 4083 1361 4140 adesse
1427 4086 1837 4156 patriarcham,
1897 4105 2024 4145 eum

352 4177 531 4249 plane
558 4174 905 4245 inculpatum
951 4172 1094 4228 circa
1145 4171 1333 4244 ﬁdem,
1380 4177 1431 4228 et
1477 4174 1839 4232 orthodoxum
1867 4194 1980 4233 esse
2005 4196 2025 4234 .-

358 4264 638 4338 quidquid
691 4270 875 4318 autem
929 4263 1085 4317 circa
1156 4278 1285 4317 eum
1353 4264 1664 4334 offensionis
1722 4268 2028 4324 exstitisset

356 4355 626 4427 publicae,
657 4355 971 4423 secutaque
1001 4367 1072 4406 ea:
1099 4352 1204 4406 hac
1231 4351 1308 4406 ab
1361 4353 1460 4408 ilto
1484 4356 1822 4422 secessionis,
1853 4360 2023 4413 totum

359 4460 479 4501 esse
506 4441 903 4515 imputandum
931 4443 1342 4498 Commentario
1393 4441 1580 4514 Marci,
1614 4446 1712 4516 qui
1753 4447 2024 4516 procella-

360 4551 497 4589 rum
524 4548 593 4588 ea
619 4532 899 4588 occasione
929 4531 1327 4587 concitatarum
1363 4533 1535 4587 unica
1572 4534 1746 4604 origo,
1778 4539 1830 4590 et
1858 4551 2028 4593 causa

358 4623 646 4695 primaria
699 4621 914 4692 fuisset.
977 4619 1148 4687 Quem
1203 4621 1684 4677 Commentarium
1737 4639 1862 4678 cum
1906 4626 2028 4696 jam

2131 3460 2194 3515 in
2223 3459 2333 3515 hoc
2373 3477 2508 3516 sum
2557 3477 2722 3517 sacro
2771 3462 3096 3520 ministerio
3136 3475 3441 3544 versatus;
3487 3479 3686 3536 omnia
3715 3459 3782 3540 οδ

2132 3565 2264 3604 mea
2282 3548 2448 3641 facta
2489 3549 2768 3641 dictaque
2821 3551 3012 3641 retuli,
3066 3559 3131 3608 ut
3177 3559 3521 3620 scandalum
3553 3584 3782 3641 passos,

2133 3642 2190 3693 et
2247 3639 2318 3693 ab
2376 3637 2632 3694 Ecclesia
2699 3639 2960 3696 divulsos
3028 3643 3101 3698 ad
3161 3662 3362 3716 pacem
3419 3637 3783 3730 reducerem,

2130 3727 2361 3799 ipsique
2391 3727 2643 3784 unirem.
2678 3729 2828 3786 I25
2882 3730 2990 3786 Sed
3041 3734 3302 3792 studium
3355 3739 3463 3796 hoc
3493 3760 3693 3803 meum
3721 3727 3784 3806 in

2133 3816 2506 3884 contrariam,
2552 3834 2618 3872 ac
2675 3834 2782 3890 ego
2837 3819 3153 3891 volueram,
3210 3833 3434 3897 partem
3480 3841 3784 3909 acceptum

2132 3909 2258 3961 est:
2293 3905 2374 3961 ita
2401 3909 2466 3961 ut
2518 3905 2701 3977 aliqui
2748 3905 3090 3978 clamarent,
3143 3930 3447 3987 nunquam
3479 3905 3786 3982 successu-

2133 4011 2261 4050 ram
2290 3994 2464 4051 istam
2494 3999 2753 4067 optatam
2804 4013 3029 4068 pacem,
3084 4001 3196 4057 nisi
3238 4019 3344 4077 ego
3385 4011 3786 4080 patriarchatu

2132 4083 2333 4138 relicto
2363 4100 2394 4138 e
2432 4083 2622 4139 medio
2683 4083 2925 4140 abirem.
2985 4086 3110 4143 Non
3169 4094 3428 4151 sustinui
3478 4099 3694 4157 haerere
3724 4102 3785 4159 in

2133 4172 2281 4239 loco,
2314 4171 2399 4228 sic
2447 4173 2826 4229 commissam
2879 4175 3106 4233 infestis
3161 4180 3512 4242 factionibus
3544 4206 3789 4250 cernens

2133 4259 2449 4316 Ecclesiam
2481 4279 2493 4316 :
2529 4261 2628 4316 sed
2679 4262 2996 4333 optabilius
3025 4264 3082 4321 id
3120 4268 3362 4338 ducens,
3397 4274 3579 4332 malui
3609 4279 3788 4338 fmde-

2135 4355 2292 4406 ratos
2330 4351 2596 4406 Ecclesia:
2641 4355 2699 4406 et
2749 4351 2998 4409 invicem
3050 4357 3243 4414 videre
3292 4360 3443 4431 illos,
3494 4357 3595 4437 qni
3626 4369 3790 4439 prius

2135 4440 2340 4496 offensi
2374 4439 2760 4505 dissidebant,
2802 4458 2978 4513 quam
3011 4450 3270 4516 perstare
3311 4450 3368 4505 in
3398 4456 3787 4528 possessione,

2134 4529 2504 4600 gaudereque
2535 4528 2753 4584 honore
2795 4534 2915 4586 tam
2967 4531 3215 4590 illustris
3254 4538 3639 4612 principatus.
3679 4547 3789 4601 Ita-

2138 4634 2252 4690 que
2278 4617 2349 4672 ad
2399 4619 2826 4689 assequendam
2878 4619 3086 4676 horum
3136 4623 3401 4696 ipsorum
3450 4629 3511 4686 in
3540 4632 3657 4689 Deo
3689 4652 3792 4707 pa-

360 4713 559 4784 patam
589 4712 706 4781 ipse
748 4709 1072 4781 patriarcha
1122 4708 1415 4780 rejecisset,
1466 4711 1682 4766 nullam
1731 4721 1940 4769 restare
1967 4715 2032 4770 de
2059 4725 2107 4790 D
2139 4723 2286 4773 cem,
2319 4713 2374 4761 et
2402 4707 2714 4763 animabus
2749 4709 3083 4765 nocentium
3119 4716 3506 4774 cessationem
3539 4724 3794 4780 scanda-

365 4805 517 4857 recta
590 4801 709 4871 ejus
783 4797 891 4867 ﬁde
963 4799 1340 4871 inoffensague
1415 4799 1666 4856 doctrina
1732 4801 2032 4860 dubitandi

369 4891 688 4944 rationem:
763 4903 934 4958 quare
1011 4886 1177 4942 illum
1248 4902 1438 4943 omnes
1515 4903 1620 4960 pro
1695 4894 1838 4945 recte
1903 4909 2030 4946 sen-

371 4981 561 5048 tiente,
617 4977 892 5048 planeque
938 4975 1247 5032 orthodoxa
1304 4992 1362 5031 se
1419 4975 1624 5032 habere
1669 4985 1722 5034 et
1763 4979 2028 5050 proﬁteri.

374 5068 464 5123 Ita
488 5065 716 5122 scilicet
744 5064 818 5121 iis
862 5063 1150 5121 illudebat
1197 5063 1571 5136 Theoleptus,
1605 5066 1707 5138 qui
1739 5066 1906 5123 illudi
1936 5086 2033 5125 vo-

375 5156 596 5212 lehant.

444 5245 514 5301 ν.
549 5243 782 5301 Gratias
812 5246 1098 5316 Augusto,
1120 5247 1178 5298 et
1208 5243 1482 5300 universo
1513 5244 1688 5300 cmtui
1721 5245 2035 5319 Gregorius

378 5335 519 5408 egit.
553 5333 733 5405 Abiit,
779 5331 1136 5405 scripsitque
1191 5331 1561 5388 abdicationis
1609 5333 1884 5400 libellum,
1934 5335 2031 5406 qui

377 5429 578 5480 nostro
635 5423 696 5478 in
755 5421 952 5478 codice
1007 5420 1621 5493 Lugduno—Batavensi
1680 5428 2032 5480 asservatur.

378 5512 559 5569 Oﬂ’ert
604 5511 774 5568 illum
833 5514 1029 5566 Grece
1082 5509 1486 5582 Pachymeres,
1541 5511 1732 5584 capite
1778 5513 1834 5581 9,
1866 5513 2037 5584 cujus

381 5601 587 5659 Latina
605 5601 796 5658 versio
840 5616 876 5656 a
917 5597 1162 5655 Possino
1211 5599 1514 5670 adornata,
1556 5600 1680 5656 haec
1722 5604 1848 5658 est:
1884 5623 1914 5652 «
1947 5601 2040 5657 Me

378 5690 440 5750 in
463 5690 743 5748 thronum
799 5687 1279 5765 patriarchalem,
1329 5693 1388 5746 et
1441 5689 1503 5746 in
1549 5689 1703 5748 hanc
1745 5689 2037 5749 excelsam

2139 4795 2352 4861 lorum,
2388 4795 2710 4884 cessionem
2756 4796 2902 4852 facio
2949 4798 3163 4872 throni,
3197 4807 3254 4857 et
3295 4806 3660 4880 principatus
3691 4829 3793 4884 pa-

2139 4883 2492 4952 triarchalis,
2551 4885 3000 4958 dignitatisque,
3054 4905 3168 4945 non
3218 4897 3414 4950 tamen
3457 4883 3792 4957 sacerdotii.

2141 4973 2288 5029 Nam
2331 4973 2461 5040 hoc,
2524 4975 2838 5030 miserante
2889 4993 2981 5031 me
3040 4976 3174 5047 Deo,
3228 4985 3469 5041 servabo
3517 4988 3664 5044 mihi
3694 5007 3797 5062 per

2143 5066 2431 5151 quantum
2463 5069 2732 5151 superest
2761 5061 2892 5117 vitae
2931 5065 3210 5134 spatium.
3241 5072 3525 5135 Quoniam
3559 5061 3798 5151 propter

2143 5146 2334 5202 solam
2380 5146 2701 5202 multorum
2751 5166 2953 5220 pacem
3004 5158 3060 5208 et
3107 5155 3318 5215 horum
3372 5146 3797 5224 reconciliatio-

2144 5253 2281 5293 nem
2340 5252 2475 5292 cum
2527 5237 2801 5305 Ecclesia,
2855 5239 3001 5297 facio
3052 5246 3228 5303 talem
3276 5253 3642 5310 cessionem:
3691 5275 3798 5315 nec

2146 5327 2292 5382 mihi
2339 5342 2472 5382 sum
2517 5328 2788 5384 conscius
2838 5329 3046 5390 fecisse
3099 5337 3448 5410 quidquam,
3502 5346 3658 5415 quod
3703 5363 3799 5405 me

2146 5421 2339 5472 arceat
2366 5417 2715 5472 sacerdotio.
2767 5417 3050 5481 Quocirca
3098 5425 3170 5480 de
3218 5427 3444 5501 reliquo
3475 5430 3630 5505 licet,
3661 5451 3798 5494 cum

2145 5506 2248 5562 Dei
2269 5505 2635 5578 beneplacito
2673 5505 2858 5562 alium
2883 5509 3020 5582 eligi
3051 5514 3472 5585 patriarcham,
3504 5521 3607 5593 qui
3638 5523 3797 5582 thro-

2146 5612 2291 5652 num
2334 5595 2396 5650 in
2445 5595 2600 5651 hunc
2648 5594 3122 5671 patriarchicum,
3173 5608 3230 5659 et
3276 5607 3668 5682 principatum
3701 5631 3800 5671 sa-

2147 5684 2388 5744 cerdotii
2443 5684 2763 5744 evehatur:
2819 5687 2921 5763 qui
2993 5689 3111 5750 Deo
3177 5693 3509 5770 adjuvante,
3567 5705 3635 5759 ut
3689 5702 3800 5766 rite
