4090 6476
291 377 401 437 434

1308 371 1627 434 GEORGII
1673 370 1938 432 CYPRII
1982 370 2104 434 GP.
2151 375 2686 438 PATRIARCHzE

3595 379 3712 439 432

282 511 457 582 juxta
503 523 756 563 canones
805 505 1109 562 ordinatus
1153 504 1508 577 patriarcha,
1551 507 1608 560 et
1636 503 1937 576 legitimus
1964 506 2020 572 Α
2051 507 2127 560 De
2157 510 2428 579 utroque,
2467 511 2660 566 Sancti
2705 509 2938 568 Andreae
2994 508 3364 579 monasterio,
3417 525 3482 564 ac
3519 508 3712 566 vicino

291 598 666 655 sacerdotum
714 596 1008 668 princeps,
1057 594 1384 666 disjunctas
1435 593 1697 649 Ecclesiaa
1745 597 1940 665 partes

290 688 554 760 redigere
583 687 645 742 in
677 702 863 741 unum
893 701 961 740 ac
999 689 1407 757 coagmentare
1439 683 1672 755 poterit.
1705 682 1944 738 Eveniat

288 778 348 833 id
380 777 630 842 utinam,
660 773 1138 830 miserationibus
1182 773 1382 846 magni
1412 773 1514 829 Dei
1539 777 1595 828 et
1623 771 1942 828 Salvatoris

291 865 476 922 nostri
505 865 646 921 Jesu
675 863 890 920 Christi
920 863 1160 932 exorati,
1195 862 1526 934 purissimae
1551 861 1808 917 Domina
1838 877 1942 916 no-

293 959 425 1011 stra;
453 951 712 1026 Virginis
741 957 799 1006 et
823 951 924 1007 Dei
954 951 1184 1019 Matris,
1216 967 1282 1006 ac
1313 950 1578 1007 omnium
1605 954 1943 1006 sanctorum

292 1043 587 1116 precibus.
622 1063 651 1093 »

361 1166 619 1224 Libellus
669 1170 794 1222 erat
840 1165 1077 1238 prepria
1122 1163 1464 1237 patriarchae
1515 1180 1694 1219 manu
1737 1179 1932 1218 exara-

288 1262 426 1314 tus:
460 1255 626 1311 nulla
651 1271 786 1311 vero
815 1255 1073 1327 ﬁrmatus
1118 1255 1516 1326 subscriptione
1556 1254 1696 1324 ejus.
1729 1253 1790 1308 Id
1822 1251 1940 1324 pri-

288 1363 454 1402 mum
497 1349 608 1412 est,
661 1346 813 1415 quod
863 1344 1080 1400 ibidem
1131 1343 1504 1416 reprehendit
1531 1342 1938 1412 Pacbymeres.

285 1438 428 1489 Cum
487 1437 768 1504 praeterea
841 1433 988 1488 nihil
1060 1433 1257 1504 alleget
1315 1433 1479 1488 aliud
1531 1432 1784 1502 Cyprius,
1843 1447 1944 1485 cur

285 1523 585 1580 cedendum
610 1524 722 1579 loco
769 1525 1017 1594 putaret,
1076 1521 1188 1577 nisi
1233 1538 1384 1594 spem
1430 1520 1793 1577 conciliandae
1837 1523 1942 1575 isto

289 1613 445 1670 modo
475 1613 864 1668 dissidentium
891 1613 1044 1683 pacis
1075 1612 1212 1683 (alia
1247 1610 1720 1684 reprehensionis
1752 1609 1944 1681 capita

291 1703 489 1775 prodit
543 1701 907 1773 historicus),
959 1702 1306 1772 relinquebat
1351 1701 1460 1756 sibi
1507 1705 1681 1755 astute
1721 1702 1826 1771 jus
1873 1699 1945 1754 ad

290 1792 471 1848 sedem
501 1793 799 1862 integrum,
829 1793 879 1846 si
926 1791 1086 1863 (quod
1123 1793 1348 1846 omnino
1391 1793 1650 1861 futurum
1679 1790 1943 1860 opinaba~

287 1886 427 1950 tur),
456 1889 576 1953 post
619 1897 780 1936 suum
810 1879 1106 1936 discessum
1150 1881 1455 1936 certamina
1490 1881 1799 1950 factionum
1835 1896 1945 1935 non
1975 1885 2024 1950 Β

287 1973 638 2042 quievissent.
671 1969 877 2038 Quidni
903 1971 1076 2036 enim,
1108 1971 1208 2041 qui
1234 1969 1436 2025 diserte
1481 1970 1758 2040 professus
1789 1977 1940 2038 esset,

286 2061 450 2131 culpa
470 2061 717 2131 privari,
748 2060 1061 2129 legitimum
1111 2059 1224 2114 sibi
1267 2063 1454 2130 patere
1489 2057 1560 2113 ad
1586 2058 1766 2114 sedem
1793 2057 1942 2113 redi-

289 2154 408 2204 tum
430 2147 822 2204 contenderet?
879 2152 954 2202 At
1005 2147 1340 2219 imperator,
1387 2151 1445 2202 et
1494 2145 1746 2202 maxime
1801 2149 1942 2202 tunc

290 2242 504 2293 cuncta
569 2236 824 2292 miscens
892 2236 1270 2308 Theoleptus,
1331 2235 1716 2291 abdicationis
1771 2235 1943 2291 libel-

287 2326 437 2395 lum,
472 2326 665 2399 qualis
705 2330 830 2381 erat
857 2341 1131 2397 cumque,
1182 2341 1287 2397 pro
1313 2325 1816 2381 sufﬁcientissimo
1847 2341 1943 2380 ac-

292 2432 515 2488 cepere.

358 2531 547 2588 Verba
578 2531 678 2586 illa
733 2530 1252 2586 animadvertenda
1303 2533 1465 2598 sunt,
1496 2524 1614 2590 ἔτος
1645 2524 1798 2582 ἕκτον
1829 2524 1936 2598 ἠδη

283 2619 373 2675 καὶ
430 2620 594 2696 πρὸς,
650 2637 867 2676 annum
914 2611 1040 2691 jam
1096 2629 1319 2674 sextum
1373 2629 1425 2675 et
1481 2619 1626 2691 quod
1672 2621 1941 2676 excurrit.

285 2709 747 2765 Patriarchalem
797 2709 1142 2781 Gregorium
1201 2709 1616 2764 conscendisse
1663 2708 1943 2764 thronum

288 2815 440 2855 anno
470 2799 630 2871 4283,
680 2813 881 2854 mense
933 2797 1147 2867 Martio,
1195 2797 1613 2869 initiatumque
1644 2815 1813 2854 sacra
1851 2815 1944 2854 or-

291 2888 592 2944 dinatione
635 2888 836 2943 eodem
888 2904 1062 2954 anno,
1124 2887 1334 2959 dieque
1378 2888 1674 2942 undecima
1715 2889 1944 2959 Aprilis,

291 2977 620 3032 Palmarum
648 2977 934 3032 Dominica
963 2975 1375 3031 adnotavimus
1405 2976 1594 3047 capite
1616 2977 1670 3046 7,
1697 2993 1859 3033 num.
1888 2977 1941 3030 4.

289 3065 484 3121 Sextus
512 3081 648 3137 ergo
690 3065 847 3120 sedis
891 3066 1019 3136 ejus
1068 3081 1250 3119 annus
1299 3064 1796 3135 complementum
1842 3065 1945 3120 ha-

287 3155 418 3209 buit
449 3154 676 3225 Martio,
730 3159 831 3208 aut
876 3152 1064 3224 Aprili
1110 3169 1312 3208 mense
1360 3153 1497 3207 anni
1543 3153 1701 3208 4289.
1741 3153 1945 3208 Adhuc

291 3244 447 3299 I26
495 3260 678 3315 supra
729 3249 944 3298 sextum
1002 3259 1224 3297 annum
1279 3250 1601 3297 excurrente
1657 3246 1938 3314 tempore,
1974 3255 2016 3320 (ς

293 3333 429 3388 sede
481 3349 591 3388 sua
642 3330 974 3402 potiebatur
1020 3330 1370 3404 Gregorius;
1417 3330 1733 3403 ipsumque
1762 3349 1945 3388 mense

290 3420 431 3475 Maio
461 3420 727 3489 eiusdem
757 3421 897 3474 anni
924 3419 1064 3474 4289
1095 3419 1166 3474 de
1197 3436 1304 3475 sua
1339 3419 1704 3476 abdicatione
1733 3425 1944 3477 tracta-

290 3515 421 3565 tum
453 3508 752 3578 habuisse,
785 3508 1147 3565 certissimos
1178 3524 1286 3564 nos
1317 3508 1511 3564 reddit
1548 3509 1677 3580 ejus
1735 3511 1948 3582 episto-

285 3598 364 3664 la,
401 3614 579 3670 quam
611 3614 774 3652 num.
808 3599 842 3651 3
873 3597 1316 3669 descripsimus.
1340 3597 1542 3670 Itaque
1574 3604 1676 3654 aut
1704 3600 1946 3654 cadente

285 3687 494 3742 eodem
525 3703 727 3742 mense
772 3686 936 3753 Maio,
995 3689 1099 3741 aut
1152 3687 1390 3744 ineunte
1439 3705 1542 3743 seu
1582 3687 1812 3743 labente
1839 3693 1944 3746 Ju-

281 3778 380 3831 nio
428 3776 618 3848 potuit
669 3775 1058 3832 abdicationis
1119 3775 1385 3832 libellum
1434 3777 1668 3832 dedisse
1723 3777 1944 3850 Grego-

287 3865 436 3920 rius.
488 3865 694 3921 Petrus
750 3864 1051 3934 Possinus,
1103 3864 1252 3920 libro
1312 3883 1374 3920 III
1425 3865 1834 3938 chronologico
1885 3869 1944 3920 in

291 3953 834 4022 Observationibus,
885 3954 1076 4025 capite
1125 3955 1180 4025 2,
1232 3971 1394 4009 num.
1443 3956 1498 4022 5,
1552 3955 1791 4010 calculis
1818 3955 1944 4010 suis

290 4043 578 4099 institutis
609 4043 726 4098 ait:
785 4043 1192 4099 Abdicationem
1248 4045 1366 4115 ejus
1422 4045 1482 4098 in
1533 4061 1741 4100 annum
1787 4043 1944 4098 Chri-

285 4133 358 4188 sti
407 4133 566 4198 1289,
615 4140 736 4204 post
791 4132 1034 4187 medium
1082 4133 1327 4203 Aprilem
1381 4133 1631 4206 conferri
1678 4135 1944 4204 oportere.

284 4220 408 4277 lmo
439 4237 641 4277 mense
672 4221 900 4293 integro
959 4221 1160 4292 Aprili,
1219 4237 1284 4276 ac
1331 4222 1477 4276 Maii
1528 4226 1712 4292 parte,
1744 4221 1944 4277 sedem

287 4311 550 4366 tenuisse
621 4309 787 4366 illum
861 4309 1335 4382 patriarchalem,
1415 4311 1626 4365 evincit
1690 4309 1947 4382 Epistola

288 4416 453 4458 num.
483 4401 518 4455 3
551 4399 860 4472 descripta.
898 4422 927 4449 «
977 4398 1274 4454 Ponamus
1325 4415 1461 4472 ergo
1493 4398 1628 4454 licet
1658 4397 1948 4471 (sequitur

291 4488 620 4560 Possinus),
651 4488 1079 4544 abdicationem
1133 4487 1346 4559 Cyprii,
1400 4493 1457 4543 et
1486 4504 1786 4544 secessum
1817 4489 1946 4559 ejus

2048 599 2442 654 monasteriolo
2472 599 2754 665 Aristinte,
2804 599 2927 672 agit
2980 599 3316 672 Ducangius
3350 599 3408 654 in
3444 599 3710 656 Constan-

2051 685 2282 756 tinopoli
2315 686 2650 758 Christiana,
2681 687 2830 743 libro
2857 705 2934 752 IV,
2969 692 3110 744 sect.
3159 689 3215 758 5,
3247 705 3413 744 num.
3443 689 3498 757 5,
3531 692 3588 744 et
3616 705 3708 744 se-

2051 772 2242 830 ctione
2264 775 2319 842 7,
2353 793 2516 832 num.
2573 778 2626 831 8.
2680 778 2767 832 Ad
2818 777 3148 835 Raulaenam
3173 779 3712 848 protovestiarissam

2050 860 2250 934 plures
2271 861 2330 917 in
2362 864 2559 920 codice
2603 869 2801 921 nostro
2850 869 3082 921 exstant
3110 883 3144 921 a
3174 865 3445 940 Cregorio
3495 867 3708 940 Cyprio

2051 950 2198 1006 data
2227 953 2513 1024 Epistolas.

2128 1041 2232 1098 His
2319 1043 2632 1099 defunctus
2691 1043 2872 1114 curis,
2935 1043 3116 1100 semel
3175 1060 3241 1099 ac
3289 1045 3524 1116 iterum,
3579 1043 3712 1116 plu~

2049 1129 2284 1201 riesque
2314 1139 2634 1189 conventus
2681 1133 2978 1188 indicebat
3019 1134 3364 1204 imperator,
3398 1133 3459 1188 in
3493 1132 3711 1204 quibus

2050 1218 2373 1276 multorum
2416 1226 2664 1278 conatus
2711 1222 3012 1278 adhibitus
3070 1226 3182 1289 est,
3231 1221 3396 1278 irrito
3446 1226 3600 1294 voto,
3635 1221 3708 1277 ad

2049 1311 2467 1366 correctionem
2496 1311 2659 1366 Tomi
2708 1329 2743 1368 a
2783 1311 3058 1384 Gregorio
3109 1311 3271 1367 editi.
3335 1311 3496 1368 Dicta
3525 1310 3711 1367 recole

2049 1398 2237 1469 capite
2268 1399 2587 1469 superiore,
2638 1417 2804 1455 num.
2839 1403 2889 1457 4.
2935 1400 3236 1457 Factiones
3265 1400 3323 1455 in
3359 1401 3508 1455 duas
3540 1406 3716 1454 Arseo

2052 1486 2209 1540 niani
2269 1487 2506 1542 discissi
2565 1489 3124 1544 tumultuabantur:
3191 1504 3518 1560 eorumque
3573 1504 3709 1542 con-

2051 1575 2250 1630 cordia
2275 1576 2496 1647 synodis
2533 1579 2917 1649 frequentibus
2957 1578 3208 1634 collectis
3239 1577 3706 1650 procurabatur:

2054 1685 2083 1714 «
2115 1664 2419 1721 Instabant
2449 1665 2553 1735 illi,
2588 1672 2654 1722 ut
2682 1666 2998 1723 declaratio
3040 1667 3222 1737 fieret,
3248 1666 3570 1738 Josephum
3605 1682 3711 1723 nec

2051 1769 2255 1809 verum
2326 1754 2656 1825 legitimum
2737 1755 2918 1811 fuisse
2994 1755 3414 1828 patriarcham,
3506 1756 3707 1810 Postu-

2052 1842 2254 1898 labant
2309 1849 2609 1915 praeterea,
2670 1845 2940 1900 damnari
2994 1846 3208 1918 dogma
3256 1843 3549 1912 Ecclesiae,
3595 1859 3709 1916 quo

2053 1936 2293 1987 sanctus
2349 1932 2602 2004 Spiritus
2661 1949 2731 1990 ea:
2785 1935 2950 1990 Patre
3001 1951 3104 2006 per
3156 1934 3363 1989 Filium
3413 1933 3712 2006 procedere

2051 2020 2400 2077 afﬁrmatur.
2436 2043 2463 2072 »
2526 2021 2656 2078 Alia
2711 2023 2986 2094 petebant
3030 2023 3222 2095 plura,
3266 2022 3709 2095 perplexitatem

2050 2109 2514 2166 inextricabilem
2539 2111 2928 2183 praeferentia,
2953 2128 3369 2183 summamque
3401 2111 3716 2168 difﬁculta-

2050 2202 2189 2253 tem.
2223 2199 2465 2254 Dimissi
2513 2201 2830 2271 rejectique
2877 2205 3036 2256 sunt.
3083 2201 3164 2256 De
3198 2201 3331 2256 novi
3364 2199 3710 2272 patriarchae

2050 2287 2330 2344 electione
2376 2289 2678 2359 agebatur.
2728 2291 2872 2345 Tres
2921 2290 3338 2345 communibus
3389 2288 3556 2345 electi
3590 2289 3710 2344 suf-

2051 2377 2278 2449 fragiis,
2309 2393 2561 2449 quorum
2602 2395 2759 2435 unus
2805 2379 3030 2434 ceteris
3082 2379 3471 2451 praeferretur.
3505 2380 3713 2451 Augu-

2052 2470 2142 2521 sto
2199 2465 2467 2537 placebat
2535 2467 2919 2539 Athanasius,
3002 2467 3327 2523 monachus
3405 2467 3465 2521 in
3518 2466 3714 2522 Monte

2053 2554 2236 2622 Gano,
2291 2553 2392 2626 qui
2451 2559 2591 2609 tunc
2650 2555 3056 2612 diversabatur
3113 2555 3532 2627 Constinopoli.
3589 2561 3711 2610 An-

2053 2644 2181 2698 nuit
2211 2643 2311 2698 ille
2357 2644 2842 2716 vocationemque
2889 2643 3150 2700 admisit.
3205 2644 3381 2700 Varia
3411 2661 3618 2716 sparsa
3649 2644 3711 2699 in

2051 2730 2286 2803 vulgus,
2317 2748 2443 2803 quae
2477 2731 2614 2787 hinc
2643 2732 2700 2788 in
2749 2733 3108 2804 vituperium
3159 2733 3231 2788 de
3270 2733 3422 2805 ipso,
3455 2733 3617 2787 illinc
3649 2731 3711 2788 in

2051 2820 2290 2876 laudem
2340 2821 2706 2877 dicebantur.
2768 2822 2896 2878 Haec
2954 2822 3154 2878 omnia
3211 2822 3395 2878 serior
3436 2838 3710 2894 expensa.

2052 2912 2343 2965 Promotus
2387 2908 2485 2965 ille
2533 2911 2786 2981 denique
2831 2912 2982 2967 I27
3036 2912 3107 2966 ab
3155 2911 3486 2966 Andronico
3523 2913 3585 2966 in
3608 2928 3714 2983 pa-

2054 3000 2328 3066 triarcha,
2359 3015 2415 3055 se
2440 2999 2602 3071 pedes
2630 3003 2864 3056 contulit
2906 3000 2977 3055 ad
3020 3000 3277 3056 divinum
3325 3001 3591 3072 templum
3617 3001 3717 3056 die

2053 3089 2268 3144 decima
2316 3097 2514 3160 quarta
2565 3089 2856 3146 Octobris:
2905 3107 2971 3145 ac
3014 3091 3181 3162 paulo
3229 3095 3349 3162 post
3377 3090 3713 3146 estordina-

2053 3182 2160 3232 tus.
2195 3178 2324 3232 Haec
2373 3182 2574 3233 narrat
2620 3179 2819 3234 omnia
2870 3179 3252 3251 Pachymeres
3304 3179 3597 3252 capitibus
3625 3179 3713 3250 44,

2054 3266 2142 3333 42,
2178 3267 2264 3333 43,
2299 3267 2367 3321 44
2397 3271 2456 3322 et
2505 3268 2584 3321 l5.
2635 3271 2699 3322 In
2751 3267 2843 3322 his
2893 3267 3376 3324 altercationibus
3425 3267 3713 3340 disquisi-

2053 3355 2430 3426 tionibusque
2500 3355 2776 3411 Possinus
2851 3355 2978 3412 loco
3053 3357 3229 3412 citato
3285 3357 3545 3425 adnotat,
3606 3356 3714 3414 duo

2057 3453 2232 3499 tresve
2262 3460 2473 3499 menses
2519 3447 2695 3514 ﬂuere
2743 3444 3037 3501 debuisse.
3087 3445 3209 3500 Viri
3260 3446 3414 3501 docti
3446 3445 3716 3501 animad-

2053 3532 2380 3588 versionem
2429 3532 2742 3588 admittere
2791 3532 2999 3589 liceat:
3047 3550 3164 3605 qua
3208 3537 3407 3589 tamen
3438 3534 3496 3588 id
3530 3534 3714 3590 conﬁ-

2055 3621 2210 3676 citur
2258 3621 2520 3689 omnino,
2572 3621 2764 3694 Cyprii
2808 3622 3069 3695 Gregorii
3120 3623 3547 3679 abdicationem
3589 3641 3710 3679 non

2053 3710 2136 3765 ita
2162 3727 2297 3766 cum
2330 3710 2482 3766 Maio
2515 3711 2715 3766 Mense
2762 3716 2864 3766 aut
2907 3711 3084 3768 Junio
3133 3712 3348 3785 illigari
3379 3713 3611 3782 debere,
3645 3716 3712 3768 ut

2054 3800 2127 3855 ad
2151 3799 2350 3870 ipsum
2371 3799 2618 3854 Junium
2641 3801 3136 3866 desinentem,aut
3158 3800 3460 3857 ineuntem
3479 3801 3708 3857 Julium

2053 3887 2256 3944 referri
2287 3905 2403 3943 non
2453 3893 2648 3960 queat.
2702 3889 3105 3946 Abdicationis
3157 3905 3419 3946 mensem
3465 3890 3710 3946 deﬁnire

2053 3982 2250 4032 tamen
2276 3995 2394 4032 non
2427 3975 2584 4033 licet.

2125 4067 2360 4122 Diutius
2389 4066 2578 4122 vivere
2625 4068 2832 4140 Cyprio
2881 4068 3083 4124 datum
3116 4085 3230 4124 non
3265 4073 3394 4125 est:
3428 4072 3715 4141 Languore

2052 4172 2290 4227 namque
2345 4156 2561 4211 dierum
2615 4157 2918 4212 multorum
2973 4157 3292 4224 exhaustus,
3342 4157 3536 4214 verbis
3579 4166 3712 4214 utor

2053 4245 2429 4317 Pachymeris
2504 4247 2694 4317 capite
2767 4247 2856 4313 17,
2922 4254 2974 4302 et
3045 4249 3106 4302 ut
3186 4247 3410 4319 quidam
3466 4248 3712 4319 aiebant,

2054 4334 2392 4406 agritudine
2421 4335 2599 4389 animi
2644 4338 2939 4406 confectus,
3001 4336 3144 4407 quod
3199 4351 3270 4391 ea:
3313 4337 3452 4392 olim
3481 4341 3594 4392 tam
3618 4337 3716 4394 ho-

2053 4427 2270 4490 norato,
2317 4428 2436 4479 tnm
2477 4440 2537 4479 se
2588 4423 2748 4480 hodie
2803 4428 3182 4496 contemptum
3227 4429 3519 4487 cerneret;
3545 4428 3716 4497 paulo

2053 4517 2175 4582 post
2215 4514 2401 4568 vivere
2453 4512 2638 4568 desiit.
2696 4514 3000 4570 Infirmam
3050 4529 3407 4586 gravemque
3455 4515 3544 4571 sui
3580 4532 3712 4572 cor-

287 4577 350 4633 in
384 4577 808 4689 Ῑξλοηθοξίθνίυω
857 4579 1404 4689 Αηξῆίωίθλιαξθξδθ
1455 4576 1944 4689 ῃθίοιξξξδυηξο
1977 4625 2024 4689 D
2056 4601 2214 4673 poris
2245 4600 2652 4657 habitudinem
2700 4605 2952 4659 testatur
2998 4603 3124 4675 ipse
3153 4603 3214 4658 in
3244 4603 3378 4660 Vita
3407 4621 3536 4660 sua.
3564 4604 3716 4662 Vide

285 4667 424 4722 anni
457 4669 631 4723 modo
691 4666 1000 4722 memorati
1051 4683 1085 4721 a
1132 4665 1367 4721 Christo
1421 4670 1556 4720 nato
1608 4665 1754 4721 4289
1797 4665 1945 4721 acci-

286 4756 465 4813 disse.
530 4779 551 4806 ιυ
615 4757 678 4811 Id
738 4755 1000 4812 accidere
1059 4755 1344 4827 potuisse,
1406 4754 1610 4826 inquio
1663 4771 1806 4828 ego:
1841 4771 1942 4811 ne-

282 4862 396 4917 que
457 4849 654 4900 tamen
733 4845 1125 4917 posteriorum
1203 4843 1384 4899 alium
1463 4861 1725 4900 mensem
1787 4848 1943 4900 certo

281 4933 447 5005 rejici
480 4949 672 5006 posse,
723 4933 868 4990 satis
926 4934 1295 5005 patefacient,
1355 4949 1484 5006 quae
1537 4949 1672 4988 mox
1697 4933 1945 4989 dicenda

291 5026 452 5079 sunt.

359 5137 455 5193 VI.
489 5137 706 5194 Libello
737 5137 1124 5195 abdicationis
1166 5140 1323 5205 dato,
1372 5154 1430 5193 se
1459 5137 1673 5194 abdidit
1698 5139 1946 5210 Cyprius

289 5230 354 5283 in
403 5229 859 5285 monasteriolum
911 5228 1196 5295 Aristinae,
1242 5230 1565 5299 contiguum
1613 5230 1947 5285 monasterio

292 5318 482 5373 Sancti
533 5317 767 5375 Andreae
814 5319 875 5371 in
929 5318 1100 5388 Crisi,
1150 5319 1417 5372 viciniam
1462 5319 1522 5371 in
1579 5319 1710 5372 tatis
1740 5317 1948 5372 delectu

287 5409 394 5461 toci
419 5422 658 5479 sequens
705 5406 1145 5479 protovestiariz—e
1201 5406 1504 5474 Raulezna’,
1561 5408 1621 5462 in
1665 5423 1728 5460 eo
1757 5406 1951 5461 Sancti

288 5496 522 5552 Andreae
577 5497 908 5552 monasterio
958 5495 1243 5564 degentis:
1287 5513 1322 5550 a
1371 5513 1478 5566 qua
1522 5495 1811 5566 Gregorius
1861 5495 1947 5550 be—

289 5587 460 5655 nigne
485 5588 795 5656 fovebatur,
859 5586 1014 5657 large
1067 5585 1131 5640 de
1187 5602 1286 5642 suo
1333 5585 1789 5640 subministrante
1827 5599 1950 5654 qua:

297 5673 392 5734 illi
415 5691 549 5748 opus
579 5683 756 5734 erant.
804 5675 934 5734 Haec
981 5674 1370 5751 Pachymeres
1419 5678 1618 5732 narrat
1645 5674 1834 5754 capite
1858 5673 1948 5730 40.

2058 4695 2258 4747 notam
2290 4691 2382 4745 32.

2719 4780 2949 4836 CAPUT
2988 4781 3054 4836 X.

2054 4892 2277 4944 Error-es
2321 4886 2636 4960 Grecorum
2691 4889 2840 4942 varii
2858 4887 2924 4942 de
2944 4889 3292 4958 processione
3319 4890 3560 4960 Spiritus
3587 4905 3715 4944 san-

2125 4961 2200 5015 cti
2254 4959 2853 5032 simulicolliguntur:
2909 4975 2974 5014 ac
3010 4961 3228 5032 primo,
3280 4959 3552 5032 Spiritum
3578 4977 3716 5015 san-

2125 5039 2272 5086 ctum
2297 5047 2397 5102 per
2423 5031 2630 5086 Filium
2671 5046 2783 5102 non
2828 5030 3115 5100 procedere
3160 5047 3230 5086 ea:
3266 5030 3449 5088 Patre.
3481 5033 3718 5088 Aiebant

2127 5104 2251 5170 alii,
2299 5101 2371 5156 in
2443 5102 2688 5170 ejusdem
2718 5101 2961 5172 Spiritus
3016 5105 3364 5174 processione
3427 5119 3497 5158 ea:
3551 5105 3718 5160 Patre

2126 5175 2548 5228 instrumentale
2577 5175 2958 5228 ministerium
3000 5175 3246 5244 praebere
3285 5176 3520 5231 Filium.
3555 5177 3714 5231 Prae-

2126 5246 2390 5314 positioni
2422 5261 2548 5317 per,
2599 5245 2836 5317 originis
2865 5244 3138 5316 ordinem,
3215 5261 3280 5300 ac
3307 5263 3540 5317 "omnem
3593 5246 3717 5317 efﬁ-

2127 5319 2391 5371 cientiam
2419 5315 2643 5386 quidam
2698 5315 3045 5385 denegantes,
3123 5315 3411 5388 procedere
3467 5315 3720 5373 sanctum

2129 5388 2406 5459 Spiritum
2425 5402 2522 5458 per
2546 5388 2773 5453 Filium,
2818 5388 3046 5459 perinde
3069 5458 3072 5459 ν
3095 5405 3213 5443 esse
3261 5388 3625 5458 afﬁrmabant
3653 5404 3719 5444 ac

2124 5458 2418 5532 procedere
2447 5474 2576 5513 cum
2629 5459 2770 5514 Filio
2796 5458 2824 5513 :'
2850 5458 3075 5532 Gabriel
3121 5459 3355 5515 Severus
3407 5463 3715 5532 refutatur.

2130 5531 2501 5599 Efficientiam
2529 5532 2826 5600 Gregorius
2860 5530 3096 5603 Cyprius
3123 5530 3510 5603 praepositioni
3554 5534 3717 5588 resti-

2130 5610 2310 5670 tuens,
2337 5618 2459 5656 eam
2498 5602 2768 5674 referebat
2791 5603 2862 5657 ad
2891 5602 3188 5674 quamdam
3214 5602 3491 5674 Spiritus
3535 5606 3718 5660 sancti

2128 5675 2400 5732 aeternam
2425 5673 3014 5751 exsplendescentiam,
3062 5691 3095 5731 a
3130 5673 3336 5732 Deitate
3364 5673 3715 5736 distinctam.
