4090 6440
286 359 404 419 133

1522 361 1732 424 VITA.
1765 395 1843 405 —
1872 359 2396 426 DISSERTATIO
2441 366 2489 426 Ι.

3596 373 3711 433 134

349 491 903 575 Frequentiorerror
929 495 1027 575 est,
1057 492 1339 575 Spiritum
1375 497 1638 575 sanctum
1676 493 1822 550 sumi
1846 509 1946 565 pro
1976 494 2032 560 Α
2061 492 2237 550 homo
2269 512 2402 550 cum
2462 501 2636 565 esset,
2691 499 2928 554 nonnisi
2975 514 3214 558 erroneo
3272 502 3466 575 aliquo
3528 521 3706 562 sensu

356 563 663 635 largitione
717 565 1013 635 temporali
1063 563 1368 621 donorum:
1418 570 1472 620 et
1528 565 1668 621 hanc
1726 563 1859 622 esse
1877 583 1946 620 ea:

357 634 517 708 Filio,
551 639 605 689 et
631 651 736 706 per
761 634 990 704 Filium,
1023 638 1186 692 sicuti
1214 653 1250 692 a
1278 639 1468 705 Patre,
1501 654 1565 692 ac
1602 639 1718 708 ipso
1774 638 1946 692 etiam

361 705 811 780 Spiritu_sancto.
845 708 974 762 Acta
1001 709 1277 764 nonnulla
1305 709 1367 762 in
1404 705 1725 765 Florentino
1778 725 1942 780 syno-

362 776 449 846 do,
477 793 542 834 ac
563 778 856 834 Decretum
883 780 1126 836 unionis.

363 938 410 991 1.
467 936 876 994 Dissertationi
937 943 1168 1007 nostrae,
1245 939 1459 1010 partim
1517 939 1828 1011 historicas,
1877 957 1943 996 ac

292 1023 500 1096 partim
533 1025 898 1098 dogmaticas,
931 1026 1109 1082 simul
1140 1025 1400 1084 collectis
1431 1028 1764 1084 Graecorum
1788 1045 1945 1085 com-

291 1115 498 1170 mentis
554 1115 628 1169 de
683 1114 907 1186 Spiritu
950 1117 1135 1171 sancti
1195 1117 1589 1188 processione,
1653 1135 1719 1174 ac
1761 1117 1940 1173 veluti

286 1202 390 1258 sub
413 1219 534 1259 uno
573 1204 1006 1288 repraesentatis
1033 1204 1272 1274 intuitu,
1327 1204 1503 1261 ﬁnem
1555 1206 1938 1278 imponimus,

280 1279 828 1348 Animadversione'
871 1293 1290 1367 dignissimum
1342 1297 1563 1351 occurit
1619 1297 1943 1352 Arseniano-

279 1397 401 1435 ram
434 1379 803 1452 postulatum
836 1380 1006 1448 illud,
1037 1383 1190 1452 quod
1225 1382 1379 1438 inter
1437 1383 1554 1438 alia
1609 1385 1788 1440 refert
1832 1387 1939 1440 Pa-

277 1467 589 1540 cbymeres
619 1467 862 1532 libron,
897 1487 1052 1543 sape
1108 1470 1282 1526 citato
1342 1472 1402 1526 in
1460 1473 1794 1529 Andronico
1844 1490 1940 1529 ca-

275 1557 398 1627 pite
455 1557 562 1612 42:
625 1556 862 1619 Ἀθετεῖν
923 1553 981 1611 δὲ
1036 1556 1125 1611 καὶ
1197 1555 1378 1634 δόγμα
1431 1566 1532 1628 τῆς
1594 1559 1938 1633 Ἐκκλησίας,

277 1645 435 1701 128
492 1642 556 1698 τὸ
612 1641 700 1698 διὰ
755 1649 855 1699 τοῦ
912 1645 1041 1699 Υὶοῦ
1099 1644 1159 1700 ἐκ
1226 1647 1445 1724 Πατρὸς
1535 1647 1936 1724 ἐκπορεύεσθαι·

277 1735 503 1790 aboleri
559 1734 759 1804 dogma
816 1736 1088 1807 Ecclesiae,
1151 1753 1255 1809 quo
1307 1741 1532 1794 sanctus
1581 1739 1820 1810 Spiritus
1874 1757 1944 1796 ea:

2057 583 2255 652 dogma
2284 585 2426 639 illud
2472 585 2730 642 Ecclesiae
2783 588 3162 661 intelligebat.
3214 592 3380 647 Hunc
3434 596 3710 666 patefacit

2051 671 2309 728 Joannes
2339 679 2575 746 Bcccus,
2607 674 2758 732 libro
2794 695 2869 744 1v,
2912 679 2983 733 ad
3038 682 3504 753 Constantinum,
3538 702 3597 740 n.
3631 687 3702 741 3:

2055 783 2083 811 «
2146 762 2480 820 Adversarii
2533 782 2704 836 posse
2760 766 3057 838 inquiunt,
3116 775 3173 824 et
3226 772 3475 838 exFilio,
3506 778 3562 828 et
3604 791 3707 846 per

2051 851 2265 906 Filium
2332 853 2771 924 processionem
2857 856 2993 924 dici,
3075 863 3253 929 atque
3335 860 3705 919 existentiam

2053 940 2308 1011 Spiritus
2339 943 2590 1013 sancti);
2626 945 2725 998 sed
2759 961 2824 1000 eo
2883 945 3216 1016 significatu
3272 948 3407 1002 κατὰ
3462 949 3525 1004 τὸ
3584 947 3707 1021 διή-

2051 1048 2161 1081 κειν
2197 1025 2286 1082 διὰ
2315 1033 2412 1083 τοῦ
2438 1030 2587 1097 Υἱοῢ,
2621 1032 2790 1104 quasi
2816 1039 3162 1104 pertranseat
3188 1053 3288 1107 per
3331 1040 3554 1095 Filium.
3587 1041 3707 1100 Hu-

2047 1118 2216 1186 jusce
2245 1119 2401 1174 enim
2433 1136 2668 1192 quoque
2697 1121 2973 1178 dictionis
3004 1123 3348 1183 formatores
3393 1135 3551 1200 sunt,
3585 1146 3702 1189 non

2052 1208 2208 1280 quod
2237 1207 2418 1264 Filius
2447 1226 2571 1265 cum
2600 1211 2775 1266 Patre
2801 1213 3033 1268 uniatur
3061 1215 3122 1269 in
3162 1213 3341 1272 Causa
3390 1217 3704 1289 Spiritus...

2052 1297 2152 1351 sed
2187 1296 2396 1353 Filium
2429 1315 2462 1352 a
2496 1299 2660 1354 Patre
2686 1306 3044 1372 separantes,
3093 1304 3243 1360 129
3305 1322 3377 1361 ne
3434 1309 3706 1368 videlicet

2049 1385 2236 1453 Pater,
2297 1387 2347 1438 et
2401 1385 2576 1439 Filius
2623 1391 2966 1457 reputentur
3027 1389 3153 1446 duae
3217 1408 3408 1450 causae
3438 1394 3701 1468 Spiritus,

2051 1473 2207 1544 quod
2237 1472 2434 1529 nullus
2462 1491 2721 1545 unquam
2754 1477 2986 1547 pietatis
3015 1495 3210 1535 sermo
3262 1483 3537 1554 admisit;
3577 1503 3703 1544 ma-

2051 1563 2243 1617 litiose
2269 1561 2467 1631 nimis,
2510 1567 2563 1618 et
2590 1564 2908 1620 admodum
2933 1567 3114 1640 impie
3151 1568 3281 1640 hoc,
3335 1578 3700 1650 pertransire,

2050 1650 2446 1717 elformantes,
2479 1651 2536 1706 in
2570 1653 2970 1710 Arianismum
3010 1656 3271 1714 infelices
3328 1664 3696 1736 praecipitan-

2049 1743 2182 1795 tur:
2245 1741 2334 1811 (ac
2377 1740 2450 1808 si)
2505 1743 2686 1797 Filius
2742 1759 2840 1814 per
2891 1744 3021 1813 hoc,
3076 1751 3441 1818 pertransire,
3494 1756 3698 1811 existi-

278 1826 453 1878 Patre
477 1824 778 1896 procedere
803 1841 906 1896 per
931 1825 1140 1880 Filium
1160 1826 1508 1882 affirmatur.
1535 1829 1690 1884 Adeo
1720 1827 1944 1884 scilicet
1971 1865 2018 1930 B
2051 1833 2244 1883 metur
2297 1828 2355 1883 in
2407 1832 2775 1901 processione
2857 1833 3128 1905 Spiritus,
3201 1838 3528 1897 administer
3583 1846 3699 1902 Pa-

278 1927 483 1968 vocem
567 1929 642 1968 ex
749 1917 808 1968 et
905 1929 1007 1985 per
1071 1913 1506 1987 aequipollentia
1578 1913 2171 1985 vexabantur"tris,
2229 1925 2329 1972 aut
2376 1920 2812 1977 instrumentum
2877 1924 3074 1980 servile
3155 1925 3308 1992 (sine
3387 1947 3522 1988 vera
3573 1934 3704 1989 efﬁ-

281 2001 466 2057 Graci
495 2002 896 2071 adversantes,
934 2006 999 2058 ut
1053 2003 1487 2074 processionem
1520 2005 1774 2077 Spiritus
1802 2023 1939 2062 san-

281 2090 380 2158 cti,
443 2108 517 2146 ne
573 2095 925 2163 cogerentur
980 2107 1052 2148 eae
1123 2094 1265 2148 Filio
1345 2093 1533 2163 fateri,
1621 2095 1798 2151 etiam
1841 2112 1943 2168 per

279 2181 490 2234 Filium
537 2180 933 2236 audacissime
999 2180 1246 2237 inﬁciati
1304 2186 1442 2238 sunt
1500 2183 1764 2255 ipsorum
1824 2202 1940 2240 non

284 2268 481 2341 pauci

351 2358 581 2414 Novum
604 2376 721 2414 non
752 2364 878 2415 erat
905 2364 1308 2416 commentum
1341 2361 1412 2416 ab
1469 2364 1792 2418 Arsenianis
1844 2380 1942 2419 ex-

283 2447 632 2520 cogitatum,
665 2449 764 2504 sed
780 2450 909 2520 jam
941 2449 1165 2505 dudum
1197 2449 1268 2504 ab
1313 2451 1650 2508 errantibus
1708 2469 1940 2509 cusum.

283 2536 426 2592 Rem
484 2537 654 2593 docet
727 2537 1091 2610 Nicephorus
1177 2537 1502 2594 Blemmida
1565 2540 1626 2594 in
1684 2541 1944 2597 oratione

281 2625 481 2682 oblata
532 2626 840 2682 Theodoro
899 2627 1073 2682 Ducas
1125 2627 1382 2696 Lascari,
1452 2629 1554 2700 qui
1612 2629 1944 2686 Grecorum

276 2713 598 2787 imperium
630 2731 784 2771 anno
817 2716 958 2770 1255
987 2717 1314 2788 assumpsit
1363 2717 1566 2773 Nicaeae
1628 2718 1689 2773 in
1742 2719 1945 2792 Bithy-

277 2805 399 2860 nia.
435 2808 672 2860 Prostat
695 2821 764 2860 ea
793 2805 950 2876 apud
981 2805 1261 2861 Allatium
1293 2807 1350 2860 in
1376 2806 1585 2863 Graecia
1614 2807 1940 2865 orthodoxa.

276 2898 444 2950 tomo
476 2895 518 2949 Ι.
557 2894 681 2948 Haec
722 2893 903 2950 habet
957 2892 1085 2960 ille,
1145 2911 1311 2950 num.
1339 2899 1410 2951 2:
1447 2918 1476 2946 ‹‹
1510 2895 1704 2970 Καιρὸς
1765 2893 1822 2951 δὲ
1880 2895 1942 2951 οὐ

279 2980 477 3053 πολὺς,
541 2999 660 3038 11011
728 2982 829 3038 diu
878 2987 988 3052 est,
1041 3001 1110 3039 ex
1140 3000 1255 3056 quo
1287 2984 1554 3040 nonnulli
1586 2986 1830 3042 ridicule
1862 2987 1944 3042 di-

285 3088 439 3142 cam,
468 3089 539 3127 an
575 3072 941 3128 misserrime
973 3073 1181 3142 affecti,
1214 3073 1357 3129 dum
1396 3073 1610 3130 vellent
1631 3075 1945 3147 penituseac

292 3162 432 3215 Filio
450 3160 669 3228 tollere,
704 3178 823 3217 una
854 3178 989 3216 cum
1019 3178 1085 3218 eo
1127 3163 1495 3218 sustulerunt
1549 3179 1648 3235 per
1697 3166 1938 3221 Filium:

297 3253 355 3304 et
383 3252 674 3306 tantorum
709 3250 948 3306 Patrum
973 3251 1346 3319 documenta,
1399 3251 1448 3308 si
1480 3269 1598 3325 qua
1654 3254 1942 3325 captionis

303 3338 545 3394 dabatur
574 3355 742 3404 ansa,
775 3343 1180 3410 perverterunt
1203 3341 1299 3413 (ad
1329 3339 1716 3414 temporalem
1767 3343 1946 3415 largi-

288 3427 502 3484 tionem
543 3427 975 3485 charismatum
1005 3431 1208 3486 eedem
1239 3430 1614 3502 referentes);
1665 3432 1757 3488 sin
1812 3451 1948 3491 vero

281 3516 448 3574 nulla
477 3517 816 3590 apparebat,
848 3521 977 3574 tum
1008 3518 1128 3588 illa,
1164 3535 1291 3591 quae
1351 3536 1487 3575 cum
1547 3519 1752 3577 multis
1815 3521 1948 3579 aliis

283 3620 402 3662 non
433 3607 817 3662 convenirent
839 3611 965 3672 (aut
991 3624 1104 3663 non
1137 3607 1445 3664 convenire
1492 3608 1638 3681 ipsis
1669 3610 1946 3668 videban-

278 3698 427 3765 tur),
460 3696 811 3766 rejecerunt.
846 3717 876 3746 »

354 3785 718 3856 Bejiciebant
747 3801 884 3858 ergo
915 3802 984 3841 ea
1011 3786 1250 3842 Patrum
1309 3787 1680 3844 documenta.
1729 3788 1787 3844 in
1822 3790 1949 3862 qui-

274 3874 396 3929 bus
459 3874 532 3928 ab
593 3879 826 3940 eterna,
887 3891 954 3930 ac
1013 3875 1409 3947 substantiali,
1476 3881 1534 3931 et
1581 3876 1948 3948 hypostatica

268 3962 473 4019 sancti
506 3962 763 4034 Spiritus
796 3964 1164 4035 processione
1197 3963 1356 4020 nullo
1388 3964 1585 4020 divelli
1635 3969 1808 4023 modo
1842 3985 1944 4040 po-

267 4055 477 4108 terant
551 4067 721 4106 voces
779 4047 868 4104 διά
919 4049 1048 4104 Υἱοῦ
1097 4070 1201 4124 per
1259 4053 1498 4110 Filium.
1533 4054 1946 4113 Commentum

269 4141 463 4211 istud,
517 4139 682 4196 Becci
708 4143 765 4196 et
819 4139 1009 4214 Cyprii
1059 4142 1548 4213 patriarcharum,
1622 4145 1943 4203 Andronici

271 4229 527 4302 Augusti
579 4233 861 4302 tempore,
915 4230 1325 4286 instaurarunt
1360 4234 1682 4304 Arseniani,
1739 4239 1941 4306 postu-

269 4318 469 4375 lantes
503 4322 568 4373 ut
595 4319 839 4392 Spiritus
866 4321 1048 4375 sancti
1075 4337 1148 4375 ex
1175 4321 1348 4376 Patre
1372 4323 1650 4392 processio
1695 4340 1798 4393 per
1847 4326 1940 4380 Ft-

272 4407 419 4462 lium
461 4406 833 4464 aboleretur:
895 4425 1074 4478 quam
1107 4408 1330 4465 scilicet
1359 4410 1672 4482 perspicua
1702 4411 1940 4469 Patrum

270 4496 550 4552 Ecclesiae
591 4495 799 4552 Graecae
841 4497 1181 4554 testimonia
1231 4498 1490 4566 ﬁrmant,
1543 4501 1775 4558 Joannis
1828 4503 1938 4558 Da-

2051 2005 2306 2076 cientis).

2121 2094 2185 2150 In
2216 2095 2367 2150 hanc
2431 2099 2725 2168 quomodo
2782 2099 2962 2156 Graeci
3023 2102 3399 2162 adversantes
3445 2110 3703 2184 prolapsi

2051 2183 2266 2239 fuerint
2295 2184 2679 2256 impietatem,
2713 2188 3052 2261 diligentius
3081 2193 3352 2264 explanat
3389 2183 3701 2258 Beccusiin

2052 2273 2412 2329 Testamento.
2457 2275 2946 2348 Interpretatione
2994 2280 3222 2337 Possini
3280 2290 3698 2364 praetermissa,

2052 2362 2343 2435 pressiore
2372 2364 2678 2436 magisque
2707 2365 2945 2423 litterali
2978 2377 3112 2426 utor
3139 2388 3207 2428 ea
3236 2390 3414 2445 quam
3446 2379 3518 2434 ab
3549 2362 3703 2437 Alla-

2052 2451 2131 2506 tio
2154 2451 2496 2507 adornatam
2529 2453 2706 2509 refert
2736 2455 3068 2528 Raynaldus
3129 2461 3200 2515 ad
3253 2479 3479 2522 annum
3535 2469 3700 2539 1285,

2054 2557 2118 2594 ac
2147 2540 2274 2611 ipse
2301 2539 2551 2596 Allatius
2583 2542 2841 2614 vulgavit
2879 2544 3030 2602 libro
3064 2565 3104 2602 n
3133 2550 3208 2605 De
3261 2558 3529 2625 perpetua
3566 2575 3702 2615 con-

2050 2631 2300 2685 sensione
2344 2631 2600 2688 Ecclesiae
2657 2631 3019 2691 Occidentalis
3065 2641 3119 2692 et
3175 2639 3477 2699 Orientalis
3525 2651 3706 2721 eapite

2054 2719 2140 2784 15,
2174 2735 2339 2774 num.
2371 2721 2427 2785 8,
2487 2724 2543 2774 et
2599 2723 2810 2778 tomoI
2870 2723 3105 2782 Graeciae
3152 2729 3520 2790 Orthodoxw:
3555 2719 3704 2792 «7111i

2054 2807 2289 2879 quippe,
2325 2809 2426 2880 qui
2459 2826 2492 2864 a
2521 2809 2958 2882 Scripturarum
2997 2816 3264 2873 examine
3313 2829 3709 2892 angustantur

2053 2901 2344 2967 coguntur
2381 2913 2483 2966 per
2535 2899 2748 2954 Filium
2785 2905 3188 2971 processionem
3245 2907 3538 2968 afﬁrmare
3596 2919 3703 2970 Pa-

2050 2989 2208 3040 trum
2240 3001 2367 3041 esse
2399 2987 2790 3044 sententiam:
2841 3007 2946 3046 nec
3003 2998 3155 3048 recte
3213 2995 3273 3051 in
3329 3004 3708 3070 processionis

2053 3072 2365 3146 ὁμωνυμίᾳ,
2424 3077 2778 3149 homonymia
2843 3081 3231 3151 ambulantes,
3295 3104 3330 3141 a
3385 3088 3708 3163 Scripturis

2053 3164 2276 3233 arctati,
2321 3166 2722 3237 hypostatieam
2775 3170 2960 3225 Patris
3024 3176 3414 3243 proprietatem
3473 3180 3714 3238 edicunt

2057 3251 2180 3316 (seu
2208 3253 2526 3328 declarant)
2553 3260 2955 3327 processionem
2987 3260 3143 3332 (cum
3202 3264 3340 3322 talis
3391 3284 3460 3324 ea
3516 3274 3714 3328 tamen

2059 3358 2175 3397 non
2198 3343 2314 3414 sit).
2374 3347 2580 3416 Itaque
2635 3363 2704 3402 ea:
2758 3348 2870 3404 solo
2910 3350 3074 3406 Patre
3105 3351 3496 3414 inverecunde
3527 3359 3708 3417 nimis

2058 3437 2410 3500 asserentes,
2445 3433 2718 3505 Spiritum
2748 3430 2893 3511 ἔχειν
2927 3439 3026 3507 τὴν
3056 3438 3298 3517 ὕπαρξιν,
3330 3447 3710 3506 exsistentiam

2057 3519 2273 3588 dabere,
2309 3524 2468 3578 omni
2497 3527 2834 3583 necessariae
2877 3528 3399 3591 demonstrationis
3455 3537 3510 3592 vi
3575 3556 3712 3596 con-

2056 3613 2148 3665 tra
2177 3612 2354 3682 ipsam
2375 3616 2773 3683 processionem
2804 3615 3002 3688 (quam
3023 3623 3334 3694 caeteroqui
3363 3641 3464 3697 per
3505 3629 3710 3686 Filium

2056 3698 2360 3770 fatentur).
2427 3702 2900 3776 redarguuntur;
2956 3723 3090 3764 cum
3144 3710 3300 3766 idem
3371 3714 3448 3771 sit
3500 3716 3711 3774 dicere.

2055 3791 2455 3861 emsistentiam,
2516 3809 2714 3863 quam,
2768 3799 2832 3849 ut
2889 3795 3001 3867 ipsi
3059 3798 3246 3868 aiunt,
3304 3819 3375 3857 ea:
3401 3804 3515 3860 solo
3545 3807 3712 3862 Patre

2055 3876 2223 3933 habet
2241 3881 2480 3950 Spiritus
2523 3887 2766 3950 sanctus,
2831 3881 3130 3958 ὀργανικῶς
3187 3885 3376 3958 διῆκον
3437 3889 3525 3946 διὰ
3579 3894 3709 3949 Υἱοῦ

2053 3967 2554 4024 instrumentaliter
2583 3973 2826 4027 transire
2851 3990 2953 4044 per
2989 3977 3216 4044 Filium,
3251 3987 3330 4035 Ac
3389 3982 3566 4038 etiam
3619 4001 3711 4040 re-

2055 4055 2445 4130 darguuntur)
2500 4060 2693 4116 verbis
2751 4065 2981 4118 tantum
3040 4067 3216 4122 nudis
3254 4073 3539 4141 prepriam
3567 4074 3703 4129 Filii

2053 4145 2406 4202 constituere
2439 4148 2721 4220 Spiritum
2754 4157 3049 4222 sanctum,
3081 4172 3142 4210 re
3164 4159 3361 4213 tamen
3392 4176 3524 4216 vera
3556 4163 3706 4218 alie-

2050 4251 2185 4289 num
2213 4235 2280 4290 ab
2309 4237 2460 4306 ipso:
2494 4253 2628 4293 cum
2659 4239 2821 4295 nulla
2850 4242 3027 4298 fuerit
3076 4245 3246 4311 ratio,
3280 4263 3410 4318 quae
3454 4250 3703 4308 suadere

2049 4323 2256 4394 valeat,
2314 4328 2604 4397 proprium
2651 4344 2765 4384 esse
2810 4331 2947 4386 Filii
2998 4332 3138 4404 quod
3195 4351 3266 4389 ea:
3293 4338 3410 4408 ipso
3457 4355 3570 4394 non
3597 4349 3698 4412 est,

2049 4416 2147 4468 aut
2204 4431 2302 4485 per
2356 4417 2539 4487 ipsum
2601 4421 2887 4489 propriam
2939 4424 3317 4480 exsistentiam
3381 4442 3492 4483 non
3538 4429 3701 4486 habet

2049 4504 2179 4574 (nec
2233 4503 2392 4558 enim
2477 4505 2869 4565 instrumento
2929 4510 3211 4568 tribuitur
3281 4515 3543 4586 effectus,
3594 4519 3697 4576 sed

267 4587 548 4653 masceni,
582 4586 768 4641 sancti
810 4587 1044 4644 Maximi
1099 4589 1394 4659 martyris,
1455 4589 1665 4646 Tarasii
1691 4593 1941 4662 patriar-
1970 4597 2018 4662 Ι)
2049 4593 2284 4663 causae).
2344 4592 2476 4648 Haec
2528 4594 2724 4667 itaque
2781 4598 2896 4654 duo
2953 4600 3210 4657 absurda
3240 4619 3306 4657 ac
3328 4603 3512 4676 impia
3543 4606 3701 4664 dicta

265 4677 393 4733 chae
418 4675 1044 4746 Constantinopolitani,
1097 4675 1346 4748 Gregorii
1408 4678 1772 4746 Nazianzeni,
1821 4683 1929 4753 Cy-

264 4765 394 4819 rillt
454 4764 852 4835 Alexandrini,
924 4768 1164 4822 auctoris
1215 4769 1565 4838 refutationis
1625 4768 1937 4841 hypocrisis

263 4853 508 4919 Meletii,
539 4860 592 4908 et
616 4855 850 4910 Eusebii
880 4855 1294 4912 Samosatensis.
1332 4857 1530 4913 Patres
1551 4857 1718 4929 istos,
1739 4875 1943 4931 quam-

264 4942 553 5012 piurimis
579 4943 996 5015 prmtermissis
1026 4944 1202 5012 alliis,
1237 4946 1376 5000 data
1405 4962 1474 5001 ex
1521 4946 1777 5004 Historia
1831 4949 1941 5005 Pa-

265 5030 572 5104 chymeris
633 5031 974 5100 occasione,
1049 5033 1453 5104 superioribus
1530 5034 1590 5089 in
1650 5036 1940 5108 capitibus

263 5119 676 5189 laudavimus,
710 5137 1031 5194 eorumque
1063 5122 1384 5178 sententias
1442 5125 1824 5196 exposuimus
1881 5130 1940 5182 et

261 5209 565 5266 vindicavi
575 5226 730 5264 mus.
1351 5279 1360 5292 ⁸

337 5298 410 5354 ΙΙ.
493 5299 863 5355 Postulatum
921 5300 1355 5356 Arsenianorum
1408 5301 1662 5357 referens
1715 5302 1934 5376 Pachy-

265 5403 481 5455 meres,
520 5386 654 5443 illos
685 5386 768 5443 ait
793 5387 1152 5460 postulasse,
1185 5394 1250 5444 ut
1275 5391 1486 5458 Dogma
1515 5391 1770 5447 Ecclesia
1801 5393 1938 5449 abo-

261 5473 515 5533 leretur.
552 5478 656 5533 Pro
681 5477 937 5547 dogmate
967 5477 1152 5550 igitur
1194 5480 1424 5534 Ectesiw
1483 5479 1738 5536 habebat
1793 5499 1935 5537 san-

263 5566 341 5621 cti
375 5566 642 5640 Spiritus
681 5565 1124 5640 processionem
1175 5566 1258 5623 ita
1315 5566 1694 5636 intellectam,
1755 5575 1820 5626 ut
1865 5587 1936 5628 ex

263 5659 435 5716 Patre
460 5656 790 5717 Procederet
818 5655 945 5731 ipse
980 5672 1087 5732 per
1112 5657 1338 5716 Filium.
1395 5659 1468 5718 At
1520 5658 1934 5723 schismaticus

2041 4682 2268 4755 (sunt):
2328 4684 2752 4740 Instrumentali
2817 4689 2976 4742 Patri
3031 4691 3408 4748 ministerium
3446 4695 3583 4750 Filii
3635 4696 3698 4752 in

2039 4773 2388 4842 processione
2423 4773 2684 4842 Spiritus,
2743 4773 3026 4848 Ὁργανική
3100 4776 3365 4853 ὑπηρεσία
3412 4785 3509 4835 τοῦ
3569 4783 3698 4838 Υἱοῦ

2048 4863 2128 4931 τῷ
2184 4857 2379 4930 Ιιατρί,
2440 4867 2496 4915 et
2551 4862 2791 4932 Spiritus
2855 4882 2886 4919 a
2948 4867 3090 4922 Filio
3147 4869 3482 4927 alienatio.»
3549 4873 3701 4930 Sunt

2051 4949 2207 5005 enim
2238 4950 2450 5004 Ariana
2483 4957 2834 5008 commenta.

2119 5043 2288 5094 Hunc
2318 5038 2379 5093 in
2409 5055 2663 5094 errorem
2697 5040 3015 5114 impegisse
3046 5043 3392 5119 Gregorium
3423 5051 3695 5122 Cyprium

2049 5127 2149 5198 qui
2215 5127 2562 5183 Damasceni
2623 5133 2842 5186 textum
2891 5135 3183 5203 quomodo
3233 5136 3468 5194 eludere
3524 5155 3697 5196 cona-

2047 5216 2238 5285 batur,
2274 5215 2475 5272 nullus
2505 5218 2730 5274 dubito.
2764 5221 2902 5291 Ejus
2931 5223 3087 5277 enim
3139 5226 3312 5282 verba
3343 5226 3479 5284 illa:
3531 5229 3696 5286 Pater

2045 5310 2126 5361 est
2150 5322 2251 5378 per
2306 5306 2530 5361 verbum
2581 5309 2886 5378 productor
2915 5310 3153 5383 Spiritus
3182 5317 3553 5373 enuntiatorii
3597 5324 3696 5376 aut

2047 5397 2474 5466 manifestantis,
2533 5395 2614 5451 ita
2671 5399 2995 5469 exponebat
3053 5402 3113 5456 in
3163 5406 3363 5471 tomo;
3400 5409 3464 5460 ut
3495 5406 3693 5464 Patres

2044 5484 2350 5540 docuerint
2381 5484 2650 5554 Spiritum
2667 5503 2770 5560 per
2797 5488 3080 5561 Filiam,et
3107 5494 3330 5550 emF-ilio
3358 5497 3696 5553 naturaliter

2041 5575 2336 5641 exsistere;
2432 5589 2544 5628 non
2622 5575 2754 5632 item
2799 5592 2898 5648 per
2964 5579 3192 5647 Filium,
3261 5585 3311 5636 et
3397 5597 3467 5637 ea
3546 5584 3691 5642 Filio

2041 5662 2424 5721 exsistentiam
2479 5661 2696 5722 habere.
2755 5665 3039 5741 Negabat,
3094 5668 3380 5744 Spiritum
3417 5675 3690 5741 sanctum
