4090 6438
393 350 512 410 135
1427 347 1747 409 GEORGII
1791 345 2056 409 CYPRII
2099 346 2220 409 GP.
2269 349 2795 410 PATRIARCHE
3698 352 3814 415 1%

387 499 494 558 per
522 481 757 550 Filium,
791 484 849 536 et
878 497 949 536 ex
977 479 1120 535 Filio
1179 481 1561 537 exsistentiam
1618 483 1843 552 habere,
1903 481 2041 554 quia
2070 481 2128 549 Α
2157 481 2481 538 maximum
2510 500 2524 549 ;
2558 482 2782 539 scilicet
2821 483 3028 539 Filium
3084 499 3296 557 quoque
3336 484 3646 557 procedere.
3681 485 3812 543 Ete-

386 573 614 630 nullam
644 572 704 627 in
739 570 882 627 Filio
911 571 1030 626 vim
1063 571 1359 626 fatebatur
1388 571 1640 626 activam
1679 573 1752 626 ad
1807 575 2040 627 exstan-
2150 572 2274 626 nim
2306 571 2354 626 si
2385 589 2511 626 cum
2546 573 2694 628 Filio
2747 573 3008 644 procedit
3063 573 3318 645 Spiritus
3360 578 3628 643 sanctus,
3687 575 3813 630 fieri

384 663 530 718 tiam
560 659 813 733 Spiritus
843 659 1032 714 sancti
1058 675 1072 714 :
1106 659 1208 714 sed
1239 658 1398 714 hunc
1420 663 1620 715 tamen
1655 676 1723 715 ex
1756 659 1896 715 Filio
1926 675 2041 715 esse
2148 663 2374 731 nequit,
2400 664 2466 714 ut
2494 660 2675 716 Filius
2708 677 2938 733 quoque
2988 662 3309 733 procedens
3357 680 3473 718 non
3496 663 3596 731 sit,
3629 667 3687 719 et
3715 664 3813 719 di-

385 756 442 806 et
466 767 567 823 per
593 750 798 805 Filium
835 748 1049 814 aiebat,
1080 748 1220 820 quia
1281 749 1458 803 Filius
1490 751 1646 804 130
1678 749 2037 804 instrumen-
2147 755 2314 803 catur
2340 749 2563 805 :veluti
2597 750 2644 805 si
2705 751 2838 822 quis
2887 752 3092 807 Filium
3143 755 3400 822 generari
3427 770 3554 808 cum
3589 754 3813 824 Spiritu.

385 839 501 896 tale
530 839 828 911 quoddam
861 838 920 892 in
951 837 1217 908 ejusdem
1242 838 1613 909 processione
1639 837 2036 893 ministerium
2147 839 2383 893 diceret.
2418 838 2695 910 Spiritum
2723 840 2907 910 ipsum
2930 843 3205 914 generari
3231 846 3290 897 et
3319 841 3569 914 intelligi
3605 848 3661 898 et
3693 843 3811 898 dici

383 929 640 1001 praebere
671 927 1009 993 dicebatur;
1042 943 1108 982 ac
1137 927 1185 982 si
1227 944 1328 999 per
1347 927 1545 999 ipsum
1564 926 2040 998 virtusspirativa
2146 927 2538 983 conﬁrmaret.
2573 948 2601 978 »
2659 927 2791 983 Vim
2863 930 3335 1001 praepositionem
3405 931 3656 986 duarum
3719 927 3811 984 διὰ

383 1020 572 1074 Patris
628 1016 923 1072 transiret.
982 1019 1102 1072 Hoc
1159 1015 1305 1070 illud
1364 1016 1622 1073 Ecclesiae
1657 1017 1876 1088 dogma,
1919 1016 2036 1071 imo

383 1111 785 1163 commentum
815 1105 1110 1176 iniquum,
1146 1104 1291 1159 mihi
1324 1105 1576 1171 videtur,
1609 1105 1766 1178 quod
1820 1104 2035 1177 Pachy-

381 1211 571 1251 meres
602 1194 662 1250 in
712 1195 1058 1266 processione
1111 1197 1325 1251 aeterna
1369 1210 1437 1249 ac
1464 1195 1815 1250 substantiali
1847 1193 2036 1249 sancti

379 1283 632 1355 Spiritus
656 1299 757 1355 per
782 1283 994 1340 Filium
1017 1299 1154 1338 cum
1185 1281 1315 1337 aliis
1347 1282 1561 1338 Graecis
1593 1283 1840 1338 fortasse
1879 1286 2035 1338 tene-

379 1374 517 1429 bat:
552 1373 709 1428 unde
735 1371 1073 1428 Arsenianis
1105 1372 1416 1427 adversum
1461 1372 1875 1443 praebet'sese,
1909 1371 2031 1442 qui,

378 1462 808 1534 processionem
837 1461 966 1531 ejus
995 1477 1067 1516 ea:
1098 1461 1264 1516 Patre
1293 1476 1397 1529 per
1427 1461 1639 1515 Filium
1681 1460 2030 1515 abolendam

381 1550 838 1623 postulaverant.
869 1549 934 1604 In
966 1549 1074 1605 hac
1119 1548 1324 1605 haeresi
1387 1565 1503 1604 non
1561 1550 1729 1604 stetit
1785 1549 2033 1622 Cyprius

379 1639 730 1712 Gregorius:
765 1638 1060 1710 aliamque
1089 1638 1477 1711 excogitatam
1501 1639 1573 1694 ab
1620 1655 1708 1707 eo,
1762 1642 1827 1693 ut
1886 1654 2030 1710 quo-

378 1730 552 1784 modo
605 1727 1010 1784 testimonium
1097 1727 1435 1782 Damasceni
1485 1733 1816 1800 exponeret,
1874 1726 2029 1782 suis-

375 1833 490 1890 que
518 1818 718 1874 fucum
750 1817 983 1881 faceret,
1017 1816 1242 1872 dictum
1265 1816 1394 1885 jam
1425 1821 1534 1884 est,
1568 1820 1626 1872 et
1658 1815 1851 1872 adhuc
1878 1815 2034 1870 infra

376 1907 714 1963 dicendum.

449 1995 591 2052 Utut
618 2003 752 2052 vero
784 1995 1136 2065 homonymia
1164 1999 1244 2050 stt
1267 1997 1327 2048 in
1357 1992 1638 2050 vocabulo
1676 1993 2028 2063 procedendi,

376 2085 808 2156 similibusque,
842 2099 949 2139 nec
976 2083 1179 2138 eadem
1213 2082 1447 2138 notione
1477 2086 1756 2155 perpetuo
1795 2099 2032 2138 suman-

372 2177 472 2229 tur
500 2173 640 2242 illa;
696 2173 1035 2243 ubicunque
1089 2176 1288 2226 tamen
1337 2171 1409 2226 de
1463 2170 1676 2241 Spiritu
1733 2171 2028 2238 dicuntur,

373 2265 611 2334 quando
641 2262 713 2318 ad
739 2263 947 2317 Filium
976 2261 1132 2316 idem
1163 2259 1418 2332 Spiritus
1469 2262 1724 2330 refertur,
1785 2260 2030 2315 minime

371 2352 713 2424 signiﬁcant
741 2350 925 2420 aliud,
955 2365 1134 2420 quam
1165 2365 1300 2404 cum
1330 2348 1457 2421 ipse
1485 2351 1560 2404 ad
1606 2351 1829 2404 Patrem
1884 2365 2030 2403 com-

367 2444 632 2512 paratur.
656 2440 884 2496 Etenim
908 2439 1184 2511 pleraquc
1212 2437 1594 2508 antiquorum
1617 2439 1857 2493 Patrum
1889 2437 2028 2492 alle-

374 2529 645 2603 gavimus
666 2527 1024 2598 testimonia,
1057 2543 1124 2582 ac
1155 2525 1341 2581 multo
1373 2526 1543 2598 plura
1580 2532 1790 2599 praesto
1841 2527 2031 2582 forent

371 2618 433 2673 in
465 2617 685 2690 quibus
740 2631 1082 2688 expressum
1140 2620 1252 2681 est,
1317 2614 1590 2686 Spiritum
1635 2621 1889 2670 sanctum
1916 2630 2029 2670 esse

371 2725 406 2763 a
434 2708 600 2779 Filio,
657 2710 715 2763 et
762 2705 983 2777 prodire
1027 2720 1130 2777 per
1186 2706 1404 2776 ipsum;
1435 2704 1523 2760 vel
1553 2705 1621 2761 ab
1649 2713 1880 2776 utroque
1908 2720 2028 2776 pro-

368 2796 556 2853 cedere
609 2799 788 2852 Patre
840 2798 890 2850 et
947 2795 1128 2855 Filio;
1171 2792 1260 2848 vel
1289 2793 1731 2849 substantialiter
1748 2810 1822 2848 ex
1840 2793 2028 2849 ambo-

371 2887 469 2942 bus
488 2901 620 2956 esse,
675 2884 733 2939 id
773 2887 851 2940 est
907 2899 976 2938 ea:
1031 2885 1205 2939 Patre
1258 2898 1357 2953 per
1392 2883 1599 2937 Filium
1617 2881 1911 2955 pro/undi.
1938 2887 2029 2937 Pe-

369 2975 594 3030 tavium
651 2973 892 3030 consule
947 2971 1097 3026 libro
1149 2987 1228 3026 vn
1279 2971 1356 3026 De
1421 2973 1707 3039 Trinitate,
1749 2971 1938 3043 capite
1961 2973 2026 3026 18

369 3063 792 3209 nui‘liiriiadem
821 3151 1016 3216 verba,
1047 3166 1152 3221 per
1197 3149 1435 3217 Filium,
1496 3150 1568 3205 ad
1623 3153 1899 3205 aeternam
1960 3165 2025 3204 ac

2143 1031 2260 1086 per,
2293 1020 2351 1070 et
2379 1013 2428 1087 ἐξ
2461 1017 2549 1072 vel
2608 1013 2658 1069 ἐν
2715 1033 2786 1072 ea:
2842 1017 3211 1090 amplissime
3241 1018 3501 1075 declarat
3532 1019 3808 1076 Petavius

2145 1105 2321 1160 citato
2351 1103 2500 1160 libro
2530 1123 2630 1174 v11,
2667 1108 2855 1178 capite
2886 1108 2976 1162 17.
3009 1124 3042 1162 a
3072 1124 3238 1163 num.
3272 1109 3328 1161 2.

2216 1194 2296 1248 Ad
2356 1194 2514 1249 hunc
2543 1194 2727 1267 redigi
2785 1195 2980 1251 locum
3043 1196 3583 1267 potest_Gabrielis
3613 1198 3807 1254 Severi

2142 1281 2675 1355 Philadelphiensis
2704 1284 2978 1356 objectio,
3003 1301 3131 1356 quae
3162 1286 3661 1357 praetermittenda
3683 1304 3801 1344 non

2141 1376 2251 1426 est.
2314 1394 2343 1421 «
2377 1372 2435 1428 Si
2463 1388 2566 1444 per
2595 1373 2929 1444 praepositio
2979 1373 3218 1446 (inquit)
3276 1376 3544 1430 eamdem
3598 1376 3715 1430 vim
3748 1381 3810 1432 et

2143 1460 2583 1533 signiﬁcantum
2618 1461 2859 1518 haberet
2917 1463 2973 1517 in
3009 1463 3225 1518 divinis
3275 1465 3564 1536 personis,
3625 1481 3803 1536 quam

2141 1548 2316 1604 habet
2345 1566 2433 1615 ex,
2467 1550 2760 1605 diceretur
2789 1551 3049 1623 Spiritus
3109 1557 3352 1607 sanctus
3395 1569 3494 1624 per
3551 1559 3803 1620 Patrem,

2141 1641 2200 1691 et
2227 1653 2298 1692 ea:
2324 1639 2464 1693 Filio
2494 1640 2839 1708 procedere:
2874 1640 2974 1694 sed
3009 1639 3116 1694 hoc
3147 1657 3452 1712 nunquam
3499 1643 3800 1714 apparuit,

2141 1742 2331 1799 neque
2363 1727 2647 1782 auditum
2679 1733 2789 1794 est,
2824 1743 3013 1801 neque
3044 1746 3078 1784 a
3108 1729 3306 1784 divina
3333 1729 3656 1802 Scriptura,
3707 1747 3807 1786 ne-

2141 1831 2257 1886 que
2292 1832 2326 1871 a
2355 1816 2584 1872 sanctis
2615 1817 2911 1873 Patribus.
2954 1817 3265 1890 Propterea
3292 1835 3411 1890 per,
3469 1819 3803 1892 praepositio

2141 1903 2201 1959 in
2227 1905 2445 1960 divinis
2467 1905 2734 1976 personis
2752 1923 2867 1962 non
2891 1905 3068 1962 habet
3087 1907 3361 1962 eumdem
3383 1907 3801 1981 signiﬁcatum,

2141 1997 2201 2049 et
2227 1993 2382 2049 vires
2414 2011 2562 2066 quas
2593 1994 2776 2050 habet
2809 1996 3120 2068 praeposito
3143 2011 3249 2064 ex;
3309 1997 3413 2052 sed
3469 2013 3685 2070 magna
3714 2002 3805 2055 est

2141 2099 2342 2138 earum
2373 2083 2786 2151 differentia,»
2832 2087 2912 2140 Ex
2967 2085 3224 2158 Josepho
3284 2085 3514 2142 Brienio
3572 2088 3803 2144 desum-

2141 2179 2240 2242 pta
2270 2172 2389 2226 haec
2420 2178 2560 2227 sunt
2607 2173 2666 2228 in
2724 2173 2986 2228 oratione
3018 2174 3083 2227 10
3114 2174 3184 2228 de
3241 2175 3546 2232 Trinitate.
3609 2181 3802 2232 Lucu-

2143 2259 2476 2317 lentissime
2535 2261 2923 2332 objectionem
2984 2262 3254 2318 convellit
3313 2265 3425 2320 Leo
3457 2265 3709 2322 Allatius
3739 2267 3798 2321 in

2157 2349 2424 2405 Vindiciis
2450 2351 2746 2422 Ephesiae?
2773 2351 2988 2423 synodi,
3029 2351 3218 2423 capite
3243 2353 3334 2407 64.

2212 2438 2341 2493 Haec
2392 2440 2621 2510 profero
2672 2456 2879 2512 pauca.
2939 2446 3021 2495 Ac
3079 2441 3269 2512 primo
3325 2444 3800 2515 praepositionem

2133 2543 2234 2598 per
2259 2527 2452 2583 locum
2488 2529 2703 2584 habere
2733 2529 2792 2584 in
2825 2529 2993 2585 Patre
3020 2534 3079 2584 et
3141 2530 3303 2597 Filio,
3361 2548 3428 2587 ac
3488 2532 3800 2605 utriusque

2137 2615 2254 2670 vim
2282 2616 2553 2683 activam,
2615 2622 2718 2671 aut
2757 2617 3132 2673 efﬁcientiam
3165 2619 3517 2692 signiﬁcare,
3571 2623 3799 2678 caeteris

2139 2703 2400 2776 antiquis
2447 2704 2719 2760 Patribus
2769 2705 3068 2761 brevitatis
3099 2723 3277 2763 causa
3305 2708 3568 2778 omissis,
3612 2711 3798 2767 diser-

2137 2793 2368 2848 tissime
2419 2793 2587 2848 docet
2647 2792 2894 2866 Cyrillus
2979 2794 3424 2864 Alexandrinus,
3486 2798 3684 2855 libro:
3734 2800 3797 2856 in

2136 2882 2381 2938 Joannis
2409 2883 2807 2955 Evangelium.
2840 2885 3031 2955 capite
3059 2901 3132 2953 v;
3180 2887 3251 2942 ad
3309 2885 3410 2942 illa
3437 2888 3634 2959 verba,
3669 2889 3796 2944 0m-

2134 2974 2236 3027 nia
2286 2989 2386 3044 per
2432 2974 2637 3044 ipsum,
2707 2968 2776 3025 δι’
2849 2971 3015 3026 αὐτοῦ
3066 2976 3214 3045 facta
3295 2984 3441 3047 sunt,
3529 2976 3614 3032 sic
3670 2977 3792 3034 ait:

2142 3088 2170 3111 ιι
2199 3061 2362 3124 Quod
2393 3061 2443 3116 si
2490 3061 2824 3117 existiment
2869 3062 3019 3118 illud
3051 3059 3121 3116 δι’
3151 3062 3212 3116 οὗ
3265 3081 3368 3136 per
3413 3081 3574 3137 quem
3603 3067 3675 3123 de
3702 3069 3797 3123 Fi-

2139 3151 2218 3205 lio
2249 3149 2495 3220 dictum,
2528 3151 2922 3206 substantiam
2955 3153 3085 3222 ejus
3107 3152 3178 3208 de
3199 3153 3528 3225 aequalitate
3573 3159 3629 3210 et
3686 3173 3793 3212 na-

373 3239 824 3298 substantialem
875 3238 1060 3294 sancti
1107 3238 1362 3309 Spiritus
1420 3238 1736 3294 referentes
1793 3255 2024 3310 proces-
2057 3223 2100 3289 C
2140 3238 2315 3293 turali
2347 3238 2735 3295 similitudine
2765 3257 2900 3295 cum
2933 3241 3098 3296 Patre
3129 3223 3377 3312 dejicere
3397 3261 3418 3306 ,·
3450 3244 3533 3299 ita
3590 3249 3654 3299 ut
3681 3246 3792 3300 mi-

373 3330 622 3401 sionem,
650 3330 734 3384 ita
761 3327 1062 3384 nonnullis
1113 3342 1181 3382 ea
1211 3325 1540 3399 intelligere
1596 3326 1818 3398 placuit
1874 3343 1940 3382 ac
1970 3327 2020 3382 si

369 3420 526 3476 idem
583 3420 946 3485 denotarent,
997 3421 1172 3487 atque
1201 3417 1392 3486 simul,
1425 3432 1527 3471 seu
1556 3433 1670 3470 una
1697 3416 1868 3472 simul
1895 3432 2022 3470 cum

369 3511 538 3565 Filio.
589 3506 937 3562 Errantibus
1000 3505 1160 3560 hisce
1219 3504 1465 3577 Cyprius
1523 3504 1647 3575 ipse
1705 3503 2019 3576 Gregorius

370 3596 646 3670 opposuit
701 3611 830 3651 sese
861 3595 919 3648 in
957 3594 1238 3666 Apologia,
1273 3608 1451 3663 quam
1483 3592 1891 3648 recensuimus
1922 3609 2016 3648 ca-

368 3687 490 3760 pite
517 3687 572 3752 8,
604 3701 769 3740 num.
800 3685 854 3738 4.
881 3682 1417 3753 interpretationem
1462 3681 1677 3736 evincit
1717 3697 2019 3737 commen-

365 3774 557 3831 titiam
605 3774 861 3830 Joannes
919 3772 1139 3827 Beccus
1181 3769 1330 3825 libro
1359 3786 1432 3838 IV,
1465 3770 1537 3824 ad
1570 3769 2015 3826 Constantinum

368 3880 531 3921 num.
566 3863 618 3919 4.
651 3885 680 3913 ‹‹
733 3861 999 3933 Namque
1060 3859 1108 3915 si
1132 3876 1236 3931 per
1265 3860 1476 3913 Filium
1505 3860 1812 3931 procedere
1838 3859 2018 3931 Spiri-

364 3959 493 4010 tum
546 3956 838 4018 sanctum,
871 3949 1028 4005 idem
1085 3949 1162 4004 sit
1216 3965 1283 4004 ac
1337 3948 1506 4003 simul
1557 3964 1686 4004 cum
1712 3949 1852 4003 Filio
1885 3965 2017 4020 pro-

365 4043 567 4099 cedere
595 4041 792 4114 ipsum
825 4056 859 4094 a
891 4040 1088 4107 Patre;
1120 4055 1238 4110 qua
1277 4038 1500 4094 ratione
1557 4037 1618 4092 in
1677 4037 1836 4093 illius
1885 4054 2016 4108 pro-

366 4130 634 4187 cessione
663 4128 847 4185 Filius
881 4132 1074 4199 partes
1123 4126 1301 4182 habet
1324 4126 1371 4180 ?.
1411 4169 1424 4182 .
1460 4168 1473 4182 .
1535 4127 1812 4190 Quaenam
1874 4126 2016 4181 artis

363 4219 763 4302 grammaticae
794 4217 1026 4273 curiosa
1069 4216 1367 4288 indagatio
1425 4215 1787 4286 (firmaverit)
1813 4231 2016 4270 earum

364 4307 849 4382 praepositionum
878 4304 1455 4376 transumptionem?
1500 4303 1737 4361 Nullum
1770 4304 2018 4374 hujusce

361 4397 445 4453 rei
479 4397 630 4470 apud
658 4397 920 4468 profanos
951 4393 1194 4466 reperiri
1253 4394 1464 4465 poterit
1520 4409 1786 4465 unquam
1830 4409 2018 4448 exem-

363 4486 566 4559 plum:
600 4486 699 4542 sed
733 4500 838 4540 nec
866 4483 1023 4555 apud
1052 4499 1178 4549 nos,
1228 4482 1329 4554 qui
1381 4481 1725 4538 diviniorem
1757 4481 2014 4553 philoso-

2129 3329 2303 3382 nister
2333 3326 2410 3381 sit
2458 3326 2674 3398 potius,
2733 3346 2912 3400 quam
2970 3338 3221 3386 creator:
3266 3333 3370 3393 lad
3429 3349 3492 3388 se
3551 3334 3795 3390 redeant

2129 3416 2343 3482 insani,
2377 3420 2435 3470 et
2465 3415 2525 3470 in
2558 3417 2817 3473 medium
2877 3419 3161 3490 prodeant
3192 3421 3362 3476 nobis
3420 3423 3784 3494 responsuri,

2129 3503 2414 3575 quidnam
2447 3505 2516 3559 de
2536 3506 2654 3576 ipso
2681 3507 2849 3562 Patre
2894 3509 3135 3563 tandem
3193 3509 3506 3582 cogitaturi
3569 3512 3787 3584 simus,

2130 3598 2188 3647 et
2219 3609 2536 3664 quemnam
2568 3594 2764 3666 ipsum
2797 3595 3191 3666 suspicaturi;
3225 3615 3359 3653 cum
3391 3604 3587 3670 pateat
3615 3602 3800 3657 verba

2129 3679 2250 3748 illa,
2280 3697 2380 3752 per
2409 3697 2588 3753 quem,
2623 3681 2734 3754 ipsi
2760 3683 2936 3738 etiam
2967 3685 3168 3756 (Patri)
3195 3702 3228 3740 a
3259 3686 3565 3759 Scriptura
3594 3689 3798 3747 divina

2128 3771 2581 3825 accommodari.
2637 3771 2836 3827 Fidelis
2890 3775 3044 3828 enim
3071 3775 3212 3829 Deus
3265 3775 3482 3848 (inquit
3510 3781 3534 3830 Ι
3565 3781 3689 3834 Cor.
3729 3779 3794 3850 1).

2128 3854 2196 3911 δι’
2229 3857 2312 3929 οὗ,
2369 3875 2468 3930 per
2514 3876 2675 3931 quem
2702 3864 2878 3916 voca-ti
2899 3863 3018 3917 istis
3049 3865 3110 3918 in
3135 3864 3452 3920 societatem
3480 3866 3619 3921 Filii
3651 3869 3794 3940 ejus.

2127 3949 2196 4003 Et
2225 3949 2320 4020 (ad
2378 3948 2589 4020 Ephes.
2623 3950 2686 4019 ι.)
2718 3945 2808 4002 διὰ
2865 3947 3179 4021 Θελήματος
3211 3956 3367 4023 Θεοῦ,
3411 3971 3515 4026 per
3531 3956 3794 4012 volunta-

2126 4047 2236 4092 tem
2260 4039 2394 4109 ejus.
2458 4042 2526 4092 Et
2581 4038 2670 4110 (ad
2705 4039 2893 4095 Galat.
2928 4044 3005 4111 Iv)
3062 4044 3250 4113 Itaque
3261 4043 3384 4113 jam
3416 4060 3526 4100 non
3561 4050 3642 4101 est
3669 4061 3793 4101 ser-

2125 4142 2244 4190 vus,
2265 4127 2360 4181 sed
2388 4127 2578 4196 ﬁlius:
2609 4127 2751 4199 quod
2805 4129 2854 4183 si
2909 4129 3082 4199 ﬁlius,
3139 4134 3193 4185 et
3244 4130 3423 4188 haeres
3476 4128 3566 4185 διὰ
3623 4136 3784 4206 Θεοῦ,

2122 4232 2222 4287 per
2248 4217 2438 4271 Deum.
2463 4216 2675 4271 Omnia
2703 4217 2924 4289 quippe
2976 4217 3096 4273 haec
3151 4219 3490 4276 referuntur
3548 4223 3619 4278 ad
3657 4239 3787 4295 per—

2125 4321 2333 4360 sonam
2391 4305 2495 4360 Dei
2552 4322 2619 4360 ac
2678 4307 2903 4361 Patris:
2957 4324 3147 4379 neque
3178 4325 3321 4366 sane
3351 4325 3417 4365 eo
3479 4311 3788 4366 dementia

2125 4394 2441 4465 quisquam
2498 4396 2741 4458 venerit.
2801 4400 2866 4450 ut
2936 4399 3375 4453 ministrateonis
3431 4417 3666 4456 nomen.
3727 4404 3789 4457 et

2124 4499 2246 4538 rem
2279 4484 2454 4538 etiam
2485 4484 2556 4538 de
2585 4484 2716 4556 ipsa
2748 4487 2850 4541 Dei
2878 4493 2929 4540 et
2959 4489 3146 4542 Patris
3199 4488 3505 4559 majestate
3545 4505 3789 4546 consen-

363 4575 565 4649 phiam
597 4574 868 4643 colimus,
899 4571 1055 4628 ullus
1085 4576 1177 4627 est
1206 4571 1306 4642 qui
1340 4570 1466 4626 loco
1492 4570 1672 4638 illius,
1706 4587 1850 4642 cum,
1877 4588 2017 4642 prae-
2046 4592 2092 4656 D
2127 4576 2297 4656 tance
2327 4572 2441 4628 dici
2471 4571 2649 4641 velit;
2684 4590 2750 4628 ex
2781 4589 2846 4630 eo
2878 4576 3034 4646 quod
3065 4575 3240 4632 etiam
3266 4575 3436 4646 illud,
3455 4593 3557 4649 per
3602 4595 3788 4652 quem,

362 4663 713 4736 positionem
779 4676 880 4734 per
960 4660 1144 4733 accipi
1221 4659 1452 4726 tradat;
1511 4661 2014 4730 quemadmodum
2047 4655 2076 4656 ﬁ
2124 4655 2195 4712 δι’
2224 4657 2308 4730 οὗ,
2369 4662 2439 4717 de
2469 4661 2597 4733 ipso
2647 4662 2870 4719 dictum
2900 4668 3024 4719 est:
3065 4687 3086 4713 (ι

361 4752 415 4824 (e
446 4755 672 4820 contra)
701 4767 771 4806 ea:
798 4755 857 4806 et
896 4765 995 4821 per
1048 4749 1202 4820 apud
1263 4747 1565 4815 Basilium,
1626 4747 1926 4820 Cyrillum,
1960 4752 2016 4805 et

361 4839 708 4912 Gregorium
758 4839 1109 4911 Nyssenum,
1141 4854 1386 4910 magnos
1416 4837 1654 4908 quidem
1681 4839 1855 4906 viros,
1889 4856 2012 4893 mu-

361 4933 527 4984 tuam
561 4928 737 4983 unius
771 4944 873 4999 pro
899 4926 1014 4982 alia
1042 4929 1438 4998 acceptionem
1473 4926 1752 4982 invenies.
1787 4929 1844 4982 Id
1878 4945 2011 4983 vero

363 5018 752 5075 concedatur:
803 5017 884 5087 (in
943 5014 1299 5071 catholicum
1361 5017 1578 5087 dogma
1626 5015 2013 5072 nihilominus

363 5105 678 5163 concedere
735 5105 1097 5160 adversarios
1157 5103 1436 5176 oportet),
1492 5105 1758 5176 Namque
1811 5105 2008 5176 dictio,

359 5195 667 5250 Productor
693 5211 791 5265 per
825 5193 1074 5264 Verbum,
1112 5194 1283 5262 cujus
1329 5193 1562 5249 divinus
1611 5192 2010 5248 Damascenus

361 5287 565 5339 auctor
593 5286 705 5351 est,
733 5298 954 5338 causam
985 5282 1094 5338 hac
1141 5281 1368 5337 ratione
1424 5297 1551 5338 cum
1595 5283 1736 5337 Filio
1783 5287 2012 5338 Patrem

360 5371 736 5443 comprobat:
818 5375 1080 5442 adeoque
1165 5370 1629 5442 comprobaverit
1709 5373 1919 5438 Patris,
1959 5381 2013 5428 et

355 5461 492 5515 Filii
519 5461 782 5516 unionem
804 5461 865 5514 in
893 5475 1062 5514 causa
1091 5459 1349 5532 Spiritus.
1377 5459 1519 5514 Hinc
1547 5475 1681 5514 vero
1712 5459 2012 5531 (prmdieta

359 5551 508 5605 131
548 5567 661 5605 non
694 5550 957 5605 admissa
987 5549 1197 5614 Patris,
1230 5555 1287 5604 et
1319 5548 1449 5604 Filii
1499 5549 1713 5604 unione
1743 5549 1801 5603 in
1833 5565 2011 5604 causa

360 5637 615 5715 Spiritus
663 5637 896 5710 sancti),
956 5637 1282 5699 absurdum
1345 5641 1687 5712 sequeretur
1741 5637 2008 5694 omnium

3143 4666 3297 4721 Vides
3321 4669 3663 4738 particulam
3684 4685 3789 4740 per

2124 4751 2324 4826 (verba
2378 4755 2518 4805 sunt
2576 4750 2816 4823 Allatii),
2873 4753 2979 4809 Deo
3023 4756 3196 4822 patri,
3223 4759 3278 4810 et
3299 4772 3410 4811 non
3442 4760 3659 4812 tantum
3687 4759 3785 4813 Fi-

2123 4839 2197 4893 lio
2249 4841 2614 4895 attributam:
2704 4857 2877 4913 neque
2934 4842 3051 4898 ideo
3108 4859 3144 4896 a
3199 4846 3455 4901 naturali
3509 4846 3785 4914 dignitate

2120 4928 2341 4983 Patrem
2370 4927 2638 4983 decidere.
2672 4930 3004 4986 Dicetl32
3056 4931 3304 4998 Severus,
3365 4935 3483 4990 Itch
3537 4934 3603 4989 de
3658 4951 3784 5006 ope—

2122 5016 2428 5072 rationibus
2461 5017 2528 5072 ad
2561 5022 2720 5073 extra
2749 5022 3126 5089 pronuntiari.
3163 5023 3303 5090 Quid
3353 5026 3472 5077 tum
3496 5022 3524 5076 ?
3571 5027 3786 5094 Ergone

2120 5109 2241 5161 tum
2270 5112 2434 5162 Pater
2462 5109 2690 5174 amittit,
2723 5112 2787 5162 ut
2809 5110 2860 5163 si
2886 5111 3073 5180 prima
3129 5120 3183 5165 et
3240 5112 3441 5182 absque
3500 5113 3782 5184 principio

2118 5211 2288 5249 causa
2319 5210 2526 5260 rerum,
2559 5194 2689 5250 adeo
2709 5199 2768 5249 ut
2798 5212 2908 5251 non
2933 5199 3100 5267 possit
3128 5197 3193 5252 de
3222 5198 3324 5253 illo
3373 5199 3673 5270 afﬁrmari,
3705 5215 3781 5254 ex

2123 5287 2254 5352 Deo,
2281 5287 2333 5338 et
2351 5299 2423 5338 ea:
2446 5288 2614 5339 Patre
2638 5283 2890 5340 ‘tMinime
2926 5288 3194 5354 gentium.
3247 5292 3388 5344 Nam
3447 5289 3613 5343 etiam
3661 5293 3782 5344 tum

2119 5373 2210 5427 illi
2229 5389 2341 5428 non
2373 5375 2554 5428 minus
2583 5375 2834 5429 convenit
2854 5378 3197 5447 praepositio,
3241 5393 3330 5432 ex.
3362 5376 3508 5432 Illud
3562 5385 3780 5433 tantum

2117 5461 2480 5527 concluditur,
2535 5463 2595 5516 in
2651 5462 2859 5519 divinis
2918 5467 3183 5537 personis
3269 5465 3518 5522 eumdem
3573 5467 3782 5524 habere

2117 5551 2510 5622 signiﬁcatum,
2569 5560 2621 5606 et
2673 5553 2859 5610 eadem
2908 5556 3038 5624 vim,
3099 5555 3290 5612 ambas
3343 5557 3503 5613 hasce
3561 5572 3773 5631 praepo-

2117 5641 2338 5698 sitiones
2369 5655 2439 5698 ex
2467 5645 2521 5698 et
2547 5657 2671 5717 per.
