4090 6440
274 342 379 402 137

265 553 378 610 tiali
427 573 610 629 agens
664 566 1057 636 processione,
1108 573 1391 644 Spiritum
1443 587 1713 638 sanctum
1763 601 1925 658 aeque

267 659 355 714 per
406 647 658 716 Patrem,
711 668 920 725 perque
965 659 1176 715 Filium
1221 667 1564 736 procedere,
1607 687 1712 726 nos
1761 647 1928 730 docet

272 731 328 787 de
353 739 495 790 recta
523 737 632 807 ﬁde
665 741 746 795 ad
775 746 1022 814 reginas,
1047 731 1307 819 tomo_V,
1336 760 1497 825 parte
1526 731 1588 823 1i,
1623 777 1754 832 pag.
1782 763 1919 818 172:

275 822 456 894 «Ipsa
500 826 817 887 viviﬁcatio
863 833 1202 909 (inquiens),
1246 842 1337 897 vel
1382 849 1759 904 exsuscitatio
1808 868 1922 906 non

274 911 336 965 ad
395 913 582 985 ipsam
642 922 910 992 corporis
975 930 1276 996 naturam,
1338 931 1472 989 licet
1532 935 1674 992 illud
1734 939 1922 996 Verbo

271 1013 330 1052 ex
369 1004 481 1056 Deo
525 1005 729 1076 genito
782 1012 1085 1083 proprium
1134 1019 1438 1090 exstiterit,
1472 1026 1573 1080 sed
1623 1028 1817 1097 potius
1849 1029 1920 1084 ad

269 1103 592 1159 supremam
640 1094 806 1151 illam
857 1099 1154 1171 virtutem,
1189 1105 1299 1162 hoc
1331 1114 1421 1166 est
1468 1128 1594 1168 eam
1645 1121 1920 1174 naturam

256 1192 374 1262 jure
429 1181 642 1238 merito
701 1185 1007 1246 referenda
1061 1197 1168 1257 est,
1215 1212 1342 1268 quae
1401 1216 1635 1258 omnem
1694 1208 1921 1262 excedit

260 1271 600 1339 creaturam,
650 1273 805 1329 sicut
863 1276 922 1332 in
980 1296 1232 1351 persona
1287 1288 1387 1342 Dei
1446 1289 1652 1361 Patris,
1687 1310 1756 1350 ex
1803 1313 1917 1368 quo

252 1352 478 1430 πέφηνεν
522 1361 724 1429 prodit
781 1364 965 1422 Filius
1021 1386 1124 1440 per
1180 1375 1380 1431 omnia
1428 1377 1514 1434 illi
1565 1352 1837 1456 aequalis:
1860 1389 1918 1440 et

245 1446 769 1506 consubstantialis
816 1469 830 1507 :
893 1454 1109 1530 Πρόεισι
1161 1456 1219 1514 δὲ
1267 1458 1336 1516 δι’
1384 1446 1915 1543 impetu-procedit

238 1535 419 1588 autem
466 1552 576 1607 per
623 1543 884 1615 utrosque
912 1551 970 1599 et
998 1547 1260 1607 viviﬁcus
1294 1535 1530 1627 quoque
1578 1535 1854 1632 Spiritus.
1884 1585 1908 1612 ι)

240 1624 556 1694 Perspicua
605 1632 786 1699 patet,
833 1624 1327 1707 praepositionem,
1349 1624 1451 1715 per
1498 1624 1910 1708 accommoda-

239 1713 356 1765 tam
389 1711 574 1783 Patri,
609 1719 884 1776 eumdem
919 1722 1133 1782 habere
1165 1711 1564 1801 significatum
1597 1754 1731 1794 cum
1764 1758 1909 1813 prie-

239 1799 532 1869 positione
578 1820 649 1860 ex
678 1824 699 1861 :
733 1810 1123 1885 eumdemque
1169 1799 1247 1871 in_
1277 1818 1402 1876 loco
1453 1824 1646 1894 Cyrilli

238 1886 644 1960 signiﬁcatum
676 1903 1187 1960 accommodatam
1221 1907 1389 1967 Filio.

236 2064 561 2135 Spiritum?
614 2071 695 2127 Ne
737 2074 964 2132 scilicet
1010 2081 1222 2139 medius
1268 2064 1435 2143 Pater
1488 2091 1640 2148 inter
1693 2064 1905 2154 Filium

232 2153 681 2230 intelligeretur,
732 2166 789 2217 et
835 2164 1114 2236 Spiritum
1166 2180 1439 2233 sanctum
1475 2195 1487 2234 :
1522 2185 1903 2252 quemadmo-

233 2241 367 2298 dum
419 2245 576 2302 inter
626 2249 857 2308 Patrem
916 2259 974 2310 et
1018 2257 1298 2329 Spiritum
1349 2241 1623 2325 sanctdm
1683 2274 1900 2330 medius

229 2335 316 2384 est
343 2333 562 2396 Filius;
592 2338 748 2394 unde
791 2357 892 2412 per
937 2345 1117 2415 ipsum
1167 2355 1480 2420 procedere
1511 2374 1582 2413 ex
1610 2361 1778 2418 Patre
1808 2364 1901 2418 di-

228 2418 382 2475 citur
435 2422 695 2495 Spiritus
756 2435 1021 2489 sanctus.
1083 2418 1382 2511 Insignem
1442 2447 1630 2504 recole
1686 2451 1900 2508 doctri-

227 2525 365 2564 nam
418 2510 685 2585 Gregorii
725 2517 974 2590 Nysseni
1030 2523 1091 2580 in
1141 2510 1398 2599 Epistola
1446 2536 1518 2589 ad
1565 2537 1897 2608 Ablavium,

225 2597 418 2670 capite
449 2601 505 2668 5,
553 2619 718 2659 num.
770 2607 846 2663 IlI
898 2610 975 2682 (5)
1024 2597 1384 2676 illustratum
1431 2639 1445 2677 :
1498 2626 1778 2684 nimirum
1835 2597 1896 2687 in

220 2685 340 2743 Deo
382 2689 550 2746 aliud
589 2707 703 2749 esse
750 2711 996 2766 causam,
1026 2706 1078 2757 et
1106 2705 1264 2761 aliud
1293 2725 1364 2764 ex
1389 2727 1555 2768 causa
1587 2733 1606 2769 :
1635 2720 1686 2772 et
1728 2719 1788 2773 in
1835 2737 1895 2777 eo

217 2775 362 2846 quod
390 2793 464 2832 ex
489 2795 677 2853 causa,
709 2784 875 2840 aliud
903 2803 1018 2844 esse
1057 2793 1201 2849 citra
1233 2797 1480 2856 medium
1507 2819 1581 2858 ea:
1602 2808 1811 2876 primo,
1844 2814 1896 2865 et

215 2865 377 2919 aliud
405 2882 524 2923 esse
545 2885 651 2940 per
698 2872 756 2926 id
803 2875 947 2945 quod
993 2881 1139 2936 citra
1187 2887 1431 2944 medium
1471 2907 1541 2946 ea:
1581 2865 1764 2965 primo
1791 2907 1890 2954 est.

208 2953 376 3010 Adde
408 2958 600 3012 sancti
644 2960 884 3018 Thomas
916 2968 1130 3039 saepius
1164 2983 1487 3034 memorata
1516 2953 1887 3059 documenta,

210 3044 502 3100 tradentis
529 3064 544 3101 :
569 3047 782 3106 Habito
815 3060 1081 3125 respectu
1116 3061 1189 3116 ad
1219 3063 1575 3138 principium
1607 3044 1885 3146 activum:

1504 367 1713 429 VITA.
1746 404 1823 416 —
1853 370 2370 446 DlSSERTATIO
2415 385 2465 446 Ι.

327 466 478 532 Quid
501 467 530 522 ‘?
557 473 717 541 quod
750 475 824 531 de
855 477 984 550 ipsa
1012 479 1262 552 Cyrillus
1293 490 1526 559 aeterna,
1557 508 1622 546 ac
1648 493 1923 551 substau-
1953 499 2006 565 Α
2038 509 2086 555 et
2140 507 2277 562 actio
2332 509 2631 581 aliquando

335 553 374 581 ι,
428 573 608 581 ,μυ
665 579 691 581 η
791 580 794 581 γ
910 566 922 577 .
1112 574 1141 581 -
1191 573 1203 581 .
1247 573 1278 581 ._

185 4289 347 4355 tiam,
405 4290 512 4345 sed
564 4293 638 4346 ad
683 4299 953 4355 aeternam
1007 4306 1585 4386 exsplendescentiam,
1636 4327 1865 4379 sancto-

184 4393 320 4432 rum
387 4378 652 4451 Patrum,
708 4387 1078 4462 maximeque
1132 4395 1376 4454 Joannis
1437 4404 1590 4461 133
1648 4408 1862 4467 Dama-

176 4557 533 4628 rumpebat.
565 4557 757 4617 Verba
793 4565 923 4635 ejus
971 4583 1040 4624 ex
1087 4576 1244 4630 tomo
1275 4557 1545 4638 dedimds
1593 4587 1781 4658 capite
1805 4592 1862 4660 8;
1895 4600 1943 4664 D

170 4659 355 4699 num.
417 4649 473 4700 2.
540 4647 607 4703 Si
662 4667 811 4719 vero,
861 4654 1205 4733 inquientis,
1262 4681 1297 4720 a
1350 4685 1563 4727 summa
1620 4676 1866 4746 theologo

167 4733 534 4791 Damasceno
577 4744 894 4809 reperiatur
920 4746 1096 4803 dictus
1147 4757 1318 4808 Pater
1358 4751 1448 4809 διὰ

1494 4759 1676 4835 Λόγου
1726 4786 1860 4841 προ-

168 4812 388 4881 ϐολεὺς

406 4866 420 4892 ,
477 4826 780 4894 productor
834 4849 934 4903 per
993 4837 1260 4903 Verbum;
1320 4844 1467 4902 haud
1531 4826 1702 4920 plane
1757 4826 1868 4914 ista

171 4910 394 4967 locutio
435 4915 757 4986 signiﬁcare
801 4923 918 4977 vult
962 4931 1149 4982 sancti
1195 4930 1435 5002 Spiritus
1484 4936 1558 4999 εἰς
1616 4941 1677 4994 τὸ
1732 4945 1863 4999 εἶναι

168 4995 452 5071 πρόοδον,
491 5008 895 5073 processionem
942 5013 1001 5066 in
1044 5021 1380 5075 exstantium
1410 5041 1428 5077 :
1457 5026 1554 5080 sed
1585 5025 1658 5087 εἰς
1689 5027 1861 5085 ἀέδιον

163 5082 443 5164 ἔκφανσιν
467 5135 482 5158 ,
571 5094 629 5146 in
696 5099 963 5155 aeternam
1042 5107 1618 5176 exsplendescentiam.
1704 5120 1865 5178 Hanc

3579 411 3693 473 138

2038 592 2271 666 videtur,
2317 602 2377 653 ut
2422 601 2560 656 solis
2613 606 2875 675 splendor
2929 620 3026 667 aut
3079 613 3266 671 lumen
3319 634 3693 690 saepenumero

2033 680 2190 736 solis.

2106 773 2362 844 Impium
2401 779 2560 836 istud
2609 791 3009 844 commentum
3059 792 3139 846 nil
3187 810 3315 850 esse
3367 797 3547 867 aliud,
3578 802 3692 858 nisi

2031 861 2463 929 prmformatam
2513 869 2772 943 Gregorii
2828 877 3071 933 Palamae
3121 880 3411 954 haeresim,
3445 890 3688 945 adnota-

2029 946 2223 1004 vimus
2253 951 2429 1009 citato
2460 959 2648 1029 capite
2690 962 2744 1027 8,
2781 981 2944 1021 num.
2976 968 3012 1020 2
3040 973 3096 1023 et
3124 971 3176 1025 3.
3214 973 3355 1028 Hinc
3385 946 3544 1032 novae
3577 978 3690 1034 hea-

2030 1051 2225 1093 reseos
2257 1040 2532 1113 Cyprium
2583 1065 2746 1106 reum
2794 1053 3052 1112 Joannes
3085 1059 3301 1117 Beccus
3350 1067 3684 1122 accusabat.

2028 1123 2160 1195 Ipse
2206 1128 2591 1206 Pachymeres
2644 1141 2880 1198 nomine
2928 1135 3034 1200 suo
3083 1147 3450 1224 aliorumque
3498 1156 3686 1213 schis-

2029 1215 2376 1275 maticorum
2407 1222 2617 1297 aiebat,
2653 1245 3022 1303 nequaquam
3064 1253 3126 1292 se
3169 1255 3370 1310 capere
3399 1244 3542 1315 quid
3573 1245 3686 1302 sibi

2025 1302 2194 1360 vellet
2242 1310 2532 1380 Cyprius:
2569 1302 3002 1394 quaerebatque,
3056 1302 3358 1386 monstrari
3411 1302 3519 1388 sibi
3569 1335 3682 1391 dis-

2023 1393 2231 1449 crimen
2292 1403 2655 1468 processionis
2678 1446 2693 1472 ,
2753 1423 2820 1463 ac
2880 1393 3105 1469 aeternae
3162 1417 3679 1488 cxplendescenticze.

2023 1479 2235 1539 Notum
2294 1489 2529 1562 quippe,
2589 1501 3075 1572 compertumque
3131 1479 3290 1578 erat,
3351 1479 3682 1571 divinarum

2021 1586 2406 1641 personarum
2464 1586 2836 1642 emanationes
2892 1590 2966 1644 ad
3020 1598 3355 1652 exstantium
3409 1599 3682 1673 frequen-

2020 1657 2139 1715 tius
2169 1663 2449 1734 appellari
2481 1685 2515 1723 a
2541 1673 2818 1730 Patribus
2857 1680 3408 1759 exsplendescentias,
3442 1693 3501 1744 et
3517 1657 3684 1762 ’θηται-

2018 1748 2224 1812 siones;
2255 1757 2458 1825 utpote
2491 1760 2705 1830 quibus
2737 1764 2935 1822 divina
2954 1748 3178 1827 natura
3221 1791 3255 1828 a
3301 1748 3466 1832 Patre
3495 1748 3679 1836 inuFi-

1695 1828 1910 1888 habere
1937 1865 1986 1932 B
2018 1833 2186 1910 lium,
2219 1844 2277 1895 et
2305 1859 2339 1898 a
2369 1828 2534 1902 Patre
2575 1849 2838 1924 Filioque
2891 1865 3244 1932 propagetur

2019 1931 2309 1986 sanctum.

2086 2014 2156 2070 V.
2188 2017 2434 2076 Joannis

2016 2103 2204 2160 mium
2251 2124 2491 2179 pressus
2547 2117 2989 2192 exagitatusque
3040 2103 3353 2199 Gregorius
3406 2132 3672 2205 Cyprius,

2014 2208 2190 2249 novas
2257 2199 2506 2255 cudebat
2571 2202 2851 2277 haereses,
2912 2209 3164 2269 alienam
3223 2234 3256 2272 a
3312 2222 3675 2280 confessione

2013 2281 2282 2339 catholici
2312 2287 2604 2359 dogmatis
2634 2300 2892 2353 mentem
2931 2316 3142 2372 gerens
3182 2308 3667 2376 pertinacissime.

2011 2369 2123 2425 Sed
2155 2377 2289 2429 ante
2327 2375 2448 2432 haec
2497 2385 2817 2440 certamina
2864 2382 3165 2447 communi
3196 2394 3530 2454 Graecorum
3579 2418 3669 2456 er-

2011 2460 2126 2513 rori
2177 2463 2510 2522 adhaerebat
2557 2469 2674 2539 ille,
2709 2477 2898 2532 sancti
2928 2478 3183 2550 Spiritus
3233 2489 3667 2555 processionem

2008 2564 2050 2602 α
2108 2551 2268 2617 Filio,
2304 2559 2406 2608 aut
2451 2574 2557 2627 per
2615 2561 2820 2618 Filium
2875 2567 3132 2625 referens
3189 2573 3260 2627 ad
3321 2575 3666 2634 missionem

2008 2639 2410 2715 temporalem,
2440 2662 2618 2717 quam
2645 2655 2847 2720 putum
2881 2671 3211 2730 puramque
3245 2662 3531 2720 donorum
3564 2672 3666 2722 aut

2005 2725 2426 2786 charismatum
2462 2733 2830 2807 largitionem
2860 2725 3245 2818 intelligebat.
3280 2753 3342 2806 In
3373 2769 3438 2808 eo
3469 2755 3664 2811 Antir-

2002 2816 2206 2872 rhetico
2234 2829 2426 2877 contra
2454 2825 2684 2882 Beccum
2711 2845 2982 2907 sermone,
3018 2851 3190 2906 quem
3224 2856 3257 2894 a
3285 2840 3492 2913 Cyprio
3525 2846 3664 2900 scri-

2002 2908 2168 2975 ptum
2218 2907 2400 2966 fuisse
2429 2917 2562 2969 ante
2594 2915 2894 2989 indeptam
2925 2907 3660 3004 patriarchatus-dignita-

1999 2997 2140 3066 tem,
2174 2998 2361 3068 capite
2389 3001 2445 3055 6.
2477 3019 2642 3062 num.
2675 3008 2729 3074 2,
2783 3010 3213 3082 adnotavimus,
3246 3021 3404 3074 totus
3453 2997 3559 3087 est,
3595 3028 3662 3079 ut

1996 3082 2248 3154 Spiritus
2281 3092 2715 3157 processionem
2769 3115 2802 3152 a
2853 3098 3016 3166 Filio,
3048 3103 3137 3158 vel
3184 3122 3289 3176 per
3334 3108 3544 3165 Filium
3594 3112 3656 3168 in

1995 3171 2262 3240 ejusdem
2306 3180 2614 3250 temporali
2664 3188 3126 3261 mani/estatione,
3155 3198 3476 3269 ostensione,
3506 3215 3654 3269 prae-

1996 3259 2222 3330 bitione,
2256 3281 2322 3319 ac
2351 3269 2614 3326 missione
2660 3276 3006 3346 constituat;
3047 3298 3113 3335 ac
3165 3281 3418 3354 Spiritus
3467 3289 3653 3344 sancti

1991 3365 2205 3406 nomen
2240 3371 2341 3424 pro
2372 3356 2509 3412 dono
2541 3360 2735 3431 effuso,
2763 3381 2866 3435 pro
2907 3371 3094 3437 gratia
3139 3372 3362 3445 donata,
3391 3393 3491 3447 pro
3520 3395 3652 3450 ope-

1990 3440 2209 3495 ratione
2246 3444 2320 3497 ad
2367 3451 2543 3514 extra,
2579 3466 2705 3518 quae
2754 3456 3138 3513 sanctissimae
3170 3462 3439 3519 Trinitati
3491 3482 3648 3524 com-

1990 3529 2195 3585 munia
2227 3537 2386 3604 sunt,
2419 3537 2827 3608 accipiendum
2861 3547 3124 3603 suadeat.

1985 3707 2324 3765 absurditas
2355 3712 2443 3767 vel
2493 3713 2606 3785 ipsi
2660 3717 3063 3780 innotescebat
3110 3726 3384 3800 Gregorio
3414 3707 3641 3805 Cyprio,

1984 3795 2086 3866 qui
2109 3796 2272 3854 Becci
2297 3801 2794 3873 disputationibus
2817 3817 3166 3884 coarctatus,
3185 3795 3257 3873 ab
3279 3836 3345 3875 ea
3368 3795 3634 3882 recessiti

1983 3901 2282 3957 novasque
2326 3888 2576 3948 hmreses
2618 3893 2897 3954 inducere
2923 3907 3158 3960 coactus
3186 3914 3295 3975 est,
3329 3910 3415 3966 vel
3467 3916 3638 3970 mini-

1977 4239 2130 4295 sicut
2182 4259 2216 4297 a
2261 4244 2449 4315 Patre,
2491 4253 2548 4304 et
2601 4268 2634 4305 a
2691 4253 2909 4324 Spiritu
2970 4239 3638 4336 sancto,-producatur’.

1976 4328 2202 4386 Primos
2235 4333 2497 4403 ejusdem
2537 4339 3033 4412 interpretationis
3077 4356 3341 4411 auctores
3375 4357 3633 4418 diximus

1973 4417 2407 4492 Monothelitas,
2438 4427 2539 4496 qui
2586 4429 2859 4500 Spiritum
2902 4447 3151 4494 sanctum
3198 4459 3266 4497 ea:
3308 4451 3475 4503 Patre
3503 4465 3633 4521 pro-

1971 4507 2252 4565 cedentem
2299 4512 2553 4585 aiebant,
2602 4521 2654 4573 et
2693 4537 2797 4590 per
2841 4525 3049 4581 Filium
3096 4532 3404 4600 micantem,
3435 4507 3632 4594 videli-

1974 4601 2056 4650 cet
2097 4597 2430 4659 hominibus.
2463 4605 2634 4661 Paria
2681 4611 2857 4666 verba
2907 4623 3222 4674 occurrunt
3267 4620 3327 4676 in
3377 4628 3631 4697 genuina

1977 4683 2236 4757 Gregorii
2287 4688 2771 4752 Neocaesariensis
2821 4699 2979 4756 brevi
3029 4705 3400 4776 Expositione
3444 4713 3628 4772 ﬁdei:

1976 4774 2124 4828 Unus
2151 4776 2393 4846 Spiritus
2438 4785 2678 4851 sanctus,
2711 4802 2781 4840 ex
2825 4788 2928 4844 Deo
2978 4796 3330 4853 existentiam
3377 4799 3580 4858 habens
3611 4822 3630 4857 :

1976 4857 2065 4912 καὶ
2114 4856 2203 4914 διὰ
2259 4864 2386 4917 Υἱοῦ
2446 4870 2708 4945 πεφηνὸς,
2769 4869 2981 4944 δηλαδή
3034 4885 3150 4942 τοῖς
3212 4883 3540 4962 ἀνθρώποις,
3580 4896 3635 4948 et

1977 4952 2072 5019 qui
2113 4967 2212 5022 per
2248 4955 2453 5011 Filium
2503 4963 2783 5030 apparuit,
2807 4966 3014 5022 scilicet
3061 4952 3396 5032 hominibus.
3435 4952 3630 5035 Falsa-

159 5178 414 5235 scilicet
470 5183 825 5256 excogitavit
887 5197 1154 5248 aeternam
1217 5200 1772 5276 explendescentiam,
1833 5229 1866 5267 a
1974 5214 2114 5284 illis,

161 5266 412 5325 Deitate
471 5269 819 5330 distinctam
871 5293 885 5332 :
937 5266 1356 5357 eamdemque,
1424 5294 1658 5351 tametsi
1718 5266 1866 5357 feret

167 5355 370 5414 tribus
427 5358 653 5416 divinis
699 5366 968 5434 personis
1010 5376 1363 5442 communis,
1398 5382 1634 5439 nomine
1681 5388 1862 5460 Spiri-

171 5446 266 5500 tus
295 5448 506 5503 sancti
543 5450 880 5521 appellabat
915 5473 928 5510 :
962 5457 1238 5525 Quoniam
1281 5468 1429 5522 nihil
1457 5473 1588 5526 novi
1615 5446 1860 5546 csa-(in-

167 5535 439 5610 quiens),
495 5553 676 5610 neque
729 5541 798 5596 ab
857 5559 963 5599 usu
1009 5546 1431 5621 Scripturarum
1486 5561 1759 5632 alienum,
1810 5568 1864 5624 si

156 5626 440 5698 spiritale
467 5626 681 5685 donum
728 5634 1003 5704 wquivoce
1049 5636 1290 5710 Spiritus
1335 5652 1560 5706 sanctus
1605 5626 1864 5725 vocetur;

511 5755 781 5822 ΡΑτιιοῐ..
835 5759 948 5823 Gn.
995 5763 1227 5831 CXLII.

1976 5304 2183 5361 Latina
2210 5308 2611 5382 translatione,
2645 5315 2792 5372 libro
2831 5336 2931 5388 v11,
2967 5326 3153 5396 capite
3199 5331 3287 5399 25,
3340 5333 3627 5405 integram

1972 5391 2134 5449 illam
2189 5396 2624 5469 Expositionem
2682 5406 2858 5463 refert
2914 5391 3055 5467 sine.
3099 5391 3496 5478 additamentb
3531 5441 3544 5478 :
3580 5431 3632 5480 et

1973 5484 2072 5552 qui
2121 5501 2222 5555 per
2275 5489 2481 5544 Filium
2527 5498 2806 5564 apparuit.
2859 5501 3103 5558 Perinde
3152 5512 3259 5576 est,
3309 5514 3483 5581 atque
3529 5527 3630 5580 per

1969 5571 2176 5628 Filium
2216 5577 2477 5650 procedit,
2511 5581 2688 5638 veluti
2739 5583 2896 5640 εἰκὼν
2927 5591 3022 5642 τοῦ
3063 5592 3209 5666 Υἱοῦ,
3245 5599 3426 5671 imago
3471 5602 3626 5672 Filii,

1969 5665 2036 5718 ut
2059 5659 2278 5721 ibidem
2318 5666 2400 5724 ait
2434 5667 2933 5752 Thaumaturgus,
2966 5679 3025 5736 in
3060 5697 3176 5757 qua
3195 5659 3630 5762 vexsplendesoit

3265 5816 3300 5886 5

2697 519 2808 573 sibi
2862 536 3059 577 nomen
3124 530 3333 595 agentis
3398 530 3694 592 adsciscere
3765 529 3772 538 ’
