4090 6476
447 352 565 411 139

1476 341 1792 403 GEORGII
1838 339 2106 402 CYPRII
2148 340 2266 403 CP.
2313 341 2843 405 PATRIARCHAE

3753 345 3871 406 HO

444 479 656 547 Filius;
688 477 1187 552 quemadmodum
1231 479 1289 532 et
1332 474 1514 531 Filius
1542 477 1632 531 est
1658 475 1853 547 imago
1882 472 2093 545 Patris,
2125 477 2182 544 Α
2210 491 2335 531 rem
2382 474 2673 546 ignarum,
2707 480 2812 532 aut
2867 492 3113 533 manum
3171 475 3672 549 interpolatricem
3724 477 3873 535 satis

443 584 573 641 quae
615 572 848 624 Patrem
898 569 1289 638 reprasentat.
1321 564 1468 620 Hinc
1496 563 1802 619 verissime
1854 562 2100 627 dictum,

445 656 660 713 Filium
690 675 794 730 per
812 654 1271 729 generationem,
1293 658 1350 709 et
1381 652 1665 725 Spiritum
1698 656 1970 707 sanctum
2000 666 2105 722 per

444 746 879 819 processionem
907 741 1657 816 apparere,exsplendescere,
1681 740 1961 812 effulgere,
1991 737 2103 794 sal-

443 852 515 893 va
538 835 816 908 imaginis
844 834 1068 890 ratione
1098 833 1159 887 in
1184 832 1328 888 Filio
1360 829 1616 904 propria,
1640 830 1839 886 minus
1868 828 2104 902 propria

443 921 504 979 in
534 924 756 996 Spiritu
786 927 1009 980 sancto.

517 1012 577 1069 In
611 1013 721 1068 hoc
756 1015 985 1069 vetusto
1033 1009 1549 1067 Monothelitarum
1601 1023 1793 1065 errore
1838 1005 2104 1062 versaba-

442 1107 540 1158 tur
578 1100 837 1158 Photius.
873 1101 1074 1173 Ipsum
1124 1097 1370 1153 Michael
1417 1094 1753 1152 Cerularius
1796 1093 2102 1165 amplexus

441 1195 585 1247 est:
632 1191 803 1263 eique
860 1188 1228 1261 frequentius
1285 1187 1531 1242 inhaeret
1586 1182 2101 1241 schismaticorum

438 1279 634 1337 factio.
680 1277 983 1351 Duplicem
1040 1276 1222 1349 igitur
1276 1275 1641 1347 distinguere
1672 1272 1855 1329 Graeci
1912 1270 2103 1327 solent

436 1371 619 1426 sancti
644 1369 883 1441 Spiritus
927 1367 1351 1439 processionem,
1377 1368 1444 1419 ut
1471 1362 1719 1419 Allatius
1750 1360 2012 1417 declarat
2040 1359 2100 1414 in

444 1456 706 1514 Vindiciis
747 1456 1037 1527 Ephesius?
1076 1452 1295 1526 synodi,
1325 1451 1513 1523 capite
1543 1450 1633 1519 47,
1668 1448 1914 1504 alteram
1960 1464 2099 1503 sem-

433 1548 731 1618 piternam,
776 1548 833 1599 et
880 1543 1123 1599 alteram
1175 1540 1584 1613 temporariam,
1620 1547 1671 1594 et
1710 1541 1937 1609 propter
1982 1552 2099 1601 nos,

435 1644 487 1692 et
539 1635 609 1691 ad
665 1636 807 1689 hanc
857 1634 941 1688 vel
1001 1630 1167 1686 illam
1216 1632 1549 1685 creaturam.
1612 1626 1898 1699 Inquiunt
1942 1640 2097 1692 vero,

433 1724 731 1782 secundum
749 1724 998 1794 primum
1033 1735 1386 1793 progressum
1433 1734 1580 1785 eum,
1631 1717 1839 1771 scilicet
1870 1729 1974 1784 quo
2001 1729 2097 1767 ea:-

2214 565 2489 636 produnt.
2541 564 2961 637 Cujuscunque
3015 581 3151 620 vero
3210 565 3387 623 fuerit
3440 565 3746 638 scriptoris
3804 581 3875 622 ea

2211 653 2418 721 oratio,
2452 654 2654 724 utique
2682 655 2859 711 verba
2896 654 3020 722 illa,
3050 670 3120 709 ex
3150 654 3261 711 solo
3289 656 3477 725 Patre,
3510 672 3751 712 causam
3783 656 3875 712 in-

2213 742 2406 797 dicare
2436 748 2704 815 possunt,
2728 759 2906 814 quam
2932 743 3114 798 Graeci
3136 748 3346 801 vocant
3368 745 3873 820 προκαταρκτικήνς

2211 837 2270 887 et
2298 848 2538 888 causam
2578 832 2756 888 etiam
2811 831 3039 900 Filium,
3073 850 3254 889 unam
3302 835 3691 907 eamdemque
3736 850 3875 890 cum

2208 925 2402 991 Patre,
2461 938 2576 977 non
2634 920 2968 977 excludunt.
3017 921 3130 977 Sed
3184 921 3285 978 illa
3338 923 3579 979 demum
3632 940 3878 996 quoque

2209 1011 2407 1079 verba,
2439 1012 2535 1081 qui
2560 1026 2659 1081 per
2689 1011 2894 1066 Filium
2924 1012 3207 1082 apparuit,
3238 1011 3589 1069 exstantiam
3620 1011 3879 1085 Spiritus

2212 1098 2399 1155 sancti
2429 1116 2464 1155 a
2494 1098 2657 1168 Filio,
2689 1097 2780 1155 vel
2832 1115 2935 1171 per
2980 1099 3195 1156 Filium
3245 1102 3372 1157 sine
3419 1100 3598 1157 dubio
3646 1101 3878 1174 signifi-

2211 1193 2375 1257 cant;
2410 1205 2545 1243 cum
2574 1188 2635 1243 in
2666 1188 2878 1243 divinis
2904 1205 3200 1260 apparere,
3230 1191 3689 1262 ensplendescere,
3719 1191 3885 1263 eﬂul-

2209 1294 2336 1346 gere
2382 1278 2624 1349 perinde
2668 1278 2807 1347 sint,
2840 1294 2905 1333 ac
2957 1276 3173 1334 Filium
3202 1280 3470 1351 generari
3520 1297 3555 1336 a
3604 1281 3787 1349 Patre,
3820 1282 3883 1336 et

2210 1366 2498 1439 Spiritum
2529 1371 2805 1422 sanctum
2833 1383 2868 1422 a
2896 1367 3066 1423 Patre
3097 1367 3356 1440 Filioque
3395 1369 3726 1440 procedere.

2282 1456 2577 1529 Insignem
2608 1456 2760 1511 addo
2784 1456 3094 1527 Aquinatis
3123 1457 3692 1514 animadversionem
3717 1474 3732 1513 :
3756 1474 3879 1530 qua

2211 1546 2419 1601 divinae
2468 1545 2784 1617 Scriptura
2829 1545 3133 1601 silentium
3181 1547 3549 1619 expenditur,
3585 1563 3620 1603 a
3658 1546 3879 1603 Griecis

2210 1635 2462 1706 denique
2491 1635 2807 1705 objectum.
2833 1635 2926 1690 Sic
2958 1640 3116 1690 enim
3147 1634 3229 1691 ait
3256 1634 3355 1692 ille
3384 1653 3404 1691 ι
3435 1652 3516 1707 p.,
3545 1640 3755 1707 quiest.
3778 1636 3879 1705 36,

2210 1729 2318 1781 art.
2342 1726 2398 1790 2,
2423 1724 2495 1779 ad
2528 1725 2551 1778 1
2583 1741 2635 1779 :«
2656 1724 2738 1780 De
2767 1724 2884 1780 Deo
2916 1724 3109 1780 dicere
3141 1741 3257 1780 non
3288 1725 3597 1791 debemus,
3622 1726 3779 1796 quod
3812 1725 3880 1782 in

432 1810 1016 1882 sistendamspirilw
1045 1808 1229 1871 habet:
1262 1805 1578 1878 Procedere
1610 1802 1807 1875 ipsum
1857 1817 1927 1856 ex
1974 1798 2099 1854 301°
2127 1864 2173 1884 η
2210 1830 2376 1869 sacra
2415 1811 2717 1884 Scriptura
2763 1828 2878 1868 non
2926 1812 3242 1881 invenitur,
3276 1814 3366 1870 vel
3416 1830 3521 1883 per
3565 1814 3753 1882 verba,
3783 1819 3878 1876 vel

789 1864 881 1882 τμ
934 1864 941 1865 γ
1217 1864 1283 1878 ..
1632 1864 1646 1875 .
2210 1864 2375 1869 ---μη
2416 1864 2717 1884 η-ης---π
2765 1864 2877 1868 ηπ
2927 1864 3241 1881 -η-------,
3291 1864 3366 1870 .--
3417 1864 3499 1883 Γ-.
3571 1864 3753 1882 παπ,
3796 1864 3878 1876 .-.

434 1901 601 1958 Patre
641 1918 655 1955 :
698 1899 1027 1957 secundum
1081 1895 1354 1965 alterum,
1412 1892 1933 1949 communicativum
1990 1889 2095 1943 sci-
2124 1864 2174 1930 B
2201 1918 2303 1975 per
2329 1918 2568 1957 δεηδυιη,
2598 1901 2756 1957 Licet
2793 1905 2992 1958 autem
3019 1918 3123 1973 ρεν
3160 1902 3327 1958 verba
3370 1919 3489 1959 non
3538 1903 3880 1960 inveniatur

432 1992 576 2062 licet,
636 2007 752 2047 non
782 1988 975 2046 solum
1005 2002 1075 2044 ex
1118 1990 1289 2042 Patre
1319 1982 1435 2039 dici
1464 1980 1748 2055 Spiritum
1801 1981 2096 2045 sanctum,

431 2081 534 2138 sed
562 2080 743 2135 etiam
799 2095 870 2135 ex
922 2077 1052 2149 ipso
1110 2074 1274 2131 Filio.
1308 2074 1377 2128 Et
1428 2071 1596 2127 aiunt
1648 2068 1923 2140 denique,
1956 2066 2098 2121 hanc

429 2169 948 2226 communicativam
1008 2166 1254 2234 gratiam
1305 2178 1422 2216 non
1478 2164 1695 2214 tantum
1748 2172 2095 2212 communem

425 2275 543 2316 esse
586 2259 801 2328 Patris,
831 2260 884 2313 et
932 2255 1085 2325 Filii,
1136 2252 1225 2309 sed
1280 2252 1455 2324 ipsius
1502 2250 1675 2305 etiam
1723 2246 1962 2318 Spiritus
1994 2264 2012 2298 :
2042 2252 2094 2300 et

414 2350 583 2422 juscta
612 2349 776 2404 illam
822 2346 936 2401 dici
981 2354 1101 2400 tum
1129 2359 1203 2398 ea:
1241 2343 1406 2396 Patre
1433 2340 1583 2394 mitti
1630 2337 1913 2409 Spiritum
1959 2351 2092 2390 san-

424 2443 574 2495 ctum
624 2442 675 2495 et
704 2455 747 2496 α
790 2436 950 2504 Pilio,
984 2443 1100 2489 tum
1148 2434 1331 2503 ipsum
1379 2429 1657 2500 Spiritum
1714 2434 1967 2481 sanctum
2020 2439 2093 2477 ex

422 2545 481 2585 se
545 2530 661 2600 ipso
730 2527 936 2582 venire.
992 2524 1233 2579 Patrum
1298 2515 1688 2584 testimoniis,
1748 2531 1879 2586 quae
1940 2513 2090 2569 bene

423 2616 612 2674 multa
666 2614 1107 2688 congessimus,
1152 2611 1445 2681 repugnat
1511 2621 1692 2661 error.
1745 2601 2090 2675 Insipientia

424 2723 660 2779 quoque
700 2704 896 2773 fuerit,
927 2705 1016 2759 tot
1068 2697 1338 2756 Ecclesiae
1385 2700 1651 2762 Patrum,
1701 2692 2084 2765 scriptorum-

423 2813 537 2870 que
561 2794 891 2852 clarissima
908 2791 1105 2858 verba,
1133 2805 1199 2845 ac
1230 2788 1583 2844 documenta
1609 2781 2085 2839 luculentissima

422 2869 555 2959 qua
584 2885 860 2958 Spiritum
893 2884 1151 2938 sanctum
1177 2877 1440 2950 progredi
1481 2892 1518 2929 a
1560 2874 1701 2929 Filio
1748 2869 2081 2959 enuntiant,

421 2957 671 3049 figurate
720 2976 953 3030 tantum
995 2985 1062 3025 ac
1108 2966 1429 3040 improprie
1470 2961 1795 3034 intelligere
1836 2957 2080 3015 omnia:

421 3082 537 3139 quo
584 3068 786 3119 tamen
835 3076 1013 3116 sensu
1063 3056 1405 3128 accipienda
1450 3054 1670 3118 forent,
1702 3065 1837 3106 cum
1886 3062 2086 3103 revera

420 3170 487 3212 ac
514 3151 747 3226 proprie
774 3147 1011 3206 nonnisi
1050 3150 1243 3201 creata
1281 3144 1437 3199 dona
1464 3147 1521 3197 et
1550 3139 1910 3196 charismata
1941 3139 2081 3204 sint,

2205 1992 2265 2047 in
2291 1996 2468 2047 Sacra
2506 1990 2829 2062 Scriptura,
2862 1989 3020 2061 quod
3068 1990 3324 2063 Spiritus
3348 1990 3598 2062 procedit
3624 2007 3667 2047 α
3693 1991 3877 2055 Filio;

2204 2081 2498 2137 invenitur
2523 2084 2721 2135 tamen
2751 2083 3043 2151 quantum
3080 2080 3153 2135 ad
3197 2096 3440 2148 sensum,
3471 2084 3530 2136 et
3581 2080 3878 2153 praecipue

2206 2169 2305 2224 ubi
2327 2169 2472 2226 dicit
2493 2168 2675 2226 Filius
2695 2169 2864 2225 Joan.
2887 2186 2984 2224 xvr
3003 2169 3077 2225 de
3107 2168 3332 2241 Spiritu
3354 2173 3557 2227 sancto
3577 2168 3828 2241 loquens
3854 2185 3871 2224 :

2200 2260 2305 2316 Ille
2333 2276 2425 2316 me
2453 2258 2803 2327 clariﬁcabit,
2834 2260 2966 2329 quia
3006 2258 3074 2314 de
3112 2274 3233 2314 meo
3280 2260 3533 2329 accipiet.
3564 2257 3874 2331 Regulari-

2200 2352 2291 2405 ter
2318 2348 2496 2406 etiam
2532 2348 2593 2404 in
2643 2364 2811 2404 sacra
2860 2347 3165 2420 Scriptura
3210 2347 3536 2404 tenendum
3566 2351 3678 2416 est,
3710 2348 3874 2420 quod

2199 2437 2259 2493 id
2290 2439 2445 2509 quod
2473 2437 2541 2494 de
2570 2441 2739 2493 Patre
2785 2436 3014 2504 dicitur,
3048 2440 3278 2509 oportet
3321 2436 3387 2493 de
3433 2437 3576 2494 Filio
3603 2437 3874 2509 intelligi,

2198 2526 2428 2582 etiamsi
2455 2527 2619 2582 dictio
2637 2525 2925 2582 exclusiva
2949 2525 3232 2593 addatur;
3260 2524 3376 2581 nisi
3406 2524 3602 2582 solum
3632 2525 3692 2580 in
3723 2524 3873 2593 illis,

2192 2630 2256 2686 in
2288 2615 2505 2688 quibus
2545 2616 2713 2671 Pater
2742 2618 2803 2671 et
2832 2614 3017 2671 Filius
3066 2614 3391 2671 secundum
3441 2614 3741 2687 oppositas
3771 2632 3867 2670 re-

2192 2705 2443 2762 lationes
2459 2704 2929 2777 distinguuntur.
2945 2705 3093 2761 Cum
3112 2705 3272 2760 enim
3294 2703 3578 2760 Dominus
3593 2703 3798 2760 Matth.
3819 2721 3867 2760 ιι

2192 2795 2336 2851 dicit
2367 2812 2381 2850 :
2411 2796 2577 2851 Nemo
2617 2795 2771 2851 nouit
2796 2794 3025 2861 Filium,
3046 2795 3163 2850 nisi
3207 2795 3398 2864 Pater,
3431 2809 3548 2850 non
3599 2792 3864 2849 excludi-

2195 2889 2307 2953 tur,
2341 2884 2488 2957 quin
2515 2885 2693 2940 Filius
2722 2883 2987 2955 seipsum
3018 2887 3354 2955 cognoscat.
3383 2881 3479 2939 Sic
3507 2881 3692 2955 igitur
3720 2898 3866 2940 cum

2191 2972 2590 3045 dicitur,quod
2611 2973 2854 3045 Spiritus
2872 2979 3091 3028 sanctus
3111 2989 3147 3027 a
3165 2972 3332 3028 Patre
3342 2971 3614 3043 procedit,
3627 2969 3865 3027 etiamsi

2191 3061 2525 3131 adderetur,
2567 3062 2725 3133 quod
2762 3061 2916 3116 136
2955 3077 2992 3115 a
3033 3061 3149 3117 solo
3194 3064 3370 3116 Patre
3407 3059 3708 3132 procedit:
3740 3075 3864 3115 non

2191 3150 2520 3208 excluditur
2548 3151 2685 3207 inde
2713 3152 2913 3206 Filius.
2942 3150 3089 3215 Quia
3117 3154 3406 3221 quantum
3436 3150 3508 3205 ad
3539 3148 3672 3217 hoc,
3700 3149 3864 3220 quod

419 3260 548 3316 quae
601 3239 838 3297 nomine
884 3237 1065 3293 δαηετί
1112 3234 1353 3306 δΡίνίίαε
1401 3234 1611 3304 Primar
1657 3228 1745 3283 fas
1789 3242 1963 3316 (ξωηθ
1992 3224 2082 3279 ίΠ·
2116 3236 2159 3304 C
2197 3244 2287 3296 est
2312 3256 2424 3297 esse
2446 3240 2790 3312 principium
2818 3240 3063 3311 Spiritus
3090 3240 3289 3305 sancti,
3323 3256 3441 3295 non
3479 3242 3865 3311 opponuntur

420 3313 660 3406 signita,
690 3346 726 3385 a
752 3328 895 3384 Filio
920 3325 1380 3399 progrediantur,
1412 3318 1711 3390 simulque
1739 3333 1774 3373 a
1802 3313 1992 3382 Patre,
2019 3329 2086 3370 ac

423 3422 551 3494 ipso
584 3419 761 3476 etiam
793 3416 1036 3489 Spiritu.
1846 3497 1851 3499 ἐ
2018 3490 2027 3499 1

491 3511 558 3566 In
602 3504 1157 3573 concertationibus,
1191 3517 1339 3575 quas
1389 3514 1526 3555 cum
1577 3500 1756 3551 Becco
1805 3497 1863 3549 et
1912 3490 2087 3548 sociis

419 3600 678 3658 habuere
707 3597 836 3669 ejus
865 3594 1052 3652 aetatis
1089 3589 1293 3659 Graeci,
1325 3585 1734 3644 testimonium
1766 3580 1954 3639 sancti
1985 3582 2086 3652 Cy-

418 3689 537 3746 rilli
592 3687 888 3757 obiectum
938 3683 1141 3753 video,
1198 3679 1381 3736 veluti
1439 3679 1746 3747 sumptum
1801 3671 1950 3728 135
2015 3686 2086 3725 ex

419 3781 548 3852 ejus
585 3779 834 3835 oratione
877 3773 944 3830 de
989 3770 1341 3828 sanctissima
1390 3765 1581 3822 Triade
1613 3782 1629 3818 :
1664 3779 1779 3836 quo
1829 3760 2082 3833 Spiritus

418 3872 663 3927 sanctus
709 3863 1000 3938 procedere
1046 3860 1264 3916 dicitur
1294 3874 1365 3913 ex
1394 3859 1581 3923 Patre,
1614 3853 1712 3909 hoc
1756 3855 1834 3907 est
1881 3866 1955 3905 ex
2000 3865 2084 3905 es-

411 3959 598 4016 sentia
659 3955 844 4012 Patris
900 3972 918 4009 :
989 3967 1104 4008 non
1164 3948 1556 4024 generatione,
1627 3939 2081 4016 quemadmodum

415 4050 596 4107 Filius
625 4064 644 4103 :
674 4045 768 4103 sed
808 4042 1177 4117 processione,
1207 4045 1265 4093 ut
1311 4036 1517 4092 dictum
1548 4041 1644 4100 est,
1674 4048 1747 4087 ea:
1802 4031 1913 4086 solo
1967 4034 2076 4085 Pa-

416 4143 519 4210 tre,
561 4137 729 4194 veluti
775 4135 842 4189 ab
890 4147 1016 4197 ore;
1043 4128 1137 4186 sed
1184 4129 1282 4200 qui
1336 4126 1647 4196 comparuit
1698 4136 1796 4193 per
1845 4120 2075 4188 Filium,

413 4229 736 4300 locutusque
766 4237 845 4279 est
886 4224 950 4278 in
994 4219 1267 4277 universis
1313 4217 1515 4272 sanctis
1539 4211 1820 4284 apostolis,
1852 4212 1903 4265 et
1944 4224 2074 4280 pro-

404 4318 584 4391 phetis
613 4335 631 4371 :
666 4313 1050 4377 nihilominus,
1081 4309 1168 4364 uti
1210 4307 1355 4377 dixi,
1387 4321 1458 4361 ex
1503 4303 1743 4360 essentia
1789 4300 1976 4391 Patris
2024 4302 2075 4354 et

407 4390 543 4465 Filii
596 4407 851 4470 eaistens,
906 4404 957 4457 et
1004 4397 1245 4468 eiusdem
1300 4412 1424 4452 cum
1478 4396 1643 4449 Patre
1697 4395 1747 4448 et
1801 4390 1943 4446 Filio
1996 4403 2075 4443 es-

407 4499 620 4555 sentiae.
651 4495 812 4550 Hanc
855 4489 1050 4563 Cyrilli
1100 4485 1455 4543 sententiam
1498 4480 1950 4555 diligentissime
1981 4496 2072 4536 ex-

2199 3329 2387 3399 Pater,
2420 3334 2478 3384 et
2509 3328 2728 3384 Filius:
2762 3330 2866 3385 sed
2898 3328 3091 3384 solum
3119 3332 3410 3400 quantum
3442 3327 3514 3384 ad
3546 3327 3675 3395 hoc,
3700 3327 3864 3398 quod

2197 3417 2285 3472 hic
2329 3422 2408 3474 est
2452 3422 2642 3488 Pater,
2690 3422 2743 3474 et
2786 3418 2886 3473 ille
2929 3418 3133 3474 Filius.
3163 3439 3193 3467 »
3230 3416 3532 3487 Ampliora
3586 3416 3865 3489 superius

2188 3507 2315 3577 jam
2350 3506 2642 3564 dedimus.

2263 3596 2359 3652 VI.
2392 3597 2628 3652 Errores
2656 3595 2823 3664 varii,
2855 3612 3003 3667 quos
3032 3595 3237 3652 media:
3268 3595 3457 3651 aetatis
3487 3594 3672 3651 Graeci
3702 3594 3862 3653 circa

2192 3686 2379 3742 sancti
2429 3685 2684 3758 Spiritus
2724 3683 3156 3755 processionem
3205 3700 3241 3739 a
3283 3684 3447 3755 Filw,
3480 3682 3569 3739 vel
3616 3699 3719 3755 per
3763 3685 3860 3739 Fi-

2193 3775 2334 3830 lium
2373 3774 2795 3847 excogitarunt,
2827 3777 3055 3829 Graecos
3087 3773 3265 3829 etiam
3315 3773 3417 3829 sevi
3467 3773 3758 3844 sequioris
3787 3786 3879 3831 ac'

2189 3867 2451 3921 recentes
2490 3867 2795 3920 traxerunt
2841 3862 2904 3917 in
2954 3864 3173 3932 partes.
3204 3861 3393 3916 Locus
3441 3864 3532 3916 est
3578 3860 3857 3934 insignis,

2188 3952 2343 4008 inter
2377 3954 2522 4008 Acta
2576 3952 2785 4025 synodi
2836 3951 3177 4006 Florentinis
3225 3949 3677 4016 Graeco-Latina,
3729 3967 3859 4007 ses-

2187 4041 2352 4098 sione
2378 4043 2469 4095 22.
2504 4040 2705 4097 Basilii
2736 4044 2959 4096 textum
3000 4056 3072 4095 ex
3117 4038 3366 4095 homilia
3412 4038 3484 4094 de
3533 4038 3849 4112 baptismo,

2185 4132 2306 4187 sive
2335 4132 2406 4187 de
2445 4131 2667 4203 Spiritu
2722 4133 2927 4187 sancto
2982 4128 3215 4200 legebat
3272 4128 3506 4185 Marcus
3559 4127 3854 4200 Ephesius

2184 4222 2296 4277 hoc
2322 4221 2498 4277 modo
2531 4238 2544 4276 :
2576 4222 2697 4276 Non
2751 4221 2905 4276 enim
2962 4219 3261 4290 accipimus
3305 4233 3341 4273 a
3390 4217 3604 4289 Spiritu
3634 4217 3849 4289 aliqua,

2184 4305 2365 4382 ὥσπερ
2417 4308 2563 4385 παρά
2615 4312 2714 4363 τοῦ
2764 4307 2892 4362 Υἱσῦ
2937 4305 3002 4361 τὸ
3054 4309 3294 4379 Πνεῦμα,
3329 4305 3787 4380 quemadmodum
3814 4324 3853 4364 a

2180 4401 2318 4457 Filio
2348 4400 2636 4470 Spiritum.
2671 4398 2884 4455 Vocem
2914 4399 3136 4469 Πνεῦμα
3187 4395 3250 4451 in
3299 4399 3457 4452 recto
3504 4411 3644 4452 casu
3695 4396 3851 4452 acci-

2178 4489 2457 4562 piendam
2506 4487 2895 4544 contendebat
2922 4488 3161 4543 Joannes
3191 4485 3256 4542 de
3285 4486 3460 4542 Monte
3487 4483 3678 4553 Nigro,
3710 4501 3848 4557 pro-

406 4587 609 4660 pendit
647 4585 756 4640 Leo
809 4581 1059 4636 Allatius
1088 4577 1148 4631 in
1187 4574 1446 4670 νὶηιὶξεξίδ
1841 4570 2064 4670 ﬁtﬁt-di,
2094 4605 2141 4670 D
2177 4580 2381 4636 vincia:
2439 4578 2800 4634 Lomhardiaa
2862 4576 3172 4647 praefectus
3214 4574 3441 4631 ordinis
3497 4573 3851 4631 Prwdicato-

406 4676 595 4748 capite
623 4675 713 4744 65,
745 4674 997 4752 Joannes
1035 4669 1252 4723 Beccus
1282 4668 1340 4721 et
1369 4661 1789 4718 Constantinus
1838 4660 2063 4716 Melite-

404 4767 566 4822 niota
594 4764 914 4837 genuinam
962 4750 1187 4814 exstare
1216 4752 1410 4826 Cyrilli
1462 4752 1788 4809 Orationem
1831 4757 1896 4805 de
1944 4750 2057 4805 Tri-

400 4858 593 4925 nitate,
652 4851 798 4908 nihil
854 4851 1190 4905 haesitantes
1262 4842 1505 4899 inficiati
1565 4845 1706 4897 sunt
1763 4856 1775 4894 :
1838 4856 2060 4911 proque

403 4941 807 5001 commentitia
865 4937 1101 4994 allatam
1157 4933 1486 5007 pericopem
1537 4931 1882 5001 reiecerunt.
1927 4928 2059 4984 Haec

399 5049 543 5091 sane
595 5027 1061 5102 repugnantibus
1121 5023 1292 5079 dictis
1349 5021 1613 5077 confecta
1667 5022 1774 5075 est.
1835 5017 2058 5073 Dicitur

398 5137 607 5193 nempe
635 5118 886 5190 Spiritus
916 5119 1156 5171 sanctus
1188 5130 1260 5168 ex
1300 5114 1530 5168 essentia
1558 5110 1767 5175 Patris,
1797 5107 2056 5179 itemque

2174 4687 2344 4735 rum,
2404 4669 2722 4740 ipsumque
2786 4670 3011 4721 textum
3083 4666 3165 4721 ita
3218 4664 3421 4720 Latine
3473 4664 3845 4733 vertendum,

2172 4757 2632 4832 quemadmodum
2661 4774 2696 4812 a
2725 4756 2865 4812 Filio
2909 4756 3176 4826 Spiritus.
3210 4754 3293 4810 De
3336 4754 3595 4825 genuina
3638 4754 3850 4812 Latina

2168 4849 2433 4906 versione
2473 4846 2805 4903 accuratius
2855 4861 3027 4917 agere
3074 4843 3490 4917 praetermitto;
3525 4860 3660 4899 cum
3709 4860 3844 4900 eam

2166 4937 2473 4993 homiliam
2505 4937 2660 4991 inter
2701 4950 2878 5007 opera
2917 4933 3064 4990 falso
3097 4934 3352 5006 ascripta
3401 4932 3616 4990 Basilio
3648 4932 3848 4991 novis-

2168 5028 2357 5083 simus
2387 5025 2579 5081 editor
2607 5023 2882 5080 Julianus
2913 5022 3158 5079 Garnier
3188 5022 3611 5079 amandaverit.

2236 5120 2508 5182 Sensum,
2548 5130 2664 5185 quo
2695 5118 2921 5167 textum
2968 5111 3335 5184 intelligehat
3363 5109 3670 5183 Ephesius,
3701 5108 3845 5165 vali-

2165 5204 2314 5261 diori
2345 5202 2584 5259 brachio
2615 5206 2678 5258 ut
2710 5201 2975 5273 rejiceret
3006 5200 3161 5256 idem
3188 5200 3469 5268 Joannes,
3494 5199 3799 5271 quaerebat
3826 5216 3841 5255 :

2162 5294 2245 5349 An
2282 5293 2553 5363 Spiritum
2602 5292 2896 5361 ipsummet
2937 5293 3186 5345 sanctum
3224 5288 3539 5345 hominibus
3583 5304 3843 5345 commu-

2160 5384 2355 5439 nicari
2383 5384 2670 5444 assereret,
2705 5398 2780 5435 an
2825 5380 2971 5435 dona
2999 5380 3266 5434 duntaxat
3298 5380 3474 5450 ipsius
3495 5380 3520 5431 ?
3567 5377 3839 5448 Repone-

2161 5474 2263 5529 bat
2319 5473 2551 5527 Marcus
2599 5487 2612 5524 :
2658 5471 2812 5525 Dona
2864 5469 3109 5537 concedi,
3140 5482 3267 5539 quae
3318 5483 3422 5540 per
3472 5466 3844 5523 subsistentia

2159 5578 2276 5617 non
2321 5560 2452 5629 sint,
2500 5558 2675 5615 veluti
2700 5556 2910 5629 Filius,
2941 5566 2994 5613 et
3020 5557 3261 5629 Spiritus
3294 5575 3315 5613 :
3343 5556 3609 5614 Instabat
3651 5556 3838 5613 Joan-

2158 5667 2262 5709 nes
2295 5667 2310 5706 :
2341 5650 2485 5708 Num
2509 5650 2751 5722 Spiritus
2786 5650 2909 5721 iste,
2943 5649 3040 5722 qui
3079 5646 3250 5705 datur
3277 5663 3315 5704 a
3338 5647 3505 5721 Filio,
3534 5655 3840 5708 creatome

396 5230 467 5271 ea:
495 5212 732 5268 essentia
768 5209 902 5264 Filii
949 5214 1218 5262 exsistens
1249 5223 1267 5258 :
1302 5202 1595 5275 quomodo
1645 5216 1781 5271 ergo
1831 5215 1900 5253 ex
1943 5198 2055 5253 solo

397 5307 562 5359 Patre
596 5298 888 5374 procedit?
929 5298 1115 5352 Verba
1163 5294 1280 5364 illa,
1316 5298 1377 5347 ut
1402 5292 1609 5347 dictum
1649 5298 1745 5357 est,
1774 5290 1858 5343 uti
1905 5286 2050 5356 disci,

399 5392 702 5466 quidpiam
732 5388 1015 5456 indicant,
1048 5385 1203 5455 quod
1246 5383 1521 5455 superius
1551 5382 1796 5445 dictum,
1830 5380 2055 5448 repetat

396 5487 645 5540 auctor:
696 5483 757 5537 at
802 5476 949 5534 nihil
996 5472 1339 5546 hujusmodi
1387 5472 1447 5527 in
1497 5487 1563 5527 eo
1613 5468 1741 5525 loco
1789 5468 2048 5538 apparet.

394 5573 627 5630 Dixerat
668 5570 854 5644 prius,
882 5566 1177 5641 procedere
1220 5563 1506 5637 Spiritum
1535 5577 1571 5615 a
1600 5566 1767 5616 Patre
1797 5573 1815 5611 :
1843 5555 2053 5627 repetit

389 5679 525 5724 vero
555 5678 627 5720 ea:
663 5661 775 5720 solo
819 5661 1003 5731 Patre,
1035 5656 1203 5715 veluti
1230 5654 1298 5712 ab
1326 5668 1447 5717 ore;
1477 5666 1608 5725 quae
1656 5651 1758 5707 aut
1804 5646 2049 5721 scripto-
