4090 6442
213 377 323 437 ιιι

1461 376 1671 439 νιΤΑ.
1703 410 1782 420 -
1811 374 2328 437 DISSERTATIO
2372 377 2421 436 Ι.

3527 378 3643 436 142

208 511 299 577 sit,
322 524 397 565 an
427 518 700 566 creatura
717 525 741 572 ;
771 525 917 566 num
939 510 1114 568 etiam
1145 512 1299 567 dona
1328 511 1479 582 ejus,
1502 514 1560 566 et
1581 510 1869 583 operatio-
1902 515 1957 580 Α
1987 509 2059 563 ad
2108 508 2374 564 eamdem
2406 507 2853 580 intelligentiam
2885 507 3306 581 aspicientibus
3364 509 3642 565 omnibus

214 613 319 654 nes
345 598 464 653 sint
486 603 710 669 creata,
742 615 820 654 an
852 599 976 672 ipse
1005 603 1232 656 creator
1252 599 1510 671 Spiritus
1527 599 1555 654 ?
1585 598 1876 655 Conticuit

220 686 526 758 Ephesius.
559 688 717 743 Tum
746 704 882 743 vero
931 690 1232 761 imperator
1256 690 1484 754 veritus,
1514 704 1583 743 ne
1612 687 1687 748 εἷς
1732 684 1872 741 ἄλλο

224 770 402 849 δόγμα
440 778 502 831 in
543 776 703 832 aliud
749 776 946 849 dogma
991 793 1169 832 sermo
1218 775 1573 845 deliberetur,
1608 775 1874 848 (scilicet)

225 866 284 919 in
314 866 659 936 quastionem
703 864 831 939 περὶ
874 868 1112 934 atto-toi},
1143 863 1235 918 καὶ
1282 863 1556 934 ἀκτίστου,
1589 865 1655 921 de
1694 872 1874 921 creato

228 961 278 1009 et
317 955 582 1021 increato,
600 955 780 1025 jussit
836 954 978 1010 hanc
1022 955 1454 1027 disputationem
1501 956 1702 1010 omitti.
1760 954 1872 1010 Ve-

225 1042 453 1098 rissime
504 1041 807 1100 Michaelis
856 1043 1133 1116 Lequieni
1190 1044 1618 1100 animadversio
1667 1047 1755 1099 est
1812 1043 1872 1099 in

226 1130 495 1202 Panoplia
536 1135 743 1187 contra
793 1130 1056 1187 schisma
1101 1132 1433 1188 Graecorum
1484 1131 1696 1188 saeculo
1743 1150 1871 1200 χιιι,

224 1235 341 1291 cap.
372 1220 430 1285 3,
476 1236 644 1275 num.
675 1220 766 1286 l2,
795 1224 854 1276 et
883 1236 1011 1294 cap.
1044 1222 1098 1289 4,
1133 1238 1297 1276 num.
1329 1222 1419 1289 20,
1452 1220 1511 1275 in
1553 1238 1680 1278 eam
1712 1221 1871 1277 Grae-

221 1323 311 1363 cos
338 1308 523 1363 etiam
556 1312 821 1364 recentes
852 1308 1080 1381 aliquos
1117 1310 1333 1366 abiisse
1362 1311 1555 1383 Cyprii
1585 1310 1870 1382 Gregorii,

214 1412 277 1452 ac
301 1401 515 1468 postea
543 1397 808 1471 Gregorii
833 1397 1085 1454 Palamaa
1105 1399 1533 1455 absurditatem
1563 1399 1634 1454 de
1660 1403 1874 1456 aeterna

206 1487 367 1542 extra
409 1485 587 1541 Deum
631 1486 1154 1558 exsplendeswntia,
1188 1488 1310 1543 sive
1348 1488 1420 1544 de
1467 1490 1698 1544 Lumine
1739 1482 1873 1560 quo-

206 1571 335 1628 dum
362 1575 726 1647 sempiterno,
759 1592 794 1630 a
823 1575 1023 1631 divina
1052 1576 1307 1632 essentia
1352 1577 1628 1633 distincto
1661 1593 1674 1631 :
1717 1578 1872 1649 quod

204 1664 455 1735 Spiritus
502 1665 689 1720 sancti
735 1663 972 1719 nomine
1019 1664 1403 1737 appellantes,
1436 1665 1594 1722 istud
1644 1666 1870 1738 utique,

208 1768 326 1808 non
382 1751 580 1824 ipsam
640 1753 830 1808 sancti
886 1753 1136 1826 Spiritus
1194 1771 1528 1826 personam,
1579 1753 1870 1827 proficisci

207 1855 241 1894 a
272 1839 451 1907 Filio,
483 1843 588 1895 aut
612 1854 711 1910 per
736 1839 944 1897 Filium
994 1840 1247 1909 aiebant,
1281 1846 1556 1899 aeternam
1600 1843 1866 1914 ejusdem

205 1926 467 2000 Spiritus
498 1929 956 2001 processionem,
990 1946 1168 2000 quam
1199 1930 1484 1987 docebant
1512 1931 1735 2003 Patres,
1770 1933 1868 1988 ab-

206 2016 568 2073 surdissima
616 2022 953 2073 commento
1002 2017 1325 2075 eludentes.
1375 2020 1506 2076 Alio
1556 2024 1869 2089 steterunt,

205 2121 275 2161 ac
330 2105 664 2177 persistunt
718 2106 1086 2178 frequentius
1142 2107 1201 2162 in
1260 2124 1456 2165 errore
1512 2109 1714 2181 Graeci,
1766 2111 1868 2183 qui

206 2194 562 2267 temporalia
593 2194 781 2251 sancti
811 2195 1065 2268 Spiritus
1108 2197 1262 2252 dona
1291 2197 1510 2269 pariter
1537 2198 1871 2272 insigniunt

205 2283 397 2355 ipsius
444 2282 632 2339 divini
678 2283 936 2356 Spiritus
983 2285 1243 2357 nomine,
1275 2290 1334 2342 et
1380 2286 1534 2342 hanc
1575 2288 1867 2343 donorum

205 2371 593 2445 temporalem
652 2371 1023 2445 largitionem
1092 2373 1557 2447 intelligendam,
1618 2376 1868 2449 ﬁgurate

205 2461 436 2517 scilicet
480 2477 551 2517 ac
596 2459 938 2534 improprie,
972 2465 1370 2532 processionem
1417 2463 1798 2533 arbitrantur,
1834 2483 1868 2522 a

207 2550 483 2607 Patribus
518 2555 800 2621 perpetuo
824 2550 1128 2622 traditam,
1159 2552 1401 2623 Spiritus
1427 2562 1607 2609 sancti
1636 2571 1677 2611 a
1701 2556 1865 2621 Filio,

203 2641 328 2696 sive
377 2655 488 2712 per
534 2640 762 2694 Filium.
824 2638 1135 2696 Silentium
1187 2643 1337 2697 137
1390 2657 1527 2715 ergo
1583 2642 1869 2715 imposuit

200 2733 442 2786 Gri-acus
491 2729 832 2800 imperator.
867 2729 1119 2785 Cavebat
1159 2730 1338 2798 enim,
1371 2748 1445 2787 ne
1491 2732 1658 2788 novis
1697 2732 1869 2789 dissi-

202 2818 315 2875 diis
372 2818 718 2875 diﬂ’erretur
775 2818 934 2885 unio,
969 2824 1070 2875 aut
1117 2820 1500 2892 impediretur
1544 2839 1557 2877 :
1609 2838 1751 2878 neve
1805 2822 1866 2877 in

198 2907 672 2981 disputationem
704 2908 886 2964 Marci
915 2908 1152 2981 Ephesii
1183 2910 1503 2981 advocatis,
1536 2910 1731 2983 palam
1764 2912 1865 2968 ﬁe-

196 3003 311 3065 ret,
358 2997 710 3069 Ephesium,
761 2997 1215 3069 compluresque
1262 3016 1294 3055 e
1324 3000 1451 3056 suis
1493 3001 1564 3056 ad
1610 3001 1869 3057 absurda

198 3090 541 3141 commenta
585 3084 835 3141 rediisse
886 3085 1199 3157 utriusque
1243 3085 1524 3158 Gregorii,
1571 3087 1763 3160 Cyprii
1810 3095 1869 3144 et

203 3172 483 3228 Falernas.

1899 1888 1949 1953 B

1985 598 2096 652 sub
2128 597 2374 653 diversis
2396 597 2696 654 vocabulis
2730 616 2743 653 :
2775 597 2958 653 Graeci
2975 597 3213 670 quidem
3231 603 3638 663 asserucrunt,

1986 686 2139 758 quod
2184 686 2239 742 id
2292 687 2448 758 quod
2492 687 2696 742 dicunt
2751 687 3014 759 Spiritum
3065 689 3317 741 sanctum
3361 702 3431 741 ex
3479 690 3644 741 Patre

1981 774 2289 844 procedere,
2323 791 2438 830 non
2485 775 2594 830 hac
2640 780 2834 830 mente
2878 774 3185 846 proferunt
3228 777 3294 828 ut
3338 775 3641 830 excludant

1984 864 2195 919 Filium
2225 880 2238 917 ε
2273 864 2375 919 sed
2406 863 2547 935 quia
2576 863 2660 919 cis
2700 864 3029 931 videbatur,
3061 866 3127 918 ut
3175 862 3364 930 aiunt,
3399 863 3638 919 Latinos

1984 967 2244 1007 asserere
2278 951 2563 1023 Spiritum
2594 967 2663 1008 ea:
2692 957 2865 1008 Patre
2893 955 2948 1007 et
2976 951 3115 1007 Filio
3145 952 3479 1023 procedere,
3509 956 3639 1006 tan-

1983 1056 2161 1112 quam
2189 1057 2259 1097 ex
2288 1041 2492 1097 duobus
2519 1042 2842 1113 principiis,
2876 1045 2929 1096 et
2956 1041 3168 1096 duabus
3196 1041 3595 1112 spirationibus
3619 1059 3643 1105 ;

1984 1129 2112 1184 ideo
2143 1128 2557 1185 abstinuerunt
2578 1147 2611 1185 a
2640 1130 2908 1197 dicendo,
2933 1130 3088 1201 quod
3119 1130 3373 1201 Spiritus
3394 1134 3639 1187 sanctus

1983 1232 2055 1271 ex
2082 1221 2255 1272 Patre
2280 1218 2542 1289 procedat
2570 1222 2619 1273 et
2649 1218 2810 1274 Filio.
2846 1219 3037 1273 Latini
3075 1235 3210 1274 vero
3242 1219 3637 1285 affirmarunt,

1984 1322 2098 1361 non
2132 1322 2192 1361 se
2222 1306 2334 1362 hac
2381 1312 2575 1363 mente
2607 1307 2819 1375 dicere,
2852 1307 3123 1379 Spiritum
3149 1316 3402 1363 sanctum
3429 1324 3499 1364 ex
3524 1309 3638 1363 Pa-

1981 1398 2064 1450 tre
2092 1395 2342 1467 Filioquc
2390 1395 2702 1467 procedere,
2744 1402 2808 1451 ut
2857 1396 3154 1452 excludant
3199 1398 3440 1467 Patrem,
3493 1396 3636 1469 quin

1981 1483 2060 1538 sit
2085 1485 2210 1554 fons
2248 1501 2315 1539 ac
2359 1485 2697 1556 principium
2745 1486 2912 1540 totius
2959 1484 3201 1554 deitatis,
3236 1485 3366 1540 Filii
3417 1485 3640 1543 scilicet

1982 1589 2048 1628 ac
2096 1572 2353 1645 Spiritus
2401 1572 2591 1629 sancti
2644 1589 2656 1628 :
2711 1578 2813 1629 aut
2862 1575 3016 1646 quod
3075 1574 3156 1642 id,
3211 1574 3351 1646 quod
3396 1574 3638 1647 Spiritus

1979 1666 2199 1718 sanctus
2225 1662 2475 1734 procedit
2498 1679 2568 1718 ea:
2597 1664 2757 1734 Filio,
2788 1663 2969 1719 Filius
2997 1680 3031 1718 a
3060 1665 3226 1719 Patre
3251 1679 3364 1719 non
3392 1663 3588 1719 habeat
3613 1682 3634 1719 .-

1980 1750 2101 1806 sive
2130 1751 2287 1822 quod
2315 1751 2420 1807 duo
2446 1761 2657 1823 ponant
2688 1768 2799 1808 esse
2823 1753 3121 1824 principia,
3153 1769 3255 1808 seu
3286 1752 3423 1809 duas
3450 1755 3634 1823 spira-

1981 1841 2153 1895 tiones
2182 1856 2202 1895 :
2235 1841 2335 1896 sed
2360 1858 2544 1896 unum
2573 1846 2808 1897 tantum
2827 1847 3093 1898 asserant
3106 1858 3235 1897 esse
3253 1842 3632 1914 principium,

1981 1928 2335 2001 unicamque
2366 1929 2745 2001 spirationem
2778 1930 3029 2002 Spiritus
3062 1931 3267 1998 sancti,
3294 1936 3466 2002 prout
3494 1930 3632 1987 hac-

1980 2022 2151 2074 tenus
2199 2023 2600 2074 asseruerunt.
2633 2019 2703 2073 Et
2730 2035 2865 2074 cum
2914 2035 2985 2074 ex
3012 2017 3106 2075 his
3149 2019 3427 2076 omnibus
3477 2037 3632 2076 unus

1981 2111 2038 2161 et
2066 2107 2221 2163 idem
2253 2106 2520 2163 eliciatur
2546 2107 2808 2163 veritatis
2837 2124 3073 2171 sensus,
3098 2108 3338 2164 tandem
3368 2108 3427 2163 in
3458 2108 3636 2163 inira-

1981 2196 2260 2267 scriptam
2294 2200 2578 2266 sanctam,
2601 2201 2659 2253 et
2690 2198 2804 2252 Deo
2835 2196 3171 2269 amabilem,
3195 2198 3399 2253 eodem
3430 2213 3631 2265 sensu,

1978 2285 2303 2357 eademque
2331 2290 2546 2351 mente,
2579 2285 2857 2342 unionem
2907 2284 3269 2342 unanimiter
3313 2287 3633 2343 concorda-

1978 2376 2139 2440 runt,
2185 2377 2244 2428 et
2289 2379 2735 2430 consenserunt.
2774 2375 2835 2429 In
2893 2374 3133 2431 nomine
3178 2374 3361 2447 igitur
3414 2380 3633 2431 sanctis

1977 2461 2305 2528 Trinitatis,
2337 2462 2549 2529 Patris,
2583 2466 2641 2518 et
2688 2460 2833 2533 Filii,
2865 2466 2923 2518 et
2977 2463 3234 2535 Spiritus
3282 2464 3488 2534 sancti,
3522 2463 3633 2519 hoc

1980 2567 2146 2607 sacro
2178 2550 2495 2607 universali
2518 2551 2879 2623 approbante
2905 2550 3172 2621 concilio,
3195 2551 3531 2621 deﬁnimus,
3563 2558 3633 2609 ut

1978 2639 2099 2695 haec
2131 2640 2264 2696 ﬁdei
2295 2640 2507 2696 veritas
2551 2640 2624 2695 ab
2672 2640 2949 2695 omnibus
2980 2640 3331 2697 Christianis
3359 2642 3633 2697 credatur

1977 2732 2036 2784 et
2081 2728 2459 2800 suscipiatur,
2494 2728 2696 2799 sicque
2744 2745 2948 2784 omnes
2996 2729 3421 2800 proﬁteantur:
3472 2732 3629 2801 quod

1977 2817 2232 2890 Spiritus
2270 2821 2511 2873 sanctus
2556 2835 2629 2873 ea:
2670 2819 2835 2873 Patre
2861 2826 2925 2887 et,
2953 2817 3100 2875 Filio
3146 2819 3486 2874 aeternaliter
3512 2827 3631 2882 est;

1975 2915 2028 2962 et
2054 2908 2345 2963 essentiam
2380 2923 2559 2974 suam,
2591 2923 2860 2978 suumque
2885 2923 2999 2963 esse
3047 2908 3347 2963 subsistens
3375 2907 3537 2964 habet
3562 2924 3635 2964 ex

1975 2997 2141 3052 Patre
2165 2996 2335 3052 simul
2362 3004 2415 3052 et
2455 2997 2596 3052 Filio
2616 3013 2638 3058 ;
2668 3000 2726 3052 et
2754 3013 2827 3051 ex
2868 3004 3100 3068 utroque
3139 2998 3478 3053 atemaliter
3503 3000 3629 3053 tan-

1975 3103 2143 3157 quam
2170 3086 2240 3141 ab
2267 3101 2377 3141 uno
2412 3085 2712 3157 principio,
2745 3088 2797 3140 et
2820 3088 2988 3141 unica
3015 3087 3324 3158 spiratione
3365 3086 3631 3158 procedit.

1976 3173 2350 3231 Declarantes
2380 3174 2535 3245 quod
2577 3173 2661 3241 id,
2693 3174 2851 3247 quod
2897 3175 3085 3231 sancti
3118 3175 3385 3232 doctores
3431 3180 3490 3232 et
3518 3181 3632 3232 Pa-

278 3260 689 3319 Deﬁnitionem
742 3262 1003 3336 synodus
1055 3263 1392 3321 Florentino.
1443 3265 1698 3337 denique
1725 3265 1867 3322 tulit
1895 3260 1939 3327 (ζ’.
1975 3266 2096 3320 tres
2144 3263 2298 3319 I88
2349 3263 2574 3329 dicunt,
2614 3279 2685 3319 ea:
2734 3265 2900 3320 Patre
2939 3280 3042 3335 per
3088 3265 3302 3320 Filium
3343 3265 3634 3337 procedere

205 3350 465 3406 sessione
490 3351 582 3423 25,
623 3367 745 3423 qua
771 3351 930 3407 inter
976 3356 1291 3426 utramque
1332 3353 1677 3422 Ecclesium,
1711 3355 1864 3412 Occi-

198 3438 481 3496 dentalem
536 3444 591 3497 et
664 3440 1027 3508 Orientalem,
1085 3442 1396 3499 concordia
1471 3447 1695 3500 statuta
1749 3449 1856 3500 est.

195 3529 571 3607 Catholicam
600 3530 673 3585 de
719 3531 912 3586 sancti
942 3530 1196 3602 Spiritus
1244 3533 1619 3604 processione
1648 3534 1866 3606 dogma

192 3618 289 3674 his
316 3618 520 3675 verbis
568 3619 916 3676 enuntiatur
956 3637 970 3674 :
1028 3640 1051 3670 ι
1100 3620 1523 3678 Convenientes
1574 3622 1765 3678 Latini
1808 3628 1866 3679 et

192 3708 381 3765 Grsci
414 3707 478 3762 in
511 3706 625 3763 hac
654 3712 1031 3766 sacrosancta
1069 3709 1430 3766 moumenica
1459 3712 1703 3784 synodo,
1738 3729 1862 3768 ma-

184 3814 301 3871 gno
344 3796 556 3854 studio
605 3796 857 3853 invicem
902 3798 993 3853 usi
1024 3803 1183 3867 sunt,
1218 3804 1283 3854 ut
1333 3799 1486 3857 inter
1524 3800 1640 3856 alia
1684 3802 1861 3857 etiam

186 3885 483 3944 articulus
514 3885 616 3942 ille
667 3886 732 3942 de
778 3886 972 3944 divina
1018 3888 1259 3960 Spiritus
1298 3892 1475 3946 sancti
1518 3893 1863 3962 processione

188 3991 433 4032 summa
464 3990 608 4031 cum
638 3974 947 4048 diligentia
974 3981 1031 4034 et
1063 3977 1307 4034 assidua
1333 3978 1717 4050 inquisitione
1747 3980 1864 4035 dis-

192 4068 518 4122 cuteretur.
571 4063 822 4122 Prolatis
879 4082 1015 4122 vero
1092 4066 1451 4124 testimoniis
1507 4084 1576 4123 ex
1648 4068 1863 4125 divinis

194 4151 536 4227 Scripturis,
574 4153 971 4227 plurimisque
1020 4156 1466 4213 auctoritatibus
1515 4160 1859 4213 sanctorum

190 4241 499 4300 doctorum
544 4242 918 4299 Orientalium
945 4249 1001 4300 et
1048 4244 1482 4301 Occidentalium
1511 4263 1530 4300 :
1562 4245 1861 4317 aliquibus

197 4333 434 4403 quidem
466 4348 544 4388 ea:
563 4334 759 4405 Patre,
790 4339 842 4389 et
869 4334 1013 4390 Filio
1034 4351 1055 4389 :
1086 4334 1443 4407 quibusdam
1490 4351 1627 4391 vero
1655 4351 1726 4392 es;
1750 4337 1862 4391 Pa-

194 4424 392 4495 ιτερα-
439 4422 662 4479 Filium
708 4423 1027 4495 procedere
1075 4422 1406 4482 dicentibus
1454 4424 1761 4497 Spiritum.
1792 4426 1863 4483 Et

1975 3351 2262 3425 Spiritum
2295 3355 2588 3418 sanctum,
2621 3352 2693 3407 ad
2725 3351 2876 3408 hanc
2904 3351 3351 3426 intelligentiam
3389 3355 3579 3410 tendit
3610 3373 3624 3412 :
3704 3393 3707 3396 ν

1976 3446 2043 3497 ut
2083 3459 2187 3514 per
2237 3442 2349 3497 hoc
2401 3441 2785 3514 signiﬁcetur,
2818 3443 3024 3497 Filium
3072 3459 3308 3516 quoque
3356 3460 3485 3500 esse
3533 3461 3625 3501 se-

1974 3532 2235 3587 cundum
2267 3530 2497 3586 Graecos
2541 3529 2779 3602 quidem
2828 3547 3070 3602 causam,
3102 3533 3431 3588 secundum
3471 3533 3625 3589 Lati-

1975 3638 2083 3677 nos
2111 3636 2245 3676 vero
2282 3620 2627 3691 principium
2674 3620 3071 3676 subsistentiis
3111 3621 3366 3692 Spiritus
3411 3624 3618 3694 sancti,

1974 3710 2128 3767 sicut
2154 3712 2211 3765 et
2263 3710 2510 3764 Patrem.
2544 3710 2617 3764 Et
2679 3709 2960 3779 quoniam
3017 3711 3216 3766 omnia
3271 3728 3399 3783 quas
3444 3714 3629 3770 Patris

1975 3802 2136 3866 sunt,
2168 3803 2336 3855 Pater
2363 3797 2491 3870 ipse
2540 3799 2826 3869 uniqenito
2855 3797 3004 3854 leio
3051 3815 3159 3855 suo
3205 3800 3498 3873 gignendo
3526 3803 3628 3858 de-

1973 3888 2080 3958 dit,
2112 3893 2321 3960 prteter
2348 3903 2466 3943 esse
2493 3888 2719 3943 Patrem
2750 3905 2768 3942 :
2798 3886 2909 3943 hoc
2951 3888 3170 3959 ipsum,
3200 3890 3357 3959 quod
3387 3890 3629 3962 Spiritus

1972 3982 2198 4034 sanctus
2221 3976 2467 4049 procedit
2493 3991 2564 4031 ea:
2597 3976 2759 4043 Filio,
2786 3977 2911 4048 ipse
2941 3977 3121 4033 Filius
3146 3994 3183 4031 a
3209 3978 3376 4034 Patre
3393 3984 3630 4036 eterna-

1972 4067 2106 4123 liter
2134 4066 2329 4136 habet,
2363 4082 2397 4120 a
2424 4082 2541 4137 quo
2571 4065 2751 4121 etiam
2797 4066 3149 4122 aeternaliter
3188 4067 3423 4138 genitus
3453 4073 3560 4123 est.
3595 4091 3625 4120 ››

1975 4154 2331 4227 Multiplices
2377 4170 2623 4221 errores,
2658 4153 2877 4224 quibus
2920 4153 3267 4210 laborabant
3314 4157 3517 4225 Graeci,
3550 4157 3629 4212 si-

1974 4245 2156 4302 lentio
2199 4242 2387 4316 pressi
2438 4246 2578 4298 sunt
2608 4260 2623 4297 :
2656 4244 2809 4315 quod
2842 4248 2933 4300 est
2974 4260 3109 4301 vero
3140 4245 3354 4317 dogma
3401 4246 3536 4302 ﬁdei
3565 4247 3633 4303 de

1972 4336 2219 4408 Spiritus
2246 4333 2423 4388 sancti
2449 4336 2665 4388 aeterna
2680 4334 3043 4404 processione,
3064 4334 3364 4393 erroribus
3392 4336 3626 4396 cunctis

1973 4426 2307 4493 adversum,
2339 4421 2698 4482 mcumenica
2725 4423 2992 4495 synodus
3022 4422 3306 4482 deﬁnivit.
