4090 6476
461 363 578 424 M3

1492 367 1810 431 GEORGII
1855 367 2117 430 CYPRII
2161 369 2277 430 CP.
2323 369 2860 432 PATRIABCHE

3722 370 3880 431 .1“

1426 665 2251 761 DISSERTATIO
2332 666 2915 763 SECUNDA

1642 875 2059 940 HISTORIGA
2100 876 2202 937 ET
2245 874 2702 937 DOGMATICA

737 1060 827 1119 De
858 1056 1179 1121 additione
1214 1060 1398 1136 vocis,
1428 1058 1726 1142 Filioque,
1759 1062 1838 1123 ad
1868 1061 2243 1141 Symbolum
2276 1079 2289 1120 :
2326 1061 2531 1141 deque
2569 1078 2728 1122 vano
2766 1060 2913 1122 inde
2952 1068 3202 1140 sumpto
3234 1062 3597 1123 Graecorum

1828 1160 2139 1222 scissionis
2166 1167 2501 1241 praetextu.

1027 1455 1068 1508 1
1081 1453 1180 1509 39
1220 1452 1451 1510 CAPUT
1491 1458 1532 1509 ι.

458 1542 692 1616 Joannis
719 1543 873 1616 βασὸ
883 1541 1213 1613 patriarchae
1232 1544 1820 1614 Constantinopolitani
1831 1544 2111 1616 judicium

527 1616 598 1687 de
624 1612 908 1687 additione
937 1616 1097 1687 vocis,
1133 1636 1160 1664 «
1189 1615 1455 1687 Filioque,
1488 1637 1516 1665 »
1546 1612 1878 1686 dependitur
1917 1624 2109 1670 contra

529 1683 827 1755 Georgium
884 1686 1301 1756 Pachymerem.
1334 1683 1688 1756 'Hujusmodi
1735 1688 2109 1743 additamenta

527 1757 882 1830 vindicantur
925 1758 1172 1828 exemplo
1220 1757 1489 1830 Symboli,
1541 1759 1693 1830 quod
1741 1760 2109 1830 apostolorum

525 1828 753 1897 dicitur,
802 1832 1028 1899 eratque
1074 1831 1135 1883 in
1167 1828 1273 1884 usu
1318 1832 1379 1884 in
1432 1828 1736 1886 Occidentis
1772 1828 1834 1885 ἐἰ
1867 1830 2109 1887 Orientis

529 1901 807 1956 Ecclesiis.
836 1901 1108 1973 __Itemque
1179 1901 1430 1973 Symboli
1500 1901 2104 1973 Constantinopolitani,

524 1974 668 2042 quod
704 1975 782 2027 est
827 1970 1116 2026 Nictenum
1162 1970 1548 2028 additionibus
1592 1970 1933 2043 auctum—ab
1979 1974 2108 2027 aliis

522 2043 780 2099 Ecclesiis
806 2058 911 2099 usu
938 2047 1231 2115 receptum,
1262 2059 1375 2099 non
1404 2045 1471 2099 ab
1501 2046 1656 2101 aliis.

524 2186 569 2239 Ι.
604 2184 942 2241 Florentina
970 2186 1229 2257 synodus
1274 2185 1631 2242 cecumenica
1662 2186 1721 2242 in
1773 2187 2005 2241 decreto
2036 2203 2103 2241 u-

452 2273 668 2341 nionis,
702 2273 1018 2329 constituto
1048 2274 1235 2329 sancti
1265 2275 1517 2347 Spiritus
1546 2291 1614 2330 ex
1645 2275 1811 2331 Patre
1843 2274 2105 2347 Filioque

448 2362 844 2434 processionis
875 2362 1168 2435 dogmate,
1199 2363 1351 2419 hanc
1384 2363 1625 2435 subjicit
1656 2363 2053 2419 definitionem
2086 2380 2099 2418 :

445 2452 753 2520 Deﬁnimus
780 2452 1031 2523 insuper,
1076 2453 1499 2524 explicationem
1528 2454 1820 2509 verborum
1849 2454 2101 2522 illorum,

450 2539 732 2612 Filioque,
773 2542 1024 2596 veritatis
1069 2541 1423 2599 declarandae
1467 2558 1655 2612 causa,
1688 2545 1739 2597 et
1786 2543 2106 2596 imminente

445 2637 576 2685 tunc
614 2631 951 2696 necessitate,
983 2630 1142 2686 licite
1170 2647 1235 2686 ac
1262 2632 1671 2687 rationabiliter
1692 2633 1861 2703 fuisse
1889 2632 2105 2703 apposi-

446 2723 580 2773 tam.
614 2718 764 2774 Voce
794 2718 915 2787 illa,
946 2719 1219 2791 Filioque,
1248 2719 1474 2776 nullam
1508 2719 1740 2793 proprie
1770 2719 1828 2775 in
1863 2719 2105 2792 Symbo-

443 2807 569 2862 lum
618 2807 1333 2879 Gonstantinopolitanum
1379 2809 1669 2866 invectam
1720 2809 1903 2865 fuisse
1935 2808 2100 2864 addi-
2130 2830 2179 2895 B

440 2896 683 2965 tionem,
720 2895 1033 2952 Florentini
1064 2897 1263 2954 Patres
1312 2898 1523 2954 docent
1555 2917 1567 2954 :
1602 2915 1668 2954 ac
1700 2915 1878 2954 unam
1911 2898 1969 2953 in
2003 2915 2097 2953 ea-

442 2986 598 3056 dem,
630 3002 812 3057 quam
842 2985 1098 3042 dicimus
1130 2987 1513 3056 additionem,
1547 2987 1832 3044 contineri
1860 2986 2096 3060 aptissi-

441 3090 602 3130 mam
658 3073 1147 3147 verissimamque
1204 3076 1623 3148 expositionem
1675 3076 1930 3146 articuli,
1981 3093 2096 3148 quo

440 3163 676 3218 credere
701 3162 988 3233 Spiritum
1017 3167 1287 3219 sanctum
1317 3165 1664 3236 proﬁtemur
1688 3181 1757 3220 ex
1776 3166 1943 3221 Patre
1970 3182 2098 3236 pro-

442 3250 738 3307 cedentem.
791 3251 1030 3307 Latinos
1078 3251 1261 3324 culpae
1309 3254 1384 3308 ob
1414 3252 1571 3308 istud
1625 3253 2095 3309 additamentum

442 3355 573 3396 reos
632 3355 823 3412 agere,
884 3339 1095 3396 seculo
1152 3344 1352 3396 octavo
1413 3341 1735 3410 desinente,
1797 3347 2098 3414 coeperunt

443 3428 626 3484 Graeci
658 3445 727 3484 ex
757 3428 1279 3485 Iconomachorum
1310 3435 1469 3486 secta
1499 3448 1512 3484 :
1547 3447 1616 3487 ex
1646 3447 1831 3503 eoque
1865 3431 2097 3487 scissio-

445 3517 539 3574 nis
618 3521 987 3590 pratextum,
1050 3518 1252 3591 utique
1315 3519 1725 3589 vanissimam,
1790 3536 2096 3593 sumpsere

445 3606 807 3663 schismatici
835 3608 1159 3679 aequiores.

510 3695 799 3752 Joannem
859 3697 1130 3764 Beccum,
1188 3714 1366 3768 quem
1437 3702 1748 3754 strenuum
1824 3698 2094 3754 catholici

439 3784 733 3857 dogmatis
765 3784 1057 3841 vindicem
1107 3785 1392 3858 superiori
1421 3787 1677 3843 vidimus
1726 3788 1787 3842 in
1817 3788 2091 3845 disserta-

434 3873 613 3946 tione,
671 3872 853 3930 veluti
910 3874 1198 3946 praedictas
1248 3875 1564 3931 additionis
1612 3877 2089 3948 reprehensorem

433 3962 670 4019 exhibet
711 3961 996 4036 Georgius
1054 3962 1435 4035 Pacbymeres
1493 3964 1674 4020 semel
1735 3981 1801 4020 ac
1851 3965 2088 4021 iterum.

432 4051 529 4108 Sic
558 4051 716 4108 enim
747 4051 829 4106 ait
856 4051 915 4106 in
947 4049 1229 4107 Michaele
1280 4051 1615 4125 Palacologo,
1650 4054 1798 4109 libro
1840 4071 1897 4122 v,
1930 4054 2087 4127 capi-

429 4145 488 4197 te
521 4142 585 4195 16
616 4158 629 4196 ;
667 4161 690 4190 ι
723 4141 881 4197 Inter
918 4139 1039 4196 baac
1080 4142 1299 4197 Beccus
1329 4140 1494 4198 lectis
1542 4143 1710 4198 libris
1741 4144 2087 4199 observabat

430 4229 641 4298 multa,
700 4247 829 4302 quas
905 4229 1351 4286 conventionem
1430 4230 1820 4287 Ecclesiarum
1897 4197 2159 4289 multoC

430 4335 608 4391 quam
659 4322 912 4393 putarat,
947 4318 1364 4391 expeditiorem
1414 4321 1790 4377 ostenderent
1820 4337 1834 4376 :
1870 4321 2086 4393 quippe

429 4423 566 4463 cum
596 4408 733 4464 inde
762 4411 1076 4475 constaret,
1097 4423 1394 4462 summam
1428 4409 1670 4464 demum
1693 4411 1914 4481 peccati
1936 4410 2087 4465 Lati-

430 4514 643 4553 norum
674 4497 735 4553 in
782 4496 1153 4553 additamenta
1200 4497 1361 4552 verbi
1395 4498 1574 4554 unius
1623 4500 1695 4554 ad
1740 4499 2083 4571 Symbolum

428 4585 765 4643 consistere.
803 4608 831 4635 »
862 4586 1092 4641 Possini
1141 4586 1263 4641 hac
1309 4586 1498 4642 versit)
1529 4592 1636 4643 est.
1671 4589 1888 4645 Textus
1928 4590 2083 4646 Gras-

427 4692 533 4731 cus
593 4675 770 4731 habet
828 4692 841 4730 :
903 4674 993 4735 Ὠς
1055 4669 1224 4746 μηδὲν
1284 4673 1452 4728 πλέον
1517 4674 1912 4747 τολμησάντων
1971 4680 2080 4731 τῶν

427 4760 651 4818 Ἰταλῶν
702 4759 854 4833 ἴσως,
905 4762 941 4831 ἢ
989 4762 1051 4816 τὸ
1102 4761 1189 4816 ἐπὶ
1245 4766 1324 4833 τῷ
1376 4758 1656 4836 Συμϐόλῳ
1706 4766 2014 4840 προσθεῖναι
2066 4792 2081 4834 ;

423 4853 579 4908 Nihil
602 4853 844 4925 amplius
871 4868 1064 4909 causas
1088 4854 1243 4909 140
1262 4854 1438 4926 fuisse
1469 4855 1709 4926 Latinos,
1730 4872 1897 4925 quam
1916 4856 2081 4912 adde-

421 4958 483 4998 re
510 4943 593 4998 αα
622 4940 957 5012 Symbolum,
991 4958 1337 5012 cognoscens.
1373 4943 1647 4999 Audacice
1672 4944 1893 4999 crimen
1922 4945 2082 5000 incu-

422 5037 606 5087 satur.
639 5030 918 5087 Graviora
946 5037 1105 5103 sunt,
1139 5048 1267 5104 quae
1300 5032 1457 5087 idem
1492 5032 1873 5105 Pachymeres
1904 5034 2081 5090 habet

418 5120 483 5176 in
515 5119 845 5176 Andronico
875 5119 1024 5175 libro
1055 5137 1096 5187 1,
1128 5119 1315 5191 cepite
1343 5120 1377 5173 9
1404 5138 1417 5175 :
1455 5142 1482 5171 ‹‹
1518 5121 1802 5177 Studebat
1831 5139 2078 5194 persua-

418 5210 554 5264 dere
580 5207 866 5280 (Beccus),
900 5207 1090 5264 solum
1125 5225 1188 5263 se
1236 5208 1493 5265 voluisse
1522 5226 1772 5282 purgare
1804 5211 2025 5267 crimen
2059 5229 2073 5268 :

417 5315 533 5353 non
563 5296 708 5351 illud
740 5298 1041 5368 proprium
1066 5297 1432 5363 Latinorum,
1453 5299 1511 5353 in
1532 5300 1688 5372 quod
1719 5300 1881 5371 ipsos
1909 5300 2076 5356 addi-

413 5387 572 5442 tione
599 5384 672 5440 ad
692 5384 1037 5457 Symbolum
1056 5385 1362 5457 prolapsos
1394 5386 1710 5458 fatebatur,
1732 5388 2076 5460 gravissime

414 5473 708 5547 peccando
748 5476 953 5529 contra
998 5473 1371 5545 disciplinam
1407 5499 1421 5541 ;
1471 5491 1589 5530 non
1636 5479 1836 5530 tamen
1884 5492 1918 5530 a
1961 5476 2075 5532 {ide

2135 1461 2188 1527 Α
2223 1473 2297 1526 μα
2323 1453 2531 1507 κεῖσθαι
2559 1451 2623 1507 τὸ
2659 1453 2933 1528 μέγιστον.
2967 1453 3052 1509 Ita
3099 1452 3363 1509 locutum
3412 1454 3596 1511 fuisse
3625 1454 3881 1512 Beccum

2200 1540 2280 1597 'in
2313 1542 2868 1615 Disceptationibus,
2903 1559 3031 1614 quae
3062 1559 3168 1599 suo
3198 1546 3461 1615 tempore
3490 1560 3625 1599 cum
3661 1545 3882 1601 Grascis

2217 1632 2665 1687 adversantibus
2708 1631 2922 1687 habitas
2974 1634 3134 1698 sunt,
3165 1632 3380 1687 adduci
3428 1632 3711 1689 Possinus
3756 1650 3879 1689 non

2217 1725 2411 1792 potest
2454 1721 2516 1775 in
2564 1720 2749 1786 Notis,
2783 1726 2850 1775 ut
2893 1720 3059 1776 facile
3107 1721 3305 1776 credat
3360 1737 3373 1775 :
3420 1726 3728 1794 putatque,
3774 1722 3883 1779 ali-

2219 1825 2398 1880 quam
2430 1808 2675 1865 fortasse
2707 1809 2766 1865 in
2797 1813 2942 1865 metu
2993 1809 3413 1881 disputationis
3460 1826 3564 1882 pro
3596 1812 3879 1884 dogmate

2216 1899 2675 1969 concessionem,
2708 1903 2775 1954 ut
2806 1898 2931 1954 ﬁeri
2973 1901 3142 1971 solet,
3173 1899 3521 1967 admissam,
3552 1898 3687 1971 plus
3708 1902 3882 1972 justo

2215 1985 2635 2058 amplificatam
2666 1988 2870 2044 referri
2901 1988 3007 2043 abs
3039 1987 3416 2044 schismatico
3446 1988 3748 2045 historico.

2287 2085 2617 2141 Genuinam
2646 2084 2772 2141 suis
2802 2086 2863 2140 in
2886 2084 3164 2158 operibus
3190 2089 3449 2142 mentem
3484 2103 3654 2143 suam
3685 2088 3884 2159 aperit

2216 2175 2449 2230 Beccus.
2482 2175 2546 2229 In
2594 2174 2854 2231 oratione
2882 2178 2937 2241 2,
2972 2175 3044 2231 de
3092 2174 3318 2247 injuste
3364 2176 3457 2232 sui
3509 2176 3883 2249 depositione

2214 2263 2369 2334 apud
2401 2262 2684 2318 Allatium
2716 2263 2777 2318 in
2810 2264 3030 2320 Grazcia
3057 2264 3384 2333 orthodoxa,
3403 2269 3562 2321 tomo
3593 2265 3665 2329 Il,
3698 2266 3883 2322 refert

2214 2351 2366 2406 Petri
2414 2352 2760 2408 Antiocheni
2811 2352 3153 2425 patriarchae
3201 2369 3270 2409 ex
3325 2355 3454 2424 ejus
3506 2354 3753 2426 epistola
3793 2357 3876 2413 ad

2213 2439 2552 2496 Michaelem
2584 2440 2970 2508 Cerularium,
3002 2458 3181 2513 quam
3232 2441 3518 2513 integram
3563 2443 3720 2516 typis
3746 2443 3880 2499 vul-

2212 2530 2370 2602 gavit
2416 2530 2947 2597 Cotelerius,verba
2976 2530 3108 2587 illa:
3132 2530 3194 2586 Si
3222 2532 3283 2586 in
3311 2531 3595 2588 additione
3624 2532 3882 2605 Symboli

2209 2620 2568 2690 corrigantur
2599 2620 2811 2687 Latini,
2851 2618 2998 2675 nihil
3022 2624 3293 2692 praterea
3331 2622 3741 2693 postulaverim.
3770 2624 3880 2679 Ait

2210 2724 2344 2763 vero
2364 2707 2584 2764 Beccus
2606 2709 2845 2775 ibidem,
2871 2725 3038 2764 num.
3061 2709 3095 2763 4
3126 2725 3141 2764 :
3175 2731 3203 2760 «
3230 2709 3345 2781 Ego
3375 2709 3549 2781 plane
3576 2727 3711 2767 eum
3730 2711 3875 2783 (Pe-

2208 2801 2365 2852 trum
2414 2797 2887 2869 Antiochenum),
2935 2798 3091 2870 quod
3145 2797 3434 2854 videbatur
3480 2802 3543 2856 in
3586 2799 3876 2858 additione

2207 2885 2492 2955 delictum,
2542 2886 2697 2941 facili
2750 2887 2981 2959 negotio
3030 2885 3438 2959 neglecturum
3486 2888 3776 2957 existimo,
3809 2891 3871 2947 si

2206 2975 2296 3031 vel
2327 2975 2609 3047 pusillum
2640 2976 2803 3048 pacis
2832 2975 3107 3048 spiritum
3126 2976 3186 3030 in
3216 2992 3304 3046 eo,
3324 2977 3395 3032 ad
3429 2993 3604 3049 quem
3635 2977 3872 3036 litteras

2206 3064 2384 3119 dabat
2415 3063 2778 3135 (Michaelem
2808 3064 3194 3135 Cerularium)
3219 3064 3505 3121 contineri
3535 3067 3873 3138 prospexis-

2207 3156 2371 3209 set.»
2418 3152 2679 3208 Nimium
2728 3153 2875 3209 irato
2924 3153 3220 3210 Cerulario
3268 3154 3581 3228 indulgens
3627 3160 3868 3228 Petrus,

2205 3241 2612 3314 corrigendam
2688 3243 3048 3314 proponebat
3128 3243 3389 3316 Symboli
3474 3244 3867 3313 additionem,

2207 3346 2384 3401 quam
2413 3329 2541 3402 ipse
2572 3330 2739 3386 facile
2769 3322 3141 3403 neglexisset,
3172 3336 3322 3388 teste
3351 3332 3550 3389 Becco.

2277 3428 2343 3482 In
2373 3427 2653 3499 Apologia
2682 3428 2774 3484 sui
2818 3428 3007 3500 ipsius
3035 3432 3309 3500 veterem,
3340 3447 3469 3502 quas
3518 3431 3712 3487 medio
3751 3433 3868 3489 cir-

2206 3517 2348 3573 citer
2377 3515 2588 3571 saeculo
2620 3521 2828 3589 quarto
2850 3522 2979 3573 orta
3007 3521 3115 3588 est,
3142 3519 3603 3591 controversiam
3633 3537 3865 3579 memo-

2205 3610 2295 3661 rat
2321 3606 2388 3662 dc
2416 3623 2552 3675 una,
2575 3607 2660 3661 vel
2688 3606 2863 3662 tribus
2884 3609 2947 3662 in
2973 3607 3079 3662 Deo
3103 3608 3506 3679 hyspotasibus,
3525 3626 3594 3665 ea
3616 3610 3868 3669 demum

2203 3694 2427 3751 ratione
2452 3696 2860 3769 compositam,
2893 3696 3049 3767 quod
3082 3696 3395 3753 dissidium
3448 3702 3603 3755 esset
3634 3699 3706 3756 de
3735 3717 3870 3757 ver-

2202 3784 2315 3850 bis,
2348 3801 2466 3839 non
2505 3786 2573 3841 de
2609 3785 2852 3840 veritate
2890 3785 3176 3857 mysterii.
3204 3786 3386 3842 Hocce
3414 3787 3634 3845 Beccus
3661 3805 3866 3845 exem-

2200 3872 2297 3945 plo
2327 3872 2532 3941 utitur,
2566 3877 2623 3929 et
2667 3875 2749 3928 ait
2804 3890 2971 3930 num.
3006 3875 3038 3928 4
3090 3891 3103 3930 :
3157 3896 3187 3925 ‹‹
3218 3874 3337 3947 Ego
3368 3876 3609 3948 quidem
3652 3877 3872 3949 opinor

2201 3978 2318 4017 non
2356 3978 2486 4018 esse
2534 3961 2803 4034 pluribus
2864 3979 3013 4034 opus
3040 3963 3112 4018 ad
3162 3963 3714 4034 demonstrandum,
3749 3984 3869 4025 nos

2200 4068 2316 4106 non
2348 4052 2521 4121 male,
2554 4052 2654 4107 sed
2682 4055 2811 4107 tuto
2844 4052 3118 4107 Romanae
3151 4052 3419 4109 Ecclesiae
3450 4054 3857 4114 defensionem

2197 4139 2549 4211 suscepisse,
2580 4142 2643 4195 in
2684 4139 3018 4196 dictionibus
3066 4139 3520 4217 discrepantiam
3554 4143 3864 4218 negligen-

2195 4232 2304 4295 tes,
2325 4233 2382 4284 et
2412 4229 2758 4301 arripientes
2785 4246 2913 4301 quae
2935 4229 2996 4284 in
3023 4229 3316 4286 sententia
3335 4235 3425 4286 est
3454 4233 3858 4301 concordiam,

2195 4321 2434 4389 propter
2480 4334 2702 4390 pacem.
2753 4337 2782 4371 ι
2833 4318 2964 4374 Haec
3008 4334 3143 4375 vero
3193 4319 3295 4391 qui
3342 4319 3555 4390 aiebat,
3607 4321 3860 4383 minime

2193 4410 2505 4462 maximum
2533 4408 2591 4462 in
2609 4407 2926 4477 additione,
2956 4408 3224 4480 Filioque,
3243 4423 3417 4464 nosse
3439 4408 3720 4465 delictum
3744 4426 3855 4481 po-

2192 4499 2362 4568 terat,
2397 4497 2552 4568 quod
2598 4495 2776 4551 veluti
2825 4497 2898 4552 ab
2941 4497 3146 4552 eodem
3200 4500 3378 4555 Becco
3427 4497 3858 4571 reprehensum

2194 4589 2395 4640 narrat
2423 4584 2829 4657 Pacbymeres.
2876 4584 3288 4641 Luculentiora
3316 4590 3477 4654 sunt,
3513 4604 3642 4659 quas
3672 4588 3856 4661 paulo

2193 4673 2346 4729 infra
2374 4673 2646 4729 disserit:
2675 4695 2704 4724 «
2734 4674 2851 4730 Nos
2882 4674 3059 4730 etiam
3090 4691 3225 4729 cum
3250 4678 3519 4731 tutamur
3549 4677 3861 4735 Romanam

2190 4762 2509 4831 Ecclesium,
2541 4763 2912 4819 tantumdem
2942 4767 3230 4835 tutamur,
3262 4770 3328 4819 ut
3356 4780 3456 4820 eos
3488 4766 3590 4837 qui
3622 4783 3656 4821 a
3684 4766 3860 4838 prin-

2192 4851 2342 4923 cipio
2373 4853 2445 4907 ad
2478 4851 2600 4907 haec
2641 4868 2830 4923 usque
2859 4857 3127 4924 tempora
3155 4853 3214 4907 in
3246 4852 3376 4923 ﬁdei
3404 4853 3666 4926 Symbolo
3696 4856 3862 4911 reci-

2189 4944 2337 5007 tant,
2371 4957 2441 4996 ex
2486 4941 2658 4996 Patre
2702 4942 2921 4997 Filium
2948 4941 3259 5012 procedere,
3298 4949 3630 5014 μεταστῆσαι
3669 4944 3860 5002 addu-

2188 5046 2380 5084 camus
2409 5034 2475 5084 ut
2504 5030 2769 5097 recitent,
2805 5047 2874 5086 ea:
2902 5031 3067 5085 Patre
3096 5032 3342 5102 Filioque
3366 5034 3660 5104 procedere
3705 5074 3718 5088 .
3768 5075 3783 5088 .
3838 5078 3856 5094 .

2189 5136 2305 5174 non
2344 5118 2611 5188 dictioni,
2642 5119 2742 5175 sed
2775 5119 3079 5176 sententiae
3125 5124 3316 5176 totum
3349 5121 3651 5195 negotium
3683 5123 3858 5195 pacis

2185 5207 2578 5279 indulgentes.
2616 5230 2644 5258 »
3373 5227 3376 5231 ν

2256 5299 2405 5352 141
2445 5297 2589 5352 Hinc
2619 5297 2747 5353 sine
2779 5297 2956 5353 dubio
2988 5297 3227 5363 factum,
3257 5302 3323 5354 ut
3351 5299 3411 5354 in
3444 5300 3666 5372 synodo
3696 5300 3857 5374 Lug—

2185 5386 2439 5442 dunensi
2488 5386 2869 5455 oecumenica,
2917 5403 3071 5442 anno
3106 5388 3243 5442 1274
3273 5388 3586 5457 celebrata,
3622 5387 3854 5447 nullius

2183 5474 2414 5529 vinculo
2467 5474 2733 5530 criminis
2786 5474 3079 5546 propriam
3134 5478 3457 5551 constringi
3506 5478 3857 5537 censuerint

413 5561 757 5619 aberrando.
792 5582 822 5611 »
853 5561 916 5616 In
944 5561 1140 5618 Graeco
1161 5566 1320 5617 textu
1350 5561 1603 5635 legimus
1631 5580 1644 5617 :
1676 5558 1837 5617 Ἀλλ’
1867 5558 1958 5615 οὖν
1989 5566 2068 5634 τῷ
2099 5567 2147 5632 1)
2178 5563 2599 5619 conscientiam
2630 5563 2959 5620 Germanus
2990 5563 3364 5637 imperatoris
3397 5565 3699 5623 Michaelis
3731 5570 3850 5624 Pa-

413 5648 690 5726 τολμῆσαι
720 5654 1032 5727 προσθεῖναι
1080 5653 1160 5725 τῷ
1209 5643 1491 5726 Συμϐόλῳ
1518 5650 1616 5719 τὴν
1667 5648 1809 5726 λέξιν
1856 5645 2057 5731 ἔγκλη-

2169 5651 2730 5726 lazologilegatus,ac
2750 5652 2979 5727 pridem
2998 5652 3332 5726 patriarcha
3343 5658 3600 5714 Constan
3611 5655 3851 5732 tinopo-
