4090 6436
191 480 291 542 M5

1392 482 1604 544 VITA.
1640 514 1717 527 -—
1757 483 2276 547 DISSERTATIO
2319 484 2396 546 II.

3484 488 3602 550 146

189 613 485 687 leos,quive
515 611 620 669 alii
642 630 786 669 cum
809 612 937 686 ipso
967 617 1133 670 erant
1154 613 1840 688 Graeciantistitesﬁym-
1867 619 1923 683 Α
1951 617 2233 673 dexteram
2278 619 2484 673 Patris.
2533 617 2664 674 Inde
2731 621 2992 674 venturus
3032 617 3293 689 judicare
3354 621 3504 678 vivos
3549 627 3602 678 et

194 705 376 761 bolum
404 702 517 759 alta
541 720 710 772 voce,
737 701 922 759 semel
953 720 1019 759 ac
1049 703 1494 773 iterum,coram
1526 704 1840 776 palamque

201 793 485 850 recitantes
518 794 678 848 inter
713 793 1034 848 missarum
1059 793 1350 849 solemnia
1380 811 1514 850 cum
1547 793 1665 849 illis
1690 793 1840 849 voci-

201 883 318 950 bus,
347 884 437 953 qui
461 899 494 936 a
520 883 693 937 Patre
722 883 978 952 Filioque
1026 882 1299 954 procedit.
1330 883 1584 954 Hujusce
1611 883 1837 938 addita-

203 973 360 1027 menti
391 971 702 1026 historiam
735 976 947 1038 texere,
982 972 1366 1044 ejusdemque
1412 973 1484 1027 ab
1516 973 1676 1028 omni
1705 971 1835 1028 labe

199 1061 614 1116 immunitatem
647 1060 1071 1129 demonstrare,
1104 1077 1441 1133 vanumque
1471 1062 1605 1117 inde
1638 1078 1836 1132 sump-

198 1155 304 1205 tum
333 1149 638 1205 scissionis
687 1153 1030 1222 praetextum
1063 1151 1326 1206 evincere
1353 1168 1538 1222 operas
1581 1152 1831 1222 pretium
1874 1149 1879 1154 ’

190 1246 281 1306 est,
310 1239 726 1312 chronologica
756 1257 952 1295 rerum
985 1241 1132 1296 serie
1165 1240 1615 1312 diligentissime
1645 1258 1830 1296 serva-

184 1331 250 1383 ta.
281 1328 519 1383 Laudati
573 1328 740 1384 Becci
794 1332 1147 1384 sententiam
1198 1330 1490 1402 praemitto
1527 1347 1539 1384 :
1576 1353 1603 1381 «
1654 1330 1829 1385 Caete-

174 1435 292 1472 rum
322 1419 554 1474 interea
585 1418 706 1473 scio
739 1417 1086 1490 (inquientis
1120 1421 1381 1475 oratione
1411 1421 1466 1484 2,
1499 1420 1569 1474 de
1609 1420 1831 1489 injusta

171 1507 256 1562 sui
304 1506 682 1579 depositione
729 1525 894 1562 num.
927 1508 981 1580 6)
1028 1507 1344 1564 nonnullos
1392 1509 1731 1564 additioncm
1769 1512 1831 1564 in

167 1595 429 1667 Symbolo
478 1596 665 1668 culpat
694 1596 1006 1654 obnoxiam
1034 1598 1255 1666 facere;
1292 1615 1407 1653 non
1440 1599 1596 1670 quod
1641 1598 1827 1670 pieta-

163 1686 237 1742 tis
283 1686 613 1758 puritatem
661 1687 1053 1742 commaculet
1106 1705 1119 1742 :
1170 1689 1270 1743 sed
1323 1689 1476 1759 quod
1529 1692 1828 1759 utcunque

165 1774 313 1830 facta
344 1775 449 1842 sit,
483 1791 721 1845 gravem
776 1777 1002 1848 peperit
1031 1781 1088 1832 et
1116 1777 1507 1848 periculosam
1557 1778 1828 1833 oil‘ensio-

167 1881 314 1921 nem.
349 1865 425 1920 Et
456 1865 507 1920 si
541 1865 676 1935 quis
707 1864 886 1921 altius
917 1865 1327 1937 curiosiusque
1358 1883 1450 1922 res
1482 1867 1822 1938 perpendat,

1950 717 2208 764 mortuos.
2258 711 2329 763 Et
2376 710 2434 762 in
2483 709 2756 780 Spiritum
2800 716 3070 773 sanctum,
3119 713 3369 764 sanctam
3413 712 3598 766 Eccle-

1947 799 2106 864 sium,
2156 799 2530 855 remissionem
2585 806 2950 869 peccatorum,
3001 799 3186 852 carnis
3244 805 3600 857 resurrectio-

1945 905 2094 942 nem.

2017 975 2326 1034 Nonnullis
2357 980 2525 1032 aucto
2572 976 2987 1034 additamentis
3014 979 3289 1034 utebatur
3318 978 3593 1051 Symbolo

1942 1065 2200 1120 Ecclesia
2230 1066 2618 1136 Aquileiensis.
2672 1067 2923 1122 Posteris
2955 1067 3101 1122 illud
3135 1068 3385 1123 servavit
3433 1069 3594 1123 Ruﬁ-

1943 1173 2056 1210 nus
2087 1154 2147 1210 in
2198 1156 2461 1225 ejusdem
2508 1155 2765 1226 Symboli
2812 1157 3204 1228 Expositione.
3245 1180 3265 1207 a
3309 1157 3490 1213 Credo
3531 1157 3592 1214 in

1941 1245 2124 1299 Deum
2158 1245 2383 1300 Patrem
2418 1245 2901 1316 omnipotentem,
2933 1247 3354 1314 invisibilem,et
3385 1247 3592 1318 impas-

1939 1335 2174 1389 sibzlem.
2225 1335 2292 1388 Et
2342 1334 2401 1387 in
2455 1334 2751 1389 Christum
2798 1334 3025 1401 Jesum,
3079 1335 3319 1390 unicum
3377 1335 3592 1391 Filium

1939 1423 2087 1491 ejus,
2121 1422 2435 1477 Dominum
2467 1427 2756 1478 nostrum.
2793 1423 2900 1488 Qui
2934 1427 3105 1478 natus
3135 1429 3224 1479 est
3253 1425 3323 1480 de
3371 1424 3589 1496 Spiritu

1938 1516 2138 1567 sancto
2192 1528 2260 1566 ex
2310 1510 2493 1565 Maria
2539 1510 2793 1582 Virgine.
2851 1513 3172 1568 Cruciﬁxus
3225 1513 3336 1569 sub
3386 1512 3590 1569 Pontio

1939 1599 2143 1669 Pilato,
2177 1605 2233 1654 et
2282 1599 2568 1671 sepultus,
2602 1599 2874 1655 descendit
2905 1601 2963 1654 in
2994 1603 3244 1673 inferna.
3273 1602 3468 1657 Tertia
3497 1602 3592 1658 die

1937 1689 2253 1744 resurrexit
2282 1707 2314 1744 a
2353 1689 2622 1744 mortuis.
2657 1690 2934 1744 Ascendit
2963 1690 3022 1745 in
3074 1691 3270 1758 caelos,
3307 1691 3469 1748 sedet
3516 1693 3590 1747 ad

1937 1779 2232 1834 dexteram
2268 1778 2474 1832 Patris.
2512 1779 2650 1832 inde
2694 1782 2981 1834 venturus
3007 1784 3096 1834 est
3117 1780 3386 1850 judicare
3426 1780 3589 1835 vivos

1935 1872 1992 1921 et
2038 1873 2321 1922 mortuos.
2376 1868 2445 1922 Et
2493 1867 2552 1922 in
2604 1866 2890 1939 Spiritum
2940 1873 3207 1924 sanctum
3260 1894 3274 1936 ;
3324 1873 3588 1925 sanctam

166 1953 511 2010 additionem
539 1955 686 2010 hanc
707 1971 1010 2026 nunquam
1034 1955 1371 2011 offensionis
1393 1971 1631 2010 causam
1654 1956 1826 2027 origi-
1856 1987 1905 2051 B
1934 1957 2272 2026 Ecclesiam,
2307 1956 2715 2012 remissionem
2750 1961 3123 2028 peccatorum
3154 1976 3166 2024 ;
3202 1957 3366 2027 hujus
3397 1958 3591 2014 carnis

166 2059 419 2115 nemque
451 2042 672 2099 fuisse:
694 2043 797 2099 sed
828 2043 981 2098 inter
1011 2042 1177 2114 alias,
1210 2047 1384 2115 atque
1415 2043 1563 2099 alias
1588 2059 1657 2098 ex
1686 2049 1829 2098 tem-

167 2150 296 2205 pore
325 2132 689 2188 varietatum
743 2137 921 2204 atque
951 2136 1262 2188 eventuum
1295 2149 1506 2188 causas
1558 2132 1825 2187 offensio-

168 2239 324 2288 num,
359 2221 477 2277 alio
538 2226 718 2293 atque
777 2221 892 2276 alio
949 2225 1232 2293 tempore,
1285 2225 1341 2278 et
1395 2221 1571 2277 variis
1631 2237 1825 2276 rerum

168 2312 437 2367 cursibus
496 2315 556 2366 et
614 2310 1158 2382 perturbationibus
1191 2315 1414 2382 enatas,
1448 2311 1588 2365 hanc
1616 2327 1826 2382 quoque

165 2400 522 2469 additionem,
581 2399 763 2454 veluti
843 2399 1165 2455 simultatis
1243 2401 1535 2467 abortum,
1609 2404 1828 2455 temere

163 2490 484 2561 projectam
519 2487 790 2560 reperiet.
824 2509 851 2540 ι»
889 2487 1032 2544 Rem
1063 2487 1257 2560 ipsam
1289 2488 1617 2561 aggredior.

230 2579 298 2636 II.
332 2579 667 2634 Commune
715 2577 866 2632 illud
900 2578 1156 2633 occurrit
1201 2577 1568 2651 Symbolum,
1601 2577 1825 2635 dictum

158 2667 557 2739 apostolorum,
591 2681 709 2736 quo
741 2681 858 2720 uno
889 2669 1023 2720 ante
1053 2666 1343 2738 synodum
1372 2665 1666 2721 Nicaenam
1697 2671 1821 2721 ute-

156 2755 326 2812 batur
376 2754 674 2810 catholica
724 2754 985 2810 Ecclesia
1011 2754 1074 2809 in
1126 2754 1437 2812 Occidente
1482 2760 1539 2811 et
1588 2757 1823 2812 Oriente

159 2847 584 2901 lntemeratum
640 2843 813 2912 illud,
845 2847 911 2898 ut
968 2844 1040 2899 ab
1073 2843 1242 2899 initio
1289 2845 1522 2916 prodiit,
1557 2863 1623 2901 ac
1654 2845 1818 2901 nulla

149 2934 392 2990 tametsi
445 2938 672 2988 rectam
706 2933 879 2988 ﬁdem
912 2932 1241 3004 explicante
1287 2940 1524 2990 auctum
1561 2953 1716 3003 voce,
1753 2935 1822 2990 ad

151 3023 371 3079 saecula
399 3023 576 3094 plura
605 3021 856 3078 servavit
885 3025 1149 3078 Romana
1185 3021 1464 3078 Ecclesia.
1499 3023 1651 3080 Illud
1683 3028 1773 3080 est
1806 3041 1818 3077 :

158 3113 335 3167 Credo
362 3113 424 3165 in
451 3113 624 3168 Deum
674 3114 896 3166 Patrem
951 3113 1393 3184 omnipotentem.
1429 3116 1503 3168 Et
1550 3115 1610 3170 in
1663 3114 1820 3168 Chri-

157 3205 312 3256 stum
336 3201 530 3268 Iesum,
557 3203 790 3256 unicum
821 3201 1034 3256 Filium
1065 3202 1510 3272 ejus,Dominum
1540 3213 1816 3258 nostrum.

163 3290 274 3358 Qui
303 3297 462 3343 natus
505 3298 588 3344 est
616 3290 682 3345 de
731 3289 946 3360 Spiritu
999 3298 1188 3345 sancto
1218 3306 1290 3344 ex
1338 3291 1522 3347 Maria
1573 3293 1816 3364 Virgine.

160 3379 466 3450 Cruci/itus
491 3381 594 3435 sub
640 3381 838 3435 Pontio
870 3380 1076 3448 Pilato,
1106 3388 1160 3435 et
1198 3381 1466 3451 sepultus.
1503 3360 1681 3436 Tertid
1729 3382 1822 3437 die
1850 3360 1893 3428 Ο
1933 3395 2097 3432 mum

151 3469 466 3524 resurrexit
507 3486 544 3523 a
590 3470 842 3524 mortuis.
896 3469 1157 3524 Ascendit
1206 3470 1267 3524 in
1317 3469 1500 3535 ccelos,
1551 3470 1694 3525 sedet
1747 3472 1826 3526 ad

144 3558 470 3624 dexteram,
504 3559 709 3613 Patris.
745 3556 878 3612 Inde
906 3565 1165 3613 venturus
1194 3564 1278 3613 est
1301 3558 1558 3630 judicare
1584 3562 1752 3625 vivos,
1775 3563 1826 3616 et

141 3655 414 3703 mortuos.
468 3647 533 3701 Et
585 3648 647 3702 in
695 3647 970 3718 Spiritum
1025 3651 1297 3718 sanctum,
1350 3651 1601 3704 sanctam
1647 3650 1825 3704 Eccle-

142 3739 324 3803 siam,
368 3737 769 3791 remissionem
811 3743 1185 3807 peccatorum,
1235 3739 1421 3792 carnis
1468 3740 1823 3794 resurrectio-

141 3843 291 3881 nem.
322 3824 476 3880 Cum
506 3824 786 3897 Symbolo
817 3824 1082 3880 Ecclesiae
1114 3825 1515 3898 Aquileiensis
1545 3830 1601 3881 et
1626 3826 1823 3882 Orien-

143 3915 242 3970 tali
321 3913 635 3970 communi
693 3919 1104 3986 comparatum
1163 3932 1199 3970 a
1257 3915 1469 3971 Ruﬁno
1548 3915 1824 3972 dabimus

148 4003 300 4059 infra
334 4019 479 4058 cum
511 4001 1148 4059 animadversionibus.

215 4091 356 4147 Pari
401 4089 663 4146 formula
696 4092 1013 4146 utebantur
1043 4091 1168 4146 aliae
1219 4091 1279 4146 in
1308 4092 1480 4148 Italia
1535 4091 1820 4148 Ecclesiae.

151 4181 634 4236 Ravennatensem
681 4180 900 4251 profert
928 4184 1135 4236 Petrus
1184 4180 1576 4254 Chrysologus
1609 4181 1667 4236 in
1704 4199 1824 4236 ser-

149 4270 436 4325 monibus
471 4285 623 4340 quos
654 4267 863 4323 habuit
890 4269 950 4324 in
982 4269 1325 4342 Symbolum
1367 4270 1766 4342 apostolorum
1804 4288 1817 4325 :

149 4361 320 4415 Credo
372 4361 435 4414 in
474 4359 644 4413 Deum
671 4359 901 4413 Patrum
943 4360 1392 4430 omnipotentem.
1422 4361 1488 4415 Et
1534 4361 1595 4415 in
1639 4362 1825 4416 Jesum

153 4447 456 4516 Christum,
492 4447 700 4502 Filium
763 4448 882 4519 ejus
923 4449 1176 4517 unicum,
1229 4448 1524 4503 Dominum
1575 4451 1826 4504 nostrum

149 4537 257 4604 Qui
283 4544 464 4591 natus
517 4543 598 4590 est
626 4535 693 4590 de
741 4537 959 4607 Spiritu
1004 4544 1191 4592 sancto
1239 4551 1313 4591 ex
1358 4537 1533 4592 Maria
1586 4539 1821 4608 Virgine.

142 4628 254 4696 Qui
299 4625 411 4681 sub
458 4625 666 4679 Pontio
709 4626 893 4681 Pilato
959 4627 1262 4696 cruciﬁxus
1306 4634 1403 4694 est,
1459 4635 1510 4681 et
1558 4628 1821 4697 sepultus.

1938 2045 2444 2102 resurrectionem.
2505 2068 2532 2096 »
2591 2046 2944 2101 Addimenta
3011 2046 3410 2118 Aquileieneia
3473 2046 3591 2102 tria

1939 2138 2157 2208 patent.
2214 2134 2410 2189 Ruﬁni
2459 2135 2996 2191 animadversiones
3053 2136 3268 2208 accipe.
3321 2136 3418 2192 Ait
3469 2136 3588 2208 pri-

1937 2240 2101 2278 mum
2135 2240 2149 2278 :
2182 2223 2433 2290 Additur,
2468 2224 2806 2279 inuisibilem
2836 2233 2888 2280 et
2920 2226 3338 2296 impassibilem.
3364 2225 3589 2298 Quippe

1935 2312 2220 2368 sciendum
2273 2320 2374 2378 est,
2409 2313 2556 2383 apud
2606 2329 2703 2368 nos
2732 2315 2810 2384 (et
2859 2313 3204 2386 Orientales)
3233 2315 3430 2370 addita
3477 2331 3590 2370 esse

1935 2399 2101 2454 verba
2147 2399 2270 2464 illa,
2305 2399 2566 2455 haereseos
2613 2417 2778 2455 causa
2826 2401 3056 2456 Sabellii
3087 2419 3099 2456 ε
3140 2404 3296 2459 illius
3325 2411 3586 2474 pro/ecta,

1936 2504 2057 2558 qua:
2087 2505 2122 2543 a
2148 2490 2348 2544 nostris
2401 2490 2820 2560 Patripassiana
2847 2489 3058 2546 dicitur
3077 2511 3097 2557 ;
3127 2491 3185 2545 id
3230 2493 3307 2547 est
3335 2508 3457 2564 quae
3479 2493 3590 2547 Pa-

1936 2581 2076 2632 trem
2106 2579 2292 2648 ipsum
2338 2578 2424 2633 vel
2452 2594 2526 2633 ex
2575 2579 2798 2649 Virgine
2825 2587 3020 2634 natum
3046 2579 3198 2648 dicit,
3226 2589 3277 2635 et
3316 2581 3592 2636 visibilem

1932 2669 2162 2738 factum,
2208 2667 2292 2722 vel
2316 2683 2545 2739 passum
2600 2668 2848 2738 afﬁrmat
2873 2670 2933 2722 in
2978 2684 3162 2724 carne.
3199 2671 3261 2725 Ut
3289 2685 3415 2740 ergo
3464 2670 3594 2725 talis

1933 2755 2323 2810 excluderetur
2373 2757 2628 2826 impietas
2676 2756 2742 2810 de
2770 2761 2954 2822 Patre,
2987 2757 3240 2812 videntur
3287 2757 3404 2814 haec
3440 2758 3596 2814 addi-

1933 2845 2075 2900 disse
2102 2846 2338 2916 majores
2374 2864 2392 2899 :
2424 2849 2475 2900 et
2506 2845 2843 2900 inuisibilem
2869 2847 3114 2913 Patrem,
3141 2856 3306 2918 atque
3335 2848 3594 2918 impassi-

1935 2935 2098 2989 bilem
2143 2934 2377 2989 dixisse.
2411 2933 2538 2989 Alia
2581 2938 2672 2988 est
2702 2934 3026 2990 doctissimi
3059 2934 3167 2989 viri
3217 2935 3592 2992 animadver-

1932 3024 2020 3079 sio
2080 3040 2093 3079 :
2148 3025 2207 3080 In
2266 3025 2526 3080 Ecclesia
2581 3025 2838 3079 Romanae
2904 3023 3162 3095 Symbolo
3218 3042 3330 3081 non
3401 3026 3596 3082 haberi

1931 3113 2181 3169 additum
2212 3130 2224 3168 :
2259 3114 2540 3168 Descendit
2569 3115 2642 3168 ad
2698 3115 2944 3184 inferna,
2975 3115 3072 3170 sed
3099 3131 3278 3186 neque
3305 3116 3367 3170 in
3397 3114 3592 3172 Orien-

1931 3204 1999 3257 tis
2029 3201 2283 3256 Ecclesiis
2314 3201 2506 3256 haberi
2534 3201 2680 3256 hunc
2717 3218 3062 3257 sermonem:
3085 3205 3195 3258 vim
3218 3207 3400 3258 tamen
3431 3204 3594 3259 verbi

1929 3289 2113 3345 videri
2141 3305 2252 3344 esse
2291 3291 2351 3344 in
2380 3305 2460 3356 eo,
2493 3290 2637 3360 quod
2665 3291 2911 3360 sepultus
2940 3290 3166 3346 dicitur.
3200 3293 3459 3346 Adnotat
3490 3291 3590 3346 de-

2162 3395 2174 3434 :
2233 3378 2379 3433 Satis
2436 3381 2604 3433 cauta
2661 3382 2712 3434 et
2765 3379 2995 3450 provida
3067 3379 3368 3448 adiectione
3422 3380 3592 3450 ﬁdem

1930 3467 2180 3539 Symboti
2209 3466 2280 3522 ab
2328 3465 2586 3522 Ecclesia
2613 3466 2972 3538 Aquileiensi
3033 3467 3252 3531 doceri;
3282 3483 3408 3539 quae
3438 3472 3502 3524 in
3528 3485 3591 3525 eo

1933 3557 2078 3628 quod
2108 3573 2141 3611 a
2170 3558 2382 3612 caeteris
2435 3555 2694 3624 traditur,
2731 3555 2927 3612 Carnis
2971 3559 3444 3626 resurrectionem,
3477 3575 3589 3615 uno

1933 3645 2117 3700 addito
2161 3646 2492 3716 pronomine
2542 3645 2726 3700 tradit
2755 3663 2772 3698 :
2800 3646 2976 3716 Hujus
3003 3647 3196 3703 carnis
3233 3649 3590 3703 resurrectio-

1931 3752 2076 3790 nem.
2120 3734 2290 3789 Hisce
2339 3733 2531 3788 tribus
2583 3734 2655 3788 de
2706 3734 3062 3789 addimentis
3111 3735 3398 3807 ampliora
3447 3736 3591 3790 scri-

1933 3825 2164 3895 psimus
2211 3823 2272 3877 in
2323 3821 2540 3877 nostris
2594 3821 2984 3893 Aquileiensis
3034 3823 3323 3895 Ecclesize,
3375 3825 3588 3880 Monu-

1933 3911 2172 3976 mentis,
2207 3928 2334 3983 cap.
2365 3928 2465 3976 vn,
2498 3927 2662 3966 num.
2697 3911 2748 3966 4.

2007 4003 2070 4055 In
2093 4000 2296 4056 eadem
2321 3999 2965 4072 SymboliExpositione
2986 4001 3089 4056 abs
3111 4003 3320 4057 Ruﬁno
3345 4003 3591 4058 adorna-

1933 4098 2012 4161 ta,
2048 4107 2175 4162 quze
2207 4094 2430 4160 prostat
2460 4088 2612 4144 inter
2641 4105 2816 4160 opera
2846 4090 3034 4144 sancti
3065 4091 3362 4162 Cypriani,
3395 4109 3429 4146 a
3460 4093 3588 4147 Ste-

1935 4180 2128 4252 phano
2182 4177 2503 4247 Baluzio,et
2533 4194 2649 4233 uno
2680 4195 2750 4232 ex
2778 4178 3084 4234 monachis
3115 4181 3588 4254 congregationis

1934 4269 2128 4324 Sancti
2151 4267 2337 4323 Mauri
2359 4266 2534 4338 edita,
2569 4265 2679 4322 alio
2704 4267 2930 4322 diverso
2951 4267 3127 4323 verba
3156 4270 3423 4340 quaedam
3446 4269 3588 4324 effe-

1936 4361 2146 4412 runtur
2169 4355 2831 4427 modo:videlicet,Credo
2853 4359 2914 4410 in
2940 4359 3228 4413 DeoPatre
3243 4359 3591 4429 omnipoten-

1934 4456 1982 4503 te
2014 4447 2166 4502 143
2197 4454 2250 4501 et
2277 4448 2338 4500 in
2381 4445 2594 4500 Christo
2623 4447 2772 4511 Jesu,
2805 4446 2966 4501 unico
3015 4447 3156 4501 Filio
3187 4447 3324 4517 ejus,
3357 4447 3592 4503 Domino

1932 4540 2115 4591 nostro
2145 4553 2163 4589 :
2193 4538 2240 4590 et
2272 4537 2334 4588 in
2379 4536 2593 4605 Spiritu
2619 4538 2830 4590 sancto.
2863 4535 2948 4590 Ad
2997 4550 3064 4590 ea
3112 4535 3290 4590 verba
3322 4552 3335 4590 :
3369 4535 3433 4590 In
3483 4538 3592 4592 Deo

1934 4627 2100 4679 Patre
2158 4625 2544 4694 omnipotente,
2597 4628 2738 4678 nota
2802 4623 3141 4696 appingitur
3190 4642 3204 4679 :
3255 4646 3286 4675 «
3336 4625 3428 4680 Sic
3473 4629 3594 4682 tres

138 4717 332 4771 Tertia
383 4714 484 4769 die
515 4716 828 4770 resurrexit
855 4731 890 4770 a
926 4717 1180 4770 mortuis.
1227 4715 1481 4770 Ascendit
1532 4718 1593 4770 in
1638 4717 1821 4786 caelos,
1857 4734 1903 4798 D
1936 4714 2076 4770 Mss.
2125 4711 2353 4768 codices
2402 4729 2537 4767 cum
2569 4711 2967 4783 (editionibus)
2999 4711 3310 4783 Rembolti,
3344 4713 3596 4779 Erasmi,

137 4804 290 4860 sedet
323 4821 366 4858 a
397 4803 691 4858 dexteram
743 4805 945 4859 Patris.
973 4803 1121 4860 Inde
1171 4807 1435 4859 venturus
1463 4811 1541 4859 est
1567 4806 1828 4876 judicare

142 4897 315 4958 tricas,
355 4892 522 4947 I42
554 4894 607 4946 et
648 4900 910 4950 mortuos.
944 4891 1114 4950 Credo
1145 4893 1205 4948 in
1234 4893 1504 4964 Spiritum
1554 4901 1829 4961 sanctum,

147 4990 418 5036 sanctam
467 4981 789 5053 Ecclesium,
821 4991 873 5037 et
898 4982 1287 5038 remissionem
1308 4989 1675 5053 peccatorum,
1706 4997 1830 5036 car-

141 5073 233 5125 nis
259 5071 766 5136 resurrectionem,
803 5072 970 5126 vitam
997 5077 1290 5128 eeternam.
1316 5075 1651 5126 Postremae
1684 5071 1832 5125 duas

135 5176 316 5215 voces
384 5159 702 5228 adiunctas
748 5159 930 5214 vides.
985 5160 1156 5215 Hisce
1223 5159 1515 5215 minutam
1567 5158 1832 5214 Ecclesiae

137 5266 262 5304 suae
298 5246 640 5305 formulam
665 5247 904 5305 exhibet
939 5249 1232 5304 Maximus
1258 5250 1610 5304 Taurinensis
1634 5250 1834 5320 episco-

1936 4807 1992 4858 et
2023 4801 2248 4858 Morelii
2283 4818 2296 4855 :
2332 4805 2387 4856 et
2435 4803 2518 4856 sic
2567 4801 2629 4854 in
2683 4802 3065 4872 sequentibus
3115 4801 3400 4871 articulis,
3433 4808 3486 4857 et
3536 4805 3598 4858 in

1938 4893 2064 4948 Jesu
2098 4891 2332 4958 Christo,
2366 4894 2475 4945 etc.
2510 4889 2802 4945 Pamelius
2833 4889 2925 4946 his
2957 4890 3014 4944 in
3051 4889 3196 4946 locis
3223 4895 3597 4947 accusativum

1940 4981 2157 5053 posuit,
2190 4985 2317 5035 tum
2367 4979 2506 5050 quia
2544 4980 2629 5034 sic
2675 4977 2896 5034 invenit
2951 4979 3009 5033 in
3057 4979 3395 5050 Frobeiana,
3428 4985 3485 5037 et
3533 4982 3594 5037 in

1942 5069 2073 5126 aliis
2127 5069 2358 5124 duabus
2400 5067 2645 5122 vetustis
2692 5067 3095 5123 editionibus:
3148 5071 3273 5123 tum
3324 5069 3463 5140 quia
3509 5070 3595 5126 sic

1941 5157 2160 5213 habent
2208 5156 2322 5210 tria
2367 5156 2521 5227 apud
2579 5155 2997 5227 Hieronymum
3049 5157 3345 5230 Symbola,
3395 5163 3454 5214 et
3509 5158 3595 5215 sic

1941 5246 2067 5318 ipse
2098 5245 2484 5316 Hieronymus
2512 5244 2571 5298 in
2603 5243 2841 5316 Dialogo
2865 5245 3144 5300 adversus
3175 5244 3595 5314 Luciferianos,

1944 5351 2060 5390 uno
2091 5333 2215 5389 loco
2272 5337 2506 5404 excepto
2540 5348 2553 5388 :
2587 5333 2670 5387 sic
2723 5334 2899 5388 etiam
2931 5333 3150 5404 ubique
3201 5336 3594 5406 Augustinus.

1942 5425 2160 5480 Verum
2206 5421 2445 5477 Pamelii
2480 5421 2736 5477 rationes
2787 5423 3035 5494 probant
3075 5421 3220 5478 illud
3268 5423 3506 5495 quidem
3537 5423 3598 5478 in

1944 5514 2234 5587 plerisque
2281 5510 2573 5583 Symbolis
2624 5511 2736 5566 dici
2790 5511 2996 5577 solere,
3049 5511 3224 5568 Credo
3273 5516 3335 5566 in
3375 5513 3548 5567 Deum
3580 5529 3600 5567 :

1945 5609 2004 5658 at
2035 5601 2277 5658 minimc
2325 5601 2592 5672 probant,
2626 5601 2710 5656 sic
2760 5601 2936 5656 etiam
2991 5601 3282 5657 exstitisse
3320 5601 3380 5656 in
3431 5602 3602 5674 Sym-

1946 5691 2078 5747 bolo
2108 5689 2374 5745 Ecclesia:
2415 5689 2821 5760 Aquileiensis.
2859 5689 3008 5755 Quin
3040 5691 3219 5744 etiam
3250 5706 3366 5760 quo
3413 5690 3602 5744 usita-

1947 5782 2061 5838 tior
2091 5785 2216 5836 erat
2245 5779 2586 5836 accusativus
2627 5779 2687 5835 in
2718 5778 3031 5851 Symbolis,
3065 5795 3131 5835 eo
3161 5777 3359 5835 minus
3389 5779 3599 5849 proha-

148 5355 250 5408 pus
280 5337 555 5394 Homilia
588 5337 650 5392 in
686 5337 1002 5394 traditione
1034 5337 1296 5411 Symboli
1332 5357 1345 5406 ;
1374 5355 1586 5410 nempe
1620 5353 1632 5390 :
1670 5337 1836 5393 Credo

155 5427 213 5479 in
239 5428 422 5483 Deum
471 5431 706 5482 Patrem
736 5426 1189 5498 omnipotentem.
1220 5430 1289 5483 Et
1339 5428 1399 5480 in
1443 5429 1629 5482 Iesum
1679 5425 1836 5480 Chri-

151 5519 315 5585 stum,
349 5517 573 5572 Filium
623 5515 747 5588 ejus
796 5517 1042 5584 unicum,
1075 5516 1371 5571 Dominum
1417 5520 1686 5571 nostrum.
1724 5515 1841 5586 Qui

147 5611 315 5662 natus
345 5615 429 5663 est
481 5606 552 5662 de
582 5605 806 5678 Spiritu
851 5612 1045 5660 sancto
1077 5621 1151 5660 ex
1197 5605 1374 5659 Maria
1425 5604 1672 5675 Virgine.
1727 5604 1836 5658 Sub

146 5695 348 5752 Pontio
406 5694 600 5753 Pilato
632 5692 952 5764 cruciﬁxus
995 5697 1094 5760 est,
1122 5701 1174 5748 et
1220 5693 1487 5766 sepultus.
1521 5695 1700 5749 Tertia
1751 5693 1839 5748 die

146 5787 468 5844 resurrexit
511 5804 548 5844 a
585 5784 863 5844 mortuis.
914 5782 1168 5839 Ascendit
1220 5785 1280 5839 in
1325 5783 1542 5851 caelum,
1573 5782 1719 5838 sedet
1769 5782 1839 5837 ad
