4090 6440
461 470 577 530 147

1487 465 1807 527 GEORGII
1855 462 2117 526 CYPRII
2159 460 2280 522 GP.
2324 461 2858 524 PATRIABCHJE

3766 460 3884 522 1'48

458 601 576 658 bile
636 604 726 656 est
781 598 1052 655 librarios
1106 597 1195 654 vel
1255 598 1503 665 incuria,
1549 598 1637 654 vel
1697 599 1766 654 de
1823 596 2114 652 industria
2147 601 2196 662 Α
2227 595 2431 649 eodem
2481 594 2756 667 Symbolo
2807 610 2922 666 quo
2967 597 3024 649 et
3068 609 3174 649 nos
3240 594 3557 666 baptizare,
3609 593 3884 650 eumdem

461 692 769 748 ablativum
814 690 874 743 in
922 689 1032 744 hoc
1082 688 1358 760 Symbolo
1417 687 1701 759 posuisse.
1754 689 1821 742 At
1873 685 2118 740 minime

465 780 684 835 mirum
718 778 789 843 si,
819 795 953 832 cum
1005 777 1328 848 reperirent
1357 776 1694 842 ablativum,
1731 776 1977 830 novitate
2033 775 2118 829 of-

465 866 636 932 fensi,
687 865 1086 920 accusativum
1127 864 1499 918 inseruerint.
1531 865 1920 928 Quamobrem
1967 863 2118 918 codi-

467 972 584 1020 ces,
617 955 678 1009 in
732 953 950 1026 quibus
1000 954 1231 1025 legitur,
1284 953 1453 1008 Credo
1501 955 1564 1008 in
1611 955 1738 1020 Deo,
1789 958 1920 1022 etc.,
1956 958 2011 1008 et
2059 956 2120 1008 in

471 1047 705 1109 Christo,
756 1048 889 1112 etc.,
922 1046 977 1097 et
1027 1045 1088 1098 in
1132 1043 1345 1114 Spiritu
1391 1052 1595 1112 sancto,
1655 1043 1929 1098 videntur
1975 1042 2120 1097 mihi

471 1133 804 1189 accuratius
856 1132 1345 1186 consuetudinem
1408 1131 1676 1186 Ecclesiae
1725 1131 2121 1204 Aquileiensis

474 1222 743 1288 retinere,
804 1236 980 1291 quam
1037 1220 1139 1290 qui
1194 1222 1569 1275 accusativum
1625 1225 1932 1292 usurpant.
1993 1220 2122 1274 Haec

477 1316 674 1367 autem
707 1309 968 1382 Symboli
999 1309 1418 1380 pronuntiandi
1451 1309 1597 1364 ratio
1647 1327 1762 1364 non
1793 1309 2024 1364 videtur
2053 1309 2124 1362 ab

471 1401 582 1456 hac
629 1398 888 1454 Ecclesia
937 1399 1120 1453 ascita
1169 1398 1294 1453 sine
1348 1398 1589 1454 consilio
1640 1398 1866 1453 fuisse:
1911 1399 2008 1453 sed
2062 1402 2128 1452 ut

471 1489 652 1544 trium
685 1503 1069 1558 personarum
1109 1486 1439 1541 divinarum
1473 1486 1684 1541 clarior
1712 1489 1867 1542 esset
1917 1486 2124 1540 distin-

472 1579 586 1633 ctio
627 1576 700 1631 ab
747 1575 1009 1630 articulis
1059 1575 1466 1646 sequentibus,
1515 1578 1763 1630 sanctam
1812 1576 2124 1643 Ecclesiam,

473 1671 581 1722 etc.
638 1689 664 1715 ››
717 1669 951 1732 Vereor,
1002 1681 1072 1718 ne
1123 1681 1301 1735 quam
1350 1665 1572 1720 invehit
1637 1665 2127 1736 diligentissimus

473 1756 804 1824 adnotator,
838 1752 1094 1825 Symboli
1142 1754 1557 1822 pronuntiandi
1591 1755 1737 1808 ratio
1769 1754 1827 1807 in
1870 1752 2128 1810 Ecclesia

472 1843 832 1915 Aquileiensi
902 1859 1165 1913 unquam
1225 1842 1492 1912 viguerit.
1555 1843 1871 1898 Clariorem
1947 1846 2126 1898 trium

475 1949 859 2005 personarum
910 1931 1243 1986 divinarum
1285 1931 1722 1986 distinctionem
1756 1932 1826 1987 ab
1877 1931 2009 1987 aliis
2038 1949 2128 1986 ar-
2161 1967 2208 2031 B

477 2021 676 2078 ticulis
727 2021 841 2076 alio
896 2037 964 2075 ex
1020 2021 1209 2090 capite
1258 2021 1506 2074 Ruﬁnus
1561 2021 1818 2075 desumit
1886 2020 2128 2090 ibidem,

479 2129 644 2166 num.
690 2112 808 2167 36:
846 2133 865 2157 η
903 2111 1164 2165 Sanctum
1213 2110 1532 2177 Ecclesiam,
1583 2112 1956 2165 remissionem
2003 2127 2130 2181 pec-

471 2210 740 2265 catorum,
794 2199 960 2265 huius
1007 2199 1189 2253 carnis
1238 2200 1714 2254 resurrectionem.
1765 2199 1889 2253 Non
1939 2198 2128 2254 dixit:

479 2291 542 2344 In
571 2293 824 2343 sanctam
865 2288 1179 2353 Ecclesiam,
1213 2304 1320 2342 nec
1370 2289 1430 2340 in
1461 2289 1838 2342 remissionem
1883 2293 2132 2355 peccato-

481 2395 630 2448 rum,
663 2393 769 2432 nec
815 2378 875 2431 in
904 2378 1094 2431 carnis
1144 2377 1617 2431 resurrectionem.
1652 2375 1712 2431 Si
1751 2377 1908 2431 enim
1965 2377 2133 2431 addi-

481 2467 667 2522 disset
697 2469 752 2521 in
800 2465 1298 2537 praepositionem,
1331 2482 1448 2519 una
1495 2466 1819 2537 eademque
1849 2466 1935 2521 vis
1985 2467 2132 2522 tuis-

480 2559 567 2609 set
601 2570 735 2609 cum
769 2553 1190 2624 superioribus.
1223 2553 1390 2607 Nunc
1423 2558 1618 2608 autem
1655 2554 1711 2607 in
1743 2553 1861 2608 illis
1892 2555 2130 2626 quidem

475 2642 800 2709 vocabulis,
853 2642 952 2697 ubi
1003 2643 1073 2697 de
1104 2641 1406 2698 divinitate
1456 2643 1600 2698 ﬁdes
1645 2643 1952 2698 ordinatur
2002 2663 2014 2699 :
2069 2646 2132 2700 in

476 2737 588 2788 Deo
617 2734 784 2787 Patre
831 2731 1064 2798 dicitur,
1097 2735 1153 2785 et
1183 2732 1240 2785 in
1292 2733 1420 2787 Jesu
1455 2731 1670 2787 Christo
1719 2733 1859 2788 Filio
1908 2735 2044 2804 ejus,
2077 2739 2134 2789 et

473 2823 534 2876 in
563 2822 778 2892 Spiritu
818 2823 1043 2886 sancto;
1075 2820 1136 2875 in
1188 2821 1410 2876 caeteris
1442 2837 1576 2876 vero
1627 2821 1706 2876 ibi
1757 2838 1872 2876 non
1921 2823 1992 2877 de
2042 2824 2131 2878 di-

472 2910 736 2975 vinitate,
770 2910 872 2964 sed
905 2909 976 2964 de
1024 2908 1306 2964 creaturis
1339 2926 1404 2964 ac
1438 2908 1729 2981 mysteriis
1779 2926 1973 2966 sermo
2020 2915 2128 2976 est,

472 3001 534 3053 in
559 2998 893 3070 praepositio
944 3014 1057 3052 non
1097 2997 1355 3068 additur,
1389 3004 1456 3052 ut
1502 2999 1730 3053 dicatur
1777 3002 1838 3053 in
1877 3009 2131 3072 sanctam

474 3088 797 3152 Ecclesiam,
832 3087 932 3140 sed
979 3090 1229 3141 sanctam
1258 3087 1554 3142 Ecclesiam
1597 3088 1949 3144 credendam
1979 3107 2128 3157 esse,

476 3193 593 3232 non
627 3179 691 3230 ut
722 3177 782 3230 in
819 3176 1012 3240 Deum,
1043 3175 1143 3229 sed
1176 3180 1242 3229 ut
1290 3174 1607 3230 Ecclesiam
1645 3178 1755 3232 Deo
1808 3193 2130 3250 congrega-

478 3270 597 3320 tam
635 3283 648 3319 :
682 3269 741 3319 et
772 3266 1144 3319 remissionem
1192 3273 1536 3334 peccatorum
1579 3267 1928 3321 credendam
1978 3283 2128 3332 esse,

2226 700 2397 738 nosse
2453 685 2625 738 Deum
2679 685 2916 750 Patrem,
2967 683 3240 738 eumdem
3298 684 3505 738 Filium
3575 683 3882 752 Christum,

2226 772 2499 827 eumdem
2553 773 2822 844 Spiritum
2868 781 3227 834 sanctum...;
3263 772 3410 828 sciat
3455 772 3728 844 quisquis
3775 773 3888 829 hoc

2228 862 2640 932 opponendum
2695 865 2882 933 putat,
2935 861 3192 934 primum
3243 878 3358 917 non
3407 879 3538 917 esse
3585 862 3777 930 nobis,
3828 866 3890 918 et

2229 950 2622 1006 schismaticis
2655 968 2836 1006 unam
2865 950 3123 1023 Symboli
3157 949 3369 1022 legem,
3393 967 3583 1022 neque
3613 953 3886 1008 eamdem

2230 1039 2770 1112 interrogationem.
2805 1039 2950 1096 Nam
3001 1056 3134 1096 cum
3186 1039 3408 1109 dicunt,
3452 1041 3643 1096 Credis
3691 1042 3889 1096 remis-

2229 1130 2439 1183 sionem
2479 1134 2852 1200 peccatorum,
2885 1133 2936 1185 et
2978 1131 3150 1185 vitam
3195 1135 3465 1184 mternam
3488 1147 3588 1201 per
3639 1135 3896 1185 sanctam

2232 1219 2549 1287 Ecclesiam,
2597 1219 2964 1273 mentiuntur
3007 1219 3065 1272 in
3127 1219 3600 1290 interrogatione,
3652 1220 3896 1292 quando

2235 1323 2349 1363 non
2403 1307 2659 1362 habeant
2710 1307 3053 1364 Ecclesiam.
3089 1330 3110 1359 ι
3150 1308 3364 1363 Eadem
3413 1308 3620 1363 scribit
3659 1308 3717 1363 in
3770 1309 3898 1382 epi-

2236 1397 2384 1451 stola
2420 1399 2492 1450 70
2522 1396 2615 1451 his
2667 1397 2860 1452 verbis
2897 1415 2909 1452 :
2941 1397 3081 1452 Nam
3118 1414 3244 1452 cum
3294 1396 3551 1462 dicimus,
3587 1397 3784 1453 Credis
3837 1399 3896 1452 in

2234 1486 2410 1541 vitam
2484 1489 2765 1553 teter-nam,
2824 1490 2874 1541 et
2931 1488 3310 1542 remissionem
3382 1491 3733 1552 peccatorum
3805 1503 3907 1559 per

2235 1583 2482 1630 sanctam
2530 1575 2895 1632 Ecclesiam...
2931 1575 3243 1630 Additione
3289 1577 3426 1632 vitae
3453 1579 3678 1633 aeternae
3728 1592 3900 1632 care-

2235 1663 2339 1718 bat
2368 1663 2710 1734 Symbolum
2747 1666 3070 1719 Romanum.
3098 1664 3243 1719 Hinc
3275 1665 3524 1720 Ruﬁnus
3558 1664 3660 1729 ait,
3693 1681 3905 1721 sermo-

2239 1770 2382 1819 nem,
2434 1754 2530 1822 qui
2578 1755 3045 1808 Resurrectionem
3104 1756 3293 1808 carnis
3353 1756 3708 1825 pronuntiat,
3756 1770 3907 1809 sum-

2237 1860 2388 1899 mam
2427 1844 2594 1899 totius
2639 1845 2991 1912 perfectionis
3039 1844 3320 1898 succincta
3373 1843 3633 1899 brevitate
3679 1844 3906 1900 conclu-

2237 1932 2380 1988 dere.
2439 1933 2631 2004 Ipsius
2678 1947 2810 1987 vero
2861 1933 3290 1988 Resurrectionis
3342 1931 3648 1988 clariorem
3702 1933 3904 1989 verbis

2241 2022 2380 2089 illis,
2445 2023 2580 2078 Vitae
2657 2029 2898 2087 aeternae,
2949 2020 3373 2092 expositionem
3457 2021 3672 2085 afferri,
3730 2022 3906 2078 docet

2239 2111 2604 2184 Augustinus
2651 2111 2712 2164 in
2763 2127 3053 2178 sermone,
3099 2127 3201 2165 seu
3251 2109 3401 2164 libro
3448 2128 3468 2165 ι
3516 2111 3592 2166 De
3640 2110 3899 2182 Symbolo

2243 2201 2312 2255 ad
2352 2200 2789 2263 catechumenos,
2837 2216 3000 2254 num.
3037 2201 3104 2254 16
3135 2216 3149 2253 :
3184 2200 3259 2255 Ne
3305 2201 3490 2255 carnis
3535 2203 3902 2256 resurrectio-

2241 2307 2367 2346 nem
2417 2292 2686 2361 futuram,
2761 2289 3052 2358 inquiens,
3118 2293 3272 2358 putet
3323 2289 3553 2359 aliquis,
3634 2289 3904 2360 quomodo

2242 2380 2484 2442 Lanari;
2513 2381 2572 2432 ut
2618 2379 2858 2432 sciamus
2897 2391 3009 2432 non
3049 2376 3132 2431 sic
3175 2392 3309 2444 esse,
3357 2375 3605 2431 additum
3644 2378 3755 2445 fuit
3782 2395 3802 2431 :
3835 2379 3903 2432 In

2240 2468 2411 2522 vitam
2466 2475 2754 2522 aeternam.
2807 2466 2930 2529 Quo
2979 2465 3105 2520 loco
3154 2465 3552 2521 animadverte
3622 2468 3907 2538 praeposi-

2240 2557 2484 2623 tionem,
2515 2557 2596 2621 in,
2633 2554 2930 2626 aliquibus
2976 2554 3035 2608 in
3083 2553 3357 2609 Ecclesiis
3402 2554 3645 2626 perinde
3683 2555 3907 2612 divinis

2242 2644 2508 2718 personis
2542 2644 2799 2712 afﬁxam,
2834 2659 2900 2698 ac
2929 2642 3154 2698 caeteris
3186 2642 3472 2698 articulis.

2315 2735 2612 2805 [ntegrum
2683 2734 3010 2804 Africanum
3057 2731 3424 2804 Symbolum,
3475 2731 3744 2804 pluribus
3793 2749 3911 2789 au-

2241 2827 2401 2878 ctum
2450 2823 2712 2889 vocibus,
2763 2822 2920 2894 quod
2967 2838 3074 2876 suo
3123 2821 3356 2894 vigebat
3405 2825 3690 2894 tempore,
3739 2822 3908 2878 idem

2239 2913 2609 2985 Augustinus
2665 2912 2886 2983 profert
2942 2911 3001 2965 in
3071 2927 3341 2966 sermone
3395 2912 3523 2981 212,
3581 2927 3648 2966 ac
3705 2911 3907 2968 tribus

2240 3001 2686 3072 insequentibus
2733 3017 2881 3072 quos
2931 3000 3140 3056 habuit
3169 3001 3229 3054 in
3268 3000 3578 3056 Traditione
3628 3000 3906 3073 Symboli,

2240 3091 2498 3161 itemque
2544 3089 2693 3144 libro
2743 3095 2822 3146 De
2866 3089 2970 3159 ﬁde
3015 3095 3074 3144 et
3102 3089 3376 3160 Symbolo,
3410 3106 3477 3144 ac
3529 3105 3797 3145 sermone
3825 3091 3910 3146 de

2239 3179 2513 3252 Symbolo
2560 3180 2631 3234 ad
2679 3178 3154 3234 catechumenos.
3207 3178 3357 3233 Illud
3409 3181 3499 3233 est
3547 3194 3562 3234 :
3613 3177 3790 3234 Credo
3837 3180 3911 3234 in

2242 3270 2414 3324 Deum
2469 3270 2689 3324 Patrem
2761 3269 3210 3339 omnipotentem.
3268 3268 3335 3322 Et
3386 3270 3447 3321 in
3500 3268 3681 3323 Jesum
3739 3267 3909 3323 Chri-

480 3370 595 3408 non
632 3355 690 3407 in
731 3355 1107 3408 remissionem
1153 3358 1494 3423 peccatorum
1523 3371 1541 3408 :
1575 3359 1632 3408 et
1675 3358 2132 3412 resurrectionem
2163 3332 2206 3397 (ἶ
2248 3367 2414 3428 stum,
2448 3357 2655 3413 Filium
2693 3358 2810 3428 ejus
2866 3358 3116 3426 unicum,
3153 3357 3448 3412 Dominum
3492 3358 3761 3411 nostrum.
3796 3357 3913 3424 Qui

478 3444 684 3511 carnis,
740 3458 855 3497 non
906 3444 962 3497 in
1014 3444 1467 3496 resurrectionem
1511 3445 1718 3498 carnis.
1772 3445 1886 3498 Hac
1937 3445 2131 3516 itaque

480 3530 908 3602 praapositionis
955 3530 1181 3602 syllaba
1210 3534 1444 3586 Creator
1474 3548 1507 3586 a
1536 3533 1820 3588 creaturis
1874 3535 2131 3589 secerni-

479 3624 598 3688 tur,
630 3624 688 3675 et
727 3619 924 3674 divina
972 3624 1321 3690 separantur
1352 3621 1423 3675 ab
1475 3620 1821 3678 humanis.»
1859 3623 1985 3678 Haac
2036 3641 2132 3694 po-

478 3708 714 3764 tissima
745 3709 938 3763 Ruﬁni
970 3708 1138 3776 ratio,
1163 3725 1343 3780 quam
1373 3709 1560 3765 solam
1592 3710 1758 3765 affert
1786 3711 2128 3782 ipse,locum

479 3797 674 3867 habet,
707 3796 942 3852 tametsi
991 3799 1207 3852 Divinare
1253 3813 1526 3869 persona,
1579 3801 1909 3856 accusativo
1959 3819 2128 3858 usur-

481 3890 616 3958 pato
649 3902 810 3950 casu,
845 3886 1316 3957 pronuntiantur.

556 3977 714 4030 144
769 3975 1010 4030 Interim
1073 3976 1472 4032 additamenta
1549 3979 1898 4049 Aquileiensa
1955 3981 2132 4052 (quod

483 4064 555 4120 ad
587 4081 708 4119 rem
741 4071 1004 4119 nostram
1039 4066 1294 4121 maxime
1323 4067 1594 4137 pertinet)
1617 4068 1933 4139 postulavit
1964 4087 2134 4126 nemo

485 4154 556 4209 de
586 4153 851 4210 crimine.
902 4155 1082 4209 Litem
1111 4156 1417 4210 adversum
1453 4173 1521 4211 ea
1549 4162 1858 4213 moverunt
1886 4158 2133 4226 nullam,

483 4260 610 4315 quae
659 4243 784 4298 alite
836 4243 1101 4298 Ecclesiae
1152 4261 1267 4299 non
1319 4246 1522 4300 eadem
1582 4246 2070 4318 amplexabantur
2119 4267 2131 4304 :

483 4348 673 4403 neque
723 4332 852 4403 ipsa
905 4333 1144 4387 demum
1194 4332 1449 4389 Ecclesia
1517 4334 1798 4399 Romana,
1850 4337 2021 4407 cujus
2073 4355 2135 4393 se

481 4419 877 4492 Aquileiensis
928 4421 1310 4492 proﬁtebalur
1372 4422 1575 4492 ﬁliam,
1626 4424 1944 4494 rejicienda
1990 4443 2133 4497 prae-

482 4508 737 4580 scripsit.
774 4509 890 4564 Cur
922 4509 1078 4564 enim
1130 4509 1327 4564 unitas
1353 4510 1624 4566 violanda
1655 4512 1817 4582 foret,
1852 4531 1984 4568 cum
2021 4533 2136 4570 una

481 4598 804 4669 eademque
835 4603 990 4653 esset
1024 4598 1168 4653 ﬁdes
1199 4598 1486 4667 omnium,
1519 4599 1627 4656 etsi
1661 4618 1789 4656 eam
1822 4601 1915 4656 alii
1959 4608 2136 4674 atque

2240 3454 2524 3517 conceptus
2575 3453 2653 3500 est
2695 3445 2760 3500 de
2807 3445 3019 3515 Spiritu
3091 3452 3304 3512 saneto,
3355 3446 3527 3499 natus
3576 3459 3649 3498 ea:
3727 3443 3910 3499 Maria

2249 3537 2490 3606 Virgine.
2535 3535 2735 3589 Passus
2779 3535 2929 3590 I45
2963 3536 3041 3589 est
3087 3534 3185 3588 sub
3227 3533 3424 3589 Pontio
3468 3533 3671 3598 Pilato,
3722 3547 3909 3587 cruci-

2240 3626 2406 3695 βίαις,
2458 3631 2724 3689 mortuus,
2771 3632 2822 3678 et
2863 3623 3123 3694 sepultus.
3178 3623 3353 3678 Tertia
3397 3621 3486 3677 die
3535 3621 3842 3677 resurrexit
3871 3639 3912 3677 a

2241 3715 2494 3768 mortuis.
2556 3713 2810 3768 Ascendit
2863 3715 2924 3766 in
2979 3713 3197 3779 caelum,
3258 3710 3401 3766 sedet
3455 3711 3535 3767 ad
3611 3710 3914 3766 dexteram

2241 3805 2451 3858 Patris.
2518 3802 2646 3857 Inde
2691 3810 2953 3856 venturus
2991 3801 3256 3871 judicare
3321 3801 3493 3866 vivos,
3541 3802 3591 3854 et
3637 3807 3909 3855 mortuos.

2241 3894 2305 3947 Et
2376 3893 2437 3946 in
2521 3892 2795 3962 Spiritum
2885 3898 3156 3955 sanctum,
3232 3898 3490 3945 sanctam
3579 3889 3910 3960 Ecclesiam,

2243 3981 2637 4037 Remissionem
2711 3989 3091 4049 peccatorum,
3150 3979 3349 4035 Carnis
3428 3979 3910 4045 resurrectionem,

2249 4073 2426 4127 Vitam
2469 4081 2757 4125 aeternam.
2795 4091 2822 4119 »
2857 4068 3126 4140 Quinque
3178 4068 3415 4138 adjecta:
3447 4082 3618 4123 voces
3663 4082 3916 4122 enume-

2245 4163 2470 4214 rantur.
3376 4198 3377 4201 η

2313 4247 2582 4303 Veterem
2618 4247 3053 4320 Hispanicarum
3083 4244 3474 4301 Ecclesiarum
3503 4242 3764 4316 Symboli
3786 4243 3914 4299 for-

2245 4335 2492 4403 mulam,
2525 4353 2702 4408 quam
2737 4336 2991 4406 majores
3037 4335 3424 4401 tradiderant,
3457 4333 3704 4390 recitant
3741 4333 3915 4389 Ethe-

2243 4442 2366 4480 rius
2388 4425 2698 4498 episcopus
2723 4423 3091 4494 Uxamensis,
3116 4427 3173 4480 et
3193 4427 3390 4480 Beatus
3429 4423 3732 4495 presbyter
3751 4422 3920 4493 ejus,

2245 4513 2390 4569 libro
2423 4533 2461 4578 ι,
2495 4515 2763 4569 Adversus
2803 4513 3138 4584 Elipandum
3175 4512 3685 4584 archiepiscopum
3735 4510 3919 4567 Tole-

2245 4608 2478 4672 tanum,
2530 4620 2684 4659 anno
2731 4602 2946 4658 Christi
2988 4603 3097 4656 785
3146 4602 3449 4657 confecto:
3502 4623 3531 4652 ‹‹
3579 4602 3920 4672 Surgamus

482 4685 580 4740 alii
608 4687 810 4756 paucis
861 4692 962 4740 aut
1007 4687 1276 4758 pluribus
1325 4688 1564 4745 vocibus
1613 4691 1930 4746 efferrent?
1961 4693 2138 4748 Erant
2173 4706 2214 4769 D
2248 4708 2384 4763 ergo
2417 4709 2550 4747 cum
2603 4691 2750 4762 ipsis
2783 4689 3085 4762 apostolis,
3119 4694 3178 4746 et
3216 4691 3353 4746 ﬁdei
3405 4693 3616 4746 nostrae
3657 4689 3916 4761 Symbo-

482 4773 697 4845 quippe
747 4774 1026 4831 clariores
1071 4777 1356 4831 duntaxat
1400 4779 1732 4833 communis
1783 4784 1955 4836 rectae
2004 4783 2136 4838 ﬁdei

482 4861 945 4932 declarationes;
980 4882 1110 4936 quae
1162 4867 1505 4922 necessariae
1552 4867 1766 4924 alicubi
1817 4869 1952 4924 visae
2008 4871 2136 4926 fue-

482 4956 636 5018 rant,
668 4956 732 5005 ut
781 4954 1080 5008 communi
1114 4954 1388 5025 Symbolo
1429 4956 1847 5024 insererentur,
1882 4959 1954 5013 ad
2005 4976 2134 5014 sur-

481 5044 685 5112 gentes
735 5058 838 5120 pro
885 5046 1147 5113 tempore
1195 5043 1446 5099 haereses
1494 5043 1700 5114 procul
1743 5045 2063 5118 abigendas
2104 5065 2138 5104 a

483 5133 680 5184 mente
731 5130 1228 5186 Christiﬁdelium.
1274 5134 1488 5187 Eodem
1522 5133 1580 5186 in
1631 5133 1913 5206 Africana
1940 5135 2131 5192 Eccle-

483 5216 573 5272 sia
602 5219 846 5273 consilio
878 5219 1265 5291 simpliciores
1310 5221 1568 5292 viguisse
1598 5223 1876 5292 primum,
1912 5226 2134 5280 auctio-

482 5322 693 5376 resque
741 5313 942 5379 postea
989 5310 1048 5364 in
1099 5327 1210 5364 usu
1263 5310 1483 5381 positas
1535 5327 1664 5366 esse
1720 5312 2130 5382 Symbolorum

482 5395 784 5462 formulas,
838 5398 1199 5453 addiscimus
1230 5416 1298 5453 ex
1348 5398 1629 5470 Cypriane
1677 5405 1733 5454 et
1779 5402 2128 5473 Augustino.

477 5483 575 5538 llle
605 5483 664 5538 in
713 5486 959 5556 epistola
998 5488 1068 5542 ad
1120 5487 1419 5559 Magnum,
1452 5490 1522 5542 69
1571 5489 1629 5542 in
1679 5489 1931 5545 editione
1981 5491 2127 5546 Oxo-

474 5572 682 5634 niensi,
737 5579 794 5628 et
828 5575 997 5642 juxta
1039 5576 1363 5631 Pamelium
1414 5579 1505 5638 76,
1561 5577 1683 5632 haec
1734 5579 1954 5635 habet:
1991 5602 2019 5630 ‹‹
2069 5581 2124 5635 Si

476 5659 688 5732 aliquis
724 5662 860 5718 illud
911 5664 1174 5736 opponit,
1209 5669 1265 5720 et
1297 5665 1452 5719 dicat
1483 5682 1495 5718 :
1530 5667 1807 5721 Eamdem
1856 5667 2123 5724 Novatia-

475 5765 618 5805 num
652 5750 837 5822 legem
873 5757 1089 5822 tenere,
1123 5769 1299 5824 quam
1330 5753 1589 5809 Ecclesia
1618 5755 1900 5814 cotholica
1941 5762 2120 5826 tenet,

2247 4781 2395 4846 lum,
2426 4781 2581 4852 quod
2614 4780 2985 4836 tradiderunt
3014 4779 3186 4835 nobis
3211 4779 3370 4835 brevi
3412 4777 3778 4850 compendio,
3815 4795 3916 4834 re-

2248 4871 2523 4926 citemus.
2565 4871 2745 4926 Credo
2796 4870 2854 4923 in
2904 4869 3092 4924 Deum
3140 4867 3370 4924 Patrem
3420 4868 3918 4939 omnipotentem.

2247 4960 2315 5014 Et
2339 4959 2398 5014 in
2431 4961 2632 5014 Jesum
2666 4958 2988 5026 Christum,
3024 4957 3236 5012 Filium
3267 4957 3398 5027 ejus
3428 4955 3916 5025 unicum,Deum,

2246 5052 2302 5102 et
2333 5047 2644 5103 Dominum
2699 5050 2988 5102 nostrum.
3039 5045 3147 5108 Qui
3197 5049 3372 5100 natus
3423 5048 3513 5100 est
3558 5045 3630 5099 de
3681 5043 3915 5116 Spiritu

2245 5141 2449 5192 sancto
2481 5148 2548 5190 ex
2579 5135 2760 5190 Maria
2793 5134 3045 5205 Virgine.
3077 5135 3280 5189 Passus
3309 5133 3420 5189 sub
3453 5132 3656 5190 Pontio
3694 5132 3913 5204 Pilato,

2243 5224 2578 5289 cruciﬁxus,
2611 5228 2668 5278 et
2697 5221 2985 5294 sepultus.
3022 5223 3312 5279 Descendit
3338 5222 3410 5278 ad
3439 5224 3685 5293 inferna.
3707 5222 3917 5281 Tertia

2242 5314 2334 5369 die
2365 5313 2683 5368 resurrexit
2729 5306 2885 5368 vivus
2911 5329 2945 5366 a
2975 5311 3247 5367 mortuis.
3277 5311 3557 5367 Ascendit
3585 5312 3656 5366 ad
3701 5310 3908 5381 caelos,

2241 5403 2404 5457 sedet
2447 5403 2518 5457 ad
2572 5404 2868 5458 dexteram
2923 5402 3020 5456 Dei
3065 5400 3256 5456 Patris
3303 5402 3708 5472 omnipotentis.
3761 5400 3908 5459 Inde

2238 5495 2520 5545 venturus
2569 5495 2658 5547 est
2687 5490 2951 5561 judicare
2979 5489 3162 5556 vivos,
3194 5493 3251 5544 et
3301 5494 3587 5546 mortuos.
3621 5488 3804 5544 Credo
3838 5490 3903 5546 in

2238 5580 2521 5650 Spiritum
2555 5586 2849 5650 sanctum,
2885 5582 3150 5634 sanctam
3193 5578 3511 5635 Ecclesiam
3539 5577 3897 5650 catholicam,

2237 5669 2641 5726 remissionem
2693 5670 2943 5725 omnium
2969 5670 3362 5739 peccatorum,
3395 5668 3591 5725 carnis
3629 5682 3896 5724 resurre-

2233 5758 2508 5830 ctionem,
2559 5769 2610 5819 et
2655 5761 2829 5816 vitam
2891 5766 3179 5816 aeternam.
3230 5760 3438 5815 Amen.
3490 5780 3520 5810 »
3569 5757 3891 5816 Ecclesiam
