4090 6438
232 465 341 527 “9

1441 462 1653 527 VITA.
1685 492 1765 506 ——
1790 456 2315 524 DISSERTATIO
2356 461 2436 523 II.

3538 458 3655 519 150

232 596 482 656 instituit
507 595 691 655 Jesus
721 596 1013 664 Christus,
1046 596 1207 653 omni
1228 600 1522 671 patentem
1542 595 1787 663 nationi,
1818 594 1888 649 ad
1922 595 1976 660 Α
2005 592 2123 648 lam
2154 594 2450 650 existimat
2506 608 2635 649 eam
2690 591 2945 649 Jacobus
3001 588 3274 647 Usserius
3320 589 3382 645 in
3428 589 3652 646 Disser-

239 688 430 745 omnia
446 692 728 760 tempora
756 692 1184 760 protensamet
1199 687 1271 742 ad
1306 686 1507 742 omnia
1537 685 1697 742 loca:
1732 684 1889 738 unde

239 796 343 835 vox
390 777 659 834 catholica
712 776 1042 848 simplicem
1098 775 1361 832 continet
1416 775 1887 848 explicationem.

240 872 434 923 Carent
461 883 528 923 ea
556 866 925 938 antiquiores
945 864 1247 921 formulae:
1275 864 1655 936 additamque
1685 864 1891 933 postea

241 956 432 1022 fuisse,
466 955 612 1012 satis
671 954 895 1010 indicat
949 953 1319 1027 Augustinus
1375 952 1525 1009 libro
1583 954 1657 1008 De
1703 951 1808 1021 ﬁde
1837 955 1890 1005 et

238 1046 520 1119 Symbolo:
600 1045 866 1101 Sanctam
936 1045 1254 1114 Ecclesiam,
1323 1042 1621 1116 inquiens,
1698 1042 1890 1111 utique

235 1135 578 1192 catholicam.

294 1224 418 1280 Haec
480 1224 545 1279 in
603 1222 917 1278 Occidente
992 1220 1244 1277 innocue
1307 1220 1725 1292 usurpabatur,
1783 1220 1886 1273 aut

227 1312 571 1385 simplicior,
603 1315 706 1368 aut
748 1311 977 1366 auctior
1016 1308 1279 1383 Symboli
1332 1307 1737 1382 apostolorum
1765 1307 1884 1361 for-

219 1402 396 1458 mula.
437 1403 548 1458 Par
596 1405 723 1457 erat
773 1399 1164 1455 Ecclesiarum
1216 1398 1458 1455 Orientis
1496 1398 1881 1453 consuetudo.

216 1492 377 1559 Quod
410 1491 497 1547 ibi
527 1489 898 1562 frequentius
931 1489 990 1544 in
1039 1505 1153 1544 usu
1193 1493 1320 1544 erat
1365 1486 1731 1561 Symbolum,
1764 1486 1881 1541 Ru-

214 1581 374 1636 ﬁnus
404 1579 647 1636 exhibet
678 1579 806 1634 loco
853 1578 1032 1633 citato
1059 1592 1073 1632 :
1112 1597 1141 1627 ‹‹
1181 1576 1364 1632 Credo
1396 1576 1456 1631 in
1488 1593 1665 1631 unum
1694 1575 1881 1630 Deum

214 1674 452 1726 Patrem
485 1668 975 1740 omnipotentem.
1007 1668 1079 1723 Et
1122 1667 1184 1721 in
1213 1682 1388 1721 unum
1429 1665 1746 1720 Dominum
1777 1679 1880 1718 no-

214 1763 411 1814 strum
441 1759 653 1814 Jesum
685 1756 1006 1822 Christum,
1056 1755 1300 1811 unicum
1350 1753 1541 1810 ﬁlium
1590 1755 1739 1825 ejus.
1770 1750 1880 1816 Qui

211 1852 391 1903 natus
421 1850 518 1903 est
546 1846 620 1902 de
647 1843 872 1917 Spiritu
903 1848 1105 1901 sancto
1134 1861 1205 1900 ex
1234 1843 1420 1899 Maria
1448 1842 1705 1915 Virgine.
1737 1841 1878 1896 Cru-

1999 682 2219 740 tatione
2267 684 2337 739 de
2384 682 2694 756 Symbolis,
2756 698 2934 754 quam
2984 679 3366 736 Constantino
3398 678 3651 752 impera-

1996 772 2109 829 tori
2140 772 2479 828 obtulerunt
2527 771 2719 838 Arius,
2769 775 2826 827 et
2876 770 3151 834 Euzoius,
3200 768 3505 841 presbyter
3531 768 3649 840 ille,

1999 878 2063 916 ac
2096 861 2204 918 iste
2234 861 2517 918 diaconus
2564 860 2830 932 ejusdem
2886 858 3177 915 Ecclesiae.
3210 858 3493 913 Referunt
3522 874 3652 913 eam

1998 953 2285 1021 Socrates,
2316 949 2466 1007 libro
2527 968 2566 1017 ι,
2602 950 2791 1022 capite
2834 950 2927 1014 26,
2985 952 3043 1005 et
3090 947 3469 1013 Sozomenus,
3503 946 3652 1003 libro

1999 1058 2059 1109 ιι,
2096 1041 2283 1111 capite
2310 1042 2401 1094 27.
2433 1062 2461 1089 ‹‹
2511 1039 2815 1094 Credimus
2860 1038 2919 1092 in
2969 1053 3155 1092 unum
3186 1036 3373 1091 Deum
3420 1034 3651 1092 Patrem

1997 1131 2480 1201 omnipotentem.
2512 1128 2584 1183 Et
2628 1127 2688 1181 in
2738 1126 3052 1183 Dominum
3085 1125 3290 1181 Jesum
3323 1124 3646 1196 Christum,

1995 1218 2206 1274 Filium
2239 1219 2389 1288 ejus,
2423 1219 2521 1289 qui
2569 1234 2639 1272 eae
2677 1232 2736 1272 eo
2783 1216 2971 1289 [actus
3022 1216 3101 1270 est
3147 1211 3248 1283 (al.
3282 1214 3497 1282 genitus
3527 1217 3650 1283 est),

1993 1316 2123 1363 ante
2152 1308 2337 1363 omnia
2366 1306 2588 1377 saecula,
2638 1307 2815 1361 Deum
2857 1305 3111 1371 Verbum,
3143 1319 3244 1374 per
3271 1319 3433 1375 quem
3461 1303 3653 1359 omnia

1991 1400 2140 1469 facta
2164 1401 2311 1469 sunt,
2343 1414 2462 1469 quae
2494 1398 2552 1451 in
2582 1397 2713 1451 caelo
2744 1398 2800 1450 et
2829 1410 2955 1467 quae
2998 1396 3059 1449 in
3088 1402 3256 1449 terra.
3292 1394 3398 1461 Qui
3425 1392 3648 1447 descen~

1992 1487 2076 1542 dit
2099 1495 2150 1541 et
2180 1488 2500 1541 incarnatus
2530 1489 2631 1540 est.
2682 1484 2789 1548 Qui
2838 1500 3051 1555 passus
3083 1486 3193 1552 est,
3246 1485 3302 1537 et
3334 1481 3655 1537 resurrexit

1992 1580 2050 1631 et
2079 1574 2343 1630 ascendit
2390 1574 2461 1629 ad
2522 1573 2717 1643 caelos,
2752 1577 2811 1628 et
2861 1572 3075 1627 iterum
3124 1574 3407 1626 venturus
3455 1574 3545 1625 est
3586 1573 3652 1626 ut

1982 1664 2211 1737 judicet
2241 1664 2401 1719 vivos
2429 1666 2486 1718 et
2515 1666 2798 1718 mortuos.
2830 1661 2901 1716 Et
2941 1660 3003 1715 in
3033 1659 3319 1732 Spiritum
3350 1663 3643 1715 sanctum.

1988 1758 2055 1809 In
2088 1753 2282 1808 carnis
2326 1752 2834 1817 resurrectionem,
2887 1753 2946 1806 et
2986 1750 3045 1805 in
3075 1750 3255 1804 vitam
3284 1747 3513 1803 venturi
3545 1764 3647 1804 sm-

1990 1842 2125 1898 culi.
2159 1843 2227 1897 Et
2256 1842 2316 1897 in
2370 1858 2550 1897 unam
2599 1839 2947 1897 catholicam
3010 1837 3108 1894 Dei
3138 1836 3480 1908 Ecclesiam,
3513 1853 3642 1909 quas

212 1935 425 1991 ciﬁxus
458 1934 573 1991 sub
624 1934 829 1990 Pontio
876 1932 1082 1998 Pilato,
1133 1937 1191 1988 et
1231 1930 1519 2003 sepultus.
1562 1930 1756 1986 Tertia
1786 1929 1878 1985 die
1908 1966 1956 2031 B
1987 1949 2023 1987 a
2052 1930 2261 2003 primis
2310 1930 2652 1985 cardinibus
2700 1929 2772 1983 ad
2823 1926 3067 1983 ultimos
3114 1941 3305 1999 usque
3349 1930 3643 1983 terrarum

212 2024 544 2081 resurrexit
569 2040 606 2078 a
633 2021 901 2078 mortuis.
952 2020 1230 2077 Ascendit
1276 2020 1339 2076 in
1382 2019 1578 2087 oculos,
1611 2020 1775 2075 sedet
1805 2019 1877 2075 ad
1908 2014 1956 2031 ³³
1990 2020 2135 2075 ﬁnes
2167 2019 2505 2092 porrigitur.
2561 2040 2588 2067 ››
2637 2017 2849 2073 Nullus
2889 2033 2994 2088 ego
3044 2014 3456 2085 dubitaverim,
3490 2015 3644 2071 hanc

212 2115 519 2171 dexteram
549 2112 762 2169 Patris.
796 2111 936 2167 Inde
964 2114 1249 2167 venturus
1277 2114 1370 2165 est
1393 2108 1663 2181 judicare
1692 2108 1874 2165 vivos.

212 2208 269 2260 et
295 2208 592 2259 mortuos.
625 2202 696 2257 Et
723 2200 786 2256 in
828 2200 1112 2272 Spiritum
1142 2202 1438 2269 sanctum,
1470 2202 1736 2254 sanctam
1768 2198 1880 2253 Ec-

213 2292 479 2359 clesiam,
530 2290 943 2347 remissionem
994 2292 1391 2361 peccatorum,
1442 2287 1638 2343 carnis
1681 2303 1878 2343 resur-

209 2382 558 2439 rectionem.
609 2400 640 2431 ι)
694 2378 893 2435 Ruﬁni
938 2377 1518 2435 adnimadversiones
1573 2376 1789 2448 accipe.
1825 2377 1876 2431 Ι.

210 2471 453 2529 Orientis
480 2470 743 2527 Ecclesia:
790 2470 910 2539 fere
955 2483 1143 2524 omnes
1188 2467 1268 2522 ita
1315 2465 1579 2522 tradunt:
1626 2485 1655 2515 «
1706 2465 1880 2522 Credo

205 2563 265 2617 in
293 2575 407 2616 uno
456 2560 569 2616 Deo
621 2559 793 2614 Patre
837 2556 1218 2628 omnipotente.
1246 2575 1276 2606 ››
1324 2556 1391 2610 Et
1426 2570 1654 2610 rursum
1699 2555 1762 2609 in
1799 2571 1881 2610 se-

204 2651 398 2724 quenti
452 2663 725 2714 sermone,
764 2667 788 2698 ι
842 2648 910 2702 Et
962 2645 1024 2701 in
1078 2647 1209 2702 Jesu
1263 2644 1479 2702 Christo
1534 2645 1698 2699 unico
1742 2644 1881 2701 Filio

201 2741 320 2812 ejus
348 2738 597 2795 Domino
624 2745 837 2803 nostro,
878 2757 909 2785 ››
958 2736 1041 2790 ita
1082 2735 1174 2790 illi
1201 2733 1431 2789 tradunt
1453 2751 1473 2787 :
1524 2755 1555 2783 «
1586 2734 1651 2788 Et
1682 2735 1743 2788 in
1771 2749 1881 2790 uno

203 2830 445 2885 Domino
497 2833 689 2883 nostro
742 2826 870 2882 Iesu
947 2822 1161 2880 Christo
1215 2824 1379 2879 unico
1454 2823 1595 2878 Filio
1650 2822 1788 2894 ejus.
1850 2845 1879 2872 ››

206 2920 392 2976 Unum
446 2916 660 2972 scilicet
711 2915 906 2984 Deum,
986 2918 1043 2969 et
1115 2927 1294 2967 unum
1373 2911 1529 2966 146
1580 2911 1885 2966 Dominum

203 3005 510 3064 secundum
539 3006 929 3060 auctoritatem
944 3002 1114 3057 Pauli
1140 3002 1376 3074 apostoli
1397 3000 1720 3072 proﬁtentes
1742 3017 1762 3055 :
1790 2999 1883 3054 sed

210 3098 283 3153 de
312 3096 411 3152 hoc
435 3096 494 3150 in
534 3092 893 3166 sequentibus
942 3092 1074 3147 locis
1121 3099 1441 3162 repetemus.
1492 3090 1548 3145 2.
1584 3089 1881 3144 Sciemlum

217 3200 352 3241 sane
382 3187 475 3253 est,
503 3183 653 3255 quod
680 3184 738 3238 in
772 3179 1043 3238 Ecclesiae
1070 3180 1330 3236 Romanae
1358 3177 1614 3250 Symbolo
1642 3194 1754 3233 non
1788 3177 1883 3233 ha-

222 3274 380 3330 betur
407 3272 671 3339 additum,
732 3268 1017 3327 Descendit
1062 3268 1134 3324 ad
1181 3269 1403 3340 inferna
1424 3284 1446 3329 ,ο
1498 3288 1528 3317 ‹‹
1574 3267 1668 3322 sed
1708 3282 1882 3339 neque

1990 2107 2465 2164 ﬁdei‘formulam
2494 2108 2568 2163 ab
2600 2105 2732 2162 Ario
2778 2107 3130 2161 instructam
3156 2120 3169 2158 :
3223 2105 3295 2160 ab
3326 2120 3512 2176 eoque
3541 2104 3643 2159 Ni-

1989 2198 2130 2253 caeni
2161 2196 2439 2270 Symboli,
2475 2197 2631 2268 quod
2658 2197 2784 2267 jam
2815 2195 3039 2251 editum
3093 2193 3305 2264 fuerat,
3337 2197 3644 2266 assumpta

1991 2288 2261 2360 quaedam
2292 2286 2711 2353 additamenta,
2740 2301 2855 2340 non
2881 2284 3081 2340 omnia
3101 2283 3302 2354 fuisse,
3326 2298 3455 2355 quis
3485 2281 3642 2339 scili-

1991 2380 2081 2432 cet
2108 2375 2378 2432 hmresim
2410 2375 2539 2446 ejus
2570 2374 2787 2429 clarius
2819 2372 3230 2445 proﬁigabant.

2061 2466 2211 2520 14³1
2248 2461 2540 2520 Orientale
2580 2477 2891 2519 commune
2937 2460 3270 2517 adhibitum
3301 2459 3653 2517 inEcclesia

1990 2553 2500 2625 Hierosolymitana
2552 2551 2914 2625 Symbolum,
2973 2549 3165 2621 colligi
3222 2565 3396 2622 posse
3436 2565 3507 2605 ex
3538 2549 3654 2604 Ru-

1992 2643 2108 2698 ﬁno
2159 2643 2411 2709 videtur,
2465 2641 2566 2714 qui
2611 2656 2747 2696 cum
2777 2640 2975 2697 sedem
3006 2639 3281 2695 habuerit
3322 2642 3411 2694 tot
3439 2655 3650 2709 annos,

1991 2731 2417 2803 discrepantias
2477 2729 2681 2801 utique
2737 2729 3078 2784 adnotasset
3108 2727 3155 2782 si
3216 2743 3347 2798 quae
3378 2726 3650 2783 fuissent.

1988 2820 2169 2877 Nemo
2200 2820 2406 2888 nescit,
2438 2818 2763 2891 Liturgiam
2793 2817 2997 2873 Jacobi
3033 2815 3231 2872 fratris
3261 2814 3517 2882 Domini,
3548 2816 3651 2887 qui

1991 2909 2310 2966 Ecclesiam
2363 2907 2529 2964 illam
2580 2905 3035 2974 administravit,
3085 2905 3406 2978 genuinam
3437 2904 3511 2960 ad
3543 2920 3652 2960 nos

1991 3015 2107 3054 non
2138 2997 2492 3070 pervenisse.
2520 2998 2593 3051 At
2614 2993 3055 3066 supposititium
3079 2997 3289 3062 totum,
3324 2996 3382 3049 et
3411 2992 3651 3048 omnino

1991 3088 2263 3160 spurium
2294 3087 2477 3143 fetum
2510 3100 2659 3153 esse,
2691 3084 2846 3157 quod
2878 3083 2988 3138 sub
3024 3082 3228 3138 Jacobi
3257 3081 3432 3138 titulo
3463 3082 3653 3137 fertur

1990 3176 2331 3250 liturgicum
2363 3192 2532 3248 Opus,
2567 3173 2932 3231 contendunt
2961 3188 3103 3227 sane
3132 3170 3494 3243 heterodoxi,
3537 3171 3649 3226 mi-

1989 3267 2148 3323 nime
2178 3266 2445 3338 probant,
2481 3269 2545 3320 ut
2575 3264 2656 3320 ait
2693 3260 2980 3318 Eusebius
3030 3260 3456 3328 Renaudotius,
3485 3263 3647 3316 tome

216 3361 279 3416 in
310 3358 543 3416 Orientis
574 3359 828 3415 Ecclesia
855 3355 1110 3429 Symbolo
1157 3339 1386 3411 habetur
1425 3353 1515 3410 hic
1542 3368 1738 3410 sermo.
1771 3355 1877 3409 Ba-
1908 3339 1953 3407 C
1988 3356 2014 3412 Ι
2043 3355 2458 3427 Liturgiarum,
2512 3353 2573 3409 in
2620 3351 3045 3408 Dissertatione
3086 3350 3278 3421 capite
3313 3350 3362 3405 4.
3393 3349 3650 3421 interpo-

208 3448 447 3505 luziana
474 3448 704 3504 utimur
745 3445 1019 3502 editione.
1071 3444 1486 3500 Animadverte
1532 3443 1710 3499 verba
1736 3442 1874 3499 illa:

204 3538 382 3596 Credo
410 3539 475 3593 in
500 3553 616 3594 uno
664 3538 769 3592 Deo
812 3537 984 3590 Patre
1029 3535 1422 3607 omnipotente,
1453 3533 1711 3604 itemque
1737 3531 1873 3588 illa:

195 3633 251 3686 et
280 3631 346 3684 in
372 3631 510 3684 Iesu
563 3626 783 3682 Christo
819 3626 984 3680 unico
1036 3624 1179 3679 Filio
1217 3624 1335 3679 eius
1356 3640 1375 3678 :
1424 3639 1553 3694 quae
1584 3623 1651 3677 ab
1684 3622 1878 3679 Orien-

194 3720 273 3774 tis
302 3717 547 3773 Eeclesis
592 3718 710 3787 fere
761 3715 1015 3770 erunibus
1063 3713 1216 3769 tradi
1267 3711 1569 3769 dicuntur.
1601 3712 1733 3767 Jam
1760 3711 1875 3767 col-

194 3808 346 3881 ligo,
398 3805 653 3861 modum
709 3802 880 3859 illum
929 3801 1300 3867 enuntiandi,
1360 3801 1410 3857 si
1466 3801 1721 3872 viguerit
1761 3817 1877 3856 un-

194 3911 410 3970 quam,
434 3908 750 3967 perperam
773 3892 846 3948 ab
870 3892 1217 3948 adnotatore
1239 3890 1461 3946 dictum
1486 3890 1671 3946 fuisse
1694 3891 1881 3946 Eccle-

194 3989 301 4045 siae
334 3984 717 4058 Aquileiensis
757 3980 1136 4055 peculiarem.
1183 3979 1403 4052 Colligo
1433 3979 1663 4047 deinde,
1692 3978 1877 4035 verio-

202 4092 325 4132 rem
372 4073 702 4130 lectionem
758 4087 911 4139 esse,
964 4070 1026 4127 in
1083 4071 1255 4126 Deum
1306 4071 1553 4136 Patrem,
1606 4071 1668 4123 in
1695 4069 1879 4125 Iesum

203 4165 514 4231 Christum,
544 4164 611 4217 in
653 4161 925 4234 Spiritum
971 4167 1225 4216 sanctum
1246 4177 1265 4214 :
1313 4175 1448 4215 cum
1478 4158 1677 4215 Graeca
1702 4158 1877 4231 Sym-

204 4255 338 4310 bola
365 4254 638 4309 habeant
680 4248 759 4312 εἷς
804 4248 957 4318 Θεὸν,
1002 4247 1081 4309 εἰς
1124 4246 1352 4322 Χριστὸν
1404 4248 1635 4319 Ἰησοῦν,
1688 4245 1763 4307 εἷς
1811 4246 1876 4300 τὸ

204 4344 359 4417 ἅγιον
392 4342 647 4411 Πνεῦμα.

267 4433 400 4488 Non
432 4428 740 4495 omnibus,
784 4428 886 4483 sed
935 4428 1052 4498 fere
1098 4427 1352 4482 omnibus
1401 4424 1654 4481 Orientis
1682 4423 1876 4481 Eccle-

202 4522 307 4579 siis
337 4521 503 4576 hanc
534 4517 724 4573 fuisse
750 4531 1128 4572 communem
1157 4514 1419 4589 Symboli
1451 4515 1723 4580 formam,
1756 4514 1874 4569 Ru-

197 4611 363 4666 ﬁnus
409 4609 610 4664 docet.
658 4605 1077 4661 Additamento
1122 4606 1294 4659 unius
1337 4605 1495 4659 caret
1540 4602 1662 4669 illa,
1696 4618 1875 4674 quam

193 4699 361 4756 Julio
382 4697 659 4754 Romano
682 4693 946 4765 pontiﬁci
994 4693 1212 4749 obtulit
1238 4692 1525 4748 Marcellus
1546 4694 1875 4762 Ancyranus
1902 4712 1949 4778 Β

194 4788 359 4861 apud
420 4783 847 4859 Epiphaniam,
905 4782 1114 4839 haeresi
1166 4783 1258 4853 72,
1319 4799 1463 4837 num
1505 4782 1577 4835 3:
1614 4780 1783 4836 Credo
1812 4783 1875 4836 in

196 4881 379 4935 Deum
406 4876 856 4946 omnipotentem.
906 4876 976 4929 Et
1025 4873 1087 4927 in
1137 4871 1413 4927 Christum
1461 4872 1667 4937 Iesum,
1700 4872 1880 4941 ipsius

194 4969 412 5024 Filium
462 4963 840 5034 unigenitum,
898 4961 1196 5018 Dominum
1238 4962 1507 5027 nostrum,
1539 4961 1789 5029 genitum
1816 4959 1882 5014 de

190 5058 419 5131 Spiritu
461 5054 676 5118 sancto,
730 5058 783 5106 et
833 5050 1013 5105 Maria
1068 5049 1304 5121 Virgine,
1366 5049 1475 5117 Qui
1527 5048 1627 5103 sub
1680 5049 1879 5104 Pontio

187 5148 383 5203 Pilato
422 5140 738 5211 cruciﬁxus
784 5142 887 5209 est,
937 5145 989 5194 et
1032 5139 1301 5210 sepultus.
1355 5139 1425 5192 Et
1471 5138 1635 5192 tertia
1680 5136 1767 5192 die
1790 5153 1877 5192 re-

187 5235 451 5293 surrexti
478 5249 519 5288 α
574 5225 832 5286 mortuis.
881 5227 1134 5284 Ascendit
1191 5228 1251 5282 in
1279 5227 1493 5293 ccelum,
1527 5234 1583 5280 et
1609 5224 1760 5281 sedet
1806 5225 1878 5280 ad

190 5327 493 5384 Merum
537 5320 753 5377 Patris.
807 5316 965 5375 Unde
1000 5319 1260 5372 venturus
1305 5317 1383 5372 est
1420 5314 1678 5387 Judicare
1709 5315 1873 5383 vivos,

196 5421 243 5471 et
265 5422 539 5474 mortuos.
573 5411 643 5466 Et
687 5409 752 5464 in
791 5407 1069 5478 Spiritum
1113 5412 1389 5472 sanctum,
1420 5406 1673 5460 sanctam
1701 5403 1877 5459 Eccle-

195 5510 356 5576 siam,
415 5500 816 5561 remissionem
861 5497 1230 5567 peccatorum,
1277 5494 1466 5550 carnis
1512 5495 1871 5549 resurrectio-

192 5613 333 5669 nem,
368 5596 550 5651 vitam
574 5598 885 5648 aeternam.
912 5585 1047 5648 Quae
1086 5588 1385 5656 postrema
1405 5584 1520 5639 duo
1549 5583 1728 5638 verba
1756 5599 1873 5638 non

192 5687 484 5759 apparent
513 5681 578 5737 in
610 5672 901 5735 Orientali
935 5672 1235 5763 communi
1266 5669 1562 5763 Syinbolo.

260 5754 461 5833 iVeluti
509 5765 884 5847 peculiarem
932 5754 1328 5820 Alexandrinae
1340 5754 1365 5807 Γ
1364 5761 1618 5819 Ecclesiae
1648 5759 1869 5816 formu-

1987 3445 2106 3501 lata
2136 3444 2347 3499 dixerit
2374 3442 2632 3514 prudens
2663 3456 2856 3511 nemo,
2889 3455 3016 3511 quae
3068 3437 3329 3512 Symboli
3357 3438 3537 3496 verba
3564 3437 3649 3493 ibi

1988 3535 2339 3590 traduntur:
2373 3548 2603 3603 nempe,
2658 3530 2823 3586 Credo
2872 3530 2935 3584 in
2982 3544 3159 3583 unum
3203 3532 3384 3584 Deum
3424 3529 3649 3583 Patrem

1987 3624 2435 3694 omnipotentem,
2477 3624 2739 3692 factorem
2785 3618 2910 3672 caeli
2956 3623 3008 3672 et
3056 3623 3240 3673 terrae.
3290 3617 3353 3670 Et
3382 3617 3445 3671 in
3472 3633 3650 3671 unum

1987 3713 2286 3768 Dominum
2311 3715 2507 3767 Jesum
2557 3708 2834 3763 Christum
2893 3707 3101 3762 Filium
3151 3706 3271 3760 Dei.
3319 3707 3388 3760 Et
3429 3705 3651 3776 reliqua

1984 3802 2238 3874 Symboli
2263 3800 2417 3871 ﬁdei.
2447 3798 2799 3863 Dolendum,
2832 3796 2951 3851 haec
3003 3794 3310 3851 excidisse.
3344 3794 3480 3859 Quae
3510 3811 3649 3851 vero

1988 3891 2226 3961 fuerint,
2277 3888 2452 3961 paulo
2503 3885 2776 3960 superius
2822 3884 3199 3940 indicantur:
3233 3906 3263 3934 «
3310 3882 3528 3939 Deinde
3565 3883 3649 3939 le-

1987 3984 2209 4053 guntur
2236 3977 2538 4034 fusissime
2567 3974 2803 4032 oracula
2820 3977 2995 4030 Sacra
3011 3971 3237 4028 Veteris
3260 3972 3645 4028 Testamenti.

1987 4074 2044 4126 et
2088 4067 2552 4141 Prophetarum:
2599 4067 2657 4119 et
2701 4064 2837 4119 Filii
2886 4063 2983 4118 Dei
3027 4061 3354 4117 Incarnatio
3400 4061 3643 4116 demon-

1987 4163 2230 4225 stratur,
2280 4155 2487 4223 Passio,
2552 4154 2895 4209 Resurrectio
2962 4166 3032 4206 ea:
3076 4150 3335 4218 mortuis,
3382 4150 3647 4205 Ascensus

1986 4251 2049 4305 in
2091 4247 2312 4314 cazlum,
2369 4242 2638 4301 secundus
2690 4250 2959 4314 praeterea
3011 4240 3287 4296 adventus
3342 4238 3463 4309 ejus
3509 4254 3645 4294 cum

1987 4336 2257 4410 gloria.»
2316 4335 2384 4390 ln
2433 4333 2526 4388 his
2582 4331 2878 4387 Orientale
2937 4328 3283 4403 Symbolum
3327 4342 3645 4384 commune

1986 4442 2159 4482 nemo
2191 4440 2308 4480 non
2336 4423 2512 4478 videt.

2058 4511 2552 4584 Hierosolymitana
2599 4508 2777 4566 aliam
2822 4507 3053 4580 profero
3089 4504 3431 4574 formulam,
3463 4521 3645 4577 quam

1984 4622 2053 4661 ex
2083 4601 2278 4676 Cyrilli
2327 4597 2837 4672 Hierosolymitani
2888 4595 3295 4654 catechesibus
3341 4593 3644 4651 collectam

1983 4692 2272 4750 Antonius
2338 4689 2706 4762 Augustinus
2778 4688 2986 4742 Tuttée
3041 4684 3292 4756 subjecit
3347 4683 3645 4740 Catechesi

1984 4783 2240 4855 quintae:
2276 4780 2565 4838 Credimus
2593 4779 2653 4832 in
2685 4792 2860 4832 unum
2910 4776 3101 4844 Deum,
3131 4775 3355 4829 Patrem
3398 4774 3644 4846 omnipo-

1988 4876 2213 4937 tentem,
2245 4872 2507 4941 factorem
2543 4867 2671 4923 caeli
2719 4874 2770 4922 et
2814 4867 3001 4934 terrae,
3053 4861 3369 4918 visibilium
3396 4864 3646 4919 omnium

1988 4963 2042 5018 et
2068 4960 2456 5016 invisibilium.
2491 4959 2567 5012 Et
2611 4958 2673 5010 in
2708 4970 2883 5010 unum
2928 4954 3227 5009 Dominum
3264 4955 3455 5008 Iesum
3486 4951 3642 5008 Chri-

1987 5056 2150 5115 stum,
2176 5048 2380 5103 Filium
2410 5047 2509 5102 Dei
2552 5045 2900 5114 unigenitum
2922 5061 2940 5096 :
2989 5044 3086 5114 qui
3130 5058 3200 5098 ex
3236 5041 3403 5097 Patre
3429 5042 3644 5112 genitus

1987 5147 2067 5194 est
2092 5139 2231 5194 Deus
2260 5152 2420 5192 verus
2463 5138 2599 5190 ante
2639 5134 2829 5190 omnia
2872 5132 3092 5198 saecula,
3134 5146 3239 5203 per
3266 5145 3424 5203 quem
3454 5132 3645 5185 omnia

1984 5230 2135 5299 facta
2162 5229 2310 5282 sunt.
2366 5227 2474 5294 Qui
2527 5225 2587 5278 in
2632 5239 2801 5279 carne
2850 5223 3093 5291 advenit,
3145 5221 3197 5276 el
3242 5219 3644 5275 inhumanatus

1984 5321 2085 5388 est,
2116 5333 2186 5372 es:
2217 5316 2434 5387 Virgine
2480 5317 2531 5369 et
2577 5313 2794 5384 Spiritu
2843 5319 3050 5367 sancto.
3111 5310 3440 5379 Cruciﬁxus,
3472 5313 3529 5364 et
3555 5325 3643 5366 se-

1985 5408 2191 5479 pultus.
2226 5404 2552 5461 Resurrexit
2595 5403 2765 5457 tertia
2809 5400 2917 5457 die.
2961 5403 3027 5457 Et
3072 5400 3319 5457 ascendit
3364 5400 3424 5453 in
3462 5398 3639 5454 caelos.

1983 5501 2037 5552 et
2065 5495 2309 5551 consedit
2330 5511 2365 5548 a
2393 5492 2606 5548 dextris
2655 5492 2864 5547 Patris.
2896 5490 2964 5546 Et
3014 5498 3276 5546 venturus
3305 5493 3387 5545 est
3429 5489 3491 5542 in
3520 5487 3643 5558 glo-

1981 5587 2071 5640 ria
2091 5584 2349 5656 judicare
2372 5583 2540 5649 vivos,
2573 5583 2627 5635 et
2672 5589 2953 5634 mortuos:
3002 5582 3156 5651 cujus
3194 5578 3356 5646 regni
3381 5592 3492 5631 non
3537 5578 3647 5631 erit

1982 5674 2131 5745 ﬁnis.
2164 5675 2229 5729 Et
2286 5675 2344 5727 in
2402 5686 2577 5726 unum
2630 5675 2885 5724 sanctum
2940 5668 3214 5741 Spiritum
3261 5665 3639 5737 Paracletum,

1983 5765 2080 5834 qui
2109 5764 2320 5819 locutus
2349 5764 2428 5817 est
2474 5761 2535 5814 in
2580 5758 2881 5831 prophetis.
2931 5759 3008 5814 Et
3048 5759 3110 5813 in
3162 5772 3339 5812 unum
3368 5755 3639 5827 baptisma
