4090 6454
348 426 458 488 151

1378 432 1697 496 GEORGII
1741 432 2006 496 CYPRII
2046 431 2168 496 GP.
2210 432 2742 497 PATRIARCILE

3648 436 3765 499 152

342 560 705 636 paenitentiae,
731 562 796 618 in
818 562 1198 620 remissionem
1239 575 1608 637 peccatorum.
1642 568 1708 622 Et
1736 569 1796 623 in
1825 584 1996 623 unam
2024 573 2078 641 Α
2117 568 2623 632 Quemadmodum
2696 585 2831 625 vero
2885 568 3142 641 adjectus
3189 566 3533 642 bujusmodi
3594 584 3766 625 voces

347 656 595 708 sanctam
620 651 956 708 catholicam
988 654 1309 710 Ecclesium.
1354 657 1421 711 Et
1448 658 1510 711 in
1537 659 1724 712 carnis
1753 673 1997 713 resurre-

348 744 603 808 ctionem,
635 746 685 797 et
714 742 775 796 in
803 744 973 798 vitam
1013 751 1301 800 aeternam.
1344 745 1651 817 Sumptam
1684 746 1997 802 formulam

351 830 523 886 istam
579 834 745 902 putat
801 831 1125 888 Casimirus
1174 833 1461 902 Oudinus,
1523 836 1598 891 De
1646 837 2001 906 scriptoribus

351 922 754 988 ecclesiasticis,
812 925 969 975 tomo
1003 923 1044 986 Ι,
1078 939 1148 977 ex
1203 924 1480 995 Symbolo,
1529 927 1675 995 quod
1723 942 1868 981 anno
1898 926 1997 980 381

352 1009 684 1081 adepturunt
714 1010 1317 1082 Constantinopolztuni
1360 1015 1568 1069 Patres.
1618 1015 1762 1069 Hinc
1792 1015 2002 1088 Cyrillo

355 1097 881 1169 Hierosolymitano
929 1101 1264 1171 suppositas
1298 1101 1472 1158 infert
1510 1104 1868 1160 Catecheses.
1902 1103 2003 1159 Vel

356 1204 476 1243 una
505 1187 752 1258 hujusce
783 1188 1042 1261 Symboli
1079 1206 1212 1245 cum
1238 1191 1492 1259 Nicmno,
1517 1198 1574 1248 et
1594 1194 2004 1249 Constantino-

357 1276 638 1348 politano,
689 1277 761 1331 de
812 1279 1029 1349 quibus
1077 1279 1229 1334 infra
1277 1282 1590 1352 agendum,
1649 1283 2006 1355 comparatio

355 1364 825 1421 luculentissime
875 1367 1107 1435 evincit,
1159 1368 1469 1424 formulam
1516 1371 1853 1442 praedictam
1893 1371 2007 1427 dici

356 1458 608 1510 veterem
669 1471 861 1527 posse,
913 1472 1040 1527 quae
1092 1457 1151 1511 in
1202 1457 1458 1513 Ecclesia
1511 1460 2012 1532 Hierosolymitana

361 1547 486 1599 erat
532 1543 590 1597 in
643 1560 776 1614 usu,
828 1545 1183 1616 quibusdam
1232 1546 1423 1603 verbis
1463 1564 1530 1604 ex
1574 1549 1805 1606 Niceno
1843 1551 2008 1623 Sym-

363 1631 497 1687 bolo
530 1633 859 1704 desumptis
890 1635 1475 1692 auctam.Laudatum
1498 1638 1781 1695 editorem
1802 1640 2014 1697 doctis-

364 1721 583 1777 simum
617 1721 875 1779 consule.

437 1810 591 1867 148
624 1811 860 1868 Unitate
905 1812 1294 1869 Ecclesiarum
1336 1815 1576 1883 intacta,
1609 1816 1860 1891 singulis
1891 1819 2013 1876 his-

2109 656 2371 726 admisit,
2405 657 2487 712 ita
2510 674 2707 713 vocem
2744 660 2932 728 Unius,
2985 675 3112 730 quae
3141 656 3435 732 Symbolis
3464 656 3768 715 Orientalis

2111 746 2347 818 propria
2375 750 2520 813 erat,
2555 763 2672 802 non
2719 747 2933 818 adjecit
2984 764 3271 820 unquam.
3307 749 3421 803 Hac
3451 748 3522 803 de
3554 765 3616 803 re
3645 746 3774 820 agit

2112 833 2364 906 Vigilius
2410 835 2729 908 Tapsensis
2774 837 2836 891 in
2891 837 3189 910 Byzacena
3229 836 3434 892 Africae
3470 836 3773 909 provincia

2113 923 2444 995 episcopus,
2501 924 2695 980 saeculi
2744 925 2888 981 sexti
2942 926 3213 998 scriptor,
3264 924 3412 981 libro
3468 941 3523 981 Iv
3571 926 3775 982 Contra

2111 1014 2450 1085 Eutychem:
2487 1014 2587 1069 ubi
2613 1017 2796 1071 nescio
2824 1016 2981 1087 cuius
3010 1015 3405 1071 temeritatem
3449 1015 3771 1087 castigans,

2116 1102 2216 1174 qui
2246 1119 2453 1175 capere
2501 1120 2569 1158 ea
2617 1105 2795 1159 verba
2842 1104 3030 1160 sancti
3084 1104 3293 1161 Leonis
3322 1104 3395 1159 ad
3428 1104 3770 1160 Flavianum

2117 1207 2298 1247 ausus
2356 1193 2562 1256 fuerat,
2623 1193 2895 1249 Fidetium
2934 1196 3269 1250 universitas
3326 1195 3616 1267 proﬁtetur
3651 1210 3775 1250 cre-

2118 1281 2251 1338 dere
2309 1282 2371 1336 in
2418 1284 2573 1339 149
2636 1287 2808 1338 Deum
2862 1288 3084 1339 Patrem
3134 1285 3583 1356 omnipotentem,
3633 1287 3686 1339 et
3713 1286 3779 1339 in

2116 1372 2301 1427 Iesum
2331 1371 2611 1427 Christum
2640 1373 2849 1428 Filium
2895 1376 3018 1445 ejus
3067 1374 3296 1428 unicum
3343 1375 3643 1429 Dominum
3669 1388 3774 1429 no-

2118 1467 2316 1529 strum,
2375 1476 2444 1515 ea
2494 1460 2736 1529 ratione,
2798 1461 2938 1533 quia
2993 1478 3109 1518 non
3178 1461 3424 1517 dixerit:
3487 1465 3549 1517 In
3599 1477 3782 1516 unum

2120 1551 2315 1616 Deum,
2367 1553 2458 1603 et:
2514 1551 2578 1606 In
2623 1566 2796 1605 unum
2841 1551 3025 1606 Iesum
3075 1550 3400 1614 Christum;
3433 1550 3517 1606 sic
3560 1549 3778 1606 habet:

2120 1637 2227 1695 Sed
2283 1640 2482 1707 Romae,
2554 1642 2607 1694 et
2660 1647 2958 1711 antequam
3026 1640 3252 1697 Nicsena
3304 1639 3542 1712 synodus
3584 1654 3780 1695 conve-

2122 1729 2290 1795 niret,
2350 1744 2385 1782 a
2441 1728 2776 1800 temporibus
2844 1729 3210 1801 apostolorum
3263 1745 3440 1802 usque
3492 1745 3661 1797 nunc,
3722 1730 3777 1783 et

2123 1818 2224 1873 sub
2257 1818 2424 1873 beatae
2477 1820 2758 1874 memoriae
2808 1817 3161 1874 Caelestino...
3221 1819 3301 1874 ita
3337 1817 3591 1889 ﬁdelibus
3621 1815 3786 1890 Sym-

367 1916 450 2001 ce,
483 1916 805 2007 earumque
852 1902 1200 2007 praesidibus
1241 1904 1328 2003 fas
1375 1910 1502 2007 erat
1549 1923 1652 2007 pro
1682 1911 2013 2007 temporum
2047 1942 2096 2007 B
2129 1906 2343 2007 boelum
2393 1905 2662 2007 traditur.
2707 1907 2838 1962 Sive
2894 1906 3294 2007 paucioribus:
3352 1907 3493 2007 sive.
3512 1905 3784 1979 pluribus

369 1990 849 2057 circumstantiis,
909 1995 1011 2047 aut
1059 1993 1300 2063 majoris
1353 1993 1755 2066 explicationis
1810 1998 2017 2069 gratia,

371 2086 473 2135 aut
502 2084 867 2152 emergentes
918 2086 1158 2154 propter
1204 2082 1475 2151 haereses,
1526 2085 1765 2142 vocibus
1811 2103 2023 2159 augere

371 2169 729 2241 quibusdam
752 2170 1096 2242 Symbolum
1120 2171 1541 2243 apostolorum,
1569 2175 1724 2245 quod
1748 2176 1821 2231 ab
1850 2175 2022 2232 initio

374 2264 744 2330 acceperant.
791 2260 856 2315 In
889 2276 1017 2315 eam
1065 2260 1318 2332 denique
1366 2261 1679 2319 formulam
1710 2264 2023 2321 deventum

373 2355 485 2416 est,
516 2365 645 2421 quae
692 2348 981 2420 hodieque
1020 2350 1192 2421 viget.
1246 2354 1541 2423 Integram
1590 2369 1718 2408 eam
1750 2353 2026 2410 exhibent

373 2455 676 2498 sermones
704 2438 830 2502 240,
862 2439 963 2492 241
1010 2442 1069 2493 et
1094 2439 1219 2504 242,
1270 2439 1370 2510 qui
1403 2444 1669 2511 prostant
1696 2442 1755 2497 in
1787 2446 2026 2515 Appen-

375 2530 503 2585 dice
534 2529 604 2584 ad
636 2527 925 2600 genuinos
973 2526 1283 2599 Augustini
1332 2544 1633 2585 sermones
1680 2530 1738 2585 in
1772 2533 2027 2588 editione

369 2617 793 2673 monachorum
827 2616 1012 2671 sancti
1046 2616 1232 2671 Mauri
1263 2633 1275 2672 :
1313 2618 1489 2674 Credo
1519 2620 1581 2674 in
1602 2621 1773 2675 Deum
1802 2623 2028 2677 Patrem

372 2710 818 2777 omnipotentem,
849 2713 1156 2761 creatorem
1185 2707 1312 2779 caeli
1351 2717 1405 2763 et
1437 2712 1622 2766 terrae.
1654 2710 1721 2765 Et
1748 2711 1806 2766 in
1834 2715 2028 2768 Iesum

371 2797 649 2853 Christum
695 2795 900 2850 Filium
946 2811 1065 2862 eyus
1112 2797 1362 2867 unicum,
1414 2798 1709 2853 Dominum
1752 2804 2023 2856 nostrum.

370 2888 482 2957 Qui
510 2887 796 2955 conceptus
827 2891 904 2939 est
932 2884 1000 2939 de
1047 2883 1261 2955 Spiritu
1307 2890 1514 2955 sancto,
1560 2891 1726 2943 natus
1755 2904 1825 2944 ex
1853 2891 2028 2945 Maria

376 2976 613 3047 Virgine.
648 2979 851 3029 Passus
891 2973 990 3027 sub
1037 2975 1242 3029 Pontio
1269 2975 1473 3041 Pilato,
1525 2979 1845 3048 cruciﬁxus,
1877 2996 2027 3036 mor-

369 3069 517 3129 tuus,
550 3072 602 3118 et
642 3063 911 3134 sepultus.
972 3062 1255 3117 Descendit
1309 3063 1379 3118 ad
1433 3064 1682 3137 inferna,
1742 3069 1913 3122 tertia
1939 3069 2030 3124 die

375 3152 687 3209 resurrexit
730 3167 768 3205 a
796 3151 1051 3204 martuis.
1101 3150 1359 3206 Ascendit
1404 3153 1477 3208 ad
1528 3154 1711 3222 caelos,
1769 3156 1914 3211 sedet
1960 3157 2031 3213 ad

376 3243 666 3298 dexteram
724 3240 818 3294 Dei
873 3239 1060 3293 Patris
1117 3241 1522 3310 omnipotentis.
1581 3242 1714 3297 Inde
1769 3247 2033 3302 venturus

380 3335 458 3389 est
496 3329 757 3402 judicare
814 3328 978 3395 vivos,
1029 3331 1083 3382 et
1123 3335 1383 3385 mortuos.
1436 3327 1603 3387 Credo
1648 3332 1711 3385 in
1755 3335 2033 3401 Spiritum

381 3423 653 3485 sanctum,
700 3425 948 3474 sanctam
994 3417 1297 3474 Ecclesiam
1340 3420 1684 3488 catholicam,
1717 3426 2035 3480 sanctorum

379 3511 841 3578 communionem,
887 3508 1263 3563 remissionem
1314 3516 1678 3580 peccatorum,
1728 3514 1913 3567 carnis
1940 3530 2032 3568 re-

380 3600 806 3663 surrectionem,
850 3597 1024 3652 vitam
1076 3604 1365 3653 aeternam.
1415 3597 1501 3651 Ab
1547 3599 1878 3671 Augustino
1909 3602 2033 3658 Ser-

382 3705 570 3746 mones
595 3704 683 3744 eos
725 3685 1068 3757 abjudicant
1111 3684 1336 3741 laudati
1385 3685 1676 3743 editores:
1708 3693 2033 3746 auctorem-

384 3795 500 3852 que
528 3776 848 3847 conjiciunt
877 3774 1069 3842 illum,
1110 3773 1211 3845 qui
1255 3790 1555 3831 sermones
1585 3777 1834 3833 confecit
1862 3781 2036 3835 Euse-

387 3870 478 3924 bio
508 3867 758 3922 Emiseno
789 3863 1149 3936 suppositos,
1182 3866 1283 3918 aut
1314 3864 1619 3920 Caesarium
1645 3866 2034 3939 Arelatensem,

385 3962 490 4014 aut
517 3954 849 4011 Eucherium
887 3953 1324 4023 Lugdunensem,
1374 3956 1477 4008 aut
1504 3955 1767 4011 Faustum
1808 3959 2037 4026 Regien-

385 4062 516 4101 sem.
549 4042 745 4099 Vitam
801 4042 1053 4112 agebant
1100 4039 1187 4094 illi
1230 4042 1436 4112 quinto
1484 4042 1754 4100 Ecclesia;
1785 4047 2034 4104 saeculo:

388 4134 545 4207 unde
577 4132 866 4205 praedictae
914 4128 1173 4202 Symboli
1221 4129 1484 4185 formula-
1534 4137 1675 4188 aetas
1704 4133 2036 4193 innotescit.

459 4225 874 4279 Intemeratam
908 4218 1220 4290 pristinam
1266 4218 1588 4275 breviorem
1624 4222 1870 4278 formam
1903 4226 2040 4281 reti-

388 4313 562 4369 nebat
611 4311 853 4367 Ecclesia
900 4309 1164 4363 Romana.
1211 4306 1654 4381 Dignissimam,
1701 4316 1760 4367 et
1801 4312 2041 4370 honoris

388 4418 455 4459 ac
503 4398 764 4456 veritatis
814 4396 1070 4470 plenam,
1118 4395 1312 4450 reddit
1363 4396 1650 4453 rationem
1701 4399 1950 4458 Rufinus
1980 4402 2041 4459 in

389 4507 500 4547 sua
540 4486 952 4560 Expositione;
1015 4484 1480 4540 Commonendum
1530 4490 1665 4557 puto
1722 4488 2040 4565 (inquiens)

389 4577 529 4651 quod
573 4578 636 4631 in
680 4575 918 4630 diversis
962 4572 1220 4629 Ecclesiis
1265 4572 1461 4643 aliqua
1508 4575 1571 4628 in
1612 4574 1702 4630 his
1739 4576 2043 4653 (Symboli)

2130 1995 2369 2051 vocibus
2423 1995 2765 2052 recitaretur
2811 1995 3209 2068 apostolorum
3260 1995 3626 2069 Symbolum,
3670 2011 3787 2068 pax

2131 2084 2523 2141 Ecclesiarum
2553 2085 2781 2159 integra
2829 2102 3061 2159 semper
3116 2085 3464 2159 permansit,
3499 2098 3566 2141 ac
3594 2084 3788 2142 invio-

2132 2173 2252 2229 lata
2278 2173 2338 2228 in
2370 2173 2679 2231 Occidente
2709 2179 2766 2230 et
2795 2174 3048 2231 Oriente.

2204 2263 2300 2318 ΙΙΙ.
2325 2262 2555 2318 Nicaeno
2586 2264 2721 2319 fidei
2762 2263 3037 2337 Symbolo
3084 2262 3475 2331 conﬁciundo,
3509 2263 3667 2335 quod
3696 2266 3792 2318 est

2133 2352 2507 2424 apostolorum
2534 2352 2874 2425 Symbolum,
2924 2352 3194 2426 pluribus
3244 2353 3316 2408 ad
3362 2356 3580 2409 rectam
3611 2351 3790 2407 ﬁdem

2135 2438 2495 2496 luculentius
2542 2441 2954 2498 illustrandam
3007 2442 3407 2514 tuendamque
3462 2440 3791 2514 aptissimis

2135 2534 2377 2585 auctum
2406 2530 2669 2599 vocibus,
2711 2531 2923 2586 dedere
2971 2547 3177 2587 ansam
3224 2530 3496 2598 haereses,
3530 2546 3658 2601 quae
3687 2528 3792 2583 tri-

2134 2619 2247 2674 bus
2278 2618 2487 2691 primis
2517 2618 2785 2675 Ecclesiae
2827 2618 3057 2676 saeculis
3086 2622 3464 2676 emerserunt.
3498 2619 3609 2675 Eas
3640 2634 3789 2674 enu-

2136 2712 2326 2763 merat
2372 2706 2639 2763 Gelasius
2695 2708 3010 2780 Cyzicenus
3068 2707 3125 2763 in
3183 2706 3481 2764 volumine
3509 2710 3788 2763 Actorum

2137 2796 2366 2853 concilii
2395 2796 2631 2865 Nicasni,
2665 2797 2814 2853 libro
2847 2815 2909 2869 ιι,
2942 2797 3132 2869 capite
3154 2798 3245 2852 26.
3287 2818 3314 2850 α
3342 2797 3473 2853 Haec
3502 2799 3594 2852 est
3625 2795 3793 2861 fides,

2136 2886 2434 2958 inquiens,
2469 2901 2647 2958 quam
2709 2891 3106 2958 exposuerunt
3157 2886 3356 2941 Nicaeae
3387 2885 3575 2941 sancti
3607 2882 3795 2939 nostri

2138 2975 2337 3031 Patres
2366 2974 2670 3031 orthodoxi
2702 2974 2995 3048 episc0pi:
3032 2974 3292 3047 primum
3324 2974 3563 3047 quidem
3596 2973 3793 3028 adver-

2139 3081 2240 3121 sus
2271 3064 2468 3119 Arium
2496 3063 3026 3136 blasphemantem,
3058 3068 3116 3119 et
3160 3064 3448 3120 dicentem
3480 3066 3797 3118 creaturam

2137 3155 2341 3209 Filium
2372 3153 2506 3208 Dei:
2556 3157 2615 3208 et
2662 3158 2867 3209 contra
2913 3152 3236 3221 Sabellium,
3288 3156 3345 3208 et
3384 3153 3708 3218 Photinum,
3740 3153 3799 3206 et

2140 3242 2384 3299 Paulum
2429 3242 2866 3310 Samosatenum,
2912 3246 2970 3299 et
3014 3241 3400 3310 Manichaeum,
3453 3245 3512 3297 et
3554 3240 3795 3295 Valenti-

2061 3312 2104 3379 C
2138 3347 2300 3396 num,
2333 3334 2391 3385 et
2433 3330 2780 3401 Marcionem,
2826 3335 2883 3386 et
2923 3331 3202 3386 adversus
3244 3345 3481 3386 omnem
3525 3327 3798 3384 haeresim

2144 3436 2270 3492 quas
2301 3423 2430 3474 orta
2453 3423 2543 3474 est
2571 3418 2631 3473 in
2687 3417 2971 3475 catholica
3023 3424 3082 3474 et
3107 3417 3428 3491 apostolica
3455 3415 3733 3472 Ecclesia.
3771 3436 3802 3467 ››

2142 3506 2478 3564 Formulam
2510 3507 2769 3580 accipere
2794 3524 2807 3562 :
2843 3508 3131 3565 Credimus
3158 3509 3222 3563 in
3259 3524 3436 3563 unum
3462 3508 3656 3575 Deum,
3687 3506 3802 3561 Pa-

2141 3603 2287 3652 trem
2316 3597 2765 3669 omnipotentem,
2815 3598 3066 3653 omnium
3102 3597 3409 3653 visibilium
3456 3599 3508 3651 et
3535 3594 3805 3651 invisibi—

2144 3689 2284 3742 tium
2311 3685 2602 3757 factorem.
2634 3687 2700 3741 Et
2741 3687 2806 3743 in
2856 3703 3031 3742 unum
3089 3687 3383 3743 Dominum
3425 3687 3612 3742 Iesum
3642 3683 3805 3739 Chri-

2142 3783 2287 3831 stum
2314 3776 2525 3832 Filium
2572 3775 2688 3844 Dei,
2736 3790 2806 3830 ex
2855 3777 3024 3831 Patre
3079 3778 3301 3846 natum,
3347 3774 3714 3845 unigenitum,
3745 3772 3809 3828 id

2143 3869 2222 3921 est
2248 3880 2321 3920 ex
2348 3864 2655 3919 substantia
2711 3866 2937 3920 Patris:
2991 3866 3163 3920 Deum
3219 3863 3286 3920 de
3340 3864 3467 3931 Deo,
3524 3863 3712 3918 lumen
3739 3861 3810 3917 de

2147 3955 2378 4020 lumine,
2410 3955 2583 4009 Deum
2638 3969 2831 4009 verum
2885 3954 2951 4010 de
3002 3955 3108 4010 Deo
3161 3969 3308 4024 vero,
3367 3952 3645 4026 genitum,
3692 3965 3810 4005 non

2142 4044 2381 4116 factum,
2439 4042 2968 4098 consubstantialem
3021 4043 3199 4109 Patri,
3255 4057 3358 4113 per
3412 4056 3571 4112 quem
3617 4040 3811 4095 omnia

2147 4134 2301 4207 facta
2319 4135 2445 4187 sunt
2473 4140 2587 4187 tam
2617 4146 2742 4203 quae
2770 4133 2832 4187 in
2858 4133 3011 4202 caelo,
3059 4147 3228 4203 quam
3255 4146 3378 4203 qum
3406 4131 3470 4185 in
3499 4132 3667 4185 terra.
3702 4128 3813 4196 Qui

2143 4229 2371 4295 propter
2424 4237 2527 4277 nos
2578 4220 2847 4288 homines,
2907 4225 2960 4277 et
3009 4229 3238 4293 propter
3279 4228 3525 4276 nostram
3572 4218 3809 4273 salutem

2149 4311 2445 4381 descendit,
2475 4313 2527 4366 et
2559 4311 2882 4366 incarnatus
2929 4320 3032 4381 est,
3081 4314 3133 4365 et
3180 4310 3336 4366 homo
3363 4309 3542 4379 factus
3571 4310 3668 4362 est.
3702 4306 3818 4375 Qui

2146 4416 2343 4472 passus
2371 4403 2471 4469 est,
2516 4403 2571 4454 et
2615 4399 2919 4455 resurrexit
2973 4401 3139 4455 tertia
3194 4399 3307 4454 die.
3374 4398 3439 4452 Et
3465 4395 3717 4452 ascendit
3739 4395 3817 4450 ad

2152 4488 2341 4544 caelos.
2369 4490 2435 4544 Et
2466 4491 2669 4544 iterum
2700 4494 2964 4544 venturus
2992 4492 3072 4544 est
3088 4488 3355 4559 judicare
3383 4487 3552 4553 vivos,
3583 4492 3636 4541 et
3660 4498 3814 4539 mor-

2156 4583 2296 4634 tuos.
2328 4580 2392 4633 Et
2422 4578 2483 4632 in
2541 4577 2817 4646 Spiritum
2867 4586 3139 4633 sanctum.
3195 4574 3425 4648 Reliqui
3477 4570 3817 4630 subintelli-

388 4666 570 4723 verbis
610 4664 924 4719 invenietur
970 4662 1225 4732 adjecta:
1272 4661 1334 4716 in
1380 4662 1622 4719 Ecclesia
1667 4672 1850 4720 tamen
1896 4671 2053 4724 urbis
2080 4685 2126 4749 Ι)
2159 4672 2381 4741 guntur
2423 4665 2679 4722 articuli.
2730 4666 2923 4721 Verba
2967 4665 3087 4733 illa,
3147 4663 3437 4721 Descendit
3478 4662 3550 4718 ad
3585 4664 3817 4733 inferos,

391 4759 570 4813 Romae
626 4755 724 4809 hoc
773 4767 885 4807 non
951 4749 1379 4822 deprehenditur
1449 4754 1680 4822 factum.
1744 4754 1894 4822 Quod
1949 4775 2046 4829 ego
2156 4773 2273 4813 non
2304 4755 2629 4810 habentur:
2683 4754 2900 4825 quibus
2951 4769 3020 4810 ea
3064 4756 3236 4809 aetate
3281 4750 3560 4808 carebant
3600 4750 3821 4805 Roma-

389 4847 678 4919 propterea
706 4858 819 4898 esse
847 4840 1115 4906 arbitror,
1146 4841 1288 4911 quod
1310 4858 1485 4912 neque
1511 4842 1742 4899 haeresis
1774 4845 1889 4901 ulla
1919 4845 2049 4903 illic
2156 4861 2298 4902 num
2333 4844 2533 4910 etiam,
2564 4849 2622 4898 et
2649 4842 2942 4899 Orientale
2971 4842 3339 4916 Symbolum.
3384 4839 3661 4913 Vulgaris
3690 4854 3819 4894 term

391 4935 625 5006 sumpsit
677 4931 1012 4987 exordium:
1067 4933 1120 4985 et
1165 4946 1282 4986 mos
1340 4930 1422 4986 ibi
1475 4937 1729 4987 servatur
1756 4937 2043 5007 antiquus,

392 5040 482 5079 eos
513 5024 611 5094 qui
651 5023 893 5091 gratiam
940 5020 1198 5091 baptismi
1243 5022 1553 5091 suscepturi
1596 5024 1741 5088 sunt,
1793 5024 2044 5095 publice,

392 5111 452 5167 id
478 5119 559 5166 est
587 5109 835 5179 ﬁdelium
861 5109 1067 5180 populo
1113 5108 1389 5174 audiente,
1434 5110 1756 5180 Symbolum
1784 5114 2045 5178 reddere;

393 5205 449 5256 et
496 5201 582 5255 uti
637 5199 996 5269 adjectionem
1046 5199 1215 5253 unius
1283 5198 1481 5253 saltem
1531 5203 1800 5255 sermonis
1856 5219 2046 5259 eorum

395 5290 493 5360 qui
518 5296 919 5360 praecesserunt
960 5288 1022 5341 in
1066 5287 1195 5356 ﬁde,
1228 5303 1337 5343 non
1384 5286 1625 5343 admittit
1681 5289 1925 5346 auditus.
1964 5294 2048 5348 Ita

396 5393 609 5448 nempe
638 5376 831 5431 Ruﬁni
862 5379 1029 5431 aetate
1061 5393 1095 5430 a
1115 5376 1362 5447 pristina
1382 5393 1499 5432 non
1532 5384 1851 5433 recesserat
1880 5379 2048 5436 disci-

396 5465 558 5538 plina
606 5465 871 5520 Romana
928 5464 1217 5532 Ecclesia;
1281 5481 1413 5536 qum
1466 5468 1663 5520 tamen
1721 5483 1839 5521 avo
1893 5467 2047 5523 inse-

397 5560 631 5626 quente.
695 5559 1051 5626 postremam
1101 5553 1436 5618 formulam,
1497 5570 1675 5624 quam
1734 5555 2047 5629 descripsi-

398 5659 533 5697 mus
566 5644 718 5713 apud
772 5642 917 5698 alias
966 5640 1256 5698 Ecclesiae
1296 5644 1423 5713 jam
1476 5642 1795 5715 vulgatam,
1835 5649 1892 5699 et
1920 5645 2052 5717 ipsa

398 5730 633 5787 demum
695 5731 1023 5804 amplexata
1077 5735 1186 5787 est.
1244 5731 1366 5795 Quo
1420 5737 1701 5804 tempore,
1757 5731 2045 5805 ignotum.

2157 4950 2309 4990 anno
2342 4933 2448 4988 325
2476 4932 2723 5006 Nycaena
2754 4933 3016 5004 synodus
3046 4930 3338 4987 celebrata
3367 4932 3475 4985 est.

2223 5021 2555 5077 Peculiares
2586 5038 2735 5094 quas
2790 5020 3080 5076 hactenus
3123 5020 3555 5093 usurpaverant
3605 5016 3667 5071 in
3697 5015 3824 5072 col-

2153 5111 2372 5167 latione
2428 5111 2734 5183 baptismi,
2793 5109 3156 5179 reliquerunt
3205 5106 3468 5179 Symboli
3529 5103 3826 5162 formulas

2154 5201 2422 5256 Ecclesiae
2472 5202 2690 5271 plures,
2743 5200 3032 5256 Nicaenam
3083 5199 3453 5271 adoptantes.
3506 5195 3693 5251 Voces
3726 5210 3826 5250 so-

2154 5289 2461 5344 lummodo
2484 5303 2701 5360 paucas
2723 5291 3066 5360 receperunt
3090 5287 3239 5356 aliae,
3266 5286 3485 5359 quibus
3507 5283 3816 5356 proprium

2157 5394 2369 5433 auxere
2408 5376 2790 5449 Symbolum:
2854 5376 2974 5433 imo
3022 5375 3299 5449 Symbolo
3356 5374 3589 5430 Nicaano
3620 5373 3825 5445 plures

2157 5465 2443 5522 dictiones
2475 5465 2829 5521 addiderunt
2858 5465 2984 5521 alia:
3017 5483 3030 5521 :
3085 5466 3330 5537 aliaeque
3360 5465 3600 5520 demum
3631 5462 3691 5518 in
3722 5478 3823 5518 ve-

2156 5559 2320 5611 tusta
2349 5572 2458 5611 sua
2486 5554 2741 5611 formula
2780 5559 3165 5624 manserunt;
3217 5552 3395 5609 simul
3426 5553 3711 5609 Nicaenam
3738 5549 3831 5622 ﬁ-

2159 5644 2292 5700 dem
2319 5645 2512 5717 corde,
2545 5653 2599 5700 et
2623 5660 2722 5700 ore
2775 5643 3116 5717 proﬁtentes
3164 5658 3393 5699 omnes.
3439 5640 3826 5714 Apostolorum

2160 5733 2482 5805 Symbolum
2524 5733 2586 5790 in
2633 5732 2989 5806 baptismate
3037 5731 3409 5789 retinuerunt
3462 5732 3711 5788 Romana
3766 5744 3798 5785 e
