4090 6440
309 424 425 488 153

1527 428 1737 492 VITA.
1771 458 1851 476 —
1875 426 2394 492 DISSERTATIO
2437 426 2511 491 Il.

3614 415 3733 478 154

311 557 649 616 Occidentis
678 558 976 616 Ecclesiae.
1009 560 1266 618 Vocibus
1315 562 1669 635 quibusdam
1717 561 1970 618 Nicaenis
2001 562 2054 628 Α
2085 565 2322 634 propter
2342 566 2605 618 nostram
2636 557 2888 616 salutem
2912 553 3215 612 descendit
3247 553 3317 609 de
3349 551 3532 622 caelis,
3555 555 3613 607 et
3640 550 3734 606 in-

319 648 475 706 auxit
521 647 670 704 illud
720 648 977 706 Ecclesia
1024 652 1554 724 Hierosolymitana,
1589 656 1653 707 ut
1701 651 1974 725 superius

324 755 483 795 num.
527 739 565 792 2
613 739 1048 796 adnotavimus.
1081 741 1436 812 Hujusmodi
1486 759 1613 797 esse
1665 746 1831 812 puto,
1859 758 1973 812 quo

328 827 572 884 Ecclesia
619 829 963 884 Antiochena
1013 831 1204 885 medio
1277 832 1418 888 I50
1476 831 1706 886 circiter
1761 829 1973 886 saeculo

332 919 529 990 quinto
559 917 753 973 adhuc
799 919 1092 974 utebatur.
1127 919 1275 974 Illud
1327 921 1494 975 affert
1542 919 1856 976 Cassianus
1902 919 1973 973 li-

329 1007 429 1062 bro
457 1025 512 1062 v1
542 1008 619 1062 De
648 1009 1047 1063 Incarnatione
1074 1010 1315 1074 Domini,
1344 1009 1530 1080 capite
1561 1011 1615 1076 3,
1651 1011 1747 1063 ubi
1781 1010 1976 1064 Nesto-

327 1096 393 1152 rii
424 1097 696 1151 haeresim
731 1097 946 1152 refellit
979 1113 992 1152 ε
1052 1119 1077 1150 «
1110 1098 1276 1153 Nunc
1324 1100 1393 1153 ad
1444 1099 1621 1153 fidem
1653 1099 1978 1154 Antiocheni

325 1185 592 1258 Symboli,
626 1187 919 1256 inquiens,
952 1187 1348 1258 virtutemque
1376 1188 1681 1244 veniamus
1716 1207 1729 1244 :
1771 1189 1827 1242 in
1861 1205 1976 1259 qua

323 1291 456 1330 cum
507 1275 636 1347 ipse
684 1276 1034 1348 (Nestorius)
1085 1277 1412 1349 baptizatus
1461 1278 1538 1333 sit
1590 1295 1654 1332 ac
1712 1283 1973 1344 renatus,

322 1365 447 1420 suis
495 1381 633 1420 eum
685 1365 1150 1436 professionibus
1201 1366 1435 1438 argui...
1479 1372 1726 1439 Oportet.
1760 1370 1977 1424 Textus

319 1469 483 1525 ergo,
517 1471 586 1509 ac
618 1453 762 1509 fides
792 1454 1142 1510 Antiocheni
1173 1456 1432 1528 Symboli
1465 1457 1586 1512 haec
1625 1463 1711 1512 est
1741 1476 1754 1513 ε
1811 1457 1977 1514 Credo

318 1543 382 1597 in
414 1559 595 1597 unum
635 1546 687 1598 et
721 1544 904 1599 solum
936 1560 1122 1598 verum
1151 1545 1341 1611 Deum,
1373 1551 1598 1602 Patrem
1627 1549 1977 1617 omnipoten-

316 1634 450 1699 tem,
497 1636 804 1687 creatorem
850 1635 1099 1688 omnium
1143 1634 1453 1689 visibilium
1506 1644 1557 1690 et
1607 1636 1980 1690 invisibilium

317 1729 728 1777 creaturarum.
762 1722 830 1776 Et
879 1724 937 1776 in
987 1723 1281 1778 Dominum
1318 1731 1566 1780 nostrum
1593 1729 1788 1781 Jesum
1821 1724 1979 1780 Chri-

315 1813 486 1876 stum,
519 1810 722 1866 Filium
753 1812 870 1880 eius
916 1814 1284 1883 unigenitum,
1319 1817 1372 1869 et
1411 1816 1845 1885 primogenitum
1891 1818 1976 1870 to-

319 1901 437 1955 tius
464 1908 753 1972 creaturae,
786 1916 858 1956 ex
906 1917 968 1957 eo
1016 1907 1213 1958 natum
1259 1911 1387 1959 ante
1432 1906 1623 1960 omnia
1667 1906 1894 1972 saecula,
1927 1909 1978 1960 et
2009 1935 2058 2000 B

323 2005 438 2045 non
483 1993 712 2061 factum,
743 1991 918 2045 Deum
968 2006 1163 2046 verum
1207 2009 1277 2048 ea:
1322 1994 1433 2049 Deo
1477 2009 1622 2064 vero,
1657 1993 1979 2050 homousion

322 2080 504 2144 Patri,
523 2095 633 2150 .per
673 2095 840 2152 quem
885 2084 937 2135 et
975 2081 1182 2137 saecula
1210 2084 1600 2153 compaginata
1626 2091 1755 2138 sunt
1781 2087 1832 2138 et
1859 2099 1981 2138 om-

319 2170 422 2223 nia
449 2169 620 2239 facta.
655 2169 762 2237 Qui
785 2179 1013 2241 propter
1036 2186 1135 2225 nos
1162 2172 1332 2238 venit,
1363 2179 1418 2226 et
1459 2176 1622 2228 natus
1651 2176 1731 2227 est
1758 2189 1828 2228 ex
1857 2173 1974 2228 Μα-

320 2260 412 2310 ria
447 2256 688 2326 Virgine.
717 2259 784 2311 Et
833 2259 1133 2328 cruciﬁxus
1179 2259 1280 2313 sub
1322 2261 1520 2315 Pontio
1549 2262 1750 2325 Pilato,
1781 2270 1834 2316 et
1887 2277 1978 2316 se-

316 2343 544 2416 pultus.
575 2346 643 2400 Et
673 2347 841 2400 tertia
868 2347 962 2400 die
988 2351 1299 2403 resurrexit
1325 2349 1627 2404 secundum
1646 2350 1977 2420 Scripturas.

320 2435 390 2489 Et
415 2436 478 2488 in
509 2434 668 2489 ccelos
699 2435 961 2490 ascendit.
995 2441 1068 2491 Et
1098 2439 1299 2492 iterum
1328 2441 1506 2494 veniet
1522 2439 1781 2509 judicare
1808 2442 1978 2506 vivos,

320 2529 374 2579 et
403 2532 669 2579 mortuos.
704 2527 778 2579 Et
806 2525 1044 2596 reliqua.
1071 2547 1098 2576 »
1130 2526 1385 2596 Hujusce
1419 2527 1680 2583 formulae
1712 2534 1980 2584 auctores

322 2612 614 2684 perquirit
637 2611 894 2669 Alardus
925 2614 1161 2669 Gazaeus
1192 2615 1250 2669 in
1282 2616 1468 2673 Notis.
1493 2616 1618 2672 Non
1652 2616 1828 2672 aliam
1861 2617 1979 2673 ori-

321 2702 524 2775 ginem
556 2702 688 2772 ejus
717 2701 1144 2771 existimamus,
1181 2703 1295 2760 nisi
1336 2722 1515 2775 quam
1565 2707 1978 2763 indicavimus.

322 2789 564 2848 Similes
614 2790 740 2846 alia
789 2791 848 2846 in
899 2791 1030 2848 aliis
1075 2794 1351 2865 vigebant
1402 2794 1673 2851 Ecclesiis
1718 2796 1982 2851 formulae

323 2879 766 2953 Symbolorum.

400 2970 586 3024 Fuere
618 2969 892 3026 nonnulli
923 2970 982 3026 in
1013 2973 1333 3028 Santicensi
1360 2975 1611 3040 concilio,
1643 2975 1798 3047 quod
1831 2991 1982 3030 anno

329 3060 434 3114 3&7
464 3059 832 3115 celebratum
867 3060 1203 3134 chronologi
1244 3063 1608 3136 frequentius
1653 3065 1936 3119 adnotant
1968 3082 1981 3121 :

340 3148 438 3220 qui
467 3149 726 3219 Symbolo
755 3152 986 3206 Nicaeno
1018 3152 1320 3222 quidpiam
1355 3153 1530 3224 adjici
1558 3157 1824 3224 oportere
1854 3170 1987 3209 con-

339 3238 666 3294 tendebant.
701 3239 847 3294 Rem
900 3244 1116 3310 narrat,
1157 3241 1575 3313 decretumque
1624 3241 1829 3314 synodi
1880 3243 1987 3297 ad-

332 3417 620 3472 xandrina
667 3433 820 3472 anno
859 3418 987 3485 362,
1041 3440 1068 3468 «
1098 3419 1374 3484 Quamvis
1405 3419 1546 3474 certi
1577 3419 1865 3489 homines,
1897 3421 1988 3476 in-

330 3506 566 3578 quiens,
628 3505 919 3561 nonnulla
978 3506 1148 3578 quasi
1208 3524 1335 3578 quae
1401 3508 1693 3578 deessent,
1756 3509 1987 3565 Nicaeno

329 3595 580 3652 concilio
612 3595 902 3651 ascribere
943 3594 1156 3652 vellent
1185 3596 1412 3669 (utique
1441 3597 1782 3670 orthodoxa)
1813 3598 1990 3670 idque

328 3685 545 3740 acriter
573 3685 1036 3753 contenderent;
1087 3690 1291 3741 sancta
1329 3690 1526 3742 tamen
1569 3687 1828 3758 synodus
1862 3703 1989 3758 quae

329 3773 588 3829 Sardicaa
612 3773 904 3842 convenit,
928 3773 1169 3847 indigne
1200 3774 1258 3829 id
1291 3774 1449 3842 tulit,
1475 3776 1819 3848 decretoque
1851 3793 1992 3832 san-

328 3863 515 3919 civit:
569 3865 652 3918 Ne
694 3863 827 3934 quid
874 3864 1108 3919 ulterius
1149 3863 1215 3920 de
1258 3865 1374 3934 ﬁde
1400 3865 1750 3932 scriberetur,
1783 3870 1834 3920 et
1878 3881 1993 3921 sese

325 3955 616 4007 contentos
642 3967 754 4006 esse
782 3953 1020 4008 Niceena
1049 3951 1166 4021 ﬁde
1195 3951 1653 4015 declaraverunt;
1685 3957 1745 4008 ut
1773 3955 1866 4009 cui
1908 3956 1994 4010 ni-

326 4040 422 4096 hil
451 4039 679 4109 deesset,
708 4048 759 4096 et
789 4056 918 4113 quae
941 4042 1112 4112 plena
1136 4043 1363 4113 pietatis
1390 4051 1560 4104 esset;
1608 4059 1786 4114 neque
1831 4043 1990 4098 eden-

326 4129 464 4186 dam
492 4145 606 4185 esse
633 4131 807 4186 aliam
829 4131 1232 4203 professionem
1253 4130 1403 4201 ﬁdei,
1426 4146 1498 4185 ne
1527 4131 1628 4185 illa
1657 4148 1776 4202 quae
1793 4132 1993 4189 Nicaeae

326 4221 547 4292 scripta
575 4226 674 4287 est,
705 4221 841 4291 imp:
853 4221 1027 4288 rfecta
1053 4219 1410 4283 crederetur;
1456 4237 1592 4276 neve
1637 4219 1759 4276 illis
1788 4222 1994 4277 occasio
2024 4271 2031 4276 .

330 4309 656 4382 hujusmodi
708 4309 1174 4381 suppeditaretur,
1225 4311 1322 4380 qui
1370 4325 1749 4382 saepenumero
1803 4311 1996 4367 volunt

327 4400 395 4456 de
421 4400 534 4471 ﬁde
559 4398 792 4469 deﬁnire
820 4403 872 4454 et
901 4399 1161 4454 scribere.
1199 4420 1228 4447 ››

403 4491 495 4544 An
530 4489 652 4543 hac
683 4488 851 4544 nobis
872 4492 1170 4561 opponant
1197 4487 1378 4544 Graeci
1411 4488 1471 4543 in
1502 4488 1841 4560 praesidium
1874 4505 1993 4543 suae

330 4595 530 4635 causa:
585 4577 895 4633 adversum
945 4593 1170 4645 vocem,
1208 4579 1478 4649 Filioque,
1513 4576 1787 4649 Symbolo
1835 4577 1993 4646 adje-

2084 655 2360 707 carnatus
2409 655 2498 706 est
2548 651 2620 705 de
2669 646 2887 720 Spiritu
2934 648 3138 701 sancto
3169 661 3236 699 ex
3264 643 3444 698 Maria
3471 640 3729 712 Virgine,

2084 745 2141 796 et
2169 741 2344 796 homo
2379 741 2567 796 factus
2596 744 2704 795 est.
2734 736 3058 794 Crucifixus
3080 734 3256 790 etiam
3288 749 3390 804 pro
3421 729 3591 785 nobis
3621 729 3732 784 sub

2085 830 2288 885 Pontio
2318 830 2522 899 Pilato,
2559 844 2793 901 passus,
2825 832 2882 881 et
2931 822 3198 896 sepultus
3237 827 3345 878 est.
3377 821 3444 876 Et
3474 835 3730 874 resurre-

2082 920 2168 974 xit
2196 920 2370 974 tertia
2400 920 2491 974 die
2520 919 2822 974 secundum
2870 915 3207 986 Scripturas.
3244 917 3311 967 Et
3358 908 3624 966 ascendit
3671 907 3732 962 in

2085 1009 2317 1079 cmlum,
2353 1010 2515 1064 sedet
2558 1009 2629 1063 ad
2681 1009 2976 1062 dexteram
3020 1004 3222 1076 patris.
3255 1003 3324 1057 Et
3353 1001 3565 1056 iterum
3595 1014 3731 1053 ven-

2083 1104 2254 1154 turus
2309 1102 2396 1153 est
2448 1115 2580 1152 cum
2626 1096 2812 1169 gloria
2842 1094 3110 1166 judicare
3139 1091 3298 1146 vivos
3342 1094 3396 1145 et
3446 1092 3733 1154 mortuos,

2086 1189 2258 1258 cujus
2284 1187 2444 1259 regni
2468 1203 2582 1241 non
2615 1187 2722 1241 erit
2752 1183 2904 1239 finis.
2934 1185 3002 1238 Et
3033 1183 3090 1236 in
3123 1181 3407 1253 Spiritum
3440 1181 3733 1244 sanctum,

2086 1279 2397 1346 Dominum,
2431 1281 2485 1331 et
2520 1277 2938 1345 viviﬁcantem:
2997 1272 3092 1344 qui
3137 1287 3206 1327 ea:
3252 1276 3417 1325 Patre
3461 1268 3731 1339 procedit,

2086 1369 2187 1438 qui
2214 1383 2339 1421 cum
2371 1368 2534 1421 Patre
2565 1373 2615 1420 et
2644 1365 2782 1419 Filio
2812 1362 2977 1418 simul
3010 1361 3283 1416 adoratur
3311 1366 3365 1414 et
3406 1354 3733 1426 congloriﬁ-

2087 1462 2267 1524 catur,
2301 1458 2398 1528 qui
2445 1457 2652 1510 locutus
2700 1457 2778 1510 est
2820 1469 2925 1525 per
2963 1451 3273 1523 prophetas.
3307 1449 3376 1503 Et
3423 1447 3482 1500 in
3529 1461 3730 1510 unam,

2090 1551 2374 1610 sanctam,
2426 1543 2794 1610 catholicam,
2846 1546 2902 1596 et
2958 1537 3341 1612 apostolicam
3390 1533 3731 1590 Ecclesiam.

2089 1633 2450 1689 Confitemur
2475 1648 2660 1686 unum
2685 1630 2981 1702 baptisma
3009 1628 3068 1683 in
3101 1625 3507 1682 remissionem
3540 1638 3737 1693 pecca-

2088 1727 2304 1779 torum.
2321 1723 2390 1777 Et
2410 1725 2813 1793 exspectamus
2835 1716 3322 1774 resurrectionem
3345 1716 3732 1778 mortuorum,

2089 1817 2145 1868 et
2173 1811 2350 1866 vitam
2375 1810 2555 1865 futuri
2579 1807 2835 1864 saeculi.»
2849 1811 3011 1862 Hanc
3042 1820 3176 1861 vero
3207 1802 3341 1857 licet
3369 1799 3734 1856 additamen-

2089 1903 2167 1958 tis
2197 1907 2451 1964 auctam,
2483 1903 2650 1954 vocat
2689 1895 3075 1953 nihilominus
3125 1889 3485 1964 Epiphanius
3520 1905 3533 1943 :
3580 1887 3738 1942 Fidei

2087 1991 2393 2065 for-mulam
2429 2005 2463 2043 a
2501 1989 2701 2044 sanctis
2732 1984 2992 2058 apostolis
3023 1981 3287 2038 traditam
3335 1983 3389 2034 et
3436 1979 3496 2032 in
3539 1977 3736 2032 Eccle-

2088 2082 2174 2135 sia
2217 2081 2280 2134 in
2321 2081 2512 2132 sancta
2548 2077 2682 2131 urbe
2711 2076 2782 2130 ab
2814 2074 3064 2130 omnibus
3092 2072 3294 2126 sanctis
3323 2067 3606 2140 episcOpis,
3642 2066 3739 2138 qui

2088 2185 2260 2241 supra
2281 2169 2540 2223 trecentos
2568 2169 2618 2222 et
2647 2165 2830 2220 decem
2847 2164 3091 2236 fuerunt.
3115 2159 3400 2232 (Nicaenos
3430 2154 3737 2223 videlicet),

2090 2259 2498 2327 praescriptam.
2533 2253 2747 2320 Quidni
2794 2252 3089 2323 apostolica
3136 2251 3186 2305 et
3233 2249 3467 2304 Nicaena
3495 2243 3741 2298 dicenda

2092 2347 2257 2412 foret,
2282 2363 2414 2400 cum
2444 2361 2612 2400 voces
2641 2344 2947 2409 duntaxat,
2970 2339 3185 2411 quibus
3206 2335 3520 2393 enucleatas
3550 2331 3739 2403 magis

2092 2435 2322 2492 articuli
2371 2433 2762 2500 declarantur,
2810 2431 3068 2502 adjectae
3119 2428 3364 2482 all'erat?
3413 2425 3738 2494 Argumen-

2089 2532 2216 2582 tum
2271 2523 2408 2579 hinc
2455 2522 2701 2587 elicitur,
2737 2522 2888 2592 quod
2922 2523 3149 2574 Graecos
3187 2514 3440 2588 jugulat,
3474 2512 3740 2580 favetque

2092 2614 2373 2671 Romanis
2405 2617 2462 2668 et
2499 2609 2990 2668 Occidentalibus.

2163 2704 2368 2759 Adhuc
2391 2701 2565 2757 aliam
2589 2699 2778 2771 magis
2802 2697 3081 2770 prolixam
3115 2695 3333 2749 ibidem
3353 2690 3546 2760 refert,
3571 2704 3736 2742 num.

2094 2796 2216 2850 121.
2249 2790 2424 2848 Verbi
2454 2789 2634 2845 divini
2664 2786 3011 2856 incarnatio,
3045 2801 3110 2841 ac
3140 2782 3393 2855 Spiritus
3424 2777 3610 2834 sancti
3651 2777 3739 2832 di-

2093 2883 2306 2938 vinitas
2335 2878 2720 2936 luculentiore
2769 2892 3038 2933 sermone
3085 2874 3476 2944 exponuntur.
3509 2865 3738 2922 Castoris

2094 2968 2528 3044 praetermissis,
2561 2984 2687 3038 qua;
2709 2966 2912 3021 eadem
2938 2967 3077 3019 sunt
3107 2963 3166 3017 in
3191 2957 3464 3034 Symbolo
3485 2956 3737 3022 Nicano,

2096 3062 2216 3117 haec
2249 3059 2475 3132 profero
2509 3075 2522 3113 :
2573 3058 2636 3111 Et
2668 3056 2824 3110 homo
2852 3056 3030 3126 factus
3060 3059 3137 3108 est
3165 3069 3183 3104 :
3236 3050 3296 3104 id
3333 3057 3411 3104 est
3445 3047 3746 3117 perfectum

2097 3150 2389 3220 assumpsit
2437 3146 2730 3212 hominem,
2785 3145 3054 3207 animam,
3104 3155 3319 3212 corpus,
3380 3139 3635 3200 mentem,
3694 3136 3749 3188 et

339 3238 666 3294 tendebant.
701 3239 847 3294 Rem
900 3244 1116 3310 narrat,
1157 3241 1575 3313 decretumque
1624 3241 1829 3314 synodi
1880 3243 1987 3297 ad-
2057 3261 2060 3266 η
2098 3237 2363 3310 quidquid
2391 3235 2549 3290 aliud
2578 3241 2733 3290 homo
2763 3237 2865 3298 est,
2897 3233 3114 3301 excepto
3141 3233 3360 3300 peccato
3392 3243 3410 3280 :
3448 3242 3560 3281 non
3602 3239 3631 3278 e
3672 3224 3752 3278 vi-

339 3342 586 3386 versum.
622 3327 792 3382 affert
822 3333 1061 3383 sanctus
1090 3329 1448 3385 Athanasius
1501 3331 1556 3384 in
1607 3331 1826 3386 svnodo
1857 3332 1990 3386 Ale-
2024 3304 2066 3370 (ἶ
2096 3327 2207 3383 rili
2236 3331 2379 3386 satu.
2409 3341 2510 3380 nec
2539 3326 2619 3378 ita
2655 3327 2715 3378 ut
2758 3325 2820 3377 in
2861 3322 3079 3376 homine
3108 3319 3376 3375 duntaxat
3407 3315 3626 3380 inesset,
3657 3312 3750 3367 sed

571 3370 586 3396 ,
622 3348 792 3382 8116f];
822 3348 1061 3383 SBHCEUS
1090 3348 1448 3385 AIDRUBSIUS
1501 3348 1556 3384 1n
1607 3348 1826 3403 synoao
1857 3348 1990 3386 A18-

2096 3327 2207 3383 riti
2236 3331 2379 3392 satu,
2409 3341 2510 3380 nec
2539 3326 2619 3378 ita
2655 3327 2715 3378 ut
2758 3325 2820 3377 in
2861 3322 3079 3376 homine
3108 3319 3376 3375 duntaxat
3407 3315 3626 3380 inesset,
3657 3312 3750 3367 sed

2099 3419 2160 3474 in
2214 3418 2456 3487 seipsum
2517 3414 2752 3485 effictam
2819 3412 2980 3466 illam
3043 3423 3265 3464 carnem
3319 3403 3640 3472 transtulit,
3701 3408 3752 3456 et

2097 3506 2154 3562 in
2188 3521 2359 3560 unam
2397 3520 2463 3558 ac
2507 3505 2754 3556 sanctam
2781 3500 3224 3570 singularitatem
3252 3495 3539 3567 conjunxit
3568 3508 3587 3545 :
3638 3506 3752 3544 non

2097 3595 2168 3652 ad
2215 3611 2337 3650 eum
2383 3591 2603 3647 modum
2653 3605 2757 3661 quo
2803 3588 3084 3660 prophetis
3113 3586 3402 3658 aspiravit,
3436 3591 3487 3638 et
3530 3583 3592 3636 in
3634 3579 3751 3635 illis

2099 3687 2315 3741 locutus
2344 3686 2442 3750 est,
2475 3681 2756 3753 effecitque
2803 3678 3108 3750 quidpiam,
3143 3675 3236 3730 sed
3278 3674 3435 3728 homo
3482 3672 3752 3742 perfectus

2100 3791 2214 3831 esse
2262 3773 2433 3828 voluit
2467 3788 2486 3827 :
2541 3769 2767 3826 Verbum
2794 3769 2994 3841 quippe
3035 3781 3162 3821 caro
3189 3768 3398 3836 factum
3427 3765 3545 3827 est;
3575 3774 3754 3832 neque

2101 3868 2198 3919 aut
2228 3862 2595 3918 mutationem
2622 3859 2801 3913 ullam
2827 3859 3242 3926 estexpertum,
3281 3859 3378 3906 aut
3407 3850 3753 3904 divinitatem

2100 3969 2262 4009 suam
2311 3955 2373 4006 in
2416 3955 2685 4005 naturam
2734 3946 2996 4002 convertit
3045 3944 3306 4010 hominis,
3340 3939 3432 3995 sed
3475 3941 3536 3993 in
3582 3956 3754 3994 unam

2101 4050 2350 4097 sanctam
2379 4039 2767 4111 perfectionem
2795 4035 3242 4103 divinitatemque
3277 4030 3570 4101 copulavit.
3609 4030 3755 4085 Unus

2103 4139 2181 4186 est
2209 4131 2361 4185 enim
2409 4127 2674 4182 Dominus
2718 4127 2871 4180 Iesus
2922 4123 3190 4190 Christus,
3237 4134 3350 4173 non
3401 4117 3552 4172 duo:
3611 4116 3756 4172 idem

2102 4223 2270 4286 Deus,
2298 4219 2443 4272 idem
2471 4215 2758 4281 Dominus,
2790 4211 3039 4282 idemque
3069 4211 3199 4265 Rex.
3227 4208 3339 4277 Qui
3367 4221 3560 4274 passus
3589 4209 3666 4259 est
3695 4207 3755 4260 in

2101 4323 2290 4373 carne,
2318 4315 2368 4361 et
2417 4304 2730 4360 resurrexit
2761 4318 2776 4356 :
2827 4305 2880 4356 et
2926 4299 3120 4354 calum
3160 4313 3286 4352 cum
3314 4295 3499 4350 eodem
3528 4309 3755 4364 corpore

2103 4394 2410 4452 conscendit
2437 4411 2449 4448 :
2501 4399 2554 4448 et
2581 4391 2651 4447 ad
2681 4391 2962 4445 dexteram
2989 4388 3176 4442 Patris
3203 4385 3440 4456 gloriose
3466 4382 3703 4438 consedit
3738 4398 3751 4439 :

2102 4495 2152 4542 et
2181 4501 2308 4543 cum
2336 4482 2522 4539 eodem
2550 4495 2772 4551 corpore
2801 4485 3061 4533 venturus
3093 4483 3170 4530 est
3199 4490 3324 4530 cum
3370 4470 3559 4541 gloria
3593 4471 3752 4541 judi-

2102 4590 2231 4630 eare
2267 4574 2416 4628 vivos
2464 4579 2517 4626 et
2564 4577 2830 4635 mortuos,
2864 4566 3022 4638 cujus
3070 4563 3240 4636 regni
3286 4577 3396 4616 non
3443 4560 3559 4614 erit
3604 4558 3751 4627 ﬁnis.

331 4665 545 4722 ctam?
593 4666 870 4722 Noverint
914 4665 1050 4738 ipsi,
1104 4666 1404 4721 decretum
1454 4665 1600 4720 illud
1653 4665 1999 4721 Sardicense
2029 4675 2075 4739 D
2109 4662 2391 4720 Credimus
2447 4667 2497 4714 et
2544 4659 2606 4713 in
2656 4659 2933 4729 Spiritum
2978 4656 3248 4722 sanctum,
3289 4650 3386 4720 qui
3425 4649 3634 4739 locutus
3680 4655 3757 4702 est

333 4755 772 4828 impedimento
821 4772 938 4811 non
999 4754 1204 4820 fuisse,
1254 4755 1575 4825 quominus
1625 4754 1686 4809 in
1743 4755 2003 4810 Ecclesia

333 4843 626 4901 Orientali
657 4843 938 4916 prolixior
967 4844 1237 4899 ederetur
1269 4842 1522 4899 formula
1551 4843 1609 4898 in
1646 4842 2000 4914 baptismate

327 4934 644 4990 tradenda.
698 4933 922 4989 Profert
966 4949 1097 4988 eam
1155 4932 1524 5005 Epiphanius
1583 4932 1642 4987 in
1699 4933 1997 5000 Ancorato,

329 5041 510 5079 num.
564 5023 713 5078 120:
767 5045 796 5073 «
828 5022 1138 5078 Credimus
1191 5021 1250 5077 in
1301 5039 1484 5076 unum
1532 5023 1736 5087 Deum,
1770 5021 1999 5077 Patrem

330 5113 829 5185 omnipotentem,
866 5112 1145 5167 factorem
1178 5111 1305 5166 coeli
1352 5117 1410 5166 et
1457 5115 1645 5180 terra,
1676 5110 1998 5166 visibilium

331 5203 612 5260 omnium
663 5205 722 5257 et
766 5201 1175 5257 invisibilium.
1218 5201 1288 5256 Et
1335 5200 1396 5255 in
1448 5217 1634 5255 unum
1683 5199 2000 5256 Dominum

329 5292 545 5349 Jesum
578 5290 878 5346 Christum
911 5289 1123 5345 Filium
1157 5289 1256 5345 Dei
1289 5289 1684 5362 unigenitum,
1719 5292 1776 5344 et
1804 5305 1872 5344 ex
1898 5288 2001 5344 Pa-

331 5388 424 5438 tre
455 5386 663 5437 natum
711 5383 846 5435 ante
893 5379 1092 5435 omnia
1138 5379 1398 5434 saecula:
1452 5379 1602 5436 151
1639 5378 1749 5434 hoc
1799 5382 1885 5433 est
1934 5394 2003 5433 ex

335 5470 534 5526 Patris
566 5467 926 5534 substantia,
957 5467 1158 5523 lumen
1191 5469 1262 5523 de
1308 5466 1553 5537 lumine,
1585 5467 1768 5522 Deum
1799 5482 2000 5521 verum

336 5561 410 5615 de
431 5560 548 5616 Deo
570 5575 724 5625 vero,
749 5557 1019 5631 genitum
1041 5574 1157 5612 non
1181 5555 2001 5627 factum,consubstantialem

335 5649 523 5716 Patri,
554 5666 660 5723 per
688 5663 872 5720 quem
905 5647 1104 5702 omnia
1131 5647 1286 5703 facta
1314 5649 1476 5712 sunt,
1522 5663 1650 5718 quae
1698 5644 1842 5701 ccelo
1881 5649 2011 5699 ter-_

332 5755 516 5811 raque
545 5738 976 5805 continentur;
1030 5735 1132 5808 qui
1180 5739 1419 5808 propter
1465 5751 1571 5792 nos
1621 5733 1913 5802 homines,
1949 5737 2006 5790 et

2110 4753 2266 4809 152
2297 4751 2359 4805 in
2389 4749 2525 4818 lege,
2555 4752 2609 4802 et
2642 4762 2742 4818 per
2781 4744 3068 4816 prophetas
3097 4740 3424 4812 prazdicavit
3455 4756 3467 4794 :
3519 4737 3597 4793 ad
3641 4739 3757 4792 Jor-

2107 4842 2311 4896 danem
2338 4838 2633 4907 descendit,
2666 4837 2725 4890 in
2755 4833 3013 4905 apostolis
3041 4831 3248 4886 locutus
3294 4835 3389 4894 est,
3424 4830 3476 4881 et
3519 4828 3581 4882 in
3626 4843 3756 4880 san-

2109 4932 2210 4986 ctis
2241 4929 2474 4984 habitat.
2515 4927 2598 4981 Ita
2639 4939 2802 4996 porro
2849 4937 2946 4976 nos
2994 4921 3054 4975 in
3102 4921 3217 4989 ipso
3264 4917 3540 4973 credimus
3570 4932 3588 4969 :
3640 4915 3759 4985 Spi-

2109 5021 2282 5074 ritum
2327 5033 2442 5073 esse
2486 5018 2755 5083 sanctum,
2787 5013 2889 5066 Dei
2937 5009 3230 5080 Spiritum,
3274 5005 3542 5078 Spiritum
3581 5005 3760 5076 perfe-

2113 5112 2280 5177 ctum,
2337 5105 2609 5178 Spiritum
2671 5100 3047 5166 Paracletum,
3106 5098 3433 5165 inci-catum,
3493 5109 3527 5147 a
3591 5094 3760 5147 Patre

2105 5196 2508 5270 procedentem,
2559 5193 2912 5262 accipientem
2968 5205 3003 5242 a
3056 5184 3231 5240 Filio.
3283 5183 3413 5239 Haec
3463 5185 3762 5253 postrema

2110 5287 2287 5342 verba
2309 5281 2829 5339 animadvertenda
2853 5281 3013 5348 sunt,
3037 5292 3164 5348 quas
3195 5270 3494 5345 particulae
3517 5271 3762 5339 Filioque

2111 5373 2506 5447 aequipollent.
2539 5371 2752 5426 Textus
2793 5369 3030 5424 Graecus
3082 5365 3304 5419 habet:
3355 5361 3444 5414 Ἐκ
3485 5357 3583 5413 τού
3631 5357 3760 5410 Υἱοῦ

2112 5456 2550 5536 λαμϐανόμενον.
2595 5458 2686 5514 ΑΙ.
2720 5449 3082 5529 λαμϐάνοντα.

2185 5553 2375 5624 Digna
2388 5555 2526 5606 sunt
2539 5549 2709 5604 etiam
2724 5542 3379 5614 animadversione,quze
3394 5537 3607 5593 ibidem
3623 5553 3762 5608 prae-

2112 5643 2357 5700 miserat
2383 5638 2748 5713 Epiphanius
2768 5636 2943 5692 verba
2969 5652 2980 5689 :
3008 5657 3033 5682 ‹‹
3057 5632 3274 5686 Verum
3295 5627 3574 5701 quoniam
3597 5629 3764 5682 aetate

2113 5735 2316 5789 nostra
2362 5729 2486 5786 alia:
2535 5731 2669 5802 post
2707 5725 2852 5785 alias
2879 5724 3132 5780 haereses
3161 5720 3548 5789 emerserunt,
3580 5716 3640 5772 id
3672 5718 3762 5774 est
