4090 6454
331 438 449 501 155

1362 442 1680 506 GEORGII
1724 436 1988 506 CYPRII
2032 440 2146 505 (ΤΡ.
2197 442 2723 510 ΡΛἸἮῙΛΒΟΗΛΕ

3627 440 3740 507 156

330 574 694 647 temporibus
724 574 1118 633 Valentiniani
1151 580 1208 633 et
1241 576 1507 635 Valentis
1534 578 1978 651 imperatorum,
2012 580 2066 643 Α
2098 579 2181 634 tui
2230 584 2431 635 sancto
2480 579 2905 637 resistentium.
2940 600 2968 630 »
3011 578 3163 636 Satis
3192 577 3251 634 id
3284 580 3428 635 erat.
3461 576 3627 635 Fides
3656 583 3742 635 at-

334 680 585 737 quorum
631 667 757 736 jam
807 666 1053 722 decimus
1102 683 1282 723 annus
1339 668 1554 741 agitur,
1605 673 1662 724 et
1719 668 1980 725 Gratiani

330 758 535 822 sextus,
569 772 609 827 ετ
659 754 1011 811 Diocletiano
1060 773 1197 813 vero
1246 762 1496 829 tyranno
1544 760 1931 827 nonagesimus
1962 778 1980 814 :

335 850 643 917 propterea
673 849 792 900 tam
841 862 963 915 vos,
999 862 1178 918 quam
1231 864 1338 902 nos
1391 846 1525 919 ipsi,
1572 853 1631 903 et
1675 848 1980 904 orthodoxi

330 950 534 990 omnes
567 935 824 1007 episcopi
856 943 913 990 et
942 952 1058 990 uno
1092 941 1153 990 ut
1194 936 1370 991 verbo
1403 937 1593 992 dicam
1626 942 1748 993 tota
1780 937 1978 993 Eccle-

328 1023 416 1079 sia
446 1023 753 1090 catholica,
787 1025 1066 1080 adversus
1098 1026 1452 1097 prodeuntes
1494 1027 1810 1083 identidem
1859 1028 1976 1081 has-

323 1129 505 1180 reses,
554 1118 1066 1188 consentaneeque
1113 1132 1246 1170 cum
1297 1117 1561 1186 exposita
1612 1117 1788 1189 paulo
1843 1121 1978 1172 ante

322 1207 664 1257 sanctorum
715 1202 950 1257 Patrum
1007 1203 1140 1260 ﬁdei
1194 1205 1469 1271 formula,
1519 1206 1593 1261 iis
1651 1207 1975 1277 praesertim

322 1290 422 1364 qui
455 1293 724 1362 baptismo
753 1292 1022 1348 initiandi
1050 1298 1197 1360 sunt,
1231 1295 1485 1350 dicimus
1527 1300 1592 1350 ut
1639 1296 1748 1351 hoc
1799 1297 1974 1351 modo

328 1381 730 1453 proﬁteantur,
764 1398 829 1436 ac
878 1382 1076 1437 dicant
1109 1400 1121 1437 :
1174 1384 1502 1452 Credimus,
1535 1390 1645 1440 etc.
1683 1408 1703 1433 ι
1758 1385 1975 1458 Collige

326 1470 443 1524 duo
479 1487 492 1525 :
526 1470 834 1542 praedictas
867 1471 997 1541 ﬁdei
1022 1473 1291 1541 formulas
1322 1472 1381 1526 in
1414 1489 1526 1527 usu
1558 1472 1740 1528 fuisse
1771 1473 1978 1544 aliqui-

324 1559 438 1614 bus
468 1559 527 1613 in
550 1559 803 1614 Orientis
830 1559 1104 1615 Ecclesiis
1124 1565 1259 1616 ante
1289 1578 1510 1616 annum
1537 1562 1663 1628 373,
1690 1578 1805 1633 quo
1834 1562 1977 1618 deci-

324 1664 447 1703 mus
474 1664 655 1703 annus
683 1648 1079 1705 Valentiniani
1110 1651 1167 1704 et
1194 1649 1476 1719 Valentis,
1510 1655 1566 1705 et
1606 1654 1790 1706 sextus
1838 1654 1977 1706 Gra-

321 1737 467 1793 tiani
498 1737 842 1809 inceperunt
875 1755 886 1793 :
931 1737 1160 1810 sibique
1192 1738 1278 1794 fas
1309 1739 1491 1795 fuisse
1522 1740 1730 1796 Graecas
1762 1739 1974 1814 linguae

321 1826 521 1882 Patres
587 1827 991 1895 existimasse,
1059 1828 1355 1884 Nicaanam
1421 1829 1683 1902 Symboli
1750 1830 1972 1886 formu-

322 1913 443 1972 lam
473 1916 949 1989 explicatioribus
980 1934 1193 1989 augere
1222 1919 1460 1974 vocibus
1506 1923 1743 1991 propter
1790 1919 1971 1975 haere-
2004 1948 2053 2014 Β

322 2021 417 2060 ses
467 2009 853 2077 emergentes.
907 2009 1022 2061 Cur
1072 2007 1275 2062 eadem
1322 2007 1569 2063 facultas
1616 2025 1719 2079 pro
1774 2025 1971 2064 rerum

320 2094 802 2159 circumstantiis,
817 2100 1300 2169 emergentesque
1317 2102 1554 2171 propter
1569 2097 1838 2169 haereses,
1855 2115 1971 2154 non

323 2184 630 2239 conveniat
658 2183 989 2240 Occidentis
1022 2183 1293 2241 Ecclesiis
1313 2186 1342 2240 ?

391 2272 724 2327 Emerserat
751 2289 885 2328 vero
930 2272 1169 2329 hmresis
1199 2278 1601 2343 Anomxorum,
1634 2278 1971 2334 auctoribus

320 2360 485 2416 Aetio
532 2367 589 2416 et
633 2362 943 2426 Eunomio,
976 2364 1079 2435 qui
1123 2363 1486 2421 Theodoreto
1526 2370 1672 2422 teste
1720 2365 1869 2424 libro
1918 2385 1975 2422 1v

323 2451 732 2507 Hmeticarum
759 2451 1115 2521 Fabular-um,
1151 2453 1426 2509 dicebant
1459 2471 1471 2510 :
1513 2455 1723 2511 Filium
1751 2457 1975 2528 quidem

323 2539 565 2612 primam
627 2544 945 2596 creaturam
1010 2543 1213 2609 Patris,
1276 2546 1734 2618 praecipuamque
1798 2563 1911 2602 esse
1954 2565 1974 2602 .-

326 2628 605 2701 Spiritum
654 2646 778 2685 vero
808 2638 1058 2685 sanctum
1085 2648 1120 2685 α
1149 2632 1295 2687 Filio
1324 2641 1454 2688 ante
1481 2635 1598 2689 alia
1626 2651 1793 2706 opera
1820 2652 1973 2691 crea-

321 2726 441 2773 tum
470 2726 600 2774 esse.
634 2718 829 2791 Ipsius
856 2719 1121 2775 Eunomii
1146 2722 1324 2776 verba
1354 2727 1493 2778 sunt
1513 2724 1667 2796 apud
1700 2728 1972 2781 sanctum

320 2807 627 2875 Basilium,
649 2807 799 2865 libro
822 2825 884 2879 II,
909 2814 1111 2866 contra
1130 2810 1403 2867 eumdem
1426 2812 1788 2883 haereticum,
1805 2831 1970 2870 num.

315 2898 386 2952 33
437 2914 451 2952 :
509 2898 754 2967 Ingeniti
810 2898 1033 2970 quidem
1079 2908 1341 2956 creatura
1385 2902 1563 2957 Filius
1609 2921 1628 2956 :
1690 2904 1975 2973 Unigeniti

318 3000 442 3041 vero
493 2985 846 3042 Paracletus.
886 2986 1046 3041 Hanc
1096 2992 1265 3043 vocat
1312 2993 1552 3045 sanctus
1603 2993 1974 3063 Augustinus

324 3073 595 3130 haeresim
651 3075 1016 3146 Arianorum,
1068 3093 1231 3131 num.
1293 3078 1389 3147 49,
1459 3079 1561 3150 qui
1620 3085 1866 3150 Patrem,
1922 3091 1975 3138 et

321 3163 555 3231 Filium,
613 3172 664 3218 et
719 3163 988 3235 Spiritum
1045 3173 1298 3221 sanetum
1354 3166 1557 3223 nolunt
1608 3184 1720 3225 esse
1780 3173 1972 3242 unius,

323 3251 671 3323 ejusdemque
723 3258 972 3321 natura,
1027 3258 1192 3326 atque
1240 3255 1590 3325 substantiae,
1648 3262 1747 3313 aut
1798 3276 1975 3316 essen-

319 3342 418 3398 tise
469 3358 489 3395 .-

318 3438 572 3486 sanctum
643 3434 953 3487 creaturam
1026 3436 1332 3503 creaturae,
1410 3434 1510 3493 hoc
1582 3445 1659 3492 est
1721 3439 1788 3493 ab
1857 3441 1975 3511 ipso

316 3520 460 3575 Filio
502 3526 748 3575 creatum
792 3524 1000 3578 volunt.
1033 3525 1428 3593 Macedonius,
1460 3526 1771 3601 episcopus
1825 3530 1974 3587 Con-

322 3608 904 3681 stantinopolitanus,
964 3611 1177 3668 Filium
1244 3616 1763 3675 consubstantialem
1823 3619 1975 3675 Patri

322 3697 595 3770 negabat,
627 3698 883 3755 similem
934 3699 1018 3755 illi
1070 3719 1176 3774 per
1221 3704 1421 3760 omnia
1463 3705 1801 3763 fatebatur:
1850 3710 1974 3780 Spi-

324 3789 496 3842 ritum
548 3803 673 3843 vero
719 3792 974 3844 sanctum
1018 3790 1216 3862 (verba
1267 3798 1407 3849 sunt
1454 3793 1803 3852 Theodoreti
1850 3797 1976 3855 loco

323 3876 547 3948 citato),
576 3879 724 3932 sicut
765 3876 950 3947 Arius,
990 3882 1044 3935 et
1090 3880 1414 3951 Eunomius,
1449 3884 1824 3956 blasphemare
1851 3904 1977 3959 per-

322 3967 494 4022 sistit.
530 3966 676 4023 Unde
704 3968 804 4040 qui
828 3969 951 4040 ejus
978 3978 1147 4028 sectae
1175 3969 1517 4041 dicebantur,
1549 3974 1978 4033 Pneumatoma-

325 4055 416 4111 chi
441 4057 819 4125 cognominati
846 4066 999 4115 sunt.

401 4145 676 4202 Haeresim
709 4148 951 4203 damnat
979 4148 1269 4206 Damasus
1307 4167 1462 4224 papa
1500 4150 1561 4207 in
1607 4154 1828 4226 synodo
1861 4155 1979 4212 Ro-

330 4250 507 4291 mana
537 4252 690 4292 anno
721 4236 828 4291 379
856 4238 1010 4295 158
1055 4238 1351 4294 celebrata
1381 4257 1395 4295 :
1449 4261 1479 4290 ‹‹
1507 4243 1979 4300 Anathematiza-

330 4341 465 4380 mus
491 4323 717 4393 Arium,
749 4330 925 4398 atque
953 4327 1334 4399 Eunomium,
1366 4331 1466 4402 qui
1496 4332 1620 4403 pari
1653 4333 1979 4407 impietate,

327 4413 464 4470 licet
485 4429 753 4471 sermone
776 4415 1075 4488 dissimili,
1100 4417 1311 4473 Filium
1335 4424 1392 4474 et
1408 4420 1687 4492 Spiritum
1712 4428 1981 4479 sanctum

330 4508 604 4559 asserunt
652 4518 780 4561 esse
824 4508 1143 4562 creaturas.
1185 4508 1764 4566 Anathematizamus
1794 4516 1983 4569 Mace-

331 4592 617 4665 donianos,
650 4594 752 4665 qui
802 4596 874 4650 de
920 4595 1039 4650 Arii
1088 4597 1270 4670 stirpe
1311 4597 1632 4665 venientes,
1666 4617 1782 4657 non
1814 4602 1984 4673 perfi-

329 4683 489 4739 diam
521 4688 917 4752 mutaverunt,
941 4686 1043 4741 sed
1075 4702 1323 4742 nomen.
1351 4731 1364 4743 .
1392 4728 1405 4742 .
1439 4689 1495 4743 Si
1529 4688 1661 4761 quis
1687 4707 1802 4746 non
1829 4690 1983 4747 dixe-
2012 4690 2060 4760 D

335 4774 415 4828 rit
458 4773 728 4845 Spiritum
763 4777 1017 4830 sanctum
1042 4775 1107 4831 de
1134 4777 1301 4831 Patre
1328 4792 1441 4833 esse
1466 4794 1599 4833 vere
1629 4794 1696 4834 ac
1727 4780 1979 4853 proprie,

339 4863 491 4918 sicut
520 4862 733 4918 Filium
766 4864 837 4920 de
867 4864 1065 4920 divina
1096 4866 1447 4934 substantia,
1481 4867 1797 4923 anathema
1826 4869 1904 4924 sit
1927 4911 1939 4924 .
1967 4910 1982 4926 .

339 4996 391 5009 ..
450 4954 511 5009 Si
560 4954 697 5025 quis
745 4954 956 5009 dixerit
1006 4947 1289 5027 Spiritum
1344 4961 1615 5012 sanctum
1666 4957 1980 5029 facturam,

332 5047 435 5099 aut
479 5059 584 5116 per
626 5042 833 5099 Filium
877 5046 1110 5114 factum,
1142 5044 1456 5102 anathema
1495 5046 1590 5101 sit.
1626 5068 1655 5096 ››
1705 5047 1983 5104 Haeresim

328 5131 548 5206 pariter
590 5132 949 5189 damnarunt
998 5133 1324 5190 Orientales
1372 5134 1571 5191 Patres
1604 5152 1757 5192 anno
1786 5138 1886 5193 381
1920 5138 1981 5193 in

333 5221 555 5295 synodo
583 5220 1232 5294 ConstantinOpolitana
1262 5222 1508 5279 collecti.
1541 5228 1773 5281 Canone
1820 5227 1846 5281 1
1899 5226 1983 5282 sic

330 5310 552 5377 habent
574 5328 588 5367 :
626 5310 828 5366 Fidem
850 5328 965 5367 non
990 5311 1321 5368 violandam
1347 5314 1583 5369 Patrum
1611 5318 1983 5372 trecentorum

335 5399 518 5455 decem
569 5404 621 5456 et
669 5409 801 5468 octo,
848 5400 947 5472 qui
989 5402 1143 5473 apud
1174 5402 1423 5458 Nicaeam
1458 5404 1740 5476 Bithyniae
1770 5422 1982 5461 conve-

335 5492 598 5544 nerunt:
650 5490 751 5544 sed
808 5507 1042 5546 manere
1088 5507 1215 5546 eam
1270 5492 1523 5564 ﬁrmam,
1572 5498 1631 5548 et
1685 5494 1979 5549 stabilem.

333 5579 958 5636 Anathematizandam
986 5596 1219 5635 omnem
1251 5580 1542 5651 haeresim,
1567 5586 1625 5637 et
1653 5582 1985 5655 specialiter

329 5670 819 5737 Eunomianorum,
867 5669 955 5725 vel
1009 5671 1464 5738 Anomianorum,
1516 5674 1573 5726 et
1619 5672 1976 5742 Arianorum,

323 5757 414 5815 vel
469 5760 942 5833 Eudoxianorum,
975 5763 1033 5817 et
1059 5758 1612 5828 Macedonianorum,
1645 5759 1733 5817 vel
1790 5759 1969 5833 Spiri-

541 3342 637 3398 sed
691 3357 811 3397 esse
864 3343 1073 3398 Filium
1128 3353 1459 3417 creaturam,
1520 3346 1796 3419 Spiritum
1849 3322 2022 3405 veroC

2089 671 2289 724 tamen
2337 669 2620 725 catholica
2666 674 2732 725 ut
2779 669 3010 726 facilius
3056 669 3451 724 innotesceret
3490 668 3736 738 cunctis,

2089 774 2155 814 ac
2204 759 2431 815 ﬁrmior
2480 760 2696 815 animis
2745 758 3010 815 omnium
3050 757 3380 826 inhaereret,
3411 757 3738 814 consultius

2088 848 2305 903 duxere
2336 848 2533 905 Patres
2582 848 2668 903 illi
2717 847 3368 920 Constantinopolitani,
3402 850 3467 902 ut
3515 847 3735 903 formu-

2086 935 2203 992 lam
2237 937 2516 1010 Symboli,
2547 940 2777 995 Nicwna
2807 936 3199 1010 prolixiorem,
3221 935 3501 992 Ecclesiis
3532 952 3737 1009 propo.

2087 1034 2294 1082 nerent
2327 1046 2340 1083 :
2390 1043 2638 1099 eamque
2686 1028 3060 1099 adoptarunt,
3095 1043 3222 1099 quae
3254 1025 3413 1097 prior
3441 1030 3532 1081 est
3561 1041 3735 1096 supe-

2086 1117 2210 1171 rius
2242 1116 2534 1188 descripta
2562 1117 2991 1189 Epiphaniana;
3018 1115 3240 1170 additis
3278 1113 3458 1170 etiam
3497 1114 3736 1169 vocibus

2086 1205 2223 1273 illis,
2258 1209 2427 1262 Deum
2468 1207 2536 1261 de
2586 1208 2693 1261 Deo
2725 1224 2744 1261 :
2796 1205 2927 1261 aliis
2962 1203 3390 1278 praetermissis,
3426 1219 3656 1274 nempe,
3686 1207 3741 1257 et

2085 1311 2211 1368 quae
2260 1297 2321 1352 in
2369 1297 2535 1359 caelis.
2569 1305 2619 1351 et
2667 1310 2794 1368 qua?
2839 1296 2899 1350 in
2948 1299 3137 1356 terra;
3177 1297 3234 1348 et
3262 1291 3381 1347 illis
3412 1292 3612 1360 etiam,
3645 1290 3742 1363 hoc

2083 1390 2182 1451 est,
2212 1403 2281 1442 ex
2326 1387 2633 1441 substantia
2678 1387 2864 1441 Patris
2894 1403 2913 1439 :
2968 1401 3094 1455 quas
3143 1382 3203 1437 in
3257 1381 3370 1437 alia
3416 1397 3581 1448 voce,
3613 1396 3739 1437 con-

2082 1476 2485 1542 substantialis,
2526 1473 3132 1546 comprehenduntur.

2157 1565 2376 1620 Iterum
2408 1563 2629 1635 regiam
2664 1564 2723 1618 in
2766 1563 3059 1618 civitatem
3092 1576 3244 1616 anno
3272 1557 3607 1632 insequenti
3638 1558 3743 1613 382

2084 1670 2403 1726 convenere
2452 1654 2675 1720 Patres,
2716 1668 2783 1707 ac
2832 1651 3183 1724 Synodicam
3237 1649 3493 1706 Damaso
3544 1648 3742 1721 ponti-

2085 1743 2199 1811 ﬁci,
2234 1742 2578 1814 cmterisque
2606 1741 2940 1797 Occidentis
2970 1739 3263 1812 episcopis
3293 1739 3607 1794 dederunt.
3640 1736 3738 1792 In-

2085 1840 2169 1888 ter
2200 1832 2315 1887 alia
2345 1831 2429 1886 sic
2459 1830 2677 1886 habent
2708 1847 2720 1884 :
2775 1834 2919 1902 Quae
2948 1830 3129 1902 igitur
3158 1827 3235 1883 ad
3280 1825 3443 1898 ﬁdem
3471 1825 3736 1894 attinent,

2083 1936 2257 1994 quam
2287 1930 2473 1993 aperte
2500 1919 2894 1993 praedicamus,
2928 1920 2989 1973 in
3018 1932 3237 1973 summa
3264 1919 3393 1971 sunt
3422 1911 3739 1987 hujusmodi

2082 2012 2234 2083 (quae
2264 2010 2571 2083 praemissa
2601 2014 2780 2075 sunt).
2809 2010 2887 2064 De
2914 2009 3115 2079 quibus
3145 2006 3388 2077 amplius
3418 2002 3628 2059 animis
3656 2016 3738 2057 ve-

2080 2101 2210 2156 stris
2256 2102 2572 2172 satisfacere
2616 2099 2893 2170 poteritis,
2941 2098 2994 2152 si
3046 2100 3254 2151 tomum
3300 2094 3501 2165 synodi
3545 2093 3734 2148 Antio-

2081 2189 2286 2257 chense,
2317 2198 2369 2245 et
2418 2205 2543 2244 eum
2589 2189 2687 2259 qui
2735 2188 3008 2258 superiori
3052 2200 3206 2241 anno
3247 2183 3395 2257 (381)
3426 2180 3737 2239 Constanti-

2081 2280 2269 2351 nopoli
2314 2296 2350 2334 a
2395 2277 2598 2350 synodo
2643 2275 2957 2332 universali
3001 2282 3081 2330 est
3115 2274 3326 2340 editus,
3358 2274 3634 2345 inspicere
3662 2268 3743 2324 di-

2082 2369 2356 2439 gnamini.
2393 2369 2494 2425 Ubi
2542 2375 2593 2421 et
2639 2366 2773 2437 ﬁdei
2810 2365 3203 2437 confessionem
3230 2362 3460 2418 uberius
3494 2358 3745 2432 exposui-

2083 2474 2206 2513 mus
2237 2475 2256 2511 :
2302 2466 2353 2512 et
2400 2459 2461 2512 in
2508 2472 2695 2513 recens
2743 2454 3065 2510 adinventas
3106 2453 3343 2510 hereses
3371 2448 3744 2507 anathematis

2082 2546 2410 2605 sententiam
2435 2545 2881 2617 perscripsimus.
2915 2540 3236 2598 Postremis
3265 2540 3465 2596 verbis
3498 2538 3745 2594 Canones

2084 2637 2273 2695 editos
2302 2634 2645 2707 intelligunt
2676 2647 2690 2688 :
2742 2633 2900 2689 Fidei
2943 2647 3069 2687 vero
3116 2631 3549 2702 confessionem,
3581 2640 3744 2699 quam

2082 2729 2307 2783 uberius
2335 2726 2644 2797 expositam
2676 2722 2861 2789 aiunt,
2893 2720 3158 2776 indicant
3185 2716 3557 2792 Symbolum,
3589 2713 3743 2787 quod

2080 2814 2256 2888 vulgo
2302 2812 2969 2882 Constantinoiiolitanum
3015 2807 3391 2881 appellatur:
3448 2822 3520 2862 ac
3572 2813 3744 2860 tomus

2064 2905 2184 2960 'ille
2220 2905 2461 2960 demum
2492 2901 2693 2977 synodi
2714 2898 3070 2955 Antiochense
3089 2895 3433 2970 Symbolum
3485 2892 3741 2951 contine-

2083 2994 2205 3061 bat,
2229 2993 2503 3064 superius
2532 3007 2602 3047 ex
2619 2988 2900 3045 Cassiano
2932 2986 3317 3058 descriptum,
3341 2984 3509 3056 quod
3541 2981 3600 3038 in
3632 2994 3742 3036 usu

2084 3082 2237 3153 apud
2288 3097 2349 3137 se
2400 3080 2658 3153 positum
2705 3077 2776 3132 ad
2817 3075 3108 3149 synodum
3138 3068 3743 3144 Constantinopolita-

2084 3186 2222 3226 nam
2242 3169 2624 3224 transmisere
2641 3168 2842 3223 Patres
2860 3163 3230 3220 Antiocheni.
3256 3162 3318 3218 Id
3342 3178 3490 3220 vero
3511 3161 3745 3216 demum

2084 3258 2389 3333 perspicue
2444 3261 2694 3324 constat,
2746 3256 3034 3311 Nicaenum
3093 3250 3440 3326 Symbolum
3511 3247 3747 3305 vocibus

2085 3347 2464 3419 quibusdam,
2499 3344 2721 3418 synodo
2754 3338 3373 3413 Constantinopolitano
3410 3335 3748 3412 approban-

2082 3440 2161 3502 te,
2209 3438 2449 3491 auctum
2498 3433 2682 3489 fuisse
2730 3436 2966 3504 propter
3013 3446 3113 3486 eas
3162 3446 3293 3501 quae
3352 3423 3744 3489 emerserunt,

2080 3526 2552 3581 Eunomianorum
2580 3527 2638 3578 et
2667 3521 3185 3578 Macedionanorum
3214 3520 3500 3585 haereses,
3526 3530 3631 3589 pro
3681 3526 3747 3567 ea

2085 3630 2201 3686 qua
2230 3612 2529 3686 pollebant
2557 3611 2740 3668 (ἓνωοὶ
2770 3610 2970 3666 Patres
3008 3610 3317 3683 potestate,
3348 3607 3511 3664 154
3557 3613 3741 3676 quave

2083 3707 2322 3760 caeteras
2370 3719 2487 3759 non
2532 3700 2812 3768 caruisse,
2844 3714 3037 3771 neque
3078 3714 3273 3754 carere
3318 3695 3382 3751 in
3429 3692 3742 3753 Occidente

2085 3792 2396 3865 Ecclesiae,
2417 3791 2789 3863 maximeque
2812 3788 3161 3859 Romanam,
3183 3783 3538 3842 difﬂtebitur
3566 3792 3734 3836 nemo

2086 3883 2345 3956 sapiens.

2728 3966 2962 4025 CAPUT
3020 3966 3093 4021 ΙΙ.

2089 4063 2342 4143 Tempore
2370 4061 2615 4143 Ραηξαξί
2654 4073 2837 4143 rere,
2886 4060 2937 4113 ετ
2985 4054 3196 4143 street
3243 4048 3743 4143 Qméan‘imstfi'

2158 4122 2329 4203 ta'nae,
2362 4133 2617 4204 Symbolo
2645 4122 2858 4202 adjecta
2883 4144 2997 4204 non
3015 4122 3134 4204 fuit
3162 4129 3471 4196 particula,
3524 4149 3547 4204 ᾳ
3581 4122 3748 4204 Fit__io-

2159 4222 2281 4277 que.
2315 4196 2347 4254 3>
2401 4196 2539 4259 Eam
2568 4196 2997 4277 tamen_passim
3023 4196 3236 4277 dgcent,
3264 4217 3332 4256 ac
3375 4202 3621 4277 tuentur
3645 4196 3745 4277 Eg-

2160 4262 2346 4332 clesiae
2385 4278 2600 4343 Patres,
2655 4262 3002 4330 divinitatem
3045 4262 3284 4343 Spiritus
3332 4274 3518 4343 sancti
3563 4262 3745 4343 vindi-

2161 4356 2370 4404 cantes.
2424 4338 2705 4402 Decretum
2750 4344 2969 4417 synodi,
2993 4338 3348 4399 acumenicaz
3401 4338 3747 4417 Ephesium“:

2198 4436 2265 4475 uo
2294 4434 2452 4475 novae
2482 4418 2731 4487 Symboli
2747 4406 3027 4503 formulae
3052 4418 3331 4469 vetantur.
3369 4406 3549 4479 Vocis,
3604 4428 3625 4457 ε
3658 4406 3746 4460 Fi-

2198 4493 2344 4530 r‘nmu
2400 4512 2423 4530 ι
2466 4479 2756 4530 ηδὸορϋητη
2813 4501 2936 4530 num
2962 4489 3147 4530 nautea.
3178 4488 3326 4530 fluam
3368 4496 3459 4530 est
3502 4498 3615 4530 non.
3654 4476 3746 4530 οὺ-

2202 4613 2464 4690 essent
2477 4613 2640 4690 lich
2653 4613 2935 4703 passa"
2948 4613 3201 4703 adjectio,
3238 4613 3346 4703 ea
3396 4613 3621 4703 meo
3677 4613 3750 4703 9d

2204 4707 2410 4783 celesiae
2439 4693 2805 4783 disciplinam
2827 4721 2844 4783 ξ
2892 4693 3090 4783 synodi
3117 4693 3576 4783 ϐᾇαὶσϐάιξπθζῑδίδ

2164 4778 2482 4834 Peculiares
2520 4768 2724 4847 aliqua:
2769 4768 3312 4847 ﬁdei'confessiones
3360 4775 3547 4847 instar
3589 4768 3748 4836 Sym-

2167 4849 2286 4906 boli
2312 4849 2488 4918 edita,
2519 4852 2572 4903 et
2600 4844 2664 4902 in
2686 4847 2912 4919 synodis
2937 4846 3285 4901 aecumenicis
3312 4844 3652 4917 approbatis.

2162 4955 2207 5011 Ι.
2240 4955 2502 5011 Fuerunt
2548 4952 2733 5009 Latini
2783 4956 2841 5007 et
2890 4950 3068 5007 αι’ωοὶ
3121 4950 3457 5024 scriptores,
3492 4944 3595 5021 qui
3650 4954 3747 5024 vo-

2093 5060 2241 5116 cem,
2272 5045 2541 5115 Filioque,
2576 5059 2609 5098 a
2656 5043 2909 5098 Damaso
2950 5040 3212 5096 Romano
3243 5023 3539 5113 pontiﬁce,
3572 5034 3631 5087 et
3672 5023 3746 5116 ab

2092 5113 2857 5208 ipso—Constantinopolitano
2884 5131 3092 5203 synodo
3121 5129 3414 5201 adjectum
3447 5113 3746 5208 εγωδριο,

2093 5206 2317 5280 scilicet
2364 5220 2988 5292 Constantinopolitano,
3041 5218 3258 5275 dixere.
3311 5218 3424 5275 Leo
3473 5206 3745 5292 AllatiuS:

2090 5313 2153 5369 in
2185 5329 2357 5385 opere
2385 5312 2666 5368 adversus
2690 5289 3122 5383 Hottingerum,
3146 5306 3335 5381 capite
3362 5309 3455 5376 20,
3488 5289 3748 5393 nonnul—

2092 5406 2181 5459 los
2230 5402 2459 5458 Graecos
2506 5401 2704 5468 refert,
2757 5399 2857 5473 qui
2909 5398 3093 5455 Alexii
3146 5397 3421 5454 Aristeni.
3478 5386 3746 5473 Ecclesia?

2092 5490 2751 5562 Constantinopolitanae
2774 5472 2986 5546 saeculo
3017 5487 3364 5544 duodecimo
3391 5472 3745 5570 chartoplfY‘

2091 5580 2256 5653 lacis,
2291 5579 2635 5636 auctoritate
2667 5579 2847 5647 ducti,
2883 5583 3132 5634 Damaso
3171 5574 3435 5649 pontifici
3465 5566 3743 5655 adjectitl:

2093 5647 2252 5727 nem'
2286 5668 2637 5726 attribuunt.
2696 5669 2906 5725 Errant
2962 5647 3223 5724 omnino.
3284 5659 3538 5731 Quaestio
3607 5647 3742 5707 facti

2092 5764 2200 5818 est.
2234 5759 2380 5818 Rem
2409 5774 2666 5834 namque
2695 5757 2873 5818 silent
2900 5758 3133 5816 vetusta
3160 5755 3343 5829 hujus
3383 5750 3487 5813 aevi
3530 5750 3742 5801 monu-
