4090 6446
350 462 469 525 157

1558 456 1772 524 νΙΤΑ.
1803 490 1883 505 --
1900 452 2431 522 ‘DISSERTATIO
2470 458 2550 522 II.

3657 448 3781 514 158

359 598 560 653 menta
610 594 835 652 omnia.
886 595 1055 652 Caret
1117 586 1278 666 voce,
1335 595 1611 667 Filioque,
1669 591 2013 667 Symbolum
2044 590 2098 657 Α
2127 591 2201 647 de
2229 589 2507 664 loquendi
2566 554 2791 649 ratione
2832 588 3170 665 plusculum
3203 586 3488 661 litigare);
3523 585 3636 643 sibi
3687 589 3776 641 ta-

361 685 580 759 ipsum,
623 684 784 756 quod
834 683 1503 758 Constantinopolitanum
1549 685 1825 755 dicimus,
1883 688 2014 739 tum
2127 696 2261 736 men
2292 698 2534 754 prorsus
2562 682 2767 749 videri,
2800 681 2954 738 hanc
2983 683 3042 737 in
3076 681 3283 735 incerto
3312 694 3435 733 rem
3476 693 3594 732 non
3642 674 3776 732 reli-

370 773 433 830 in
457 771 839 829 conciliorum
870 772 1344 839 Collectionihus,
1377 777 1504 828 tum
1547 773 1619 828 ab
1647 772 2017 845 Ephiphanio
2127 773 2308 841 quisse
2367 774 2688 828 Dominum.
2742 771 2934 827 Verba
3002 770 3181 826 refert
3243 767 3384 824 Jesu
3442 765 3659 821 Christi
3708 781 3779 820 ex

373 866 537 918 antea
564 860 819 917 relatum
849 860 912 915 in
962 861 1228 917 Ancorato
1262 880 1274 916 :
1305 862 1484 934 idque
1530 863 1782 917 traditur
1812 877 2018 930 unum,

376 950 525 1023 quod
555 949 910 1006 Eunomiani
948 951 1263 1021 negabant,
1312 952 1581 1022 Spiritum
1631 951 1851 1006 scilicet
1891 966 2020 1006 sau-

370 1048 514 1096 ctum
532 1039 829 1110 procedere
854 1039 1290 1095 exPatre.Hanc
1321 1056 1501 1096 unam
1526 1040 1699 1094 ﬁdem
1730 1040 2023 1095 Damasus

372 1144 523 1200 papa
555 1129 863 1200 proposuit
890 1127 951 1183 in
984 1128 1208 1200 synodo
1238 1129 1504 1185 Romana
1534 1146 1687 1185 anno
1718 1130 1845 1200 379,
1879 1129 2024 1184 Ana-

369 1217 580 1283 thema,
604 1217 810 1273 dicens
829 1217 881 1272 si
904 1219 1033 1289 quis
1059 1234 1176 1273 non
1203 1218 1410 1274 dixerit
1462 1218 1729 1289 Spiritum
1774 1221 2029 1274 sanctum

364 1305 431 1365 de
458 1308 630 1362 Patre
657 1322 770 1363 esse
802 1323 933 1362 vere
958 1322 1031 1362 ac
1055 1309 1283 1379 praprie
1302 1325 1322 1363 :
1340 1309 1599 1380 itemque
1619 1308 1803 1378 siquis
1821 1307 2030 1362 dixerit

364 1397 646 1469 Spiritum
671 1400 923 1452 sanctum
948 1399 1249 1466 facturam.
1282 1405 1381 1452 aut
1405 1413 1504 1468 per
1559 1396 1772 1452 Filium
1800 1400 2027 1468 factum.

444 1489 604 1540 Inter
631 1484 818 1556 Opera
849 1485 1039 1542 sancti
1070 1486 1408 1558 Hieronymi
1450 1485 1754 1559 vulgatum
1803 1488 2032 1557 prostat

374 1572 617 1629 Damasi
663 1572 1014 1644 Symbolum.
1065 1574 1197 1629 Haec
1244 1573 1328 1630 ibi
1390 1575 1642 1647 legimus
1692 1590 1706 1630 :
1756 1573 2033 1642 Spiritum

370 1670 646 1730 sanctum,
680 1676 791 1719 non
815 1665 1084 1735 genitum,
1134 1678 1309 1737 neque
1353 1666 1671 1736 ingenitum
1693 1681 1711 1718 :
1741 1680 1853 1720 non
1879 1679 2031 1719 crea-

376 1755 523 1818 tum,
568 1768 742 1823 neque
787 1754 997 1820 factum
1044 1770 1064 1807 :
1087 1753 1179 1807 sed
1223 1752 1288 1807 de
1332 1754 1519 1824 Patre,
1567 1753 1810 1824 Filioque
1851 1767 2036 1824 proce-

378 1839 620 1907 dentem,
667 1843 832 1897 Patri
867 1850 920 1896 et
958 1842 1101 1897 Filio
1155 1846 1516 1908 coaeternum,
1581 1850 1632 1897 et
1674 1842 2033 1914 coeequatem.

377 1930 694 2001 Perperam
724 1929 786 1985 in
815 1929 1158 2002 praesidium
1189 1930 1376 1986 Alexii
1416 1930 1674 1986 Aristoni
1709 1930 1828 1986 hac
1859 1931 2034 1985 advo-

381 2022 622 2075 caretur
667 2021 1037 2075 auctoritas:
1088 2021 1282 2093 agitur
1328 2036 1586 2092 namque
1639 2022 1712 2075 de
1762 2020 1919 2075 vocis
1947 2021 2037 2075 Fi-

393 2107 579 2180 lioque
603 2108 1001 2165 additamento
1045 2110 1118 2166 ad
1166 2109 1494 2182 Symbolum
1540 2110 2040 2182 Constantinopoli-

388 2202 605 2253 tanum.
647 2199 831 2270 Atqui
876 2215 1088 2255 rursus
1134 2200 1290 2255 idem
1337 2199 1659 2272 Symbolum
1715 2199 1933 2271 legitur
1977 2200 2036 2254 in

387 2286 895 2359 Quinquagesima
924 2287 1077 2344 inter
1105 2288 1345 2344 Latinas
1392 2287 1655 2350 Gregorii
1695 2287 2041 2344 Nazianzeni

383 2373 697 2431 Orationes
727 2392 741 2431 :
776 2375 1042 2452 itemque
1070 2390 1339 2432 sermone
1358 2376 1467 2431 235
1488 2377 1640 2434 I55
1666 2376 1815 2432 infer
1834 2376 2044 2447 Augus-

383 2463 637 2521 tinianos
665 2463 727 2519 in
753 2464 1113 2537 Appendice,
1141 2470 1201 2521 et
1230 2465 1289 2520 in
1320 2465 1519 2521 codice
1549 2465 1831 2522 Canonum
1859 2465 2040 2521 Eccle-

380 2554 486 2607 siz
516 2553 794 2615 Romanas,
833 2566 1010 2625 quem
1067 2552 1329 2626 vulgavit
1374 2553 1768 2620 Quesnellius.
1819 2557 1886 2608 In
1918 2569 2040 2610 ser-

380 2658 563 2699 mone
590 2641 769 2698 citato
800 2642 956 2714 apud
987 2642 1386 2715 Augustinum
1410 2643 1495 2699 sic
1524 2642 1778 2715 legimus
1809 2660 1822 2699 :
1855 2643 1959 2700 Sed
1977 2644 2045 2698 de

380 2732 558 2787 Patre
584 2730 1055 2803 procedentem,et
1080 2732 1243 2800 Filio,
1270 2733 1451 2788 Patris
1477 2738 1534 2787 et
1579 2733 1716 2788 Filii
1746 2732 2039 2804 Spiritum.

383 2819 520 2876 Hac
551 2819 746 2876 solum
790 2819 1137 2892 posteriora,
1185 2837 1302 2877 non
1362 2822 1553 2892 prima
1605 2822 1783 2877 verba
1825 2821 2044 2877 habent

384 2908 886 2981 quinquagesima
913 2908 1264 2966 Naaianzeni
1295 2910 1503 2965 Latina
1542 2910 1749 2977 oratio,
1781 2915 1838 2966 et
1867 2916 2045 2983 caput

384 2997 749 3054 tricesimum
781 3014 1008 3054 nonum
1036 2997 1261 3055 laudati
1292 2998 1531 3055 codicis.
1563 2999 1866 3055 Athanasii
1902 3017 2041 3073 ope-

393 3086 559 3143 ribus
584 3086 731 3142 olim
760 3086 1052 3144 insertum
1081 3088 1388 3158 prostabat
1427 3087 1586 3143 idem
1645 3089 1990 3161 Symbolum
2024 3106 2039 3146 :

396 3175 549 3231 unde
577 3174 724 3232 satis
732 3175 862 3246 jam
886 3180 1049 3247 patet
1068 3175 1392 3248 genuinum
1405 3175 1522 3232 dici
1539 3176 1776 3232 Damasi
1789 3193 2041 3249 opuscu-

398 3261 514 3319 lum
544 3280 662 3320 non
692 3279 887 3336 posse.
919 3263 1429 3337 VigilioTapsensi
1450 3264 1596 3320 illud
1620 3265 1862 3323 attribui
1888 3268 2042 3323 vole-

394 3353 490 3409 bat
515 3326 846 3409 Chifﬁ‘etius
879 3370 893 3409 :
928 3326 1432 3426 tribuendqune
1473 3355 1845 3420 Quesnellius
1874 3361 2046 3428 putat
2074 3326 2116 3393 Ο

389 3441 801 3498 dissertatione
831 3443 920 3512 14,
954 3442 1013 3498 in
1047 3459 1293 3515 operum
1324 3445 1512 3500 sancti
1541 3444 1748 3501 Leonis
1765 3445 2042 3515 editione,

387 3529 671 3602 Gregorio
700 3530 942 3588 natione
994 3530 1277 3604 Hispano,
1307 3532 1606 3604 provincia
1660 3533 1890 3604 Baetica,
1925 3533 2044 3591 Illi—

394 3619 666 3676 beritano
693 3620 989 3693 episcopo,
1024 3621 1127 3692 qui
1156 3621 1315 3677 circa
1342 3638 1564 3677 annum
1607 3623 1714 3677 370
1765 3622 2043 3680 clarabat.

465 3709 535 3764 II.
593 3707 941 3781 Quanquam
988 3726 1124 3766 vero
1172 3709 1413 3766 Damasi
1471 3727 1656 3782 papa,
1701 3715 1759 3767 et
1814 3713 2046 3768 concilii

389 3797 1030 3871 Constantinppolitani
1087 3804 1369 3871 tempore,
1450 3799 1739 3871 particula
1792 3803 2048 3875 Filioque

389 3886 672 3960 Symbolo
714 3887 935 3959 pariter
984 3886 1590 3960 Constantinopolitano
1648 3891 1875 3962 adjecta
1927 3906 2045 3947 non

388 3975 513 4032 tuit
546 3994 562 4044 ;
594 3976 747 4032 hanc
776 3976 1164 4033 nihilominus
1207 3977 1430 4049 passim
1476 3978 1720 4034 tradunt
1776 3972 2045 4036 Ecclesiae

388 4065 620 4132 Patres,
665 4070 768 4121 aut
805 4064 1157 4136 particulam
1214 4066 1406 4138 ipsam
1466 4083 1502 4124 a
1554 4068 1718 4134 Filio,
1778 4066 1898 4124 sive
1947 4085 2046 4140 per

385 4155 603 4211 Filium
630 4154 1049 4226 exprimentes,
1080 4158 1183 4211 aut
1211 4154 1647 4227 mquipollentia
1687 4172 1827 4212 sane
1845 4158 2042 4214 verba.

384 4242 855 4315 Equipollentes
886 4242 979 4300 aio
1035 4260 1224 4313 voces,
1285 4261 1414 4316 quas
1471 4243 1533 4299 in
1581 4244 1854 4316 praedicta
1909 4246 2047 4303 ﬁdei

386 4331 673 4399 formula,
720 4333 1131 4406 cujuscunque
1191 4334 1430 4391 tandem
1500 4333 1597 4403 sit,
1671 4343 2043 4391 occurrunt:

384 4424 669 4496 Spiritum
704 4430 959 4479 sanctum
1002 4423 1212 4489 Patris,
1252 4432 1306 4479 et
1363 4421 1509 4479 Filii
1550 4441 1569 4478 :
1619 4422 1878 4495 itemque
1922 4423 2042 4494 illa,

387 4529 521 4585 quas
550 4510 613 4567 in
645 4510 1051 4584 Epiphaniana
1079 4510 1380 4584 prolixiori
1423 4512 1683 4567 secunda
1727 4511 2041 4582 habentur,

2128 862 2374 930 Joanne,
2425 862 2613 935 capite
2667 862 2756 925 13,
2808 878 2974 926 num,
3023 861 3089 914 12
3121 875 3134 914 :
3166 860 3240 914 De
3279 872 3397 913 meo
3445 857 3694 927 accipiet,
3730 862 3781 910 et

2131 951 2489 1006 annuntiabit
2517 953 2692 1006 vobis.
2727 949 2928 1004 Omnia
2984 961 3328 1020 quaerunque
3386 945 3548 999 habet
3591 944 3779 1012 Pater,

2131 1055 2255 1095 mea
2308 1043 2439 1095 sunt
2469 1055 2482 1094 :
2510 1048 2737 1111 proptea
2792 1039 2941 1105 dixi,
2998 1039 3072 1093 De
3127 1052 3247 1091 meo
3304 1035 3553 1104 accipiet,
3599 1039 3650 1087 et
3681 1049 3781 1087 an-

2132 1130 2417 1185 nuntiabit
2461 1129 2631 1184 vobis.
2685 1130 2835 1184 Tum
2888 1143 3022 1182 vero
3080 1123 3645 1197 argumentationem
3693 1119 3784 1175 in-

2137 1219 2316 1274 struit
2348 1235 2362 1273 :
2398 1240 2425 1268 ‹‹
2458 1223 2505 1271 Α
2538 1217 2682 1273 Filio
2714 1217 2896 1289 igitur
2946 1214 3160 1287 accipit
3216 1210 3556 1285 (inquiens),
3602 1209 3703 1282 qui
3732 1214 3790 1264 et

2137 1307 2211 1363 ab
2232 1324 2298 1362 eo
2333 1307 2608 1373 mittitur,
2640 1310 2697 1361 et
2731 1323 2765 1361 a
2793 1305 2961 1361 Patre
3010 1302 3292 1377 procedit.
3352 1302 3417 1356 Et
3473 1300 3789 1370 interrogo,

2138 1400 2339 1452 utrum
2371 1396 2427 1450 id
2459 1396 2655 1467 ipsum
2690 1394 2768 1451 sit
2796 1411 2833 1450 a
2859 1395 3001 1449 Filio
3033 1394 3301 1463 accipere,
3355 1389 3511 1462 quod
3561 1405 3595 1443 a
3624 1393 3794 1442 Patre

2137 1486 2445 1557 procedere.
2480 1485 2641 1548 Quod
2676 1484 2726 1539 si
2759 1484 2991 1539 diti‘erre
3021 1482 3291 1538 credetur
3339 1480 3495 1534 inter
3551 1478 3795 1547 accipere

2139 1591 2176 1631 a
2206 1575 2371 1642 Filio,
2404 1577 2461 1629 et
2491 1591 2531 1630 a
2562 1576 2728 1629 Patre
2754 1572 3041 1645 procedere
3070 1588 3090 1634 ;
3114 1574 3269 1626 certe
3327 1568 3386 1623 id
3445 1567 3640 1639 ipsum
3703 1569 3793 1620 at-

2143 1680 2256 1735 que
2313 1680 2496 1719 unum
2547 1679 2675 1718 esse
2719 1659 3173 1729 existimabitur,
3240 1676 3274 1713 a
3317 1657 3465 1713 Filio
3523 1656 3791 1726 accipere,

2144 1754 2300 1826 quod
2332 1754 2410 1808 sit
2445 1754 2692 1824 accipere
2718 1769 2753 1805 a
2782 1757 2974 1817 Patre,
3008 1750 3138 1822 Ipse
3185 1747 3341 1804 enim
3390 1746 3545 1803 156
3593 1744 3791 1800 Domi-

2146 1859 2259 1899 nus
2286 1842 2368 1897 ait
2403 1842 2712 1911 :Quoniam
2741 1842 2811 1896 de
2855 1856 2974 1896 meo
3022 1839 3279 1911 accipiet,
3339 1844 3392 1891 et
3435 1833 3796 1890 annuntiabit

2068 1957 2116 2022 Β
2144 1933 2314 1989 vobis.
2367 1930 2566 1987 Omnia
2611 1946 2947 2002 quacunque
2992 1930 3154 1984 habet
3202 1929 3384 1991 Pater,
3433 1939 3556 2022 mea
3580 1930 3724 2022 sunt
3776 1939 3795 1975 :

2145 2024 2429 2093 propterea
2461 2021 2603 2088 dixi,
2636 2025 2720 2076 De
2748 2035 2868 2075 meo
2896 2020 3148 2089 accipiet,
3180 2019 3231 2072 et
3286 2013 3651 2071 annuntiabit
3702 2027 3794 2066 vo-

2150 2111 2249 2166 bis.
2283 2111 2400 2166 Hoc
2426 2110 2582 2182 quod
2614 2109 2859 2180 accipiet
2888 2111 2910 2178 (
2940 2108 3059 2163 sive
3089 2108 3349 2178 potestas
3379 2106 3488 2173 est,
3531 2102 3649 2158 sive
3680 2100 3796 2154 vir-

2146 2204 2268 2265 tus,
2300 2200 2421 2255 sive
2449 2198 2758 2270 doctrina),
2788 2197 2971 2253 Filius
3031 2213 3064 2251 a
3118 2213 3179 2252 se
3231 2191 3613 2266 accipiendum
3668 2204 3799 2245 esse

2149 2287 2295 2343 dixit
2327 2292 2422 2355 ;et
2450 2303 2689 2341 rursum
2743 2285 2853 2341 hoc
2900 2284 3097 2358 ipsum
3150 2283 3460 2357 significat,
3517 2280 3797 2351 accipien-

2148 2377 2280 2432 dum
2308 2393 2423 2432 esse
2449 2375 2515 2431 de
2536 2381 2732 2431 Patre.
2764 2375 2910 2430 Cum
2941 2375 3099 2431 enim
3132 2374 3213 2430 ait
3242 2392 3255 2428 :
3291 2372 3493 2428 Omnia
3531 2384 3798 2444 quaecun-

2149 2482 2256 2537 que
2284 2466 2446 2520 habet
2476 2466 2660 2535 Pater,
2716 2480 2817 2519 sua
2864 2479 2978 2520 esse
3015 2481 3038 2526 ;
3068 2467 3126 2519 et
3173 2462 3391 2518 idcirco
3449 2459 3668 2515 dixisse
3714 2473 3797 2525 se,

2149 2553 2215 2609 de
2242 2569 2339 2608 suo
2364 2551 2744 2623 accipiendum
2771 2567 2904 2621 esse,
2938 2551 3106 2606 docet
3134 2548 3335 2618 etiam,
3366 2564 3401 2602 a
3450 2547 3614 2601 Patre
3659 2543 3803 2600 acci-

2146 2641 2372 2715 pienda,
2414 2658 2449 2697 a
2475 2657 2533 2696 se
2555 2645 2739 2695 tamen
2770 2641 2949 2710 accipi
2977 2657 2997 2694 :
3029 2638 3169 2710 quia
3199 2636 3401 2693 omnia
3430 2651 3560 2707 quae
3610 2632 3801 2688 Patris

2151 2735 2310 2799 sunt,
2345 2748 2456 2787 sua
2500 2730 2640 2786 sint.
2697 2752 2725 2780 «
2777 2728 2995 2785 Hilario
3042 2726 3284 2800 perinde
3330 2728 3473 2791 erat,
3519 2721 3800 2796 Spiritum

2151 2824 2423 2876 sanctum
2470 2817 2761 2890 procedere
2812 2835 2852 2874 α
2903 2819 3088 2883 Patre,
3148 2819 3206 2871 et
3261 2814 3506 2885 accipere
3554 2829 3591 2866 a
3639 2810 3800 2879 Filio,

2152 2914 2326 2980 atque
2361 2908 2556 2979 ipsum
2586 2924 2621 2963 a
2648 2908 2813 2981 Patre
2840 2914 2894 2961 et
2922 2922 2957 2961 a
3003 2905 3148 2960 Filio
3203 2902 3516 2976 procedere.
3576 2900 3658 2956 De
3707 2915 3804 2954 vo-

2153 2997 2319 3052 cibus
2350 2996 2450 3051 lite
2481 2996 2898 3068 praetermissa,
2931 2992 3131 3067 negari
3173 3009 3292 3048 non
3336 3005 3508 3062 posse
3538 2988 3641 3057 ait,
3672 2992 3802 3042 tum

2152 3088 2400 3150 aPatre,
2433 3090 2561 3141 tum
2611 3101 2645 3139 a
2699 3085 2835 3140 Filio
2893 3084 3136 3155 accipere
3191 3080 3477 3154 Spiritum
3531 3079 3801 3134 sanctum

2151 3174 2476 3243 doctrinam,
2499 3176 2778 3241 virtutem,
2819 3176 3158 3245 potestatem,
3207 3170 3470 3241 adeoque
3511 3172 3568 3224 et
3608 3167 3800 3238 ipsam

2154 3263 2740 3334 exsistentiamzquod
2765 3266 2853 3317 est
2872 3261 3070 3334 ipsum
3092 3258 3389 3316 catholica
3406 3257 3542 3313 ﬁdei
3564 3257 3799 3328 dogma,

2155 3352 2408 3409 dictione
2433 3353 2798 3424 processionis
2817 3367 2887 3407 ea:
2914 3355 3146 3422 utroque
3175 3363 3539 3421 expressum.

2223 3444 2304 3499 Ad
2341 3442 2654 3514 scriptores
2683 3457 2804 3507 eos,
2837 3440 3192 3511 quibuscum
3238 3437 3397 3492 litem
3446 3436 3517 3491 de
3561 3434 3803 3490 vocibus

2153 3531 2411 3589 Hilarius
2476 3530 2692 3586 habere
2750 3546 2865 3585 non
2930 3529 3077 3598 vult,
3145 3527 3395 3582 fortasse
3459 3522 3807 3597 respiciebat

2159 3622 2434 3687 Rusticus,
2467 3620 2742 3675 Romanis
2778 3617 3050 3674 Ecclesiae
3103 3616 3408 3682 diaconus,
3440 3613 3502 3669 in
3531 3610 3805 3685 Disputa-

2155 3713 2316 3767 tione
2366 3713 2570 3765 contra
2632 3706 2976 3780 Acephalos,
3044 3705 3235 3761 medio
3301 3703 3532 3759 circiter
3593 3701 3805 3758 saeculo

2158 3803 2320 3855 sexto
2351 3797 2571 3869 scripta
2602 3811 2615 3851 :
2666 3797 2835 3851 Pater
2881 3796 3093 3864 genuit,
3126 3793 3421 3864 inquiens,
3453 3792 3503 3847 et
3555 3806 3667 3846 non
3725 3804 3809 3859 ge-

2155 3891 2307 3943 nitus
2337 3892 2436 3954 est,
2468 3894 2520 3941 et
2548 3886 2617 3941 ab
2648 3887 2837 3956 aliqua
2865 3886 2977 3939 alio
3005 3899 3113 3939 non
3155 3890 3253 3948 est,
3286 3883 3428 3938 sicut
3453 3896 3525 3936 ea:
3569 3895 3632 3936 eo
3675 3881 3809 3935 sunt

2156 3978 2280 4033 alii.
2315 3976 2489 4033 Filias
2517 3990 2642 4031 vero
2670 3975 2891 4043 genitus
2919 3976 3016 4042 est,
3047 3977 3098 4029 et
3124 3972 3271 4028 nihil
3313 3970 3809 4041 consempiternum

2153 4068 2361 4138 genuit.
2396 4069 2463 4120 Et
2492 4064 2734 4135 Spiritus
2762 4072 2985 4118 sanctus
3036 4077 3072 4117 a
3125 4063 3289 4115 Patre
3340 4058 3584 4130 procedit
3611 4075 3630 4112 :
3659 4057 3808 4112 nihil

2155 4156 2658 4226 consempiternum
2713 4152 2973 4224 procedit,
3024 4150 3116 4206 vel
3163 4150 3416 4219 genitum
3479 4155 3561 4203 est
3604 4146 3675 4202 ab
3722 4162 3804 4201 eo.

2157 4245 2394 4315 Quidam
2419 4259 2546 4299 vero
2583 4244 2946 4314 Antiquorum
2989 4249 3040 4296 et
3080 4241 3179 4295 hoc
3231 4239 3661 4310 proprietatibus
3704 4237 3807 4291 ad-

2154 4337 2411 4408 jecerunt
2442 4352 2462 4389 :
2506 4335 2638 4405 quia
2691 4341 2835 4388 sicut
2889 4331 3134 4397 Spiritus
3182 4337 3403 4385 sanctus
3459 4343 3588 4384 cum
3642 4326 3808 4383 Patre

2153 4426 2369 4480 Filium
2394 4424 2801 4494 sumpiternum
2855 4437 2965 4476 non
3020 4420 3230 4491 genuit,
3288 4419 3367 4472 sic
3406 4432 3509 4472 nec
3556 4415 3808 4487 procedit

2160 4513 2403 4585 Spiritus
2457 4527 2495 4567 a
2549 4512 2690 4566 Filio
2746 4513 2890 4566 sicut
2945 4526 2985 4565 α
3041 4510 3225 4564 Patre.
3302 4510 3414 4575 Ego
3469 4521 3619 4573 vero,
3676 4506 3811 4576 quia

386 4619 423 4657 a
466 4603 639 4657 Patre
672 4600 1078 4672 paocedentem,
1128 4600 1488 4672 accipientem
1535 4617 1571 4656 a
1594 4601 1760 4657 Filio.
1811 4600 2044 4657 Prostat
2156 4602 2403 4675 Spiritus
2446 4601 2663 4671 quidem
2710 4615 2823 4655 non
2866 4600 3061 4668 genuit
3104 4597 3452 4668 sempiterne,
3507 4595 3806 4666 proﬁteor:

389 4690 577 4747 etiam
602 4689 757 4747 inter
787 4693 936 4746 Acta
966 4689 1171 4746 Latina
1200 4690 1405 4763 synodi
1448 4688 1817 4756 Florentinm,
1873 4690 2048 4747 colla-
2079 4696 2123 4760 ἶ)
2156 4708 2256 4748 nec
2281 4692 2433 4747 enim
2461 4690 2594 4745 duos
2618 4690 2874 4744 diximus
2903 4689 3115 4743 Patres.
3178 4687 3355 4743 Unum
3408 4699 3534 4740 vero
3580 4700 3617 4738 a
3670 4683 3812 4738 Filio

391 4779 557 4837 tione
575 4779 669 4849 21,
705 4779 981 4851 Confessio
1011 4778 1141 4849 ﬁdei
1167 4778 1474 4846 catholicae,
1508 4795 1661 4851 qum.
1693 4796 1729 4834 a
1770 4795 1917 4851 papa
1947 4781 2055 4835 Da-
2165 4781 2354 4837 eodem
2382 4780 2698 4850 modo,-quo
2747 4793 2819 4832 ea:
2862 4778 3048 4843 Patre,
3095 4776 3379 4847 procedat,
3424 4789 3541 4827 non
3574 4772 3813 4844 perfecte

388 4883 545 4925 masc
573 4871 744 4924 missa
770 4867 1074 4924 dicitur-ad
1104 4868 1833 4924 PaulinuutAntiochenum
1854 4884 2052 4941 eptsco-
2160 4871 2327 4925 habeo
2383 4870 2753 4938 satisfactum.
2813 4864 3054 4935 Antiqui
3103 4863 3211 4928 illi,
3290 4879 3438 4934 quos
3501 4862 3808 4931 memorat,

385 4974 531 5031 pum
559 4974 580 5012 .°
609 4957 710 5012 ubi
740 4956 995 5029 Spiritus
1025 4961 1267 5014 sanctus
1293 4956 1387 5013 bis
1446 4957 1732 5013 asseritur
1785 4957 1850 5014 de
1877 4960 2049 5015 Patre
2154 4958 2535 5032 procedentem
2589 4973 2624 5011 a
2680 4956 2847 5010 Patre
2901 4952 3170 5024 Spiritum
3216 4951 3573 5020 fatebantur,
3632 4965 3808 5020 nega-

387 5047 648 5118 Filioque
672 5046 988 5118 procedens.
1048 5046 1267 5103 Eadem
1322 5050 1413 5103 est
1468 5062 1600 5102 cum
1657 5049 1852 5117 regula
1896 5047 2046 5119 ﬁdei,

388 5153 571 5209 quam
603 5151 677 5192 ex
705 5136 1013 5209 prscripta
1034 5135 1243 5192 Leonis
1273 5135 1467 5209 Magni
1499 5136 1714 5192 editam
1745 5136 1819 5192 ab
1840 5136 2048 5210 Hispa-

385 5226 485 5283 nis
517 5224 839 5299 episcopis,
871 5223 1063 5296 capite
1090 5229 1374 5297 sequente
1404 5224 1719 5281 dicendum
1754 5229 1866 5291 est,
1899 5244 1958 5281 n.
1991 5228 2046 5283 4.

461 5314 616 5371 Suos
644 5314 720 5371 de
772 5313 1062 5370 Trinitate
1118 5313 1301 5371 libros
1358 5314 1706 5370 conficiebat
1775 5314 2049 5384 Hilarius,

389 5404 767 5461 Pictavorum
822 5402 1137 5475 episcopus
1193 5407 1331 5458 ante
1394 5409 1657 5459 exortam
1730 5403 2050 5461 Macedonii

387 5492 697 5561 heresim,
718 5494 791 5548 nt
812 5494 984 5564 putat
1012 5496 1221 5548 Petrus
1251 5492 1627 5549 Constantius
1662 5509 1673 5548 :
1703 5493 2052 5565 dicebatque

387 5583 540 5640 libro
572 5599 675 5639 vm
704 5597 853 5637 num
893 5581 985 5647 20,
1044 5597 1110 5637 se
1160 5581 1223 5637 in
1277 5581 1377 5640 hoc
1428 5598 1538 5638 non
1583 5582 1925 5638 calumniari
1979 5582 2050 5637 li-

393 5673 597 5729 bertati
622 5671 1048 5742 intelligentiae,
1078 5673 1270 5727 utrum
1298 5687 1369 5727 ea:
1417 5676 1610 5741 Patre,
1662 5688 1739 5727 an
1792 5688 1865 5727 ea:
1909 5672 2052 5727 Filio

392 5761 670 5836 Spiritum
700 5756 1074 5817 Paraeletum
1098 5761 1291 5833 putent
1312 5774 1435 5817 esse
1486 5758 1624 5834 (hoc
1662 5763 1757 5817 est
1797 5759 1951 5817 nolle
1988 5776 2054 5817 se

2155 5049 2302 5104 bant
2329 5045 2711 5116 procedentem
2743 5060 2778 5098 a
2803 5042 2964 5106 Filio,
3024 5042 3121 5097 Lis
3146 5044 3270 5096 erat
3324 5039 3397 5095 de
3445 5054 3605 5109 voce,
3665 5054 3810 5109 quo-

2158 5136 2321 5192 niam
2354 5133 2644 5206 Spiritum
2675 5149 2711 5187 a
2737 5132 2886 5187 Filio
2926 5131 3291 5197 accipientem
3315 5128 3647 5184 credebant.
3699 5126 3815 5181 Ru-

2160 5224 2346 5282 sticus
2390 5221 2639 5278 inﬁciari
2670 5237 2786 5277 non
2819 5220 3017 5285 audet,
3058 5218 3345 5292 Spiritum
3381 5234 3416 5273 a
3446 5217 3583 5273 Filio
3623 5229 3846 5287 prose--

2159 5314 2303 5371 dere.
2356 5318 2590 5383 Anceps
2618 5314 2765 5380 erat,
2826 5325 2969 5365 num
3000 5308 3123 5364 haec
3147 5325 3274 5375 vox,
3306 5322 3433 5379 quae
3488 5304 3550 5359 in
3609 5303 3812 5360 ordine

2159 5404 2233 5459 ad
2265 5403 2494 5457 Patrem
2547 5398 2881 5469 adhibetur,
2941 5397 3216 5470 usurpari
3266 5397 3477 5452 debeat
3519 5393 3578 5448 in
3606 5392 3810 5448 ordine

2160 5493 2231 5548 ad
2264 5490 2501 5547 Filium.
2532 5492 2664 5543 Haec
2717 5488 2906 5560 prima
2943 5486 3179 5543 obscuri
3227 5484 3334 5541 loci
3386 5482 3809 5555 interpretatio,

2161 5579 2388 5637 Rustici
2418 5578 2664 5634 dubium
2690 5578 2869 5633 refert
2898 5577 3081 5632 altera
3125 5578 3195 5632 ad
3243 5572 3637 5648 processionis
3685 5586 3809 5625 mo-

2161 5671 2305 5726 dum
2338 5687 2351 5724 :
2386 5684 2461 5723 an
2493 5667 2696 5723 eodem
2727 5667 2901 5723 modo
2949 5683 2983 5721 a
3034 5665 3175 5721 Filio
3224 5663 3501 5737 procedat
3531 5659 3806 5733 Spiritus,

2163 5757 2668 5832 quemadmodum
2719 5773 2754 5813 a
2797 5758 2982 5815 Patre.
3030 5754 3415 5813 Distinctione
3455 5767 3605 5826 opus
3651 5754 3742 5806 est
3791 5763 3805 5807 :
