4090 6428
269 415 390 480 159

1298 417 1616 483 GEORGII
1659 415 1923 481 CYPRII
1966 413 2086 479 GP.
2132 415 2667 480 PATRIARCILE

3572 414 3685 479 160

268 552 590 625 eodemque
620 553 795 610 modo
832 553 1094 627 procedit
1140 554 1213 610 ab
1260 558 1511 626 utroque
1559 552 1836 625 Spiritus,
1865 551 1912 607 si
1945 549 2001 616 Α
2032 568 2125 607 me
2172 555 2335 623 parte
2390 552 2727 623 depravato,
2785 565 2914 622 quae
2998 548 3176 605 ﬁdem
3258 547 3674 605 incarnationis

269 642 676 699 consideretur
720 644 988 715 spirandi
1011 646 1211 714 virtus,
1258 661 1388 717 quae
1412 660 1531 699 una
1559 648 1650 699 est
1679 644 1738 698 in
1762 646 1920 697 utro-

272 748 432 804 que:
494 749 610 788 non
665 734 866 790 eodem
927 735 1100 790 modo
1154 734 1465 806 procedere
1541 733 1655 787 dici
1709 735 1920 803 potest,

273 821 411 893 quia
441 821 571 888 hoc,
606 824 760 894 quod
793 828 883 879 est
910 823 1134 896 spirare
1164 823 1450 895 Spiritum
1491 826 1781 879 sanctum.
1815 826 1920 875 Pa-

271 915 361 966 ter
391 928 506 966 non
539 911 714 968 habet
743 913 815 967 ab
844 913 978 980 alio,
1012 929 1046 969 a
1076 913 1242 969 Patre
1288 913 1466 968 habet
1510 911 1715 968 Filius.
1750 912 1921 975 Quae-

276 1016 510 1072 cunque
538 1018 671 1057 vero
701 1001 823 1057 haec
855 1002 1030 1057 fuerit
1057 1003 1299 1057 demum
1359 1001 1699 1069 difﬁcultas,
1749 1001 1924 1055 inane

283 1090 528 1145 dubium
569 1108 743 1146 suum
795 1108 1109 1163 agnoscere
1168 1090 1443 1147 Rusticus
1495 1095 1737 1162 poterat,
1788 1106 1923 1144 cum

276 1179 407 1251 ejus
440 1197 558 1236 evo
589 1180 931 1253 simpliciter
960 1185 1017 1237 et
1045 1180 1311 1237 absolute
1358 1180 1628 1252 Spiritum
1671 1183 1924 1234 sanctum

283 1269 515 1324 aPatrc
542 1274 594 1324 et
649 1271 851 1327 aFilio
911 1271 1206 1342 procedere
1261 1270 1575 1341 scriptores
1632 1270 1923 1337 docerent,

290 1357 652 1423 Gennadius,
683 1358 743 1413 in
797 1361 945 1416 I57
984 1358 1132 1414 libro
1164 1360 1237 1414 De
1293 1360 1644 1429 dogmatibus
1678 1375 1691 1425 ;
1722 1357 1926 1411 Avitus

278 1445 652 1513 Viennensis,
693 1450 767 1504 De
795 1448 1088 1504 divinitate
1120 1448 1369 1519 Spiritus
1420 1448 1601 1503 sancti
1625 1464 1646 1509 ;
1677 1446 1926 1518 Fulgen-

277 1535 399 1591 tius
428 1535 487 1591 in
519 1536 667 1593 libro
699 1542 780 1593 De
807 1538 911 1607 ﬁde
942 1556 954 1605 ;
991 1537 1339 1593 Paschasius
1391 1537 1707 1607 Diaconus,
1736 1535 1925 1590 libr01

278 1624 352 1680 De
381 1624 592 1696 Spiritu
619 1630 826 1692 sancto,
853 1626 1089 1700 aliique.

350 1713 537 1770 Voces
569 1718 823 1784 easdem,
856 1720 1088 1773 aPatre
1120 1721 1172 1772 et
1227 1733 1261 1771 a
1312 1716 1475 1782 Filio,
1534 1715 1625 1771 vel
1677 1731 1712 1769 a
1763 1716 1929 1769 Patre

278 1816 378 1872 per
404 1801 609 1855 Filium
637 1801 959 1858 adhibuere
1003 1807 1136 1858 ante
1162 1819 1230 1858 ac
1272 1807 1406 1874 post
1454 1802 1745 1874 synodum
1775 1803 1927 1859 Con-

2031 640 2318 715 proponit.
2354 640 2610 712 Hujusce
2640 639 2941 712 depravati
2983 636 3245 711 Symboli
3275 638 3673 694 Nestorianam

2030 731 2451 803 expositionem
2486 729 2666 785 simul
2706 728 2904 785 attulit
2951 727 3273 796 Charisius,
3324 744 3502 800 quam
3547 727 3675 799 plu-

2033 838 2125 877 res
2155 819 2379 891 decepti
2411 818 2904 890 subscripserunt.
2929 817 3235 883 Quodnam
3267 816 3417 873 foret
3447 814 3677 871 articuli

2035 912 2106 966 De
2130 911 2517 965 incarnatione
2545 908 2699 965 158
2740 906 3037 979 depravati
3084 906 3317 972 vitium,
3366 921 3435 961 ex
3475 905 3678 960 eadem

2034 999 2226 1071 colligi
2272 1002 2464 1070 potest
2505 997 2883 1069 expositione,
2937 996 3018 1051 De
3082 994 3482 1050 incarnatione
3525 1007 3682 1049 nosse
3768 1046 3775 1051 .

2033 1093 2263 1161 oportet,
2296 1087 2621 1159 inquiebat,
2657 1087 2955 1142 Dominum
2985 1086 3154 1140 Deum
3204 1084 3435 1141 Verbum
3458 1100 3682 1140 assum-

2029 1180 2198 1251 psisse
2245 1178 2519 1234 hominem
2572 1176 2867 1232 secundum
2930 1179 3192 1230 naturam
3262 1176 3591 1245 perfectum,
3622 1187 3687 1227 ea

2036 1268 2283 1323 humana
2338 1281 2503 1321 carne
2560 1269 2612 1321 et
2670 1266 2862 1320 anima
2918 1263 3186 1319 rationali
3230 1265 3683 1319 consistentem...

2037 1359 2209 1427 Quem
2257 1355 2558 1412 secundum
2613 1359 2861 1410 nostram
2929 1361 3215 1419 naturam,
3283 1352 3547 1423 nobisque
3610 1350 3687 1405 si-

2034 1448 2223 1503 milem
2267 1446 2543 1501 hominem
2608 1446 2977 1512 exsistentem,
3041 1443 3288 1514 Spiritus
3349 1442 3527 1497 sancti
3573 1441 3693 1495 vir-

2038 1545 2152 1593 tute
2182 1538 2242 1591 in
2272 1541 2423 1591 utero
2460 1536 2707 1608 Virginis
2737 1536 3107 1604 formatum...
3142 1531 3532 1603 inexplicabili
3559 1544 3694 1602 quo-

2036 1626 2166 1682 dam
2191 1625 2347 1681 modo
2375 1624 2486 1680 sibi
2510 1624 2874 1695 conjunxit..,
2911 1623 3085 1678 Unum
3126 1622 3299 1693 igitur
3340 1621 3584 1687 Filium,
3643 1625 3696 1675 et

2036 1718 2334 1773 Dominum
2386 1715 2569 1769 Iesum
2626 1712 2927 1783 Christum,
2993 1727 3096 1783 per
3153 1727 3314 1783 quem
3366 1712 3518 1781 facta
3572 1714 3701 1763 sunt

2038 1806 2245 1875 omnia,
2303 1819 2418 1860 esse
2472 1802 2709 1858 dicimus
2733 1820 2751 1857 :
2780 1803 2966 1873 primo
3012 1800 3237 1873 quidem
3288 1815 3353 1855 ac
3404 1799 3696 1871 praecipue

280 1890 859 1963 stantinopolitanam
892 1892 1080 1947 Latini
1114 1896 1172 1948 et
1198 1893 1378 1947 Graeci
1402 1892 1734 1963 scriptores,
1768 1892 1927 1963 ejus-
1958 1926 2007 1991 B
2041 1895 2208 1951 Deum
2244 1893 2489 1962 Verbum,
2537 1894 2634 1965 qui
2688 1891 3001 1948 secundum
3043 1890 3335 1946 essentiam
3363 1890 3466 1944 Dei
3510 1888 3698 1946 Filius

279 1980 413 2035 dem
446 1979 699 2052 Spiritus
730 1982 918 2037 sancti
970 1980 1336 2037 divinitatem
1378 1985 1583 2036 contra
1633 1980 1931 2036 Eunomia-

279 2083 377 2124 nos
454 2072 513 2124 et
586 2069 998 2125 Macedonianos
1061 2069 1446 2137 vindicantes,
1510 2068 1806 2141 Superiori
1872 2069 1932 2123 in

282 2157 691 2214 dissertatione
721 2158 1061 2215 testimonia
1099 2159 1371 2215 dedimus
1401 2175 1466 2214 ac
1496 2158 1934 2214 illustravimus

286 2247 619 2320 Epiphanii,
650 2248 1142 2321 Basilii,Gregorii
1171 2247 1654 2321 Nysseni,Cyrilli
1687 2247 1936 2303 Alexan-

285 2335 461 2394 drini.
523 2336 783 2407 Hujusce
854 2338 1179 2394 sententias
1248 2337 1755 2393 luculentissimas
1802 2353 1934 2410 pro-

284 2425 555 2481 tulimus.
590 2426 730 2481 Eam
765 2426 1012 2499 profero.
1044 2426 1248 2499 quzein
1282 2427 1409 2498 ejus
1426 2426 1678 2483 habetur
1706 2443 1776 2481 ex
1796 2443 1938 2499 syn-

285 2515 397 2570 odo
426 2513 819 2571 Alexandrina
867 2514 1118 2587 epistola
1164 2515 1236 2570 ad
1287 2515 1643 2586 Nestorium,
1676 2515 1735 2569 in
1779 2532 1940 2571 oecu—

285 2604 514 2660 menico
589 2604 839 2676 Ephesio
898 2604 1142 2660 concilio
1200 2603 1451 2660 lecta:«
1527 2605 1805 2671 Quamvis
1878 2605 1939 2660 in

284 2710 396 2749 sua
426 2693 505 2749 sit
534 2693 920 2749 subsistentia
949 2693 1228 2766 Spiritus,
1281 2697 1338 2749 et
1376 2693 1506 2765 ejus
1556 2693 1937 2766 intelligatur,

283 2780 344 2837 in
379 2797 629 2855 persona
658 2782 1005 2856 proprietas,
1028 2785 1204 2855 juxta
1241 2782 1299 2838 id
1334 2783 1490 2854 quod
1542 2783 1797 2855 Spiritus
1828 2787 1937 2851 est,

284 2875 342 2927 et
372 2888 485 2927 non
517 2871 700 2928 Filius
734 2890 747 2927 :
782 2876 1040 2927 attamen
1070 2873 1284 2927 alienus
1332 2888 1439 2927 non
1499 2879 1578 2927 est
1627 2873 1683 2944 (a
1741 2870 1932 2941 Filio).

287 2961 371 3016 Ab
403 2959 504 3017 illo
535 2961 690 3017 enim
722 2961 893 3033 (Filio
941 2961 1082 3017 Jesu
1136 2961 1390 3033 Christo)
1440 2961 1685 3032 Spiritus
1742 2960 1941 3033 appel-

291 3049 451 3105 latus
506 3053 597 3105 est
649 3052 905 3106 veritatis
952 3054 1053 3105 :et
1109 3050 1327 3105 veritas
1376 3049 1645 3105 Christus
1675 3053 1765 3105 est
1797 3066 1810 3104 :
1842 3048 1941 3102 Καὶ

289 3141 581 3213 προχεῖται
640 3138 766 3211 παρ’
822 3136 1006 3209 αὑτοῦ,
1052 3135 1288 3213 καθάπερ
1348 3135 1540 3209 ἀμέλει
1595 3136 1684 3191 καὶ
1736 3136 1795 3191 ἐκ
1846 3142 1943 3192 τοῦ

291 3231 426 3281 Θεοῦ
456 3225 546 3280 καὶ
592 3226 822 3303 Πατρὸς,
874 3230 940 3283 Et
985 3227 1169 3300 prodit
1207 3244 1309 3300 per
1352 3229 1541 3295 istum,
1591 3228 1942 3300 quemadmo-

293 3317 427 3373 dum
455 3321 601 3373 certe
630 3297 841 3373 eas-Deo
868 3321 920 3373 et
950 3297 1139 3373 Patre.
1173 3297 1220 3368 ››⁷
1240 3318 1428 3374 Motae
1458 3316 1573 3372 hac
1598 3297 1673 3372 de
1707 3332 1768 3371 re
1810 3315 1943 3371 lites
1973 3297 2017 3366 α

292 3423 327 3463 a
354 3406 715 3462 Theodoreto
746 3406 848 3479 qui
880 3406 1134 3462 nimium
1162 3406 1362 3462 animo
1384 3405 1445 3461 in
1476 3405 1754 3479 Cyrillum
1784 3421 1942 3461 com-

296 3500 493 3551 motus
523 3499 668 3567 erat,
700 3495 1169 3551 ennarravimus.

367 3584 463 3640 iII.
489 3585 729 3640 Interim
760 3583 1038 3657 Symbolo
1068 3585 1128 3640 in
1159 3583 1515 3657 baptismate
1544 3584 1865 3640 utebantur
1885 3584 1945 3639 in

294 3674 531 3731 Oriente
561 3672 850 3741 Ecclesia,
906 3673 1163 3747 simplici
1211 3674 1436 3731 Nicseno
1493 3673 1643 3742 alias,
1706 3674 1950 3746 aliaeque

299 3762 903 3835 Constantinopolitano
934 3769 991 3818 et
1032 3763 1161 3820 aliae
1204 3763 1439 3821 Nicaeno
1494 3763 1788 3834 aliquibus
1843 3780 1950 3819 vo-

297 3853 468 3909 cibus
496 3856 688 3908 aucto.
727 3852 1079 3924 Hujusmodi
1130 3852 1314 3909 fuisse
1362 3853 1779 3909 adnotavimus
1821 3854 1953 3909 Hie-

296 3942 767 4015 rosolymitanum
813 3946 1077 4015 tempore
1133 3941 1335 4016 Cyrilli
1410 3941 1951 4015 Hierosolymorum

303 4032 561 4104 episcOpi
589 4048 655 4087 ac
686 4032 1108 4102 Antiochenum,
1142 4031 1204 4086 in
1254 4048 1370 4102 quo
1418 4032 1732 4087 Cassianus
1761 4031 1955 4088 aiebat

303 4122 669 4194 baptizatum
703 4121 884 4177 fuisse
913 4120 1250 4177 Nestorium
1292 4120 1352 4176 in
1411 4122 1631 4194 synodo
1660 4120 1956 4193 Ephesina

305 4211 674 4267 damnatum.
705 4213 793 4266 An
826 4210 979 4266 hanc
1008 4211 1193 4266 refero
1242 4210 1493 4266 classem
1521 4212 1776 4268 Ecclesiae
1803 4211 1957 4267 Phil-

304 4300 672 4373 adelphiensis
726 4299 1066 4373 Symbolum
1142 4300 1298 4371 quod
1370 4300 1429 4354 in
1502 4301 1704 4355 eadem
1735 4301 1957 4373 synodo

305 4389 602 4462 Ephesina
629 4393 874 4462 prostat,
908 4388 1134 4444 actione
1162 4389 1197 4443 6
1227 4405 1262 4444 a
1309 4388 1570 4445 Charisio
1620 4390 1958 4462 presbytero

308 4478 573 4534 oblatum
603 4495 617 4533 :
649 4478 822 4535 Credo
851 4479 913 4533 in
939 4494 1115 4533 unum
1144 4479 1318 4533 Deum
1349 4482 1575 4534 Patrem
1620 4481 1959 4550 omnipoten-

306 4572 435 4635 tem,
483 4571 798 4625 Creatorem
842 4568 1109 4634 omnium,
1169 4567 1454 4623 visibzlum
1507 4575 1560 4623 et
1614 4568 1964 4624 invisibilum

2039 1988 2092 2040 et
2138 1985 2404 2041 Dominus
2450 1986 2550 2051 est,
2625 1984 2803 2037 mente
2869 1981 3281 2052 concipientes;
3331 1979 3507 2034 simul
3570 1992 3699 2033 vero

2041 2075 2209 2131 etiam
2238 2071 2379 2143 quod
2406 2074 2750 2142 assumptum
2805 2073 2901 2137 est,
2963 2070 3063 2125 hoc
3117 2072 3199 2124 est
3251 2069 3439 2125 Jesum
3494 2084 3530 2123 a
3585 2067 3702 2123 Ναο

2042 2163 2255 2227 zareth,
2305 2162 2491 2216 animo
2565 2159 2989 2231 complectentes.
3049 2159 3138 2213 Ita
3213 2156 3442 2213 scilicet
3496 2155 3704 2211 verbo-

2047 2268 2179 2307 rum
2229 2248 2550 2306 involucris
2598 2252 2821 2304 tectum
2866 2247 3220 2320 propinabat
3272 2245 3586 2302 Nestorius
3638 2244 3710 2300 de

2044 2341 2257 2414 duplici
2284 2340 2343 2395 in
2374 2343 2515 2395 Jesu
2543 2338 2604 2393 in
2636 2337 2870 2393 Christo
2885 2353 3127 2409 persona
3147 2335 3401 2409 impium
3423 2350 3709 2391 errorem.

2115 2427 2366 2485 Nestorii
2436 2426 2685 2494 facinus,
2747 2425 2851 2499 qui
2921 2429 3194 2497 corrupto
3269 2424 3711 2496 depravatoque

2047 2516 2322 2593 Symbolo
2372 2517 2693 2590 proposito,
2752 2514 3054 2587 simplices
3100 2512 3301 2571 ﬁdeles
3374 2514 3707 2586 deceperat.

2049 2607 2340 2680 Ephesina
2369 2606 2661 2679 synodus,
2688 2621 2842 2660 anno
2873 2605 2972 2659 421
2999 2602 3310 2671 celebrata,
3342 2602 3713 2659 detestatur:

2048 2696 2300 2769 tulitque
2337 2696 2571 2751 decreta
2617 2694 2678 2750 in
2727 2693 2851 2749 haec
2898 2694 3075 2749 verba
3109 2710 3122 2749 :
3163 2712 3184 2741 ι
3219 2692 3322 2748 His
3353 2692 3544 2765 igitur
3572 2709 3710 2766 per-

2049 2786 2215 2843 lectis
2259 2786 2468 2841 statuit
2517 2788 2723 2840 sancta
2769 2783 3052 2856 synodus,
3103 2783 3343 2838 alteram
3388 2782 3563 2851 ﬁdem
3610 2796 3713 2836 ne-

2050 2876 2196 2932 mini
2227 2875 2401 2931 licere
2432 2875 2845 2947 proferre,,aut
2884 2872 3274 2940 conscribere,
3322 2875 3427 2927 aut
3473 2887 3715 2944 compe-

2051 2982 2209 3033 nere,
2271 2968 2480 3037 praeter
2529 2962 2834 3018 deﬁnitam
2892 2978 2927 3018 a
2984 2960 3204 3018 Sanctis
3266 2959 3570 3032 Patribus,
3612 2959 3719 3032 qui

2051 3058 2113 3110 in
2136 3056 2321 3111 Nicaea
2351 3070 2487 3109 cum
2514 3052 2738 3124 Spiritu
2789 3056 2992 3108 sancto
3046 3049 3382 3123 congregati
3452 3051 3716 3106 fuerunt.

2051 3145 2162 3209 Qui
2194 3160 2331 3200 vero
2362 3142 2493 3199 ausi
2544 3141 2767 3198 fuerint
2796 3144 2899 3197 aut
2951 3156 3295 3213 componere
3349 3138 3527 3211 ﬁdem
3572 3140 3714 3195 alte-

2053 3251 2178 3289 ram
2199 3237 2298 3289 aut
2326 3232 2605 3305 proferre,
2647 3229 2739 3286 vel
2795 3230 3002 3285 offerre
3061 3227 3319 3285 converti
3368 3228 3718 3285 volentibus

2055 3323 2128 3379 ad
2162 3322 2517 3394 agnitionem
2544 3318 2807 3376 veritatis
2838 3336 2852 3387 ;
2880 3318 2988 3375 hos
3035 3319 3278 3390 quidem
3327 3317 3378 3374 si
3426 3319 3561 3375 sint
3604 3316 3727 3391 epi-

2054 3412 2238 3481 sc0pi,
2269 3413 2372 3466 aut
2399 3408 2617 3476 clerici,
2659 3408 2882 3465 alienos
2924 3423 3056 3464 esse
3106 3408 3179 3464 ab
3230 3407 3611 3481 episcopatu,
3665 3410 3727 3463 et

2056 3500 2298 3558 clericos
2322 3516 2357 3556 a
2384 3498 2661 3555 clericatu
2712 3498 2966 3554 decrevit
2997 3513 3011 3553 :
3045 3497 3098 3553 si
3124 3513 3261 3553 vero
3303 3495 3440 3553 laici
3476 3496 3717 3567 fuerint,

2058 3587 2417 3646 anathemati
2449 3587 2718 3659 subjici.»
2751 3587 2904 3642 Tum
2933 3585 3267 3643 Nestoriani
3314 3586 3575 3659 symboli
3607 3586 3724 3643 for-

2059 3677 2283 3735 mulam
2313 3680 2371 3733 et
2399 3676 2823 3748 expositionem
2854 3676 3116 3731 damnat.

2132 3769 2225 3823 IV.
2288 3766 2660 3836 Prohibente,
2721 3781 2795 3820 ne
2850 3765 3087 3821 alteram
3139 3763 3300 3835 ﬁdem
3353 3762 3564 3822 liceret
3610 3762 3721 3821 ulli

2059 3858 2337 3932 proferre,
2368 3859 2470 3912 aut
2498 3853 2883 3922 conscribere,
2917 3857 3020 3909 aut
3076 3868 3449 3927 componere,
3507 3862 3728 3927 praeter

2060 3947 2345 4019 deﬁnitam
2392 3963 2427 4001 a
2486 3945 2735 4003 Nicaenis
2782 3943 3068 4011 Patribus,
3135 3942 3432 4015 Ephesino
3487 3944 3726 4000 decreto

2062 4035 2284 4092 bellum
2315 4033 2499 4091 Graeci
2529 4037 2715 4106 agunt
2742 4032 3053 4089 adversum
3087 4032 3349 4100 Latinos,
3382 4032 3489 4105 qui
3519 4047 3753 4089 vocem-

2060 4127 2312 4198 Filioque
2340 4122 2615 4196 Symbolo
2663 4119 3311 4193 Constantinopolitano
3341 4120 3731 4178 addiderunt.

2064 4216 2328 4288 Pugnam
2356 4215 2638 4285 pugnent,
2673 4227 2852 4283 quam
2882 4209 3088 4266 volunt
3119 4226 3133 4265 :
3166 4208 3511 4267 certissima
3528 4210 3734 4267 clades

2064 4305 2249 4360 instat
2275 4301 2416 4357 illis.
2448 4302 2527 4356 Ac
2556 4300 2745 4372 primo
2774 4298 2983 4355 statuit
3010 4303 3216 4355 sancta
3263 4300 3555 4371 synodus,
3589 4300 3737 4356 alte-

2066 4411 2194 4451 ram
2222 4393 2394 4464 ﬁdem
2422 4391 2644 4446 nemini
2700 4389 2869 4445 licere
2892 4390 3166 4460 proferre,
3212 4396 3311 4444 aut
3356 4391 3736 4458 conscribere,

2066 4485 2168 4541 aut
2191 4496 2533 4553 componere,
2560 4481 2769 4550 praeter
2794 4477 3082 4549 deﬁnitam
3109 4494 3145 4532 a
3187 4479 3393 4533 sanctis
3444 4480 3740 4549 Patribus,

2070 4572 2166 4645 qui
2194 4573 2255 4627 in
2283 4571 2475 4626 Nicaea
2500 4584 2627 4623 cum
2655 4567 2870 4639 Spiritu
2900 4575 3088 4623 sancto
3127 4569 3449 4639 congregati
3475 4569 3739 4639 fuerunt.

307 4658 595 4729 factorem.
627 4658 694 4712 Et
723 4657 781 4711 in
838 4672 1015 4711 unum
1068 4656 1365 4712 Dominum
1419 4658 1601 4713 Iesum
1662 4656 1962 4726 Christum,
1995 4671 2042 4737 D
2076 4663 2277 4733 Itaque
2304 4657 2497 4715 verbis
2542 4662 2716 4712 tenus
2765 4656 2815 4712 si
2861 4655 3213 4725 haereamus,
3265 4671 3460 4728 neque
3487 4657 3737 4731 Symbo-

309 4746 521 4802 Filium
548 4746 667 4817 ejus
704 4747 1075 4825 unigenitum,
1130 4746 1304 4801 Deum
1357 4745 1422 4801 de
1476 4750 1612 4815 Deo,
1665 4746 1854 4802 lumen
1899 4747 1967 4803 de

313 4835 542 4906 lumine,
590 4835 763 4890 Deum
808 4851 1001 4891 verum
1045 4836 1112 4891 de
1152 4837 1257 4891 Deo
1322 4850 1474 4905 vero,
1532 4836 1966 4893 consubstantia-

313 4924 424 4978 lem
478 4924 659 4979 Patri.
723 4924 829 4991 Qui
880 4928 1102 4998 prapter
1156 4940 1281 4990 nos,
1332 4928 1386 4979 et
1439 4927 1689 4980 nostram
1739 4927 1971 4981 salutem

312 5012 591 5068 descendit
643 5012 709 5069 de
754 5013 926 5083 ralis,
976 5021 1029 5069 et
1075 5016 1398 5069 incarnatus
1427 5018 1525 5085 est,
1571 5017 1624 5069 et
1671 5031 1743 5071 ea:
1770 5025 1973 5072 sancta

321 5103 542 5173 Virgine
568 5111 754 5171 natus,
801 5110 853 5158 et
908 5101 1066 5159 homo
1122 5105 1302 5174 factus
1362 5106 1460 5159 est.
1519 5103 1828 5176 Cruci/Ltus
1868 5121 1971 5177 pro

302 5191 493 5262 _nobis,
522 5201 774 5247 mortuus
820 5199 914 5248 est.
980 5193 1301 5248 Resurrexit
1348 5194 1513 5248 tertia
1560 5192 1671 5249 die.
1721 5194 1975 5251 Ascendit

317 5282 493 5337 etelos.
548 5283 626 5336 Et
680 5283 891 5336 iterum
944 5290 1209 5337 venturus
1262 5290 1341 5337 est
1388 5282 1648 5355 judicare
1715 5284 1866 5340 vivos
1924 5287 1975 5340 et

317 5377 577 5426 mortuos.
605 5372 682 5426 Et
711 5372 772 5426 in
800 5370 1074 5443 Spiritum
1118 5373 1391 5441 veritatis,
1440 5373 1816 5440 Paraclctum,
1863 5379 1972 5430 ,να-

319 5460 401 5515 tri
428 5468 480 5515 et
511 5460 651 5515 Filio
680 5459 1124 5516 substantialem.
1152 5462 1217 5516 Et
1249 5464 1308 5515 in
1349 5465 1605 5517 sanctam
1648 5462 1978 5519 catholicam

321 5548 650 5605 Ecclesium.
701 5549 763 5603 In
809 5553 1155 5605 mortuorum
1199 5552 1682 5607 resurrectionem.
1714 5551 1779 5606 In
1806 5554 1979 5607 vitam

323 5645 610 5693 aeternam.

400 5726 674 5801 Symbolo
700 5728 931 5786 Nicaeuo
962 5729 1238 5786 utebatur
1264 5727 1589 5797 Nestorius,
1611 5727 1673 5785 in
1703 5744 1773 5785 ea
1801 5730 1980 5787 maxi-

2076 4753 2194 4808 lum
2236 4746 2915 4818 Constantinopolitanum
2950 4748 3205 4818 proferre
3250 4743 3509 4803 licuerit.
3567 4745 3742 4803 Haud

2078 4856 2173 4897 me
2202 4838 2364 4894 latet.
2406 4835 2753 4909 Symbolum
2803 4834 2962 4891 idem
3008 4834 3745 4908 Constantinopolitanum

2078 4928 2194 4985 dici
2224 4929 2515 4984 Nicsenum
2536 4923 2791 4981 maxime
2810 4928 2946 4997 post
2972 4923 3264 4997 synodum
3294 4922 3747 4997 Chalcedonen-

2080 5035 2204 5075 sem
2236 5015 2610 5073 consuevisse
2645 5030 2659 5070 :
2693 5017 2753 5069 at
2779 4996 2846 5069 eo
2874 5013 2936 5069 in
2984 4996 3277 5086 Ephesino
3328 4996 3569 5071 decreto
3622 5015 3751 5088 agi-

2080 5112 2178 5164 tur
2206 5106 2333 5163 sine
2354 5104 2533 5160 dubio
2555 5104 2628 5160 de
2645 5102 2895 5177 formula
2922 5103 3174 5173 Nica’na,
3192 5120 3312 5176 qua
3331 5106 3399 5160 ut
3428 5120 3753 5161 summum

2081 5194 2380 5269 aliquibus
2429 5193 2671 5250 vocibus
2729 5197 2923 5260 aucta,
2981 5209 3099 5249 non
3158 5192 3433 5249 omnibus
3495 5209 3634 5265 quae
3687 5194 3753 5250 in

2083 5283 2360 5359 Symbolo
2401 5280 3046 5354 Constantinopolitano
3094 5281 3407 5350 habentur,
3467 5281 3755 5340 Ecclesia

2084 5374 2282 5448 plures
2313 5372 2373 5427 in
2405 5371 2758 5443 baptismate
2783 5374 3125 5428 utebantur.

2156 5463 2221 5518 In
2252 5460 2468 5517 libellis
2501 5478 2535 5515 a
2562 5459 2827 5517 Charisio
2859 5462 3197 5535 presbytero
3243 5458 3759 5534 Philadelphiensi

2086 5550 2318 5618 oblatis,
2372 5551 2716 5623 Symbolum
2771 5551 2925 5608 159
2979 5551 3363 5623 depravatum
3407 5551 3763 5608 contineba-

2085 5646 2203 5712 tur,
2236 5657 2304 5695 ac
2330 5642 2459 5713 ejus
2487 5640 2839 5699 Nestoriana
2864 5641 3176 5715 expositio.
3225 5639 3567 5711 Utrumque
3616 5656 3756 5714 spe-

2088 5729 2223 5787 ciali
2253 5730 2485 5787 decreto
2516 5731 2802 5789 damnant
2829 5729 3108 5803 Ephesini
3146 5731 3368 5789 Patres.
3400 5726 3541 5787 Alia
3570 5729 3759 5788 etiam
