4090 6462
346 386 461 447 161

1560 382 1772 447 VITA.
1805 416 1883 428 —
1911 381 2429 445 DISSERTATIO
2475 382 2554 444 II.

3652 386 3770 451 162

346 516 618 593 Symboli
663 515 924 574 formula
967 517 1225 575 Ecclesia:
1267 515 1770 590 Philadelphiensis
1818 516 2005 573 conti-
2034 518 2088 585 Α
2118 517 2391 588 epistolis,
2420 518 2505 574 vel
2559 519 2743 588 tomis,
2800 518 2888 573 vel
2915 518 3073 575 libris
3108 520 3512 592 evulgaveram
3542 539 3558 575 :
3587 526 3640 578 et
3664 523 3774 580 soli

351 607 626 674 nebatur,
657 622 791 679 quin
818 622 1009 679 neque
1036 607 1266 664 Nictena
1316 612 1427 679 est,
1473 624 1663 679 neque
1691 606 2011 664 Constanti-

356 696 705 769 nopolitana,
756 695 961 767 utique
1007 699 1207 752 tamen
1238 712 1520 765 consona,
1566 713 1632 752 ac
1660 695 2013 768 interpolata

361 785 590 841 Nicena
620 783 738 840 dici
768 787 979 856 potest.
1012 788 1103 838 An
1134 800 1271 857 ergo
1301 786 1531 841 decreto
1562 784 1853 858 Ephesiuo
1876 800 2008 857 pro-

366 874 575 947 scripta
602 873 731 930 haec
759 873 936 930 fuerit
954 873 983 928 ‘t
1011 872 1139 929 Non
1167 875 1310 930 adeo
1340 874 1533 930 insani
1561 875 1741 930 Graeci
1771 873 2009 938 fuerint,

367 963 460 1036 qui
488 962 548 1018 id
581 961 900 1020 afﬁrmant.
935 963 1237 1028 Quomodo
1287 979 1425 1036 ergo
1448 964 1621 1035 juxta
1650 962 2009 1035 Ephesinum

363 1051 664 1107 deoretum
695 1067 803 1107 nec
831 1051 1071 1108 alteram
1101 1068 1136 1107 a
1162 1051 1394 1107 Nicaana
1449 1051 1610 1122 ﬁdem
1650 1051 2013 1120 conscribere,

362 1148 409 1197 et
430 1156 778 1213 componere,
810 1156 917 1197 nec
962 1140 1205 1197 alteram
1252 1143 1501 1213 proferre
1530 1140 1750 1197 liceat?
1792 1141 2015 1213 Nempe

357 1246 473 1286 non
501 1247 573 1287 ea
602 1230 897 1304 Ephesiuo
924 1229 1156 1286 decreto
1180 1229 1695 1304 intelligentia,aut
1721 1229 1808 1286 vis
1838 1229 2012 1301 inest,

357 1335 536 1392 quam
568 1318 684 1375 sibi
712 1319 949 1392 ﬁngunt
977 1318 1180 1375 Graeci.

427 1409 649 1465 Eadem
679 1412 848 1465 atate
875 1408 1047 1464 varice
1078 1409 1141 1464 in
1196 1406 1472 1465 Ecclesiis
1499 1408 1774 1481 vigebant
1800 1411 2014 1480 formu-

356 1499 431 1556 lae
458 1497 730 1571 Symboli,
759 1514 887 1570 quae
916 1498 1112 1554 verbis
1141 1501 1315 1554 tenus
1344 1514 1379 1553 a
1404 1497 1657 1571 simplici
1686 1500 1934 1566 Niccena,
1958 1501 2019 1553 et

357 1605 391 1643 a
422 1586 738 1659 proxiliore
784 1587 1411 1659 Constantinopolitano
1459 1586 1785 1644 differebat.
1821 1589 2014 1642 Hiero-

356 1677 751 1748 solymitanam
779 1675 1259 1747 memoravimus,
1292 1681 1350 1732 et
1368 1677 1761 1733 Antiochenam
1792 1693 1805 1730 :
1839 1675 2014 1731 alias-

359 1782 476 1838 que
505 1782 620 1821 usu
650 1769 917 1838 receptas
947 1765 1517 1834 exstitisse,dubium
1556 1764 1812 1821 nullum.
1848 1764 2014 1820 Libe-

358 1871 496 1912 rum
526 1856 869 1912 earumdem
896 1854 958 1910 in
986 1854 1259 1911 Ecclesiis
1280 1871 1457 1911 usum
1485 1853 1796 1926 reliquisse
1815 1854 2017 1910 Patres

356 1945 709 2018 Bphesinos,
742 1960 934 2017 neque
982 1948 1211 2001 vetasse
1241 1944 1387 2017 quin
1440 1944 1583 2016 ipsae
1606 1946 1855 2016 proferri
1880 1960 2015 2015 pos-

358 2037 517 2101 sent,
569 2033 831 2105 synodus
861 2031 1352 2089 Chalcedonensis
1388 2032 1601 2088 evincit
1647 2032 1872 2089 actione
1894 2032 2016 2099 5,in

359 2120 706 2177 deﬁnitione
756 2120 894 2176 ﬁdei
928 2137 942 2176 :
976 2121 1078 2177 ubi
1137 2120 1453 2193 Symbolum
1481 2121 1764 2177 Nicaenum
1794 2119 2017 2177 caeteris

357 2210 707 2283 prtefulgere
753 2210 989 2278 dicitur,
1050 2210 1499 2283 decerniturque
1546 2210 1761 2267 servari
1808 2210 2017 2265 debere

359 2298 686 2372 Symbolum
735 2299 1422 2371 Constantinopolitanum,
1471 2316 1539 2356 ac
1602 2299 1728 2356 aliae
1776 2300 2016 2355 demum

357 2388 638 2461 legitima;
657 2388 1050 2445 Ecclesiarum
1076 2388 1339 2445 formulae
1371 2389 2018 2445 conﬁrmantur.Verba

358 2481 505 2534 sunt
536 2493 551 2533 :
586 2498 615 2525 »ι
646 2478 1026 2534 Decernimus
1053 2477 1254 2549 igitur,
1287 2477 1558 2546 ordinem,
1599 2484 1656 2534 et
1685 2493 1869 2534 omnes
1895 2481 2014 2550 for-

357 2567 549 2623 mulas
577 2583 706 2640 qum
737 2567 809 2623 de
837 2566 954 2622 ﬁde
982 2570 1123 2623 sunt
1154 2567 1505 2638 constitutas,
1540 2567 1934 2623 custodientes
1961 2571 2021 2623 et

358 2673 492 2724 nos,
510 2661 725 2712 sanctae
745 2656 955 2729 synodi
982 2656 1281 2729 quondam
1302 2673 1366 2711 in
1392 2656 1596 2728 Epheso
1626 2656 1788 2712 factae
1821 2672 1835 2711 :
1864 2672 2014 2729 prae-

353 2747 575 2819 fulgere
606 2745 847 2818 quidem
876 2749 1066 2813 rectae,
1098 2748 1155 2801 et
1185 2745 1583 2802 immaculata;
1613 2745 1751 2801 ﬁdei
1782 2746 2018 2817 exposi-

354 2836 588 2892 tionem
620 2838 960 2893 sauctorum
992 2837 1051 2889 et
1081 2833 1565 2890 beatissimorum
1618 2838 2016 2890 trecentorum

356 2924 564 2981 decem
595 2927 653 2979 et
682 2927 810 2979 octo
839 2922 1205 2994 Patrum,qui
1227 2924 1290 2978 in
1312 2924 1496 2979 Nicaea
1518 2924 1884 2995 temporibus
1909 2924 2016 2995 piae

358 3013 659 3071 memoria
681 3012 1053 3069 Constantini
1074 3014 1445 3086 imperatoris
1466 3015 1798 3087 congregati
1831 3020 1969 3070 sunt
2001 3031 2015 3070 :

361 3102 585 3158 Servari
614 3105 811 3158 autem
862 3106 921 3157 et
950 3117 1039 3169 ea,
1071 3119 1199 3173 qum
1242 3102 1392 3173 apud
1424 3101 1954 3176 Constantinopolim
1985 3122 2019 3161 a

370 3192 764 3249 sanctissimis
790 3195 1024 3248 centum
1049 3192 1478 3265 quinquaginta
1498 3193 1767 3250 Patribus
1789 3195 2020 3250 decreta

2116 605 2270 676 ﬁdei,
2300 621 2425 680 quae
2452 623 2489 664 α
2533 607 2743 663 sanctis
2795 608 3055 664 Patribus
3110 613 3315 667 nostris
3369 611 3568 669 Nicaeae
3625 612 3775 668 edita

2117 696 2322 767 fuerat,
2376 698 2706 753 consentire.
2743 698 3025 769 Dogmata
3080 699 3142 754 in
3202 699 3470 771 epistolis
3500 718 3567 756 ac
3596 702 3772 757 tomis

2121 784 2415 841 declarata
2444 802 2478 841 a
2497 785 2710 858 Cyrillo
2732 786 3076 858 rejiciebant
3096 787 3278 856 illi,ac
3307 789 3357 844 si
3380 787 3775 863 NicaaniSym-

2120 873 2239 929 boli
2273 879 2460 932 metas
2504 874 2904 931 transiliisset.
2964 876 3091 931 Alia
3147 877 3209 932 in
3269 878 3465 950 ipsum
3498 877 3620 934 haec
3651 882 3777 934 erat

2123 963 2379 1035 querela.
2410 965 2673 1035 Intelligo
2702 981 2846 1032 vero,
2878 973 2930 1021 et
2956 964 3055 1021 hoc
3100 982 3305 1038 quoque
3331 967 3457 1022 illos
3485 966 3642 1022 nobis
3680 967 3774 1023 ob-

2112 1052 2290 1124 jicere
2317 1070 2336 1107 :
2366 1069 2560 1125 nempe
2585 1053 2726 1126 quod
2751 1053 2882 1124 ﬁdei
2907 1049 3451 1125 expositionem,i{rot
3480 1047 3771 1126 Σύμϐολον

2122 1140 2329 1211 καινὸν,
2359 1144 2471 1199 sive
2516 1159 2718 1199 novum
2769 1143 3095 1212 Symbolum
3142 1146 3512 1215 receperimus
3547 1160 3571 1206 ;
3617 1145 3779 1215 quasi

2121 1235 2273 1287 vetus
2318 1232 2483 1300 illud,
2537 1232 3020 1305 venerandumque
3066 1232 3413 1305 (Nicaanum)
3469 1234 3770 1305 aspernati.

2125 1320 2288 1376 Fidei
2319 1319 2745 1392 expositionem
2795 1320 2867 1376 ab
2916 1320 3313 1377 Orientalibus
3361 1321 3774 1378 transmissam

2127 1413 2444 1482 receperat.
2478 1409 2730 1481 Reponit
2757 1409 2855 1465 ille
2888 1426 2902 1466 :
2938 1410 3133 1466 Verum
3176 1410 3429 1477 dicimus,
3473 1426 3572 1466 nos
3597 1426 3779 1483 neque

2123 1514 2325 1555 novam
2352 1500 2484 1570 ﬁdei
2511 1499 2903 1571 expositionem
2931 1499 2998 1554 ab
3028 1498 3149 1555 ullo
3199 1515 3465 1570 exegisse,
3502 1516 3678 1571 neque
3707 1501 3776 1556 ab

2125 1589 2263 1645 aliis
2293 1590 2610 1645 innovatum
2636 1587 3196 1643 admississe.Novum
3219 1586 3378 1644 aliud
3409 1587 3774 1661 Symbolum,

2126 1683 2229 1733 aut
2255 1676 2599 1747 Symbolum
2642 1676 3059 1733 additamentis
3082 1677 3422 1733 innovotum
3449 1676 3562 1733 sibi
3585 1683 3775 1734 trans-

2126 1768 2402 1834 missum,
2434 1766 2748 1821 inﬁciatur.
2780 1765 3004 1838 Sufﬁcit
3045 1768 3197 1822 enim
3222 1766 3381 1823 nobis
3407 1766 3599 1822 divina
3628 1767 3775 1823 Scri-

2122 1865 2310 1929 plura,
2367 1863 2794 1927 sanctorumque
2850 1859 3085 1912 Patrum
3149 1855 3466 1927 prudentia,
3538 1859 3591 1911 et
3648 1855 3779 1914 ﬁdei

2125 1945 2445 2018 Symbolum
2475 1944 2844 2017 (Nicaenum),
2887 1945 2963 2001 ad
2998 1947 3188 2000 omnia
3216 1951 3369 2001 recta
3396 1945 3654 2017 dogmata
3681 1962 3777 2018 ap-

2126 2043 2177 2091 te
2204 2037 2420 2107 riteque
2446 2035 2861 2090 concinnatum.

2196 2123 2345 2188 Quid
2396 2123 2642 2196 egerint,
2700 2123 2911 2195 quidve
2959 2123 3400 2179 transmiserint
3453 2123 3778 2181 Orientales

2125 2213 2405 2285 episcopi,
2439 2216 2692 2269 enarrat.
2756 2214 2906 2285 Quia
2942 2228 3068 2269 vero
3097 2214 3445 2268 sanctissimi
3475 2214 3779 2270 Orientales

2126 2305 2363 2375 episcopi
2391 2318 2518 2358 cum
2565 2301 2771 2373 Ephesi
2823 2310 3016 2372 essent,
3075 2319 3110 2357 a
3148 2303 3304 2357 nobis
3358 2301 3774 2375 dissentiebant,

2126 2408 2299 2463 eaque
2325 2391 2390 2447 de
2416 2408 2581 2447 causa
2609 2392 2770 2463 quasi
2800 2391 3275 2461 blasphemiarum
3302 2391 3538 2447 Nestorii
3571 2393 3779 2463 laqueis

2128 2482 2337 2538 irretiti
2366 2485 2696 2547 tenerentur,
2744 2480 2987 2551 suspecti
3029 2483 3188 2534 erant
3219 2497 3238 2533 :
3267 2489 3328 2535 ut
3373 2495 3433 2535 eo
3462 2481 3695 2536 crimine
3720 2497 3781 2536 se

2128 2572 2449 2637 liberarent,
2507 2568 2906 2641 inculpataeque
2933 2568 3063 2638 ﬁdei
3090 2568 3437 2624 amatoribus
3463 2585 3563 2641 per
3590 2572 3780 2625 omnia

2125 2661 2523 2732 satisfacerent,
2572 2674 2637 2713 ac
2690 2659 3032 2713 Nestorianav
3082 2657 3388 2728 impietatis
3432 2673 3490 2712 se
3530 2663 3778 2730 expertes

2126 2765 2241 2804 esse
2289 2747 2654 2814 ostenderent,
2709 2742 3034 2814 πεποίηνται
3081 2744 3182 2812 τήν
3220 2740 3548 2819 ἀπολογίαν,
3581 2748 3777 2816 apolo-

2125 2840 2277 2908 giam
2303 2836 2817 2904 composuerunt.ln
2845 2850 2914 2890 ea
2934 2837 3154 2890 rectam
3185 2833 3319 2889 ﬁdei
3351 2834 3776 2906 expositionem

2126 2927 2368 2983 dabant.
2402 2926 2466 2980 Et
2493 2924 2550 2980 id
2580 2923 2799 2996 quidem
2834 2922 3138 2979 admodum
3185 2922 3510 2992 prudenter.
3548 2924 3778 2981 Tantum

2127 3017 2297 3083 abest,
2351 3022 2416 3070 ut
2450 3016 2548 3070 hoc
2593 3015 2823 3069 istorum
2868 3014 3079 3083 factum
3123 3012 3322 3083 aliqua
3379 3014 3608 3069 omnino
3646 3017 3778 3070 nota

2126 3108 2224 3160 aut
2270 3103 2696 3175 reprehensione
2748 3101 2982 3170 dignum
3022 3101 3299 3157 videatur.
3343 3101 3492 3172 Quid
3535 3104 3684 3159 enim
3727 3105 3779 3159 si

2126 3191 2242 3262 ipse
2271 3191 2551 3246 Nestorius
2582 3205 2642 3244 eo
2679 3193 2917 3260 tempore
2962 3204 3067 3259 quo
3112 3205 3148 3243 α
3191 3189 3347 3244 nobis
3393 3190 3643 3247 omnibus
3689 3191 3782 3247 illi

372 3284 526 3352 sunt,
554 3282 629 3338 ad
656 3280 1030 3354 expellendas
1061 3281 1299 3354 quidem
1324 3264 1584 3338 haereses
1613 3299 1740 3355 quae
1771 3300 1837 3339 eo
1870 3288 2020 3339 tem-
2051 3264 2094 3331 Ο
2124 3280 2535 3353 proponebatur
2554 3281 2892 3350 aportere,ut
2910 3294 3014 3333 sua
3034 3279 3148 3349 ipse
3169 3277 3423 3349 dogmata
3453 3280 3783 3338 condemna-

367 3362 504 3443 pore
530 3370 1029 3444 germinaveraut.
1080 3373 1139 3426 et
1192 3370 1264 3425 ad
1296 3369 1803 3427 conﬁrmationem
1860 3373 2016 3444 ejus-

363 3459 498 3516 dem
529 3458 830 3516 catholicte
857 3463 917 3516 et
942 3458 1278 3531 apostoltcm
1310 3464 1522 3515 nostris
1545 3460 1704 3516 ﬁdei.
1736 3480 1763 3513 ι

434 3553 567 3604 Haec
609 3553 908 3622 postrema
954 3548 1132 3605 verba
1178 3565 1421 3604 sensum
1460 3548 1762 3605 declarant
1789 3566 2017 3622 germa-

348 3653 504 3693 num
535 3637 748 3694 Decreti
774 3636 1040 3709 Ephesini
1069 3653 1083 3691 :
1117 3636 1515 3708 symbolarum
1548 3638 1772 3695 scilicet
1797 3638 2018 3694 formu-

350 3725 449 3782 las
480 3725 739 3781 maxime
767 3725 1059 3794 damnari,
1119 3725 1179 3781 in
1211 3726 1428 3798 quibus
1460 3726 1764 3799 quidpiam
1794 3730 2019 3784 minua-

351 3822 471 3886 tur,
503 3818 609 3871 aut
636 3818 900 3885 mutetur,
955 3818 1058 3870 aut
1103 3814 1423 3887 adjiciatur,
1473 3816 1633 3888 quod
1680 3833 1716 3873 a
1742 3821 1890 3873 recta
1917 3817 2023 3887 ﬁde

350 3905 617 3961 alienum
645 3906 737 3959 sit.
766 3904 830 3959 Id
878 3902 1112 3959 invictis
1149 3904 1631 3961 demonstrarunt
1658 3907 2023 3979 argumentis

353 3994 426 4049 in
460 3993 686 4066 synodo
718 3991 1055 4049 Florentina
1082 3992 1272 4049 Latini
1329 3994 1617 4050 doctores.
1677 3997 1819 4052 Acta
1848 4000 1906 4052 et
1929 3995 2020 4052 in-

357 4086 561 4138 sertas
590 4080 1024 4153 disputationes
1054 4080 1314 4138 wnsnle.

432 4173 506 4224 ν.
540 4169 654 4225 Sed
682 4169 876 4225 omnis
908 4174 974 4225 ut
1001 4171 1195 4242 pravis
1223 4170 1566 4229 hominibus
1596 4189 1743 4230 ansa
1770 4174 2021 4245 eripere-

356 4265 485 4329 tur,
526 4258 984 4327 minutionibus,
1035 4259 1438 4318 additionibus
1477 4262 2023 4337 mutationibusque

353 4347 709 4422 Symbolum
756 4350 1193 4421 corrumpendi,
1246 4349 1496 4406 inﬁciari
1553 4351 1761 4423 nolim,
1794 4370 1901 4409 suo
1932 4370 2024 4409 ve-

352 4443 520 4495 tasse
550 4437 781 4494 decreto
812 4437 1137 4511 Ephesinos
1166 4438 1366 4495 Patres
1405 4457 1607 4506 novas,
1640 4458 1768 4513 quae
1799 4441 2021 4515 impos-

356 4531 560 4583 terum
591 4525 996 4599 symbolorum
1024 4526 1287 4584 formulae
1309 4530 1861 4586 cuderentur.Hunc
1891 4532 2020 4602 ejus

2124 3374 2227 3438 ret,
2260 3371 2667 3441 veritatemque
2722 3368 3157 3439 amplecteretur,
3191 3360 3452 3445 ἔγγραφον
3486 3366 3780 3439 ἐποιήσατο

2124 3459 2224 3527 τὴν
2286 3457 2375 3512 ἐπὶ
2431 3456 2654 3518 τούτοις
2710 3452 3037 3531 ὁμολογίαν,
3088 3459 3355 3528 scriptam
3405 3460 3476 3514 iis
3510 3461 3577 3515 de
3620 3460 3784 3516 rebus

2126 3550 2524 3619 confessionem
2543 3546 2880 3603 exhibuisset
2892 3545 3057 3618 (quin
3071 3545 3294 3602 scilicet
3307 3546 3608 3603 Nicaenum
3624 3550 3782 3622 Sym-

2128 3637 2330 3694 bolum
2363 3636 2596 3693 clariori
2626 3635 2827 3708 aliqua
2859 3635 3117 3692 auxisset
3153 3635 3581 3709 explicatione),
3616 3638 3780 3710 quis-

2128 3744 2268 3784 nam
2289 3726 2557 3782 dicturus
2586 3728 2729 3795 erat,
2750 3723 2922 3779 illum
2951 3721 3186 3785 πίστεως
3216 3725 3352 3796 ἡμῖν
3384 3725 3785 3798 καινοτομῆσαι

2130 3809 2431 3886 σύμϐολον,
2458 3831 2659 3871 novum
2687 3812 2819 3884 ﬁdei
2843 3813 3159 3885 symbolum
3185 3816 3344 3870 nobis
3372 3817 3789 3888 conscripsisse?

2132 3904 2273 3973 Quid
2303 3905 2481 3974 igitur
2509 3905 2713 3959 temere
2741 3903 3007 3959 conviciis
3036 3905 3381 3958 insectantur
3411 3907 3789 3961 sanctissimos

2130 3994 2436 4050 Phoenicia:
2490 3993 2782 4063 episcopos,
2834 4007 3021 4047 eorum
3076 4007 3400 4048 consensum
3437 3994 3789 4066 appellantes

2133 4077 2335 4136 ἔκθεσιν
2370 4074 2669 4153 Συμϐόλου
2716 4077 2931 4148 καινὴν,
2961 4095 3160 4135 novam
3195 4080 3446 4152 Symboli
3489 4084 3788 4154 eapositio-

2129 4189 2257 4228 nem
2311 4188 2477 4244 quem
2532 4170 2626 4226 illi
2681 4169 2901 4225 utiliter
2949 4172 3004 4224 et
3030 4170 3343 4226 necessario
3372 4171 3690 4241 ediderunt,
3726 4179 3790 4228 ut

2128 4263 2404 4318 nimirum
2431 4276 2491 4316 se
2515 4260 2839 4331 purgarent.

2201 4351 2352 4406 161
2386 4347 2749 4421 Ephesinum
2797 4347 3096 4402 decretum
3147 4348 3315 4402 aﬁ'ert
3343 4346 3596 4419 Cyrillus
3627 4350 3785 4422 quod

2129 4440 2213 4497 ita
2242 4437 2500 4496 declarat
2558 4453 2571 4491 :
2633 4435 2834 4492 Sancta
2878 4438 3101 4508 quippe,
3132 4435 3432 4509 inquiens,
3465 4444 3518 4493 et
3547 4453 3790 4494 aecums-

2130 4531 2269 4585 nica
2315 4527 2559 4592 synodus
2615 4539 2742 4596 qum
2796 4525 2998 4596 Ephesi
3065 4529 3414 4590 convenerat,
3487 4526 3790 4583 necessario

358 4615 583 4673 decreti
615 4631 858 4671 sensum
884 4615 1184 4673 declarare
1218 4618 1469 4689 Cyrillus
1497 4618 1909 4675 Alexandrinus
1937 4621 2018 4677 vi-

2132 4616 2376 4691 providit
2446 4632 2559 4670 non
2633 4617 2885 4684 oportere
2963 4610 3198 4673 πίστεως
3292 4607 3494 4666 ἔκθεσιν
3584 4612 3791 4690 ἑτέραν,

360 4704 538 4761 detur
567 4705 628 4760 in
658 4704 909 4777 epistola
939 4705 1011 4761 ad
1042 4706 1323 4762 Acacium
1356 4706 1808 4764 Melitinensem.
1863 4710 2025 4766 Hanc
2134 4705 2314 4761 aliam
2350 4704 2481 4775 ﬁdei
2533 4703 2930 4773 expositionem
2985 4704 3044 4757 in
3099 4700 3374 4759 Eccleszas
3425 4705 3526 4760 Dei
3584 4705 3795 4775 inferre

362 4793 609 4865 scripsit
640 4792 758 4862 ille,
791 4794 1098 4851 occasione
1126 4794 1264 4851 data
1311 4797 1622 4867 cujusdam
1653 4798 1810 4853 160
1840 4798 2024 4871 expli-

359 4882 603 4939 cat-ieris
642 4882 778 4938 ﬁdei
811 4883 1217 4954 professionis,
1277 4901 1457 4957 quam
1520 4885 1844 4945 Orientales
1901 4887 2022 4959 epi-

361 4972 526 5043 scopi
559 4972 632 5027 ad
660 4971 977 5044 impactam
1001 4972 1316 5029 eluendam
1350 4974 1797 5031 Nestorianismi
1832 4975 2025 5032 labem

362 5066 846 5134 composuerant,
882 5061 1028 5117 Cum
1081 5080 1217 5119 vero
1274 5063 1697 5136 professionem
1758 5067 2026 5121 eamdem

364 5151 594 5209 Decreti
623 5150 885 5223 Ephesini
927 5157 1191 5225 pretextu
1244 5154 1663 5226 redarguerent
1700 5154 2027 5210 Nestoriani

360 5240 661 5313 homines,
694 5240 953 5297 vindicat
980 5258 1112 5297 eam
1162 5241 1437 5315 Cyrillus,
1496 5244 1651 5312 quod
1704 5244 2029 5299 Orientales

358 5329 451 5386 illi
484 5330 662 5386 ﬁdem
694 5347 863 5387 suam
916 5331 1165 5403 professi
1212 5337 1372 5399 sunt,
1427 5332 1576 5387 nihil
1622 5331 1895 5404 Symbolo
1927 5333 2029 5387 ad-

362 5420 594 5491 dentes,
627 5421 728 5477 sed
759 5425 924 5477 extra
967 5420 1289 5493 Symbolum
1337 5422 1731 5479 necessariam
1786 5422 2031 5478 oﬁ'eren-

360 5513 451 5567 tes
482 5508 972 5567 declarationem.

436 5599 660 5655 Locum
685 5598 986 5671 integrum
1045 5599 1243 5657 affero.
1308 5600 1565 5657 Volabant
1618 5602 1769 5656 enim
1795 5600 2030 5671 (Nesto-

364 5688 544 5749 riane
572 5687 848 5747 factionis
879 5686 1180 5763 homines)
1206 5706 1273 5748 ea
1302 5691 1496 5747 omnia
1531 5690 1763 5764 aboleri,
1797 5706 1917 5766 quae
1944 5689 2032 5748 vel

2130 4798 2334 4868 praeter
2388 4810 2511 4850 eam
2563 4806 2689 4863 qua
2731 4794 2856 4863 jam
2911 4791 3218 4846 exstabat:
3262 4808 3428 4864 quam
3483 4793 3794 4850 beatissimi

2134 4886 2331 4939 Patres
2357 4888 2547 4937 nostro
2586 4889 2782 4936 sancto
2830 4880 3045 4951 Spiritu
3076 4880 3244 4936 locuti
3271 4880 3656 4951 deﬁniverant.
3687 4882 3793 4937 Ni-

2137 4974 2307 5043 caeae).
2342 4972 2497 5028 Satis
2527 4971 2895 5026 innotescere
2950 4968 3207 5025 vide.tur
3262 4969 3347 5026 ita
3386 4972 3669 5044 Cyrillum
3700 4971 3792 5028 in-

2136 5061 2433 5118 tellexisse
2491 5059 2828 5132 Ephesinum
2883 5057 3178 5125 decretum,
3235 5063 3300 5114 ut
3356 5078 3573 5117 novum
3606 5061 3795 5134 impo-

2139 5156 2361 5207 sterum
2394 5167 2509 5206 non
2568 5148 2771 5204 liceret
2811 5146 3154 5219 Symbolum
3212 5149 3404 5216 edere,
3457 5155 3561 5206 aut
3599 5151 3798 5223 ipsum

2138 5241 2437 5296 Nicanum
2488 5240 2799 5294 innovarre
2839 5237 3260 5293 additamentis
3292 5243 3531 5295 auctum
3587 5241 3662 5294 At
3709 5239 3802 5294 illi
3870 5225 3877 5231 ’

2140 5338 2323 5387 tamen
2377 5326 2749 5401 (Orientales)
2796 5327 2864 5382 ab
2921 5325 3023 5382 hac
3075 5326 3271 5395 (Nicaei
3347 5326 3607 5401 Symboli
3663 5328 3800 5401 ﬁde)

2139 5420 2434 5475 dissentire
2488 5418 2617 5483 visi,
2648 5425 2700 5472 et
2755 5416 2895 5487 quod
2942 5432 3117 5488 neque
3171 5419 3318 5471 recte
3369 5418 3707 5474 sentirent...
3739 5419 3803 5472 in

2138 5508 2501 5580 suspicionem
2532 5505 2759 5561 adducti
2788 5521 2802 5574 ;
2851 5505 3110 5576 nunquid
3156 5507 3545 5562 taciturnitate
3587 5506 3659 5562 ab
3696 5505 3805 5562 hac

2141 5597 2516 5670 ignominiosa
2544 5601 2684 5651 nota
2712 5610 2770 5652 se
2800 5594 3148 5664 liberassent,
3195 5612 3272 5651 an
3298 5595 3465 5666 plena
3500 5597 3686 5667 potius
3709 5611 3801 5651 sa-

2142 5688 2472 5761 tisfactione,
2557 5700 2777 5761 suaeque
2855 5687 3147 5745 sententiae
3205 5684 3628 5748 declarations!
3662 5684 3799 5754 Qua
