4090 6432
354 348 468 407 163

1382 338 1700 403 GEORGII
1743 334 2007 399 CYPRll
2052 331 2170 395 ΟΡ.
2215 333 2746 399 ΡΑΤΗΙΑΒΟΗΑΞ

3642 346 3755 408 ιθι

353 476 556 549 utique
605 475 954 549 intelligitur
1013 492 1048 531 a
1097 472 1373 547 Symbolo
1422 473 1656 529 Nicena
1697 469 1995 527 distincta.
2028 477 2084 542 Α
2111 466 2257 535 ﬁeri.
2292 468 2521 524 Patrum
2552 474 2755 526 statuta
2810 472 3085 528 valebant.
3143 472 3441 531 Aleteram
3488 475 3595 533 hoc
3631 475 3753 535 loco

351 567 456 636 Qui
486 567 585 622 hoc
634 566 751 621 vult
777 567 959 635 facere
986 566 1295 638 καινουργεῖ
1323 561 1416 635 μὲν
1465 556 1638 633 οὐδὲν,
1670 559 1841 615 mihil
1872 560 2011 614 novi'

349 656 580 711 molitur
630 673 648 709 .'
709 650 834 707 οὐδὲ
888 652 1122 714 πίστεως
1199 649 1402 706 ἔκθεσιν
1479 650 1665 720 ὁρᾶται
1750 666 2002 701 καινοτο-

354 745 493 815 μῶν,
524 759 622 798 nec
647 743 776 814 ﬁdet
808 744 1204 814 expositionem
1234 743 1496 795 innovare
1515 739 1965 810 deprehenditur.

419 832 581 888 Hanc
628 832 842 888 decreti
893 831 1188 903 Ephesini,
1232 847 1298 886 ac
1329 828 1524 902 Cyrilli
1574 827 1789 883 mentis
1819 827 1999 880 inter-

350 921 738 994 pretationem
771 921 1081 976 conﬁrmat
1119 925 1246 976 tum
1303 919 1434 991 ipsa
1490 916 1873 973 Orientalium
1904 916 2001 970 de-

335 1010 583 1066 claratio
639 1010 902 1083 Epistolis
932 1009 1152 1064 inserta
1181 1008 1428 1065 Joannis
1456 1005 1821 1063 Antiocheni.
1868 1008 1996 1058 tum

340 1100 613 1170 ejusdem
634 1098 879 1155 Joannis
901 1098 1292 1154 disertissima
1311 1096 1622 1153 sententia.
1644 1091 1993 1165 Hujusmodi

329 1187 594 1261 epistolae
672 1192 941 1260 prostant
998 1188 1152 1242 inter
1225 1203 1400 1258 opera
1456 1183 1676 1257 Cyrilli,
1726 1187 1867 1238 tom.
1922 1181 1991 1234 V.

331 1281 488 1350 part.
526 1294 586 1343 II,
619 1281 676 1332 et
723 1281 872 1347 part.
924 1293 979 1331 1v
1030 1275 1263 1332 concilli
1298 1273 1597 1345 Ephesini,
1628 1273 1816 1344 capite
1846 1273 1916 1325 20
1975 1287 1988 1324 :

322 1387 351 1416 α
384 1369 467 1421 De
513 1365 751 1438 Virgine
784 1369 983 1421 autem
1029 1365 1129 1420 Dei
1166 1363 1456 1420 Genitrice
1486 1362 1666 1418 Maria
1697 1361 1990 1432 quomodo

332 1453 668 1509 sentiamus
698 1458 754 1509 et
812 1453 1147 1525 loquamur,
1196 1454 1381 1523 deque
1431 1450 1695 1522 ungeniti
1728 1448 1857 1504 Filii
1892 1448 1989 1504 Dei

326 1538 749 1610 incarnatione,
826 1539 1175 1609 necessario,
1234 1536 1336 1592 οὐκ
1394 1536 1445 1591 ἐν
1504 1537 1825 1613 προςθγςκης
1886 1534 1988 1607 μὲ-

329 1647 430 1702 ρει,
462 1644 573 1684 non
602 1628 964 1684 additamenti
1021 1630 1136 1684 loco
1188 1628 1290 1683 sed
1348 1627 1521 1699 plena
1570 1624 1986 1682 satisfactionis

326 1718 517 1773 forma
547 1721 672 1787 (aut
702 1717 1167 1773 conﬁrmationis
1200 1716 1436 1789 specie),
1480 1716 1745 1771 dicemus
1797 1713 1985 1768 brevi-

326 1810 435 1877 ter,
472 1807 626 1861 sicut
656 1807 728 1862 ab
759 1806 928 1862 initio
959 1822 1027 1861 ex
1083 1807 1306 1861 divinia
1361 1804 1574 1860 litteris
1613 1807 1981 1860 sanctorum-

330 1912 447 1967 que
503 1896 743 1951 Patrum
799 1895 1215 1951 traditionibus
1274 1894 1638 1950 hausimus:

326 1982 554 2038 σύνολον
615 1984 992 2060 προστιθέντες
1050 1987 1119 2056 τῇ
1149 1987 1256 2037 τῶν
1320 1980 1485 2058 ἁγίων
1549 1982 1799 2056 Πατέρων
1876 1984 1984 2033 τῶν

327 2071 380 2127 ἐν
440 2071 636 2145 Nimia
692 2071 961 2147 ἐκτεθεὶσῃ
1016 2072 1216 2129 πίστει.
1267 2072 1424 2129 Nihil
1469 2088 1696 2144 prorsus
1754 2072 1885 2141 ﬁdei
1924 2071 1985 2124 in

324 2164 514 2221 Nicaea
542 2180 576 2219 a
603 2164 879 2220 sanctibus
924 2163 1192 2219 Patribus
1220 2163 1477 2234 exposita
1508 2154 1827 2233 adjicentes;
1881 2157 1985 2214 Illa

327 2253 511 2320 enim,
546 2257 612 2308 ut
643 2257 815 2308 antea
844 2252 1203 2319 diximus,ad
1236 2268 1471 2308 omnem
1505 2250 1761 2322 pietiatis
1793 2248 1986 2321 cogni-

328 2342 569 2409 tionem,
604 2341 910 2413 omnisque
935 2341 1215 2397 haeretica:
1248 2358 1437 2412 pravae
1467 2338 1744 2395 doctrinae
1776 2338 1982 2409 depul-

327 2432 574 2498 sionem,
608 2430 824 2486 abunde
869 2434 951 2485 sat
998 2436 1148 2487 est...
1182 2430 1368 2485 Habet
1396 2445 1528 2485 vero
1563 2432 1764 2484 nostra
1795 2428 1981 2498 Expo-

332 2520 469 2577 sitio
492 2521 551 2575 in
584 2519 743 2575 hunc
774 2520 1044 2576 modum:
1083 2519 1420 2589 Conﬁtemur
1440 2520 1616 2590 igitur
1634 2518 1985 2572 Dommicum

323 2613 575 2664 nostrum
624 2614 817 2666 Jesum
874 2608 1153 2665 Christum
1194 2610 1586 2678 unigenituum
1638 2608 1734 2662 Dei
1774 2607 1982 2662 Filium

323 2715 435 2755 esse
495 2699 663 2754 Deum
703 2699 1038 2770 perfectum,
1098 2701 1147 2753 et
1216 2698 1494 2753 hominem
1542 2696 1853 2770 perfectum
1912 2710 1983 2751 ea:

325 2789 516 2843 anima
542 2788 816 2843 rationali
866 2792 918 2843 et
944 2802 1169 2860 corpore
1203 2803 1215 2840 :
1248 2789 1379 2843 ante
1429 2786 1629 2841 saecula
1659 2784 1883 2857 quidem
1910 2800 1982 2839 ea;

320 2876 488 2931 Patre
515 2875 811 2932 secundum
835 2875 1191 2931 divinitatem
1227 2876 1503 2944 genitum,
1533 2875 1825 2945 postremis
1853 2888 1980 2928 vero

325 2965 669 3034 temporibus
698 2964 947 3021 eumdem
970 2965 1151 3036 ipsum
1187 2968 1410 3035 propter
1454 2968 1707 3017 nostram
1746 2965 1980 3018 salutem

324 3068 395 3108 ea:
450 3055 633 3108 Maria
717 3053 941 3121 Virgine
1012 3050 1312 3108 secundum
1384 3051 1787 3106 humanitatem
1868 3066 1977 3104 na-

326 3146 465 3197 tum.
502 3162 530 3191 »
562 3140 907 3213 Symbolum
947 3157 1083 3212 ergo
1130 3140 1448 3208 Nicaenum,
1500 3139 1619 3195 sive
1672 3140 1975 3210 formulam

2110 556 2243 627 ﬁdei
2296 560 2694 627 expositionem
2746 559 3028 633 intelligo,
3086 578 3215 633 qua:
3273 562 3351 619 sit
3401 563 3493 621 vel
3543 582 3754 624 novum

2111 646 2544 716 quodammodo
2574 648 2914 721 Symbolum
2945 667 2980 706 a
3007 650 3237 707 Nicmno
3267 657 3325 708 et
3351 655 3754 712 Constantino-

2111 734 2368 805 politano
2398 736 2766 805 distinctum,
2797 738 2886 794 vel
2916 756 3044 811 qua
3074 741 3150 799 ad
3208 742 3411 797 eadem
3444 743 3560 800 duo
3587 748 3752 816 Sym-

2110 822 2264 891 bola,
2293 823 2381 879 vel
2419 826 2685 896 ejusdem
2741 828 2993 900 Symboli
3054 829 3202 886 duas
3253 830 3538 887 formulas
3584 833 3751 905 quid-

2108 911 2264 984 piam
2298 914 2493 969 addat.
2528 915 2849 988 Utramque
2872 917 3187 974 formulam
3208 919 3267 975 in
3299 919 3504 977 eadem
3527 922 3752 978 actione

2106 1000 2412 1072 legendam
2448 1005 2931 1077 praescripserunt
2984 1010 3211 1073 Patres,
3242 1024 3308 1063 ac
3343 1025 3461 1065 una
3487 1010 3750 1068 omnium

2104 1089 2523 1148 acclamatione
2552 1094 2999 1151 conﬁrmarunt.
3032 1100 3107 1151 At
3164 1096 3441 1167 Carosus,
3471 1103 3530 1154 et
3574 1099 3745 1156 Doro-

2104 1178 2298 1247 theus,
2333 1186 2391 1237 et
2419 1180 2518 1237 alii
2568 1182 3042 1241 archimandritas
3074 1189 3132 1241 et
3161 1186 3456 1256 monachi,
3490 1188 3592 1260 qui
3638 1191 3748 1245 Eu-

2101 1268 2289 1339 tychis
2322 1285 2388 1324 ac
2412 1268 2670 1326 Dioscori
2696 1288 2935 1327 causam
2963 1273 3495 1342 tuebantur,unam
3516 1280 3749 1333 contem

2100 1357 2320 1415 debant
2350 1359 2617 1416 sufﬁcere
2645 1361 2946 1431 formulam
2965 1362 3199 1418 Nicaeum
3217 1363 3751 1434 ﬁdei:abnuebant-

2100 1462 2216 1518 que
2267 1447 2521 1518 Symbolo
2579 1449 3189 1522 ConstantinOpolitano
3246 1453 3635 1525 subscribere,
3694 1459 3751 1512 et

2099 1535 2373 1607 amplecti
2398 1536 2599 1593 Leonis
2625 1538 2937 1608 epistolam
2969 1540 3039 1594 ad
3075 1540 3417 1596 Flavianum
3439 1559 3459 1597 :
3485 1558 3747 1598 omnem-

2097 1638 2210 1695 que
2243 1624 2606 1694 rejiciebant,
2641 1642 2768 1698 quas
2803 1626 2924 1682 ﬁeri
2956 1628 3027 1683 ad
3060 1628 3358 1686 Nicaenum
3408 1630 3749 1702 Symbolum

2094 1719 2315 1783 posset,
2347 1714 2725 1783 additionem,
2760 1716 2990 1772 decreto
3021 1717 3313 1789 Ephesino
3371 1718 3745 1777 inhmrentes.

2094 1801 2157 1856 In
2191 1818 2393 1858 eorum
2424 1803 2622 1859 libello
2653 1804 2708 1859 S.
2765 1806 2970 1877 synodo
3028 1806 3218 1863 oblato
3258 1808 3486 1864 actione
3541 1810 3595 1880 4,
3627 1809 3748 1867 hmo

2202 1854 2393 1858 ψη
2424 1854 2617 1859 --ηρ-ν
2654 1854 2708 1859 --
2766 1854 2964 1877 -υ---η
3031 1854 3215 1863 πη--
3258 1854 3485 1864 ---η-η
3551 1854 3575 1864 -
3627 1854 3745 1867 ...η

1701 1888 1863 1945 Οὐδὲν
1924 1890 1985 1944 τὸ
2015 1854 2064 1919 Β
2094 1888 2739 1948 habenturzpiissimus
2784 1895 3154 1966 imperator...
3193 1896 3480 1967 pollicitus
3523 1854 3604 1955 est
3648 1914 3745 1956 n0-

2094 1978 2177 2034 bis
2205 1982 2530 2051 conﬁrmari
2556 1990 2775 2037 tantum
2792 1987 3190 2054 expositionem
3217 1986 3351 2056 ﬁdei
3376 1995 3750 2045 trecentorum

2093 2068 2275 2125 decem
2303 2074 2355 2125 et
2381 2074 2495 2126 octo
2517 2072 2747 2127 Patrum
2765 2090 2783 2127 :
2808 2076 2859 2127 et
2885 2074 3030 2129 nihil
3059 2074 3225 2130 aliud
3240 2077 3368 2131 ante
3396 2076 3500 2134 hoc
3518 2078 3747 2145 moveri,

2091 2159 2177 2211 vr!
2205 2159 2393 2229 ﬁeri...
2423 2160 2504 2216 Ad
2561 2162 2920 2230 integriorem
2948 2166 3138 2218 autem
3171 2164 3576 2236 probationem,
3607 2166 3748 2237 quod

2091 2247 2242 2301 nihil
2270 2263 2368 2305 nos
2396 2251 2736 2305 contrarium
2800 2253 2898 2303 τοῦ
2937 2244 3234 2322 Συμϐόλου
3312 2258 3414 2322 τῆς
3501 2253 3734 2317 πίστεως

2093 2336 2354 2407 Symbolo
2382 2338 2513 2407 ﬁdei
2536 2340 2893 2410 sapiamus...
2924 2340 3269 2397 subdidimus
3289 2350 3344 2398 et
3372 2344 3560 2413 ipsum
3588 2344 3747 2418 Sym-

2094 2425 2321 2488 bolum;
2351 2435 2403 2482 et
2431 2426 2833 2497 deﬁnitionem,
2866 2444 2990 2500 quae
3043 2430 3141 2486 hoc
3175 2432 3746 2503 supersignavit,pro-

2096 2512 2273 2570 latum
2302 2532 2340 2571 a
2362 2519 2552 2572 sancta
2575 2525 2628 2572 et
2679 2518 2987 2574 universali
3012 2519 3218 2590 synodo
3272 2535 3400 2593 quae
3432 2523 3744 2579 Nestorium

2088 2603 2487 2659 condemnavit.
2548 2604 2678 2662 Ηωο
2727 2623 2966 2663 rursum
3006 2608 3311 2678 judicibus
3375 2615 3436 2666 et
3515 2612 3744 2670 senatui

2089 2693 2352 2762 reposuit
2397 2694 2648 2750 Caresus
2711 2714 2724 2751 :
2802 2695 2990 2751 Fidem
3044 2700 3402 2755 treeentorem
3459 2700 3641 2759 decem
3695 2708 3748 2757 et

2087 2783 2200 2836 octo
2229 2783 2479 2851 Patrum,
2514 2786 2610 2855 qui
2638 2788 3010 2841 convenerunt
3054 2786 3202 2858 apud
3230 2788 3504 2860 Nicaeam,
3550 2792 3612 2846 in
3638 2806 3747 2861 qua

2085 2873 2137 2923 et
2168 2872 2474 2942 baptizatus
2500 2889 2643 2943 sum,
2675 2875 2808 2929 novi
2838 2891 2850 2930 :
2883 2891 3018 2930 nam
3046 2890 3143 2944 ego
3172 2876 3346 2932 aliam
3364 2877 3542 2947 ﬁdem
3567 2881 3748 2937 nescio

2089 2958 2156 3013 Et
2183 2958 2511 3017 Dorotheus
2536 2977 2551 3018 :
2585 2967 2895 3020 Parmaan
2924 2965 2986 3019 in
3013 2964 3119 3035 ﬁde
3145 2969 3472 3023 sanctorum
3517 2973 3751 3025 Patrum

2087 3055 2454 3105 trecentorum
2482 3051 2658 3106 decem
2689 3060 2745 3107 et
2775 3060 2909 3117 octo,
2968 3054 3066 3123 qui
3093 3053 3242 3124 apud
3268 3055 3531 3115 Nicaeam
3557 3073 3748 3115 conve-

2084 3140 2371 3209 nerunt,in
2398 3156 2507 3211 qua
2540 3142 2849 3212 baptizatus
2881 3142 3036 3197 163
3066 3157 3194 3198 sum
3222 3163 3241 3199 :
3273 3151 3325 3199 et
3353 3145 3412 3200 in
3452 3149 3750 3204 constituto

325 3229 460 3284 ﬁdei
493 3234 742 3301 spectes,
777 3229 897 3285 sive
924 3228 1089 3299 ﬁdem
1117 3229 1307 3301 ipsam
1338 3229 1401 3284 in
1451 3227 1706 3284 formula
1735 3232 1973 3283 conten-
2007 3222 2049 3287 C
2086 3242 2297 3297 eorum,
2330 3231 2428 3301 qui
2454 3229 2600 3300 apud
2625 3230 2901 3299 Ephesum
2930 3234 3242 3289 Nestorium
3269 3233 3643 3293 damnarunt.

322 3318 761 3384 tam,intactum
794 3318 1012 3374 servari
1054 3318 1328 3374 debuisse
1366 3318 1537 3389 juxta
1573 3316 1761 3389 legem
1792 3316 1978 3389 Ephe-

324 3408 540 3475 sinam,
574 3407 851 3463 censebat
879 3406 1151 3478 Cyrillus.
1177 3411 1249 3459 At
1278 3406 1475 3479 ipsum
1515 3405 1974 3461 Alexandrinum

321 3494 645 3552 antistitem
705 3495 1101 3551 animadverte
1158 3495 1315 3550 haud
1368 3494 1605 3549 illicitos
1672 3494 1976 3565 judicasse

318 3584 450 3655 ﬁdei
476 3586 865 3655 confessiones,
912 3589 1015 3640 aut
1040 3586 1409 3657 expositiones
1440 3583 1607 3653 alias,
1640 3600 1673 3637 a
1701 3583 1973 3656 Symbolo

320 3672 552 3729 Nicaano
584 3672 910 3741 distinctas,
933 3673 1099 3743 queis
1122 3673 1267 3728 ﬁdes
1298 3674 1428 3746 ipsa
1458 3672 1689 3727 Nicssna
1718 3672 1975 3728 luculen-

318 3761 440 3817 tius
471 3767 878 3835 exponeretur.
905 3764 1059 3819 142
1091 3763 1154 3817 1d
1181 3778 1316 3817 vero
1344 3760 1776 3816 validissimum
1808 3777 1975 3832 argu-

321 3855 587 3907 mentum
616 3856 724 3920 est,
760 3868 875 3924 quo
918 3851 1072 3907 intra
1101 3852 1410 3907 adversum
1444 3850 1673 3905 Graecos
1705 3867 1968 3922 agemus.

389 3939 483 3995 VI.
516 3940 649 3995 Jam
678 3955 812 3995 vero
840 3939 1042 3995 decreti
1061 3941 1331 4013 Ephesini
1360 3956 1572 3996 sensus
1595 3939 1972 4010 fuerit,quem

317 4028 433 4102 ipsi
464 4028 646 4085 Graeci
698 4027 920 4085 volunt.
953 4030 1084 4085 Suis
1127 4030 1366 4084 tandem
1426 4027 1783 4099 praejudiciis
1814 4029 1972 4082 exuti

317 4120 643 4175 concedant
670 4123 727 4175 et
756 4117 1065 4191 ipsi,quod
1098 4118 1297 4190 negari
1333 4116 1495 4172 nullo
1529 4116 1702 4173 modo
1732 4122 1923 4189 potest
1955 4134 1967 4172 :

315 4225 439 4263 rem
509 4207 661 4263 hanc
723 4209 795 4263 ad
826 4208 1206 4263 ecclesiastica
1235 4207 1545 4279 disciplina
1603 4212 1780 4279 caput
1835 4222 1971 4278 spe-

314 4301 491 4366 ctare,
525 4314 653 4370 qua
687 4314 789 4370 pro
848 4302 1186 4370 temporum
1241 4296 1724 4363 circumstantiis,
1759 4311 1824 4351 ac
1873 4312 1969 4349 ur-

313 4390 485 4459 gente
516 4386 887 4458 necessitate,
914 4385 1298 4441 variationem
1330 4385 1510 4440 subit.
1554 4385 1792 4457 Insigne
1823 4401 1968 4456 prae-

313 4475 411 4530 bet
439 4475 775 4547 exemplum
804 4475 1043 4547 synodus
1100 4475 1434 4529 cecumenica
1490 4473 1966 4542 Chalcedonensis,

2158 3317 2395 3389 Collige,
2426 3318 2821 3374 Alexandrina
2867 3320 2927 3375 in
2975 3319 3233 3377 Ecclesia
3263 3321 3607 3394 simplicem
3651 3324 3750 3383 Ni-

2086 3420 2303 3461 caenam
2356 3408 2656 3475 formulam
2705 3412 2992 3464 retentam
3045 3426 3176 3467 esse
3206 3427 3220 3467 :
3253 3428 3460 3483 neque
3491 3415 3604 3472 hoc
3632 3431 3751 3471 aevo

2082 3493 2411 3565 Symbolum
2453 3497 3131 3567 Constantinopolitanum
3179 3506 3487 3571 receptum
3540 3503 3743 3560 fuisse.

2084 3582 2313 3637 Nicaeno
2367 3600 2499 3639 vero
2550 3585 2944 3640 abutebantur
2995 3586 3267 3659 Symbolo
3327 3589 3679 3664 Eutychiani
3722 3608 3734 3646 :

2084 3688 2404 3743 eorumque
2434 3672 2634 3728 dolum
2668 3675 2855 3747 aperit
2905 3674 3211 3746 Diogenes,
3270 3677 3461 3749 Cyzici
3511 3681 3736 3753 episco-

2083 3777 2197 3831 pus
2255 3760 2479 3816 actione
2542 3764 2568 3816 1
2630 3762 2897 3833 ejusdem
2962 3765 3168 3836 synodi
3217 3765 3742 3826 Chalcedonensis.

2083 3848 2274 3904 Verba
2323 3850 2450 3919 ejus
2507 3855 2694 3905 sunt:
2730 3874 2758 3901 ‹‹
2791 3852 2982 3907 Dolose
3030 3853 3364 3926 (Entychee)
3424 3858 3748 3931 praeposuit

2081 3938 2357 4009 synodum
2389 3943 2730 3995 sanctorum
2788 3940 3048 4013 Patrum,
3082 3959 3208 4013 quae
3258 3944 3321 3998 in
3373 3948 3560 4003 Nicea
3596 3947 3751 4003 facta

2082 4032 2191 4081 est.
2246 4028 2488 4098 Accepit
2535 4045 2789 4100 namque
2812 4029 3200 4086 Additamenta
3223 4049 3258 4088 a
3287 4034 3515 4092 sanctis
3567 4036 3754 4094 Patri-

2081 4114 2194 4170 bus
2273 4115 2593 4189 (Nicaeais),
2650 4122 2889 4190 propter
2963 4135 3305 4191 perservum
3378 4121 3752 4183 intellectum

2078 4203 2503 4276 Appollinaris,
2536 4211 2593 4261 et
2627 4206 2950 4275 Valentini,
2983 4212 3041 4263 et
3070 4207 3424 4283 Macedonii,
3457 4219 3516 4269 et
3537 4214 3642 4286 qui
3670 4213 3756 4270 eis

2081 4293 2306 4349 similes
2332 4300 2494 4352 sunt.
2528 4297 2595 4351 Et
2622 4297 2873 4352 additum
2902 4301 2992 4353 est
3019 4297 3081 4353 in
3110 4298 3368 4371 Symbolo
3403 4308 3751 4360 sanctorum

2079 4385 2325 4438 Patrum
2354 4383 2907 4458 (Constantinopoli)
2942 4404 2955 4441 :
2987 4387 3095 4452 Qui
3155 4388 3487 4460 descendit,
3548 4398 3605 4449 et
3660 4392 3753 4447 in.

2079 4476 2357 4527 carnatus
2406 4472 2590 4528 estde
2626 4475 2845 4545 Spiritu
2900 4483 3087 4532 sancto
3116 4492 3189 4531 ex
3243 4476 3427 4535 Maria
3487 4482 3751 4551 Virgine.

313 4580 441 4634 quis
473 4563 579 4620 abs
609 4563 757 4636 legis
789 4563 1093 4636 Ephesinae
1122 4564 1314 4635 rigore
1344 4562 1470 4619 sine
1491 4562 1671 4618 dubio
1703 4562 1963 4619 recessit.
1994 4589 2046 4656 Β
2082 4560 2195 4656 lloc
2228 4564 2427 4616 autem
2454 4563 2831 4635 praetermisit
2872 4564 3185 4637 Eutyches,
3235 4565 3389 4622 sicut
3443 4568 3756 4641 Apollina-

310 4656 430 4708 Hac
461 4653 534 4708 de
563 4669 624 4708 re
654 4653 948 4725 agendum
981 4652 1129 4708 mihi
1158 4652 1366 4708 latiore
1400 4667 1689 4708 sermone.
1739 4652 1965 4708 Decreti
1994 4649 2037 4656 ⁷
2076 4649 2243 4707 rista.
2274 4653 2424 4706 Nam
2473 4652 2651 4708 etiam
2680 4651 3037 4725 Apollinaris
3068 4653 3317 4727 suscipit
3347 4662 3628 4716 sanctam
3658 4674 3757 4730 sy-

310 4741 595 4814 Ephesini
618 4742 945 4798 reverentia
976 4742 1157 4813 ducti,
1191 4741 1306 4797 sibi
1338 4741 1796 4814 temperandum
1832 4757 1966 4797 cen-

310 4847 481 4888 suere
528 4829 871 4903 aliquandiu
922 4835 1125 4888 Patres
1178 4830 1686 4888 Chalcedonenses
1717 4831 1789 4887 ab
1848 4830 1971 4888 ulla

310 4919 701 4977 conscribenda
755 4921 1116 4992 Expositione
1165 4938 1293 4993 quae
1346 4920 1527 4977 ﬁnem
1576 4921 1856 4976 Niccenam
1914 4924 1972 4977 et

313 5009 952 5081 Contantinopolitanam
1009 5010 1166 5082 quod
1237 5008 1447 5066 attinet
1503 5012 1575 5066 ad
1653 5010 1968 5066 articulum

310 5099 719 5155 Incarnationis
769 5099 909 5156 Filii
966 5099 1086 5171 Dei,
1120 5098 1240 5155 ullo
1295 5100 1470 5156 modo
1510 5098 1674 5155 novis
1723 5099 1969 5170 adjectis

308 5188 552 5244 vocibus
581 5187 924 5258 declararet,
986 5189 1129 5244 Hinc
1159 5189 1328 5244 initio
1362 5189 1633 5246 actioniis
1673 5190 1965 5259 secundae,

310 5293 465 5333 anno
494 5277 592 5332 451
626 5275 953 5347 celebratis,
1010 5277 1297 5334 Iudicibus
1324 5283 1377 5335 et
1430 5279 1774 5351 amplissimo
1803 5295 1967 5335 sena-

310 5367 401 5421 tui
427 5383 548 5422 una
573 5382 714 5423 voce
744 5372 1135 5440 reposuerunt
1176 5367 1437 5440 episcopi
1488 5383 1502 5424 :
1561 5368 1970 5440 Expositionem

311 5458 547 5513 alteram
574 5457 765 5513 nullus
791 5459 996 5530 facit...
1056 5461 1119 5514 in
1171 5460 1387 5531 scriptis
1425 5460 1827 5532 expositionem
1854 5475 1968 5515 non

312 5548 568 5618 favimus.
629 5548 841 5618 Regula
895 5551 995 5618 est,
1025 5565 1145 5621 qua
1194 5549 1467 5622 praedicat
1522 5549 1791 5622 sufﬁcere,
1847 5564 1970 5622 quae

312 5638 439 5696 sunt
466 5640 737 5712 exposita.
767 5639 979 5713 Regula
1003 5640 1144 5709 vult,
1201 5640 1377 5697 aliam
1432 5640 1831 5717 expositionem
1858 5654 1970 5697 non

2081 4738 2325 4811 nodum,
2357 4757 2484 4812 quas
2534 4742 2595 4797 in
2652 4742 2846 4798 Nicaea
2899 4742 3053 4799 facta
3080 4747 3206 4813 est;
3240 4747 3581 4804 secundum
3616 4764 3761 4822 pro-

2079 4828 2271 4899 priam
2301 4830 2743 4902 perversitatem
2794 4830 3131 4905 intelligens
3186 4832 3367 4890 verba
3398 4852 3413 4892 :
3456 4839 3519 4893 et
3548 4834 3764 4909 effugit

2077 4916 2145 4973 de
2174 4917 2394 4991 Spiritu
2420 4923 2618 4978 sancto
2649 4937 2719 4978 ea:
2747 4922 2935 4977 Maria.
2990 4922 3255 4993 Virgine,
3295 4927 3364 4980 ut
3393 4940 3471 4983 ne
3502 4926 3756 4984 omnino

2079 5007 2358 5067 unionem
2382 5010 2577 5067 carnis
2609 5010 3006 5068 conﬁteretur.
3031 5011 3260 5069 Etenim
3292 5014 3487 5070 sancti
3521 5004 3753 5083 Patres,

2080 5100 2181 5172 qui
2239 5100 2300 5156 in
2357 5101 2548 5157 Nicea
2603 5104 3018 5173 convenerunt,
3067 5102 3223 5173 quod
3268 5103 3600 5161 incarnatus
3649 5106 3753 5175 est,

2079 5190 2374 5247 dixerunt.
2433 5190 2633 5247 Sancti
2684 5194 2879 5246 autem
2939 5194 3163 5260 Patres,
3226 5192 3325 5264 qui
3399 5197 3541 5264 post
3586 5192 3757 5266 ipsos

2079 5280 2338 5349 fuerunt,
2363 5277 2825 5352 explanaverunt
2844 5279 3399 5353 (Constantinopoli)
3431 5281 3705 5339 dicentes
3737 5299 3753 5338 :

2076 5374 2157 5425 De
2206 5369 2417 5441 Spiritu
2464 5372 2657 5424 sancto
2687 5385 2759 5424 ea:
2799 5369 2977 5425 Maria
3007 5371 3250 5441 Virgine.
3285 5390 3315 5420 ››
3347 5368 3634 5441 Legimus
3692 5370 3756 5426 in

2075 5457 2234 5514 Actis
2286 5477 2300 5514 :
2372 5458 2674 5531 Egyptios
2729 5459 2975 5531 Eutychi
3040 5458 3301 5515 faventes
3378 5458 3680 5517 clamasse
3732 5475 3750 5517 :

2076 5547 2240 5603 Nemo
2281 5547 2511 5618 suscipit
2561 5548 2965 5618 adiectionem,
3011 5564 3178 5605 nemo
3239 5546 3681 5606 diminutionem
3731 5565 3748 5604 :

2078 5637 2207 5707 Qum
2235 5638 2299 5695 in
2335 5637 2523 5696 Nicaea
2576 5639 2845 5696 cantitata
2898 5645 3049 5710 sunt,
3090 5643 3333 5697 teneant.
3391 5635 3548 5703 Malo
3606 5636 3746 5701 dolo
