4090 6440
332 339 456 402 165

1548 340 1758 403 νΙΤΑ.
1805 374 1883 386 —-
1926 339 2454 406 DISSERTATIO
2497 341 2576 405 ΙΙ.

3649 354 3766 414 166

321 471 585 545 Symboli
641 473 1242 547 Constantinopolitani
1309 473 1714 531 additamenta
1772 473 1994 547 rejicie-
2021 474 2078 542 Α
2104 473 2243 545 ﬁdei
2267 473 2593 545 formulam,
2623 474 2966 548 alteramque
3012 479 3181 534 condi
3211 480 3374 550 ﬁdem
3406 481 3761 553 inhibuisse,

328 560 526 619 bant:
581 565 643 617 at
688 561 837 619 illud
882 579 1016 619 vero
1064 566 1317 632 constat,
1348 564 1611 619 nondum
1658 563 1815 635 apud
1869 562 2001 620 illos

333 648 657 707 formulam
688 649 1399 723 Constantinopolitanam
1430 651 1769 708 invaluisse.

412 738 672 795 Subdola
718 739 969 796 istorum
1017 740 1212 796 indole
1260 740 1515 813 denique
1560 745 1883 814 perspecta,
1915 739 2001 795 illi

342 826 456 901 ipsi
512 827 1024 885 Chalcedonenses
1073 829 1291 894 Patres,
1350 830 1450 900 qui
1500 830 1600 885 diu
1649 833 2003 902 negaverant

346 916 746 973 deﬁnitionem
778 917 961 973 ullam
1009 919 1256 975 Nicaeam
1283 917 1550 988 formati?
1585 923 1639 974 et
1685 918 1998 975 Constanti-

343 1006 679 1080 nopolitanae
709 1009 1104 1077 attexendam,
1139 1013 1499 1063 consuerunt
1546 1008 1798 1081 denique
1842 1008 1999 1063 haud

338 1094 420 1150 ita
464 1093 584 1167 legi
629 1095 941 1168 Ephesinae
994 1096 1281 1168 obstringi
1330 1113 1478 1164 sese,
1511 1096 1657 1168 quin
1708 1095 1791 1151 uti
1820 1096 2000 1152 facul-

334 1187 455 1239 tate
482 1190 747 1256 possent,
785 1184 962 1239 ﬁdem
1013 1184 1078 1240 de
1106 1186 1397 1241 incarnato
1450 1184 1620 1241 Verbo
1668 1185 1999 1257 explicandi

335 1272 624 1344 peculiari
683 1272 1028 1344 appendice.
1090 1273 1341 1330 Recitari
1390 1274 1623 1344 jubent‘
1660 1274 1887 1330 actione
1942 1275 1997 1343 5,

333 1360 531 1433 primo
581 1361 907 1433 Symbolum
955 1363 1261 1430 Nicaenum,
1301 1368 1431 1417 tum
1481 1363 1803 1434 Symbolum
1849 1365 2001 1419 Con-

330 1450 928 1521 stantinopolitanum.
978 1451 1163 1506 Aiunt
1212 1467 1343 1506 vero
1376 1470 1393 1505 :
1444 1449 1731 1523 Su/ﬁceret
1760 1452 1999 1525 quidem

333 1537 411 1594 ad
443 1537 683 1610 plenam
715 1539 1107 1610 cognitionem
1138 1544 1196 1594 et
1225 1541 1731 1597 conﬁrmationem
1765 1542 2001 1613 pietatis

314 1614 453 1685 ‘hoc
485 1627 725 1701 sapiens
754 1633 813 1685 et
860 1628 1116 1685 salutare
1164 1629 1374 1686 divina
1404 1631 1607 1703 gratiae
1655 1630 2001 1703 Symbolum

333 1717 667 1789 (Nicaanum
716 1721 774 1774 et
818 1718 1576 1791 Constantinopolitanum).
1625 1720 1739 1777 Sed
1789 1736 2002 1776 omnem

335 1807 821 1863 machinationem
877 1807 1383 1880 (haereticorum)
1439 1814 1629 1864 contra
1698 1810 1999 1865 veritatem

336 1896 616 1953 claudere
646 1895 851 1953 volens
880 1913 1138 1969 praesens
1168 1913 1324 1953 nunc
1356 1902 1580 1967 sancta,
1614 1901 1673 1954 et
1702 1914 1919 1970 magna
1945 1903 2003 1955 et

336 1984 693 2041 universalis
741 1986 1071 2057 synodus...
1105 1986 1360 2043 decrevit
1406 1990 1540 2043 ante
1570 1988 1790 2056 omnia,
1822 1987 2000 2043 ﬁdem

337 2074 635 2147 integram
676 2077 735 2130 et
760 2074 1173 2132 intemeratam
1230 2092 1573 2149 permanere
1628 2082 2003 2133 trecentorum

334 2162 528 2219 decem
554 2167 609 2220 et
634 2167 749 2219 octo
795 2169 1116 2220 sanctorum
1159 2167 1408 2222 Petrum.
1440 2166 1759 2222 Conﬁrmat
1787 2165 1999 2222 doctri-

337 2269 507 2320 nam,
537 2269 668 2327 quae
695 2254 767 2309 de
794 2253 1130 2311 substantia
1175 2254 1429 2327 Spiritus
1459 2255 1647 2311 sancti
1680 2272 1714 2310 a
1741 2256 2002 2312 Patribus

336 2347 569 2396 centum
614 2343 1033 2415 quinquaginta
1079 2350 1284 2416 postea
1330 2344 1702 2418 congregatis
1748 2346 1811 2400 in
1841 2346 2004 2419 regia

335 2431 569 2486 civitate
596 2430 755 2488 164
784 2431 1002 2488 tradita
1042 2436 1130 2488 est
1159 2437 1400 2506 prepter
1446 2430 1577 2489 illos
1609 2433 1712 2504 qui
1759 2433 2001 2506 Spiritui

340 2522 554 2575 sancto
603 2520 1016 2592 repugnabant
1055 2536 1068 2575 :
1113 2537 1287 2593 quam
1340 2520 1427 2576 illi
1477 2522 1754 2578 omnibus
1802 2526 2001 2579 notam

335 2607 628 2679 fecerunt,
660 2624 774 2665 non
815 2610 978 2680 quasi
1006 2608 1229 2683 aliquid
1273 2609 1481 2666 deesset
1514 2611 1824 2683 prioribus,
1857 2611 2003 2684 adji-

329 2699 546 2753 cientes
573 2688 595 2750 ,ί
624 2697 728 2753 sed
777 2714 954 2754 suum
996 2697 1068 2753 de
1115 2702 1317 2754 sancto
1366 2696 1587 2771 Spiritu
1633 2697 2001 2755 intellectum

332 2786 779 2857 Scripturarum
822 2786 1180 2843 testimoniis
1230 2785 1611 2844 declarantes.
1650 2809 1691 2853 ,››
1743 2788 2002 2860 Suscipit

333 2874 518 2932 etiam
564 2878 771 2931 contra
824 2875 1164 2931 Nestorium
1219 2880 1276 2932 et
1332 2876 1656 2948 Eutychem
1712 2876 2001 2949 Epistolas

333 2962 538 3036 Cyrilli
580 2968 640 3020 et
687 2963 901 3020 Leonis
949 2964 1167 3037 Magni.
1218 2963 1442 3032 Quibus
1491 2965 1732 3020 demum
1780 2966 2001 3023 sanctis

334 3051 615 3109 Patribus
674 3053 1002 3120 adharens,
1051 3054 1463 3110 Incarnationis
1510 3055 1812 3109 articulum
1861 3054 1999 3110 dili-

342 3141 573 3211 gentius
619 3142 888 3214 exponit,
935 3141 1155 3199 docens
1203 3158 1216 3196 :

2111 565 2176 617 ut
2203 562 2348 618 alias
2396 563 2773 631 orthodoxas,
2805 582 2932 637 quae
2981 564 3041 620 in
3075 567 3351 625 Ecclesiis
3396 574 3762 642 particulari-

2108 652 2221 706 bus
2252 669 2363 707 usu
2394 658 2638 724 receptae
2669 659 2854 725 erant,
2888 672 3003 710 non
3048 657 3331 726 rejecerit.
3364 660 3597 719 Nicena
3625 664 3766 719 sim-

2110 739 2247 811 plici
2290 741 2567 795 utebatur
2613 743 2989 799 Alexandrina
3036 745 3313 801 Ecclesia.
3347 747 3641 806 Nicasnam
3673 770 3764 808 vo-

2109 829 2275 884 cibus
2314 830 2614 900 aliquibus
2663 838 2893 886 auctam
2941 834 3300 890 adhibebant
3345 839 3681 896 Antiochena
3708 847 3765 897 et

2108 916 2614 989 Philadelphiensis
2640 938 2662 974 .·
2706 937 2770 975 ac
2812 921 2873 975 in
2923 921 3053 1005 aliis
3104 923 3766 1000 Constantinolyolitanam

2107 1004 2388 1079 viguisse,
2420 1008 2728 1080 perspicue
2777 1004 3075 1083 colligitur
3125 1030 3195 1068 ex
3242 1017 3435 1071 verbis
3488 1017 3763 1092 Diogenis

2107 1094 2367 1167 Cyziceni
2390 1096 2515 1168 jam
2542 1097 2753 1153 allatis.
2780 1100 2921 1154 Hinc
2945 1104 3123 1173 patet,
3150 1102 3464 1160 formulam
3494 1108 3761 1165 eamdem

2063 1229 2065 1231 .
2110 1183 2780 1257 Constantinopolitanam
2849 1205 2916 1244 ea
2972 1190 3216 1248 minime
3285 1199 3419 1249 ante
3475 1199 3765 1269 synodum

2109 1272 2640 1330 Chalcedonensem
2665 1276 2910 1357 petitam
2944 1278 3127 1335 fuisse
3166 1283 3533 1355 auctoritate,
3558 1291 3622 1340 ut
3642 1287 3772 1359 ipsa

2110 1377 2231 1417 una
2258 1363 2318 1417 in
2367 1362 2702 1435 quibusque
2734 1365 3012 1423 Ecclesiis
3058 1370 3518 1440 particularibus
3563 1375 3621 1429 in
3656 1393 3771 1432 usu

2110 1450 2275 1507 foret.
2309 1452 2460 1507 Tum
2491 1470 2622 1509 vero
2672 1455 2799 1511 sine
2830 1456 3008 1511 dubio
3060 1459 3301 1530 factum,
3336 1468 3399 1517 ut
3441 1463 3766 1523 Orientales

2110 1539 2455 1597 Orthodoxae
2502 1541 2793 1612 Ecclesiae,
2851 1545 3253 1618 singularibus
3303 1551 3570 1609 formulis
3626 1572 3772 1626 prae-

2106 1628 2421 1697 termissis,
2457 1630 2671 1700 quibus
2695 1633 3010 1689 utebantur
3036 1653 3141 1706 pro
3162 1635 3452 1709 libertate,
3476 1643 3763 1713 paulatim

2112 1720 2777 1789 Constantinopolitanam
2826 1721 3104 1780 adhibere
3151 1728 3431 1798 coeperint
3459 1729 3519 1786 in
3550 1732 3767 1804 baptis-

2029 1850 2079 1915 Β
2111 1807 2287 1905 matis
2316 1806 2663 1906 collatione;
2698 1809 2972 1882 idemque
3000 1813 3343 1887 Symbolum
3375 1818 3762 1878 nihilominus

2109 1895 2168 1949 in
2201 1896 2605 1952 monumentis
2639 1899 2784 1955 165
2822 1899 3238 1959 ecclesiasticis
3269 1906 3550 1978 appellari
3582 1909 3764 1967 Nicae-

2107 1999 2246 2037 nu-m
2295 1986 2678 2058 consueverit,
2713 2004 2848 2043 cum
2892 2006 3092 2046 revera
3138 1992 3215 2048 sit
3242 1994 3531 2053 Nzcwnum
3560 1996 3765 2070 aliqui-

2109 2071 2222 2128 bus
2249 2072 2511 2145 vocibus,
2543 2077 2671 2130 tum
2694 2075 2976 2134 claritatis
2998 2095 3195 2152 causa,
3212 2087 3338 2138 tum
3372 2090 3611 2157 propter
3640 2087 3759 2143 hae-

2109 2176 2270 2216 reses
2298 2168 2685 2234 emergentes,
2718 2171 2977 2222 auctum.
3030 2168 3192 2225 Unde
3212 2171 3340 2241 jam
3386 2173 3636 2245 denique
3664 2193 3766 2249 pa-

2111 2252 2214 2316 tet,
2246 2249 2380 2320 legis
2426 2253 2722 2322 Ephesinae
2769 2253 2946 2326 rigori
2991 2258 3336 2331 derogatum
3384 2262 3588 2333 fuisse,
3639 2282 3757 2337 qua

2108 2338 2272 2408 ﬁdem
2298 2339 2530 2395 alterum
2571 2358 2606 2395 a
2635 2342 2869 2398 Nicaana
2917 2345 3172 2419 simplici
3225 2358 3324 2405 aut
3372 2355 3630 2427 proferri,
3664 2360 3766 2411 aut

2110 2429 2400 2496 conscribi,
2430 2433 2488 2485 et
2516 2433 2770 2502 componi
2796 2434 3124 2491 vetabatur.

2182 2516 2416 2573 Marcus
2470 2517 2757 2590 Ephesius
2825 2520 2884 2576 in
2939 2526 3161 2596 synodo
3243 2527 3588 2600 Florentius,
3644 2551 3763 2590 ses-

2110 2604 2275 2661 sione
2301 2606 2356 2672 5,
2392 2606 2569 2663 hocce
2597 2606 2763 2675 vidit,
2795 2626 2862 2664 ac
2909 2628 3314 2686 praeoccupare
3344 2626 3759 2691 argumentum

2109 2698 2356 2749 conatus
2386 2699 2475 2750 est
2508 2713 2521 2750 :
2555 2718 2583 2746 «
2618 2697 2918 2755 Statutum
2962 2701 3180 2774 quippe
3209 2705 3321 2761 fuit
3349 2697 3691 2782 (inquiens),
3725 2729 3761 2768 a

2107 2782 2383 2838 Patribus
2424 2784 2759 2857 Ephesinis,
2807 2788 2957 2843 nulli
3005 2790 3280 2864 deinceps
3328 2801 3526 2866 patere
3576 2798 3756 2856 licen-

2106 2870 2250 2926 tiam
2282 2871 2639 2930 immutandi
2669 2876 2875 2948 quovis
2900 2879 3072 2934 modo
3089 2880 3411 2952 Symbolum
3436 2888 3758 2947 Nicwnum:

2108 2961 2264 3031 quod
2323 2960 2479 3017 idem
2535 2967 2625 3019 est
2680 2981 2746 3020 ac
2801 2965 2992 3022 dicere
3052 2970 3762 3046 Constantinopolitanum;

2104 3048 2321 3105 virtute
2349 3051 2507 3106 enim
2558 3053 2892 3111 continetur
2923 3055 2982 3111 in
3014 3056 3133 3127 illo,
3168 3061 3458 3135 amboque
3506 3083 3611 3138 pro
3643 3085 3761 3125 uno

1274 3144 1453 3199 Unum
1498 3141 1854 3215 eamdemque
1903 3145 2000 3199 Dei
2037 3217 2071 3228 Α
2107 3143 2248 3194 sunt
2295 3138 2514 3196 habita.
2550 3162 2578 3190 ››
2629 3143 2937 3214 Ephesinis
2987 3147 3146 3203 Actis
3177 3149 3301 3207 haec
3349 3162 3637 3228 repugnat
3675 3158 3762 3215 in-

346 3228 551 3284 Filium
565 3231 865 3286 Dominum
890 3232 1143 3286 nostrum
1155 3235 1349 3288 Iesum
1366 3231 1667 3301 Christum,
1690 3234 2001 3304 perfectum
2029 3217 2072 3285 C
2109 3228 2468 3299 terpretatio.
2525 3229 2871 3321 Recitatum‘
2902 3234 3120 3310 quippe
3167 3240 3397 3297 actione
3413 3217 3453 3297 ’1
3496 3217 3761 3317 legimus

348 3319 409 3373 in
432 3319 655 3391 Deitate,
685 3327 739 3375 et
766 3318 1016 3376 eumdem
1054 3322 1370 3392 perfectum
1398 3321 1463 3376 in
1493 3320 1862 3389 humanitate,
1889 3325 1996 3377 etc.

340 3407 467 3463 Ηωο
498 3409 571 3465 ad
600 3409 950 3483 Symbolum
980 3407 1300 3477 Nicaauum,
1324 3413 1383 3465 et
1411 3410 2000 3482 Constantinopolita-

331 3513 478 3552 num
494 3497 790 3569 Appendix
813 3515 848 3553 a
867 3497 1145 3555 Patribus
1166 3497 1741 3555 Cbalcedonensibus
1764 3499 2001 3555 condita

326 3585 471 3640 fuit-
494 3585 631 3641 Haec
678 3586 807 3642 sine
836 3586 1017 3642 dubio
1065 3587 1333 3658 quaedam
1364 3591 1456 3643 est
1502 3586 1706 3642 decreti
1734 3589 2001 3660 Ephesini

327 3675 637 3740 relaxatio,
671 3691 799 3747 quae
832 3675 906 3731 ad
936 3675 1396 3732 ecclesiasticam
1419 3676 1794 3748 disciplinam
1819 3678 1996 3749 perti-

326 3767 450 3818 net.
484 3762 619 3818 Hasc
650 3763 893 3822 demum
916 3765 1126 3836 synodi
1148 3764 1647 3822 Chalcedonensis
1677 3768 1887 3839 agendi
1911 3784 1999 3823 ra-

323 3852 411 3907 tio
433 3852 810 3925 importunos
832 3853 1166 3909 Graecorum
1198 3859 1445 3911 conatns
1476 3856 1716 3928 frangit,
1741 3857 1842 3928 qui
1866 3857 1997 3928 legis

324 3941 601 4014 ejusdem
634 3942 919 4013 Ephesiae:
949 3943 1139 4015 rigore
1169 3947 1372 3999 contra
1402 3943 1642 3999 Latinus
1672 3950 1957 4017 pugnant.

395 4031 695 4087 Adnotare
721 4035 919 4086 tamen
965 4031 1077 4087 hoc
1110 4031 1237 4088 loco
1288 4048 1476 4104 operae
1510 4033 1764 4105 pretium
1799 4034 1992 4103 fuerit,

321 4119 671 4193 praedictam
729 4120 1223 4177 Chalcedonensem
1286 4122 1681 4194 Appendicem,
1731 4122 1995 4195 aliasque

322 4209 599 4266 conditas
630 4209 690 4265 in
722 4208 856 4266 aliis
900 4209 1166 4267 conciliis
1197 4215 1401 4268 contra
1448 4216 1812 4285 emergentes
1843 4230 1994 4270 erro-

323 4315 445 4370 res,
504 4297 705 4355 locum
763 4316 883 4355 non
964 4298 1246 4357 habuisse
1302 4316 1565 4373 unquam
1641 4301 1701 4356 in
1759 4302 1993 4374 publica

320 4387 584 4460 Symboli
651 4388 1254 4460 Constantinopolitani
1327 4389 1690 4457 recitatione,
1751 4391 1873 4447 sive
1930 4390 1990 4446 in

320 4476 706 4549 baptismate,
739 4477 859 4532 sive
892 4476 951 4531 in
999 4477 1281 4550 Liturgia,
1316 4482 1380 4534 ut
1428 4479 1615 4550 capite
1646 4478 1993 4551 insequente

2107 3317 2392 3373 Nicwnum
2438 3319 2690 3392 simplex
2735 3317 3076 3394 Symbolum.
3108 3328 3397 3400 Synodica
3427 3332 3644 3391 ibidem
3675 3335 3758 3392 le-

2107 3405 2265 3479 gitur
2295 3408 2491 3480 Cyrilli
2534 3410 2783 3481 epistola
2828 3429 2897 3468 ex
2943 3416 3165 3488 synodo
3195 3417 3588 3479 Alexandrina
3618 3425 3759 3481 data

2108 3496 2181 3550 ad
2213 3496 2573 3568 Nestorium,
2602 3500 2702 3555 ubi
2758 3502 3009 3576 simplex
3037 3507 3240 3563 eadem
3275 3515 3497 3580 prostat
3528 3513 3763 3573 Nicaena

2107 3584 2403 3641 formula:
2437 3604 2504 3642 ac
2552 3606 2671 3645 una
2699 3588 2757 3644 in
2809 3592 3045 3649 Patrum
3094 3595 3619 3660 acclamationibus
3656 3607 3766 3660 Ni-

2105 3688 2260 3728 caena
2286 3674 2419 3744 ﬁdes
2467 3683 2849 3748 memoratur,
2882 3686 3131 3753 exposita
3181 3687 3243 3741 in
3283 3692 3539 3746 trecentis
3580 3692 3764 3750 decem

2105 3766 2157 3817 et
2186 3765 2303 3818 octo
2344 3767 2549 3821 sanctis
2592 3768 2872 3825 Patribus.
2924 3776 3144 3828 Iterum
3194 3776 3421 3833 actione
3469 3780 3524 3850 6,
3558 3797 3754 3839 coram

2105 3850 2420 3925 palamque
2468 3855 2744 3913 recitatur
2787 3860 3013 3916 Nicaena
3042 3862 3174 3933 ﬁdes
3221 3883 3243 3918 .·
3285 3865 3526 3923 affertur
3557 3869 3752 3926 Chari-

2101 3942 2284 4013 siana,
2338 3959 2466 4015 quae
2509 3946 2749 4002 vocibus
2797 3948 3095 4021 aliquibus
3142 3953 3437 4025 adjunctis
3484 3958 3679 4015 diﬁert
3720 3978 3755 4017 a

2104 4028 2376 4119 _Nica:na:
2423 4033 2779 4108 additurque
2827 4038 3067 4095 demum
3122 4048 3462 4115 corruptum
3514 4046 3759 4119 Symbo-

2102 4114 2227 4173 lum
2253 4119 2688 4181 Nestorianum.
2720 4114 3335 4201 Constantinopolitano
3358 4114 3764 4194 additamenta

2102 4214 2388 4279 apparent
2435 4210 2692 4268 nullibi:
2744 4215 3166 4289 decretumque
3221 4219 3499 4291 Ephesini
3558 4223 3758 4282 Patres

2103 4297 2322 4364 ferunt,
2377 4315 2493 4370 quo
2539 4302 2940 4372 praescribitur
2969 4306 3206 4361 alteram
3240 4308 3405 4378 ﬁdem
3446 4313 3664 4368 nemini
3693 4314 3761 4368 li-

2100 4401 2220 4441 cere
2246 4387 2527 4461 paoferre,
2562 4394 2658 4445 aut
2698 4393 3057 4462 conscribere,
3088 4405 3186 4451 aut
3241 4413 3576 4470 componere,
3605 4417 3755 4472 prae-

2103 4478 2185 4531 ter
2213 4476 2497 4547 deﬁnitam
2526 4497 2559 4535 a
2588 4483 2792 4536 sanctis
2827 4483 3108 4556 Patribus,
3142 4487 3239 4557 qui
3267 4488 3329 4541 in
3372 4489 3603 4546 Nicwna
3630 4508 3757 4547 cum

319 4565 636 4633 dicemus;
671 4582 745 4621 ne
775 4564 1058 4639 prolixior
1110 4583 1287 4637 quam
1337 4584 1444 4639 par
1492 4571 1666 4635 esset,
1699 4569 1991 4625 confessio
2021 4589 2070 4654 Β
2103 4566 2321 4638 Spiritu
2364 4573 2550 4625 sancto
2606 4574 2925 4641 congregati
2976 4573 3225 4647 fuerunt.
3261 4576 3493 4633 Lubens
3554 4578 3755 4653 fateor,

315 4655 461 4711 ﬁdei
496 4658 604 4710 aut
633 4655 1003 4727 baptizandis
1054 4656 1397 4727 traderetur,
1432 4662 1534 4712 aut
1580 4656 1875 4730 legeretur
1901 4659 1990 4714 in-

315 4748 411 4800 ter
441 4743 766 4799 Missarum
793 4743 1081 4800 solemnia
1112 4762 1126 4800 :
1162 4762 1297 4801 cum
1328 4747 1555 4801 Nicwna
1585 4746 1735 4816 ﬁdes,
1769 4748 1992 4805 addita-

314 4833 546 4889 mentis
592 4832 1218 4906 ConstantinOpolitanis
1276 4840 1468 4905 aucta,
1502 4852 1604 4909 per
1658 4854 1786 4893 sese
1831 4839 1988 4910 sufﬁ-

310 4924 472 4979 ciens
528 4922 603 4977 ad
672 4923 901 4994 plenam
973 4925 1339 4995 cognitionem
1415 4932 1467 4981 et
1518 4926 1991 4995 conﬁrmationem

300 5013 545 5084 pietatis
575 5011 779 5068 habita
807 5028 1041 5085 semper
1067 5017 1242 5069 esset.

388 5101 660 5157 Solutam
683 5116 844 5173 ergo,
863 5100 1298 5175 contritamque
1326 5101 1827 5171 difﬁcultatem,si
1858 5120 1985 5174 quae

305 5189 478 5247 sumi
510 5206 581 5246 ex
607 5191 880 5262 Ephesino
923 5189 1136 5246 decreto
1183 5196 1394 5264 potest,
1427 5208 1600 5247 nemo
1648 5209 1765 5247 non
1794 5193 1988 5249 videat

304 5281 413 5353 qui
447 5279 631 5351 sapit.
666 5278 808 5335 Rem
842 5279 995 5334 hanc
1028 5279 1282 5335 maxime
1328 5281 1637 5337 conﬁrmat
1663 5281 1985 5353 Symbolum

303 5372 498 5442 ipsum
545 5369 1240 5440 Constantinopolitanum,
1293 5371 1449 5442 quod
1500 5371 1560 5425 in
1610 5386 1982 5427 communem

301 5460 495 5516 totius
526 5456 801 5515 Ecclesia;
850 5474 1028 5514 usum
1084 5458 1320 5515 nonnisi
1362 5460 1624 5531 synodus
1674 5459 1984 5517 Chalcedo-

300 5548 514 5606 nensis
543 5546 815 5605 deduxit.
846 5545 1059 5603 Recole
1106 5547 1379 5621 superius
1428 5548 1586 5605 dicta
1614 5565 1780 5605 num.
1814 5550 1869 5618 4,
1900 5549 1983 5606 ita

295 5637 578 5696 videlicet
605 5636 883 5712 synodum
907 5636 1243 5710 Ephesinam
1282 5637 1670 5697 conﬁrmasse
1696 5638 1981 5697 Nicmnam

2104 4656 2779 4730 Constantinopolitanam
2827 4662 3141 4719 formulam
3189 4664 3306 4720 dici
3353 4682 3525 4739 pesse
3569 4668 3753 4727 Nicae-

2098 4763 2233 4801 nam
2257 4763 2275 4799 :
2311 4750 2371 4801 at
2400 4747 2574 4803 istam
2625 4750 2752 4806 sine
2804 4751 3005 4821 dubio,
3040 4769 3156 4809 non
3202 4754 3365 4811 illam
3420 4773 3538 4828 prae
3569 4758 3756 4816 oculis

2099 4834 2352 4892 habebat
2380 4838 2641 4910 synodus
2690 4839 3003 4911 Ephesina.
3053 4843 3259 4900 Fateor
3299 4846 3500 4915 etiam,
3553 4846 3754 4907 Patres

2097 4923 2424 4997 Ephesinos
2483 4928 2717 4984 decreto
2775 4946 2884 4985 suo
2936 4948 3054 4987 non
3112 4933 3385 5005 rejecisse
3433 4935 3750 4995 formulam

2098 5013 2764 5087 Constantinopolitanam
2795 5058 2810 5085 ,
2903 5018 3166 5091 aliasque
3248 5023 3600 5082 orthodoxas
3686 5026 3748 5083 in

2097 5102 2493 5161 Orientalibus
2521 5105 2796 5163 Ecclesiis
2836 5125 2949 5165 usu
2977 5115 3241 5182 receptas
3275 5130 3288 5168 :
3321 5117 3382 5168 at
3408 5113 3545 5171 inde
3575 5132 3753 5188 argu-

2096 5198 2362 5248 mentum
2393 5195 2652 5250 sumitur
2682 5200 2885 5253 contra
2911 5200 3173 5256 Marcum
3204 5201 3546 5274 Ephesium,
3580 5221 3750 5261 suos-

2096 5299 2210 5355 que
2241 5282 2494 5354 Graecos,
2512 5283 2703 5356 legem
2732 5285 3090 5357 Ephesinam
3108 5292 3229 5346 tam
3260 5289 3446 5363 rigide
3470 5293 3751 5364 interpre-

2092 5375 2306 5440 tantes,
2341 5389 2525 5445 eaque
2554 5375 2884 5430 abutentes.
2916 5376 3016 5431 Aio
3043 5377 3305 5446 demum,
3340 5380 3546 5451 synodi
3577 5380 3747 5438 Chal-

2091 5460 2438 5517 cedonensis
2485 5462 2830 5520 auctoritate
2876 5464 3119 5528 factum.
3152 5469 3220 5522 ut
3255 5468 3580 5541 Symbolum
3611 5469 3746 5526 Con-

2089 5550 2666 5622 stantinopolitanum,
2728 5552 2960 5610 Niceno
3018 5557 3433 5626 praetermisso,
3491 5573 3559 5613 ac
3605 5557 3742 5615 aliis

2088 5637 2501 5739 pqaetermissis
2556 5639 2974 5716 peculiaribus,
3007 5643 3068 5702 in
3115 5660 3490 5705 communem
3560 5663 3738 5710 usum
