4090 6430
394 362 511 423 167

1421 350 1739 419 GEORGII
1782 352 2044 416 CYPRII
2087 352 2206 415 ΟΡ.
2256 353 2790 417 ΡΑἸἮΙΑΒΟΗιΕ

3689 365 3803 429 168

390 493 656 552 Ecclesiae
686 492 1072 549 deduceretur
1104 507 1117 546 :
1150 490 1305 562 quod
1328 493 1418 546 est
1444 506 1487 546 α
1517 491 1695 562 rigore
1714 489 1847 561 legis
1877 489 2045 560 Ephe-
2071 486 2129 555 Α
2157 491 2415 544 auctum.
2440 489 2557 546 Cur
2575 505 2712 562 ergo
2731 489 3061 561 Ephesinam
3081 489 3257 562 legem
3276 490 3459 549 Graeci
3478 494 3801 555 violarunt?

388 586 534 642 sinas
561 582 849 639 recedere.

458 672 581 728 VII.
628 671 788 727 Hanc
834 669 948 725 sibi
1005 667 1314 724 convenire
1361 666 1770 724 auctoritatem
1829 666 1890 721 in
1950 682 2041 735 eo,

388 763 545 837 quod
574 764 665 817 est
691 758 1072 816 ecclesiasticae
1116 756 1428 828 disciplina
1460 761 1654 830 caput,
1696 756 1905 829 synodi
1939 772 2040 827 po-

385 850 684 920 steriores,
716 853 772 903 et
802 844 1069 902 Ecclesiae
1109 844 1516 917 particulares,
1560 849 1617 900 et
1648 844 2040 901 Ecclesiarum

386 939 683 997 antistites
713 936 957 993 minime
989 934 1356 990 dubitarunt.
1383 933 1780 990 Professiones
1811 932 2040 1005 aliquas

388 1029 524 1085 ﬁdei
573 1028 821 1100 profero,
854 1040 983 1096 quas
1033 1024 1221 1079 instar
1273 1022 1518 1094 Symboli
1564 1022 1734 1078 editas
1776 1022 2037 1089 fuerunt,

386 1135 453 1174 ac
480 1117 593 1173 dici
623 1116 873 1187 possunt
901 1111 1222 1185 Symbolum
1259 1109 1417 1165 idem
1470 1110 1776 1178 Nicamum,
1810 1113 1868 1165 et
1900 1109 2037 1165 Con-

381 1204 940 1273 stantinopolitanum
961 1198 1380 1256 additamentis
1403 1204 1663 1254 auctum.
1685 1196 2038 1269 Hujusmodi

381 1300 472 1353 est
500 1294 781 1366 Expositio
810 1291 963 1362 ﬁdei,
998 1289 1270 1360 superius
1320 1287 1579 1354 laudata,
1613 1304 1790 1360 quam
1824 1285 2037 1359 Cyrillo

384 1381 772 1441 Alexandrino
804 1378 1143 1436 obtulerunt
1172 1376 1525 1433 Orientales.
1562 1376 1915 1446 Hujusmodi
1946 1376 2036 1430 di-

382 1474 435 1530 ci
467 1473 638 1529 debet
684 1469 840 1525 I66
886 1468 1128 1538 formula
1177 1466 1299 1532 illa,
1332 1481 1461 1537 qua
1489 1464 1550 1521 in
1603 1470 1767 1521 sexta
1814 1464 2034 1537 synodo

379 1560 739 1620 cecumenica
784 1574 937 1614 anno
984 1557 1090 1611 680
1120 1554 1411 1611 celebrata
1462 1553 1678 1626 legitur
1723 1554 1950 1609 actione
1978 1556 2032 1619 4,

379 1650 439 1706 in
470 1646 717 1722 epistola
743 1648 779 1700 2
821 1645 1119 1715 Agathonis
1162 1656 1347 1714 papae,
1379 1641 1476 1697 his
1524 1641 1719 1697 verbis
1752 1657 1765 1697 :
1801 1640 2033 1697 Creden-

379 1744 458 1797 tes
507 1741 569 1795 in
612 1738 783 1793 Deum
829 1738 1053 1791 Patrem
1096 1734 1544 1803 omnipotentem,
1594 1731 1865 1801 factorem
1910 1729 2034 1785 caeli

380 1839 433 1885 et
463 1832 644 1895 terrae,
678 1829 788 1882 etc.
823 1821 1077 1879 Libellos
1123 1820 1257 1876 ﬁdei
1290 1836 1409 1876 suae
1464 1819 1669 1875 Petrus
1720 1818 2032 1891 episcopus

377 1914 748 1984 Nicomediae,
781 1917 839 1969 et
868 1911 1153 1984 Georgius
1176 1910 1481 1982 presbyter
1504 1909 1832 1965 monachus
1860 1908 2031 1964 obtu-

377 2008 497 2065 lere
545 2005 775 2062 actione
806 2004 892 2059 10.
926 2000 1034 2055 Hic
1080 2016 1215 2056 vero
1265 2015 1467 2054 eorum
1516 1997 1752 2054 libellus
1801 1997 2031 2070 ipsissi-

378 2112 544 2153 mum
599 2098 690 2151 est
762 2090 1080 2165 Symbolum
1137 2087 1827 2159 Constantinopolitanum,
1894 2103 2029 2143 cum

379 2183 798 2242 additamentis
827 2178 1035 2236 haeresi
1066 2175 1517 2233 Monotheliticaa
1561 2176 1844 2232 adversis.
1880 2175 2030 2231 Inci-

376 2274 465 2347 pit
496 2291 510 2329 :
547 2271 714 2329 Credo
770 2287 833 2326 in
886 2284 1062 2323 unum
1118 2267 1292 2321 Deum
1320 2266 1551 2319 Patrem
1581 2265 2027 2335 omnipotentem,

373 2366 641 2436 factorem
673 2361 799 2417 coeli
824 2366 877 2415 et
920 2361 1105 2421 terra,
1139 2359 1249 2410 etc.
1283 2352 1625 2427 Symbolum
1656 2352 1815 2407 istud
1844 2351 2027 2409 recla-

378 2455 575 2508 mante
622 2447 856 2505 nemine
906 2448 1216 2517 suscptum
1266 2447 1399 2498 est:
1451 2441 1569 2497 imo
1632 2441 2029 2497 Constantinus

375 2536 754 2613 (Pogonatus)
788 2536 1075 2608 piissimus
1122 2534 1447 2603 imperator,
1476 2540 1528 2587 et
1573 2539 1826 2586 sanctum
1854 2532 2030 2586 conci-

375 2632 518 2686 lium
544 2628 826 2696 dixerunt,
860 2628 925 2679 ut
944 2621 1059 2695 ipsi
1086 2621 1317 2692 libellos,
1339 2637 1471 2693 quos
1486 2620 1726 2692 polliciti
1750 2623 1882 2676 sunt
1896 2635 2026 2692 pro-

372 2721 520 2792 pria
546 2717 696 2790 ﬁdei,
718 2718 974 2789 jurantes
999 2711 1255 2784 offerant.

444 2808 508 2863 In
541 2805 763 2879 synodo
805 2799 1167 2859 mcumenica
1211 2798 1483 2871 septima,
1514 2797 1747 2855 Nicaana
1772 2798 1840 2865 II,
1871 2814 2023 2854 anno

369 2897 479 2952 787
528 2894 749 2963 habita,
782 2891 1035 2948 Basilius
1084 2896 1450 2958 Ancyranus,
1484 2891 1542 2943 et
1571 2886 1669 2943 alii
1692 2930 1693 2933 η
1719 2903 1853 2942 cum
1895 2888 2023 2960 ipso

372 2983 652 3058 episcopi,
712 2977 1236 3037 lconomachorum
1294 2980 1468 3031 antea
1525 2974 1731 3047 polluti
1793 2975 2020 3046 haeresi,

372 3074 550 3129 ﬁdem
606 3069 986 3128 orthodoxam
1048 3064 1395 3138 proﬁtentur
1457 3064 1683 3118 actione
1740 3064 1767 3118 1
1828 3063 2023 3118 oblata

366 3159 641 3235 formula,
674 3175 802 3230 quae
831 3155 1149 3228 Symbolum
1174 3153 1851 3223 Constantinopolitanum
1883 3169 2020 3208 con—

369 3229 535 3317 tinet,
567 3252 626 3304 et
655 3229 771 3303 alia
814 3243 987 3317 plura
1033 3241 1430 3297 additamenta.
1466 3240 1675 3312 Incipit
1707 3259 1719 3296 :
1755 3241 1940 3311 Credo,
1973 3248 2024 3295 et
2054 3229 2095 3295 C

367 3338 630 3409 conﬁteor
674 3338 735 3391 in
778 3350 954 3390 unum
1001 3333 1170 3387 Deum
1214 3336 1438 3386 Patrem
1486 3332 1932 3400 omnipotentem,
1964 3340 2015 3386 et

368 3430 429 3484 in
484 3444 661 3482 unum
723 3425 1024 3482 Dominum
1089 3421 1270 3495 Iesum
1318 3418 1614 3483 Christum,
1674 3423 1782 3475 etc.
1841 3419 2017 3475 Pares

365 3522 527 3586 sunt,
558 3532 687 3589 quas
714 3514 1008 3571 habentur
1032 3510 1258 3566 actione
1305 3509 1339 3563 3
1369 3508 1638 3581 formula:
1668 3508 1800 3564 ﬁdei
1834 3525 1868 3563 a
1898 3509 2014 3563 Ta-

363 3606 520 3662 rasio
567 3602 900 3677 patriarcha
951 3596 1616 3670 Constantinopolitano,
1650 3601 1707 3653 et
1753 3613 1787 3651 a
1828 3596 2015 3652 Theo-

362 3693 504 3750 doro
535 3689 1071 3761 Hierosolymorum
1120 3684 1455 3760 patriarcha
1484 3684 1712 3751 oblatae,
1742 3683 2013 3757 pluribus

360 3780 779 3838 additamentis
821 3778 1122 3847 formulam
1166 3774 1462 3848 vulgatam
1511 3774 2010 3844 Constantinopoli-

358 3875 552 3927 tanam
610 3871 911 3941 augentes.
965 3865 1067 3923 His
1114 3863 1204 3921 vel
1258 3862 1611 3918 hodiernum
1678 3863 2011 3918 Graecorum

357 3976 536 4016 usum
566 3958 742 4025 addo,
767 3956 867 4029 qui
889 3955 950 4010 in
981 3953 1236 4027 episcopi
1262 3950 1700 4007 consecratione
1727 3956 2008 4006 servatur.

354 4051 436 4104 Ac
466 4047 727 4119 primum
784 4046 939 4100 clara
991 4058 1115 4099 voce
1161 4041 1301 4096 dicit
1330 4040 1456 4112 ipse
1509 4038 1833 4111 Symbolum
1878 4056 2008 4094 san-

355 4145 505 4192 ctum
534 4135 631 4191 hoc
650 4137 815 4207 pacto
846 4152 865 4188 :
897 4132 1068 4188 Credo
1113 4133 1175 4187 in
1209 4146 1385 4186 unum
1411 4130 1637 4184 Patrem
1666 4130 2009 4200 omnipoten-

356 4233 503 4286 tem;
560 4223 783 4280 scilicet
829 4217 1568 4291 Constantinopolitanum.
1620 4218 1772 4272 Tum
1827 4216 2010 4272 alium

353 4311 620 4369 libellum
650 4311 787 4368 ﬁdei
823 4311 1011 4366 instar
1037 4308 1290 4382 Symboli
1334 4306 1693 4378 pronuntiat,
1729 4305 1828 4379 qui
1859 4304 2012 4361 inci-

354 4400 442 4474 pit
476 4417 489 4455 :
523 4401 693 4457 Credo
749 4401 807 4455 in
859 4416 1037 4454 unum
1083 4399 1254 4452 Deum
1298 4395 1472 4451 tribus
1505 4397 1757 4467 personis
1800 4395 2011 4451 distin-

353 4495 518 4563 ctum,
565 4495 675 4547 etc.
716 4491 795 4544 Ac
843 4488 1094 4560 denique
1144 4489 1368 4543 tertiam
1412 4486 1803 4557 professionem
1848 4483 2007 4557 legit,

2150 576 2261 632 Sed
2308 578 2490 633 altera
2537 578 2669 647 ﬁdes
2718 578 2839 647 illa,
2891 596 3071 651 quam
3116 584 3328 637 vocant
3375 582 3648 654 Ephesini
3706 586 3802 644 Pa-

2152 666 2293 733 tres,
2325 664 2414 721 vel
2463 666 2814 740 intelligitur
2859 668 3158 724 catholicas
3188 669 3322 725 ﬁdei
3373 670 3614 729 adversa
3661 674 3794 731 doc-

2149 753 2307 808 trina
2339 771 2353 809 :
2386 772 2501 826 quo
2534 755 2740 828 utique
2779 772 2959 812 sensu
3012 758 3177 813 novis
3207 757 3325 814 illis
3372 759 3506 815 ﬁdei
3536 761 3798 821 formulis

2150 841 2393 912 prolatis
2438 848 2497 899 et
2542 844 2909 917 conscriptis,
2945 849 3147 918 utpote
3198 846 3556 917 orthodoxis,
3586 849 3797 908 violata

2150 928 2264 985 dici
2295 932 2500 1005 nequit
2528 933 2824 1006 Ephesina
2870 933 2981 990 lex.
3010 937 3118 990 Sed
3152 952 3343 1008 neque
3390 939 3611 1005 addita,
3643 940 3788 995 I67

2148 1019 2417 1092 Filioque,
2448 1038 2585 1078 voce
2627 1022 2880 1079 violatur
2908 1022 3057 1096 ipsa.
3088 1022 3190 1080 Vel
3234 1025 3411 1081 altera
3441 1027 3643 1082 eadem
3670 1028 3797 1097 ﬁdes

2146 1107 2496 1181 intelligitur
2529 1111 2661 1180 ﬁdei
2685 1112 2951 1183 formula,
2983 1128 3111 1183 qua
3159 1130 3194 1168 a
3235 1112 3486 1182 Nicena,
3521 1122 3622 1171 aut
3649 1115 3791 1172 Con-

2146 1197 2673 1270 stantinopolitana
2701 1200 2863 1256 nullo
2893 1201 3068 1257 modo
3094 1202 3344 1258 differat.
3379 1203 3441 1259 Id
3472 1204 3522 1260 si
3554 1210 3794 1262 conten-

2146 1284 2291 1341 dant
2339 1286 2542 1355 Graeci,
2573 1305 2703 1345 sese
2750 1289 3008 1361 primum
3057 1290 3303 1347 crimine
3351 1298 3624 1366 purgent,
3663 1310 3792 1350 cum

2145 1378 2281 1445 post
2318 1375 2669 1447 Ephesinam
2719 1379 3013 1451 synodum
3062 1383 3151 1435 tot
3196 1380 3405 1436 altesz
3451 1379 3796 1453 protulerint

2144 1461 2430 1520 formulas
2464 1481 2476 1520 :
2511 1471 2613 1521 aut
2636 1466 2943 1523 nobiscum
2990 1467 3301 1537 fateantur,
3333 1484 3457 1525 rem
3490 1469 3640 1525 hanc
3672 1486 3793 1542 qua:

2144 1550 2218 1605 ad
2265 1552 2685 1609 ecclesiasticam
2731 1555 3086 1626 disciplinam
3134 1555 3407 1628 pertinet,
3440 1557 3793 1614 mutationes

2143 1655 2247 1710 pro
2276 1640 2452 1697 variis
2501 1643 2928 1715 emergentium
2977 1643 3270 1700 haeresum
3310 1644 3788 1713 circumstantiis,

2142 1745 2292 1800 quas
2323 1729 2579 1788 Ecclesia
2608 1749 2711 1804 pro
2741 1749 2850 1789 sua
2880 1734 3226 1790 auctoritate
3244 1734 3557 1807 ‘expendit,
3598 1733 3792 1790 subire

2140 1818 2424 1890 potuisse,
2457 1836 2522 1876 ac
2549 1821 2847 1877 debuisse.

2212 1907 2298 1961 Ad
2328 1907 2574 1979 Spiritus
2601 1912 2784 1966 sancti
2812 1910 3080 1980 originem
3114 1912 3270 1983 quod
3303 1912 3537 1981 attinet,
3567 1911 3787 1986 dignis-

2140 1993 2360 2050 simum
2409 1999 2499 2052 est
2546 1996 3053 2053 animadversione
3107 1998 3605 2074 additamentum,
3637 2001 3788 2074 quod

2140 2083 2201 2137 in
2249 2083 2487 2141 laudato
2533 2086 2790 2157 Symbolo
2835 2088 3134 2143 Tarasiano
3184 2087 3403 2162 legitur
3450 2091 3511 2146 in
3575 2091 3789 2164 synodo

2138 2172 2371 2229 Nicaeus
2422 2190 2463 2229 ιι
2512 2175 2874 2231 cacumenica
2917 2175 3145 2233 actione
3171 2176 3206 2230 3
3241 2195 3254 2232 :
3297 2178 3366 2232 Et
3413 2180 3478 2234 in
3530 2179 3791 2252 Spiritum

2137 2267 2409 2335 sanctum,
2458 2264 2773 2335 Dominum,
2804 2273 2857 2320 et
2901 2265 3292 2339 viviﬁcantem,
3327 2266 3391 2320 τὸ
3442 2265 3503 2322 ἐκ
3544 2271 3643 2322 τοῦ
3688 2273 3791 2323 Πα-

2136 2349 2262 2423 τρὸς
2293 2346 2361 2404 δι’
2389 2351 2518 2405 Υἱοῢ
2549 2350 2996 2426 ἐκπορευόμενον,
3017 2371 3090 2409 ea:
3118 2355 3287 2411 Patre
3303 2372 3408 2427 per
3437 2358 3641 2414 Filium
3664 2375 3788 2431 pro-

2137 2442 2436 2507 cedentem,
2468 2444 2519 2496 et
2548 2443 2797 2497 eumdem
2824 2443 2997 2499 Deum
3021 2459 3135 2499 esse
3162 2449 3215 2499 et
3242 2446 3514 2514 cognosci.
3549 2446 3674 2503 Haec
3702 2451 3789 2503 est

2138 2529 2477 2585 Latinorum
2509 2529 2751 2596 additio,
2779 2532 3027 2603 Filioque
3056 2550 3076 2588 :
3107 2549 3286 2604 quam
3319 2533 3377 2589 in
3419 2536 3789 2606 professioni-

2136 2618 2248 2674 bus
2297 2617 2430 2673 ﬁdei
2479 2623 2642 2675 extra
2689 2619 3036 2690 Symbolum
3067 2620 3785 2696 Constantinopolitanum

2126 2709 2255 2781 jam
2302 2706 2708 2779 exprimehant
2754 2708 3042 2780 superiori
3071 2714 3129 2765 et
3176 2709 3285 2766 hac
3334 2716 3508 2769 estate
3548 2711 3787 2771 Romani

2132 2798 2460 2870 pontiﬁces,
2494 2800 2560 2852 ut
2587 2796 2742 2853 infra
2768 2797 3105 2854 dicendum.

2773 2885 3005 2943 CAPUT
3046 2888 3140 2943 IlI.

2129 2974 2323 3048 Fidem
2366 2974 2620 3040 alteram,
2661 2990 2786 3046 quae
2831 2976 3038 3032 scilicet
3082 2980 3254 3033 rectae
3294 2976 3429 3048 ﬁdei
3479 2979 3788 3036 orthodoxae

2201 3047 2544 3122 adversatur,
2596 3048 2862 3122 proferri,
2924 3056 3021 3102 aut
3067 3047 3337 3122 conscribi
3381 3055 3577 3107 vetant
3630 3067 3786 3122 syno-

2202 3120 2310 3174 dus
2335 3121 2667 3192 aecumenica
2699 3119 3181 3192 Chalcedonensis,
3213 3122 3264 3174 et
3291 3122 3499 3191 synodi
3528 3119 3786 3192 posterio-

2205 3206 2307 3262 res.
2374 3188 3039 3262 Constantinopolitanum
3090 3188 3409 3261 Symbolum
3472 3188 3599 3262 post
3647 3209 3790 3249 eam-

2204 3261 2329 3316 dem
2357 3260 2627 3332 synodum
2653 3260 3143 3317 Chalcedonensem
3167 3265 3375 3332 passim
3406 3260 3601 3321 vocari
3625 3266 3792 3321 Nice-

2198 3350 2337 3407 num
2364 3333 2659 3407 consuevit.
2687 3332 2833 3407 Illud
2851 3333 3026 3407 fecere
3044 3334 3335 3407 Liturgiaz
3346 3341 3577 3405 partem
3607 3338 3789 3392 Eccle-

2196 3406 2303 3461 siae
2331 3402 2641 3481 orthodoxa:
2666 3401 3011 3481 _0rientales._
3036 3401 3241 3476 Regula
3260 3401 3398 3481 fidei
3423 3408 3787 3481 expenditur,

2198 3489 2323 3548 quae
2351 3473 2564 3548 synodo,
2590 3474 2862 3533 Toletanae
2892 3493 2910 3530 ι
2938 3473 3136 3548 adsuta
3182 3473 3489 3548 reperitur.
3507 3473 3587 3537 Ἰη
3612 3473 3789 3536 conci;

2198 3547 2270 3620 lio
2298 3546 2625 3620 acumenico
2638 3548 2933 3620 particula,
2956 3546 3452 3620 Filioque,addtttz
3477 3568 3588 3608 non
3617 3555 3696 3608 est
3722 3551 3789 3607 ad

2195 3618 2516 3689 Symbolum
2540 3636 2559 3683 ;
2586 3616 2679 3673 sed
2703 3618 2869 3673 illam
2893 3616 3291 3691 passim—extra
3325 3620 3660 3693 Symbolum
3688 3623 3787 3681 ad-

2199 3688 2456 3744 hibebant
2492 3689 2703 3744 Patres.

2239 3691 2456 3744 ibebanl
2492 3691 2703 3744 Patres.

2193 3782 2435 3834 Decreta
2488 3776 2653 3848 ﬁdem
2699 3778 2937 3834 alteram
2983 3777 3335 3849 inhibentia,
3392 3785 3777 3856 quemadmo-

2121 3868 2263 3923 dum
2302 3866 2597 3939 Ephesina
2644 3868 2925 3940 synodus,
2958 3867 3039 3924 ita
3068 3870 3424 3940 posteriores
3473 3873 3652 3929 etiam
3681 3877 3778 3929 tu-

2120 3957 2237 4013 lere
2268 3955 2475 4029 synodi
2524 3955 2898 4012 mcumenicae
2932 3971 2945 4009 :
2982 3956 3346 4028 alteramque
3396 3960 3579 4016 ﬁdem
3608 3958 3779 4016 intel-

2120 4046 2407 4111 lexerunt,
2441 4061 2570 4117 quas
2609 4046 2746 4101 ﬁdei
2794 4050 2963 4101 rectis
3014 4046 3379 4103 adversatur.
3415 4049 3641 4106 Sensus
3670 4052 3777 4118 est,

2122 4136 2218 4208 qui
2252 4135 2408 4192 vocis
2455 4135 2702 4206 Filioque
2738 4134 3129 4205 adjectionem
3179 4152 3296 4191 non
3347 4137 3635 4205 excludit,
3668 4137 3778 4192 cri-

2121 4241 2351 4296 nenque
2382 4223 2662 4280 amolitur
2688 4222 2912 4279 Latinis
2932 4224 3280 4296 impactum.
3306 4224 3585 4298 Synodus
3625 4242 3776 4282 oecu-

2121 4315 2354 4370 menica
2376 4312 2867 4369 Chalcedonensis
2895 4312 3121 4368 actione
3140 4312 3176 4367 5
3206 4314 3437 4382 statuit,
3462 4314 3781 4387 Symbolum

2119 4405 2403 4459 Nicwnum
2458 4417 2801 4474 permanere
2857 4403 3139 4472 integrum
3186 4418 3256 4459 ac
3307 4403 3720 4461 intemeratum
3761 4420 3780 4458 :

2119 4489 2464 4566 Symbolum
2516 4490 3188 4561 Constantinopolitanum
3238 4493 3411 4547 etiam
3450 4492 3783 4563 conﬁrmat;

357 4596 485 4653 quae
528 4578 726 4650 ipsum
778 4574 1490 4647 Constantinopolitanum
1539 4571 1881 4660 Symbolum
1924 4576 2012 4629 est
2039 4595 2087 4660 D
2120 4580 2399 4651 additque
2429 4578 2810 4651 Appendicem,
2845 4596 2961 4651 qua
3010 4584 3214 4635 contra
3252 4579 3658 4654 Eutychianos
3687 4597 3783 4635 ar-

356 4666 784 4738 adjectionihus
815 4663 1084 4736 pluribus
1112 4660 1554 4734 locupletatum.
1589 4659 2009 4732 Euchologium
2121 4668 2369 4724 ticulum
2417 4669 2485 4723 de
2532 4668 2920 4723 incarnatione
2970 4667 3193 4723 Domini
3218 4670 3400 4725 nostri
3442 4674 3583 4727 Jesu
3617 4668 3786 4725 Chri-

356 4755 472 4821 adi,
504 4761 560 4810 et
588 4752 849 4827 expende
876 4750 1295 4823 Hujuscemodi
1348 4751 1584 4805 demum
1615 4750 1917 4819 formulam
1948 4750 2009 4804 in

355 4843 722 4900 ordinatione
771 4841 1202 4914 episcoporum,
1235 4856 1300 4895 ac
1343 4838 1591 4894 Romani
1624 4839 1918 4910 pontiﬁcis
1949 4839 2009 4894 in

354 4948 468 4988 usu
500 4930 720 5003 positas
771 4930 953 4987 fuisse
984 4931 1182 4995 Romm,
1216 4932 1274 4984 et
1317 4927 1377 4982 in
1410 4928 1713 4996 Occidente,
1744 4928 2012 4983 dicemus

356 5020 530 5090 infra,
564 5023 889 5090 notumque
920 5019 1056 5075 facit
1104 5019 1277 5074 Liber
1306 5017 1557 5072 diurnus
1610 5016 2010 5071 Romanorum

356 5109 702 5182 pontiﬁcum
733 5125 770 5163 ιι
795 5107 1072 5163 Garnerio
1106 5106 1399 5180 vulgatus.

430 5198 633 5269 Repeti
685 5202 888 5254 contra
935 5196 1164 5253 Graecos
1210 5194 1612 5267 augmentatio
1659 5198 1868 5265 potest.
1902 5194 2009 5250 De-

357 5292 513 5343 creto
544 5303 649 5342 suo
699 5287 958 5359 synodus
1008 5286 1303 5358 Ephesina
1327 5288 1505 5351 vetat,
1542 5299 1611 5338 ne
1663 5283 1839 5338 altera
1880 5284 2013 5354 ﬁdes

350 5382 558 5450 praeter
598 5377 901 5441 Nicaenam,
948 5378 1289 5448 proferatur,
1321 5382 1425 5430 aut
1471 5374 1870 5441 conscribatur,
1915 5377 2014 5428 aut

357 5473 733 5537 componatur.
768 5464 945 5536 Atqui
993 5469 1079 5520 tot
1122 5464 1310 5521 allatas
1356 5462 1618 5534 formula:
1670 5460 2009 5534 Symbolum

356 5552 651 5619 exhibent,
683 5553 839 5626 quod
880 5558 971 5610 est
1017 5553 1270 5610 alterum
1321 5569 1356 5607 a
1385 5552 1607 5608 A’ica‘no
1637 5555 1696 5607 et
1747 5550 2013 5607 Constan-

355 5642 740 5719 tin0politano,
789 5642 1145 5705 addimentis
1192 5641 1462 5701 videlicet
1519 5639 1692 5719 longe
1738 5640 2012 5714 pluribus

2117 4759 2193 4814 sti
2221 4756 2496 4813 declarat.
2528 4756 2679 4810 Tum
2727 4772 2861 4812 vero
2910 4756 3205 4811 decretum
3260 4756 3354 4812 his
3384 4758 3585 4814 verbis
3616 4756 3737 4813 edit
3768 4769 3782 4811 :

2120 4847 2228 4902 His
2256 4846 2429 4914 igitur
2472 4860 2595 4899 cum
2632 4846 2790 4900 omni
2833 4844 3075 4916 undique
3118 4849 3311 4900 exacta
3352 4861 3511 4915 cura,
3543 4849 3599 4903 et
3647 4844 3782 4901 dili-

2118 4936 2304 5006 gentia
2333 4950 2368 4988 a
2408 4934 2566 4989 nobis
2615 4932 2909 5004 dispositis,
2940 4934 3135 5004 deﬁnit
3161 4941 3360 4989 sancta
3390 4944 3446 4991 et
3493 4936 3785 4990 universa-

2120 5024 2191 5078 lis
2246 5023 2551 5095 synodus:
2594 5021 2837 5077 atteram
2884 5022 3047 5093 ﬁdem
3092 5023 3243 5078 nulli
3289 5023 3462 5079 licere
3511 5026 3783 5097 proferre,

2122 5115 2217 5168 aut
2264 5112 2625 5179 conscribere,
2672 5112 2762 5166 vel
2809 5127 3150 5183 componere,
3204 5113 3358 5168 I68
3409 5117 3511 5169 aut
3556 5112 3784 5179 sentire,

2122 5206 2217 5257 aut
2246 5201 2385 5257 alios
2433 5200 2639 5256 docere.
2672 5200 2774 5255 Eos
2819 5204 3025 5269 autem,
3058 5203 3155 5273 qui
3199 5201 3407 5257 audent
3456 5217 3789 5273 componere

2120 5289 2281 5361 ﬁdem
2312 5289 2567 5353 alteram,
2610 5291 2721 5343 etc.
2757 5293 2843 5343 An
2891 5287 3057 5357 ﬁdem
3102 5290 3337 5345 alteram
3368 5276 3451 5344 ita
3483 5288 3787 5345 intellexe-

2121 5378 2244 5433 rint
2289 5381 2487 5433 Patres
2535 5375 3061 5446 Chalcedonenses,
3110 5382 3174 5434 ut
3217 5378 3523 5449 formulam
3573 5392 3788 5449 quam-

2121 5482 2354 5537 cunque
2404 5464 2651 5536 Symboli
2716 5463 3101 5533 inhibuerint,
3157 5482 3285 5538 quae
3344 5484 3378 5522 a
3426 5467 3673 5535 Nicseno,
3730 5466 3789 5520 et

2124 5554 2746 5626 Constantinopolitano,
2796 5570 2914 5609 una
2955 5553 3155 5619 etiam,
3186 5553 3276 5611 vel
3301 5554 3512 5628 paucis
3540 5552 3787 5610 vocibus

2121 5644 2390 5720 adjectis,
2438 5642 2700 5704 differret
2743 5643 2771 5702 ‘t
2822 5641 2989 5702 Hunc
3059 5643 3336 5721 rejiciunt
3391 5658 3643 5702 sensum
3701 5642 3788 5700 tot
