4090 6464
282 361 396 421 169
1496 361 1706 421 VITA.
1740 393 1817 403 —
1849 361 2370 421 DlSSER’l‘ATIO
2413 360 2490 420 II.
3589 361 3707 421 170

274 491 687 565 Symbolorum
767 490 1030 546 formulis
1105 491 1380 562 superius
1440 491 1728 556 iudicatae,
1788 508 1935 564 quas
1965 495 2020 560 Α
2054 491 2328 562 deputata,
2362 495 2472 546 etc.
2513 489 2726 561 Synodi
2776 488 3159 560 Ecclesiaeque
3205 490 3518 546 consilium
3570 509 3708 564 per-

276 581 641 637 mcumenica
716 579 1041 651 posteriora
1116 579 1361 635 concilia
1420 584 1825 651 susceperunt,
1885 585 1942 635 et
2050 581 2250 652 spicuc
2271 581 2399 650 jam
2432 580 2629 635 vides:
2664 579 2821 650 quod
2853 578 3082 634 obstare
3114 579 3353 649 adjectae
3381 580 3704 652 particulae,

277 672 700 742 approbarunt.
737 675 827 723 An
863 669 946 724 ita
985 669 1114 738 ﬁdes
1144 669 1332 724 altera
1362 668 1618 723 inhibita
1648 668 1938 740 intelliga-
2048 671 2318 740 Filioque,
2353 669 2600 723 insanus
2631 672 2757 722 esto
2788 667 2890 738 qui
2923 667 3255 722 contendat.

281 764 397 826 tur,
428 764 491 813 ut
528 758 588 812 in
624 762 932 830 posterum
963 774 1077 811 non
1107 756 1328 822 liceret,
1363 757 1495 812 aliis
1543 757 1627 811 uti
1658 757 1849 812 verbis
1879 756 1940 811 in
2025 779 2031 787 -
2120 757 2167 812 Il
2230 758 2290 812 In
2352 774 2525 812 usum
2583 755 2851 812 Ecclesiae
2903 771 3298 820 communem,
3357 757 3704 814 auctoritate

285 847 524 903 articulo
546 846 1256 917 Incarnationis,nisiquzs
1279 846 1538 918 synodus
1561 845 1942 900 eademChal-
2049 846 2255 916 synodi
2340 844 2830 901 Chalcedonensis
2913 844 3305 912 mcumenicas,
3382 846 3700 902 deductum

286 936 622 991 cedonensis
641 934 989 1006 usurpavit?
1011 934 1364 988 Huncetiam
1385 951 1625 988 sensum
1645 939 1942 989 removent
2050 934 2234 991 fuisse
2293 935 2954 1005 Constantinopolitanum
3027 933 3390 1006 Symbolum,
3451 935 3700 991 dubium

290 1030 616 1079 memoratae
646 1023 1061 1095 Symbolorum
1106 1021 1393 1077 formulae.
1430 1021 1553 1077 Non
1607 1023 1938 1089 abnuerim,
2049 1023 2302 1079 nullum.
2354 1024 2561 1080 Recole
2617 1023 2773 1078 dicta
2829 1023 3018 1094 capite
3076 1023 3376 1094 superiore
3435 1041 3600 1079 num.
3641 1026 3696 1080 5.

286 1111 542 1167 inhibere
583 1113 877 1184 synodum
925 1110 1210 1183 potuisse,
1244 1128 1317 1166 ne
1364 1127 1532 1166 voces
1582 1110 1790 1182 aliqua;
1824 1112 1938 1166 mi-
2046 1112 2596 1168 Animadversiones
2654 1112 2868 1166 addere
2927 1110 3262 1180 nonnullas,
3310 1111 3456 1167 mihi
3504 1112 3698 1168 liceat.

285 1205 621 1268 nuerentur,
640 1205 743 1256 aut
764 1201 1124 1256 adderentur
1141 1199 1295 1267 ullae,
1319 1215 1384 1255 eo
1411 1199 1714 1255 inductam
1747 1200 1939 1256 consi-

281 1291 372 1356 lio,
401 1296 466 1345 ut
495 1307 725 1346 errores
757 1288 960 1362 procul
994 1293 1217 1344 arceret
1246 1305 1470 1356 omnes,
1491 1305 1640 1360 quos
1660 1288 1939 1362 imperiti,

278 1386 374 1433 aut
404 1380 843 1450 imprudentes,
860 1383 962 1433 aut
991 1381 1254 1434 errantes
1277 1377 1568 1448 homines,
1586 1378 1832 1434 addendo
1852 1379 1939 1434 vel

273 1468 595 1536 minuendo,
615 1467 890 1523 invehere
906 1471 1146 1539 possent
1171 1485 1183 1521 :
1211 1471 1270 1521 at
1294 1467 1778 1538 precipuamjam
1802 1484 1937 1522 con-

271 1560 388 1611 stat
420 1561 685 1612 mentem
717 1556 925 1622 fuisse,
953 1557 1289 1611 minutiones
1322 1560 1378 1610 et
1406 1555 1715 1610 additiones
1747 1560 1940 1614 vetare

271 1645 426 1712 illas,
462 1663 593 1717 qua:
623 1650 843 1702 rectam
876 1645 1051 1700 ﬁdem
1079 1645 1464 1700 orthodoxam
1496 1643 1936 1700 Iabefactarent.

342 1734 890 1790 Prudentissimum
949 1733 1260 1790 innotescit
1315 1734 1470 1789 idem
1516 1733 1829 1789 consilium
1876 1734 1937 1790 in

269 1824 519 1897 synodis
570 1823 1015 1896 posterioribus.
1079 1823 1140 1876 In
1194 1822 1550 1878 oecumenica
1598 1839 1675 1888 v1,
1711 1827 1939 1894 prostat

272 1912 509 1968 actione
539 1913 571 1966 4
601 1910 851 1985 epistola
903 1912 926 1965 1
964 1910 1274 1980 Agathonis
1323 1911 1571 1966 Romani
1621 1911 1936 1984 pontiﬁcis,

271 2001 378 2056 ubi
427 2018 546 2056 non
602 2000 776 2072 longe
825 2001 896 2055 ab
929 1999 1098 2054 initio
1151 1999 1276 2055 haec
1324 2000 1661 2056 habentur:
1697 2002 1823 2069 Quae
1852 2017 1938 2057 re-

266 2091 552 2162 gulariter
605 2107 641 2145 a
693 2091 900 2145 sanctis
951 2097 1113 2159 atque
1159 2090 1476 2160 apostolicis
1521 2090 1938 2160 praedecessori-

269 2180 394 2250 bus,
427 2188 483 2234 et
515 2178 922 2234 uenerabilibus
951 2179 1191 2250 quinque
1219 2178 1474 2234 conciliis
1503 2177 1742 2249 deﬁnita
1789 2183 1937 2250 sunt,

266 2285 398 2323 cum
443 2268 806 2339 simplicitate
854 2266 1056 2334 cordis,
1086 2270 1138 2321 et
1185 2269 1304 2322 sine
1350 2267 1719 2337 ambiguitate
1763 2284 1799 2322 a
1827 2273 1938 2322 Pa-

270 2357 459 2412 tribus
489 2357 710 2412 tradita
754 2355 888 2427 ﬁdei
935 2372 1317 2412 conservemus
1352 2375 1370 2410 :
1400 2373 1596 2424 unum,
1631 2373 1695 2411 ac
1744 2358 1936 2428 praeci-

264 2463 448 2518 puum
481 2445 685 2501 bonum
717 2445 918 2500 habere
963 2460 1179 2516 semper
1227 2447 1490 2516 optantes,
1523 2449 1686 2516 atque
1713 2445 1936 2500 studen-

270 2541 348 2591 tes
380 2553 401 2589 :
433 2543 496 2590 ut
547 2535 696 2590 nihil
742 2535 808 2589 de
855 2537 934 2589 eis
979 2551 1101 2605 quae
1147 2535 1483 2605 regulariter
1529 2535 1754 2604 deﬁnita
1782 2545 1935 2605 sunt,

268 2627 597 2692 minuatur,
649 2625 797 2678 nihil
844 2629 1112 2689 mutetur,
1143 2624 1227 2678 vel
1272 2625 1578 2694 augeatur;
1607 2623 1702 2678 sed
1751 2623 1937 2679 eadem

266 2715 477 2781 verbis,
531 2723 582 2769 et
630 2714 885 2769 sensibus
929 2712 1149 2767 illibata
1198 2712 1593 2768 custodiantur.
1623 2713 1782 2768 Hanc
1812 2713 1937 2784 epi-

2048 1201 2221 1273 Origo
2252 1202 2498 1273 Symboli
2528 1200 3123 1271 Constantinopolitani
3161 1200 3233 1255 ad
3282 1200 3700 1272 particularem

2049 1290 2308 1361 aliquam
2364 1290 2703 1356 Ecclesiam,
2763 1289 3134 1361 privatosque
3186 1290 3500 1362 scriptores
3556 1290 3702 1346 refe-

2049 1381 2232 1434 renda
2277 1385 2389 1446 est,
2420 1385 2682 1451 tempore
2725 1379 2879 1433 inter
2923 1379 3205 1433 Nicwnam
3227 1381 3478 1450 primam
3525 1395 3702 1452 syno-

2048 1470 2191 1523 dum
2225 1471 2539 1537 mediante,
2573 1486 2639 1524 ac
2678 1468 2831 1523 inter
2852 1469 3100 1539 primam
3131 1469 3700 1538 Constantinopolita-

2046 1575 2199 1612 nam.
2231 1557 2378 1612 Illud
2433 1558 2660 1629 primus
2692 1557 2951 1628 vulgavit
2981 1557 3324 1628 Epiphanius
3358 1574 3371 1612 :
3422 1558 3702 1630 idemque

2050 1645 2364 1717 amplexati
2417 1651 2556 1701 sunt
2601 1650 2819 1701 centum
2846 1649 2900 1701 et
2927 1647 3329 1719 quinquaginta
3353 1649 3562 1717 Patres,
3595 1647 3698 1718 qui

2047 1752 2202 1790 anno
2215 1736 2315 1790 381
2332 1741 2536 1791 contra
2557 1735 2960 1790 Macedoniam
2983 1736 3274 1807 synodum
3291 1735 3699 1792 Constantino-

2050 1823 2167 1896 poli
2201 1824 2591 1879 celebrarunt.
2618 1824 2917 1896 Synodum
2940 1823 3115 1878 istam
3138 1823 3470 1896 generalem
3493 1825 3696 1894 fuisse,

2049 1917 2249 1983 utpote
2279 1913 2515 1968 Damasi
2548 1912 2801 1968 summis
2832 1911 3127 1983 pontificis
3177 1912 3521 1969 auctoritate
3563 1929 3694 1970 coa-

2048 2009 2224 2072 ctam,
2257 2008 2456 2057 censet
2483 2001 2789 2057 Baronius.
2821 2002 2904 2055 Ea:
2930 2009 3046 2072 post
3075 2007 3244 2072 facto,
3288 2007 3353 2057 ut
3400 2001 3698 2074 inquiunt,

2049 2091 2236 2146 eidem
2268 2091 2585 2146 accessisse
2614 2089 2820 2159 synodi
2851 2091 3220 2146 mcumenicae
3270 2090 3698 2158 auctoritatem,

2050 2179 2413 2235 arbitrantur
2442 2179 2537 2235 alii
2564 2197 2577 2234 :
2610 2179 2697 2235 vel
2728 2184 2976 2235 Damaso
3007 2196 3160 2251 papa
3189 2195 3318 2235 eam
3349 2179 3701 2236 conﬁrman-

2052 2273 2130 2336 te,
2164 2274 2229 2322 ut
2268 2268 2568 2340 aliquibus
2610 2269 2836 2341 placet;
2867 2269 2955 2324 vel
3003 2268 3211 2324 saltem
3261 2269 3445 2325 Leone
3490 2269 3700 2341 Magno

2048 2357 2110 2412 in
2137 2359 2358 2430 synodo
2375 2357 2865 2426 Chalcedonensi;
2889 2363 2990 2413 aut
3011 2365 3164 2414 certe
3185 2360 3307 2430 ipsa
3323 2357 3528 2430 synodo
3549 2357 3700 2430 prio-

2048 2462 2168 2501 rem
2201 2447 2932 2519 Constantinopolitanam,
2961 2463 3095 2502 cum
3145 2447 3392 2502 decretis
3440 2446 3596 2516 ﬁdei,
3630 2463 3697 2502 ac

2049 2534 2319 2606 Symbolo
2352 2535 2643 2606 przcdicto,
2677 2535 3054 2606 suscipiente,
3086 2541 3142 2590 et
3171 2535 3549 2605 approbante.

2123 2624 2182 2677 In
2207 2623 2546 2678 utramlibet
2568 2623 2920 2679 sententiam
2943 2623 3560 2679 disseritChristianus
3579 2624 3696 2678 Lu-

2047 2729 2159 2784 pus
2199 2717 2356 2767 tomo
2389 2711 2432 2778 Ι,
2465 2711 2523 2765 in
2555 2711 2804 2767 Scholiis
2829 2712 2902 2766 ad
2933 2712 3199 2767 eamdem
3230 2713 3540 2784 synodum,
3564 2728 3692 2784 cap.

269 2803 489 2859 stolam
524 2803 748 2858 ibidem
778 2803 1048 2873 sequitur
1075 2802 1341 2872 ejusdem
1373 2801 1696 2873 Agathonis
1727 2801 1841 2856 alia
1870 2817 1940 2856 ex
2046 2803 2079 2855 4
2104 2819 2117 2868 ;
2151 2805 2207 2856 et
2231 2804 2391 2856 tomo
2412 2800 2479 2868 V,
2504 2801 2564 2855 in
2595 2799 2845 2855 Scholiis
2875 2801 2948 2855 ad
2980 2799 3266 2855 dictatum
3297 2792 3693 2872 Gregorii‘VIl,

270 2891 502 2962 synodo
532 2889 802 2944 Romana
832 2890 990 2955 data,
1024 2889 1083 2942 in
1138 2905 1254 2960 qua
1301 2888 1433 2957 ﬁdei
1459 2891 1721 2960 professio
1752 2889 1940 2944 instar

268 2980 536 3052 Symboti
563 2978 867 3047 inseritur,
885 2977 1087 3049 utique
1106 2977 1380 3048 Symbolo
1410 2977 1662 3049 Nicaeno,
1687 2982 1744 3033 et
1766 2980 1942 3034 Cons-

273 3067 802 3140 tantinopolitano,
838 3083 904 3122 ac
935 3066 1261 3123 deﬁnitioni
1292 3066 1751 3123 Chalcedonensi
1803 3084 1940 3122 con-

284 3173 455 3222 sona,
477 3156 668 3211 verbis
701 3160 898 3211 tamen
931 3155 1199 3226 pluribus
1222 3171 1288 3210 ac
1310 3155 1552 3227 prolixis
1582 3156 1943 3212 additamen-

291 3246 376 3300 tis
403 3244 773 3316 locupletata.

2049 2889 2367 2958 canone21,
2393 2893 2594 2960 quaest.
2612 2889 2664 2942 3.
2691 2888 3041 2943 Litterarum
3070 2889 3524 2959 conﬁrmationis,
3547 2904 3697 2959 quas

2051 2976 2261 3033 diderit
2285 2976 2595 3042 Damasus,
2639 2975 2849 3031 nullibi
2877 2977 3142 3032 mentio:
3196 2979 3298 3032 sed
3345 2992 3534 3048 neque
3578 2974 3700 3031 ulla

2051 3065 2268 3122 mentio
2300 3065 2564 3136 ejusdem
2594 3065 3214 3137 ConstantinOpolitanw
3243 3066 3470 3137 synodi,
3503 3065 3563 3119 in
3603 3080 3698 3119 ea-

2053 3172 2166 3228 que
2195 3154 2336 3209 editi
2363 3154 2634 3226 Symboli,
2665 3155 2723 3208 in
2755 3155 3117 3209 mcumenica
3147 3155 3368 3227 synodo
3399 3155 3698 3226 Ephesina.

1974 3232 2016 3298 C
2056 3249 2320 3316 Ignotam
2343 3244 2454 3298 sibi
2479 3259 2606 3298 eam
2631 3243 3341 3315 synodum,ignotumque
3358 3243 3701 3316 Symbolum

371 3334 671 3402 Synodalis
744 3333 1008 3388 deﬁnitio
1066 3338 1271 3388 contra
1331 3333 1739 3390 Monothelitas
1790 3334 1946 3389 edita
2051 3332 2248 3389 testati
2281 3337 2419 3387 sunt
2447 3332 2702 3404 episcopi
2725 3332 2784 3386 in
2816 3331 3224 3403 conciliabulo,
3254 3335 3411 3405 quod
3442 3333 3502 3388 in
3525 3349 3706 3390 causa

289 3422 508 3495 legitur
555 3424 783 3479 actione
835 3423 920 3476 18.
978 3421 1322 3494 Symbolum
1369 3425 1683 3489 Nicaenum,
1716 3429 1772 3478 et
1802 3423 1943 3479 Con-

281 3513 854 3584 stantinopolitanum
883 3513 1240 3578 recitantur;
1292 3517 1349 3567 et
1395 3513 1517 3568 hac
1546 3514 1823 3583 sufﬁcere,
1855 3513 1946 3566 in-

2052 3422 2391 3494 Eutychetis
2439 3421 2650 3494 Ephesi
2682 3421 2992 3477 celebravit
3018 3421 3348 3478 Dioscorus.
3401 3423 3465 3477 Id
3522 3423 3699 3495 Euty-

2056 3512 2296 3567 chianos
2346 3511 2614 3584 ignorare
2643 3510 2926 3583 potuisse,
2960 3517 3134 3583 negat
3165 3510 3440 3584 Evoptius
3469 3511 3701 3582 Cyzice-

280 3603 504 3674 quiunt
530 3607 758 3672 Patres,
789 3601 861 3657 ad
884 3603 1184 3673 perfectam
1229 3602 1538 3658 orthodoxae
1576 3601 1713 3672 ﬁdei
1758 3603 1948 3673 cogni-
2057 3617 2170 3656 nus
2201 3617 2336 3654 cum
2365 3600 2490 3655 suis
2520 3599 3102 3671 comprovincialibus
3132 3600 3424 3672 episcopis
3471 3601 3533 3656 in
3579 3601 3702 3674 epi-

282 3695 512 3749 tionem.
538 3691 941 3747 Nihilominus
974 3692 1377 3746 incarnationis
1408 3692 1778 3762 mysterium,
1794 3691 1950 3763 quod
2060 3689 2229 3759 stola,
2249 3707 2372 3759 quae
2396 3689 2690 3760 prostatin
2707 3690 2902 3745 codice
2919 3689 3208 3762 encyclico
3234 3707 3246 3745 :
3267 3689 3564 3761 simulque
3585 3707 3708 3747 mo-

284 3783 505 3837 attinet
537 3781 613 3836 ad
643 3781 986 3836 voluntatem
1029 3788 1082 3835 et
1108 3781 1477 3851 operationem
1506 3781 1566 3835 in
1599 3781 1820 3836 Christo
1849 3779 1950 3834 du-

277 3872 513 3943 plicem,
548 3869 779 3941 prolixa
806 3868 1142 3940 Appendice
1191 3867 1507 3924 declarant.
1546 3869 1954 3940 Deﬁniuntque

283 3963 538 4016 demum
582 3976 596 4014 :
656 3960 841 4014 Aliam
890 3958 1054 4027 ﬁdem
1107 3957 1255 4012 nulli
1311 3958 1476 4012 licere
1529 3960 1800 4028 proferre,
1856 3961 1957 4013 aut

281 4047 663 4113 conscribere,
696 4061 1040 4117 componere,
1073 4053 1168 4100 aut
1213 4061 1421 4117 sapere,
1454 4047 1538 4101 vel
1580 4047 1749 4101 etiam
1794 4046 1958 4101 aliter

284 4137 506 4192 docere.
539 4134 734 4189 Aliam
766 4133 992 4190 scilicet
1019 4133 1278 4205 intelligo
1310 4134 1507 4201 ﬁdem,
1543 4150 1669 4205 qua
1720 4150 1836 4189 non
1882 4133 1959 4189 sit

289 4231 453 4281 recta
484 4224 809 4279 orthodoxa
837 4223 1004 4292 ﬁdes,
1038 4222 1140 4277 sed
1186 4223 1508 4278 errantium
1558 4225 1958 4278 commentum

296 4315 591 4388 praedicta:
631 4312 960 4370 deﬁnitioni
1010 4314 1341 4368 adversum.
1379 4314 1616 4368 Interim
1667 4313 1851 4369 coacti
1899 4313 1959 4367 in

300 4404 405 4460 hac
438 4404 668 4477 synodo
701 4403 896 4458 Patres
928 4401 1157 4458 actione
1187 4403 1218 4456 4
1248 4407 1307 4458 et
1338 4403 1423 4471 10,
1470 4402 1602 4472 ﬁdei
1625 4405 1960 4474 profession-

300 4511 411 4559 nes,
448 4494 646 4548 instar
675 4491 923 4562 Symboli
971 4490 1180 4556 editas,
1211 4495 1600 4562 susceperunt
1649 4495 1704 4546 et
1751 4508 1962 4563 appro-

2062 3779 2204 3834 dum
2223 3777 2465 3843 indicat,
2491 3795 2607 3850 quo
2633 3779 2892 3850 synodus
2918 3778 3020 3834 illa
3038 3779 3707 3852 Constantinopolitana,

2065 3869 2219 3922 I70
2267 3868 2512 3939 ejusque
2543 3866 2877 3939 symbolum
2908 3868 3316 3924 auctoritatem
3346 3869 3712 3924 obtinuerint

2066 3957 2126 4011 in
2174 3955 2449 4011 Ecclesia.
2512 3955 2696 4011 Verba
2742 3959 2928 4012 sunt:
2983 3956 3144 4012 Hanc
3195 3957 3558 4028 synodum...
3595 3974 3712 4030 pra

2065 4045 2327 4101 omnibus
2349 4045 2568 4116 quidem
2590 4046 2798 4100 veritas
2819 4045 3165 4116 conﬁrmavit
3189 4064 3201 4102 :
3226 4047 3547 4119 eademque
3565 4049 3716 4102 tanto

2068 4143 2310 4205 tempore
2341 4134 2512 4190 robur
2540 4136 2763 4206 accepit.
2780 4133 2919 4189 Utut
2941 4136 3178 4190 demum
3205 4152 3333 4191 sese
3353 4153 3447 4192 res
3476 4136 3712 4191 habeat.

2069 4223 2306 4278 Certum
2356 4223 2422 4276 ﬁt
2469 4227 2955 4294 compertumque
2997 4225 3323 4296 Symbolum
3363 4224 3520 4280 idem
3572 4223 3716 4278 Con-

2067 4312 2640 4382 stantinopolitanum,
2673 4311 2908 4367 nonnisi
2939 4318 3070 4384 post
3090 4314 3379 4386 synodum
3400 4311 3717 4369 Chalcedo-

2071 4417 2336 4467 nensem,
2367 4402 2667 4457 communi
2689 4399 3080 4458 Ecolesiarum
3112 4420 3222 4458 usu
3254 4407 3552 4474 receptum
3575 4402 3718 4458 fuis-

2075 4507 2136 4545 se
2169 4507 2182 4544 :
2217 4507 2283 4545 ac
2315 4491 2605 4560 synodum
2639 4491 2836 4562 etiam,
2863 4507 3042 4562 quam
3083 4497 3317 4547 centum
3347 4496 3406 4547 et
3435 4491 3724 4563 quinqua-

301 4582 540 4648 barunt,
575 4581 730 4634 169
780 4597 908 4652 quae
964 4579 1245 4634 differunt
1291 4581 1534 4635 vocibus
1585 4598 1616 4635 a
1658 4581 1888 4637 Nicaena
1915 4588 1966 4635 et
1996 4603 2043 4667 D
2075 4579 2237 4652 ginta
2267 4579 2467 4634 Patres
2497 4578 2556 4632 in
2597 4580 2742 4634 urbe
2775 4579 2953 4652 Regia
2983 4597 3134 4636 anno
3183 4581 3284 4635 381
3336 4580 3723 4649 celebrarunt,

302 4671 929 4740 Constantinopolitano
961 4668 1097 4723 ﬁdei
1130 4669 1402 4724 formula.

375 4757 737 4829 Hujusmodi
760 4757 922 4812 varia
951 4757 1230 4828 Symbolo,
1268 4774 1393 4828 quae
1446 4757 1592 4812 lecta
1639 4757 1696 4811 in
1748 4758 1969 4830 synodo

303 4848 536 4903 Nicena
564 4865 630 4914 II,
659 4852 718 4901 et
746 4847 1069 4917 approbata
1110 4846 1290 4914 fuere,
1317 4846 1444 4916 jam
1493 4845 1968 4901 memoravimus.

2079 4667 2487 4724 connumerari
2518 4667 2674 4724 inter
2702 4670 3094 4725 mcumenicas
3123 4670 3345 4741 passim
3376 4670 3641 4742 coepisse.

2151 4758 2232 4812 Ea
2300 4773 2433 4812 vero
2511 4758 2856 4826 auctoritas,
2913 4775 2980 4812 ac
3054 4759 3376 4814 reverentia
3458 4759 3732 4830 praedicto

2083 4844 2357 4918 Symbolo
2411 4846 2678 4913 accessit,
2734 4851 2800 4900 ut
2856 4846 3121 4902 absolute
3176 4849 3468 4904 Nicwnum
3543 4848 3735 4904 vocari

305 4938 468 4993 Fidei
494 4934 900 4991 deﬁnitionem
923 4938 1126 4989 contra
1145 4936 1524 4990 lconomachos
1546 4935 1805 4990 continet
1824 4935 1972 4990 actio

307 5029 605 5099 septima:
642 5023 865 5079 scilicet
894 5022 1221 5096 Symbolum
1253 5022 1927 5095 ConstantinOpolitanum
1953 5041 1970 5076 :

307 5116 696 5172 anathemata
743 5119 947 5168 contra
989 5112 1261 5180 haereses,
1310 5113 1596 5181 Arianam,
1631 5112 1973 5167 Macedonia-

308 5223 465 5275 nam,
499 5204 912 5268 Nestorianam,
947 5202 1374 5273 Eutychianam,
1393 5208 1450 5256 et
1479 5202 1936 5257 Monotheliticam
1956 5219 1975 5256 .·

312 5313 375 5351 ac
424 5296 676 5351 demum
727 5291 1090 5363 Appendicem
1129 5294 1333 5346 contra
1380 5290 1797 5346 lconomachos
1830 5307 1842 5344 :
1878 5291 1979 5346 Eos

313 5401 458 5454 ergo,
493 5381 778 5453 inquiunt
825 5385 1050 5444 Patres,
1083 5381 1178 5450 qui
1216 5379 1420 5435 audent
1447 5382 1614 5435 aliter
1644 5396 1852 5450 sapere,
1884 5388 1980 5435 aut

318 5475 526 5540 docere,
556 5473 654 5526 aut
669 5470 972 5527 secundum
995 5469 1248 5524 scelestos
1277 5468 1562 5525 haereticos
1590 5469 1982 5524 ecclesiasticas

318 5563 650 5619 traditiones
692 5576 973 5631 spernere,
1009 5567 1061 5612 et
1089 5559 1388 5612 novitatem
1417 5559 1718 5629 quamlibet
1759 5559 1980 5628 excogi-

317 5656 448 5722 tare,
485 5652 571 5710 vel
593 5651 870 5726 projicere
898 5647 1122 5719 aliquid
1149 5663 1220 5702 ex
1247 5647 1333 5703 his
1381 5663 1504 5722 qua
1551 5649 1682 5704 sunt
1725 5647 1984 5708 Ecclesia

2084 4934 2469 4989 consueverit.
2513 4934 2577 4988 In
2628 4936 2849 5005 synodo
2904 4935 3570 5007 Constantinopolitana,
3605 4954 3733 5008 quas

2085 5040 2236 5079 anno
2274 5024 2400 5089 536,
2435 5023 2544 5077 sub
2578 5023 2747 5078 Mena
2776 5022 3066 5079 celebrata
3112 5024 3241 5096 fuit,
3273 5031 3460 5082 exstat
3507 5027 3734 5082 actione

2083 5113 2119 5166 5
2177 5112 2455 5184 synodica
2510 5111 2752 5167 alterius
2810 5112 3438 5186 Constantinopolitani
3505 5115 3734 5171 concilii

2087 5219 2240 5256 anno
2271 5202 2380 5256 518
2409 5199 2683 5256 celebrati
2735 5201 2983 5272 epistola
3035 5203 3107 5258 ad
3153 5203 3440 5261 Joannem
3489 5205 3734 5277 patriar-

2089 5290 2260 5345 cham
2303 5307 2499 5356 suum,
2535 5290 2634 5344 ubi
2683 5289 2804 5345 haec
2852 5291 3146 5347 habentur
3178 5309 3191 5346 :
3225 5311 3256 5343 α
3287 5293 3545 5349 Tertium
3579 5293 3740 5366 capi-

2088 5377 2282 5433 tulum
2339 5378 2400 5432 in
2457 5378 2735 5450 petitione
2795 5380 3207 5436 continebatur
3262 5386 3328 5436 ut
3384 5399 3487 5454 pro
3531 5382 3742 5454 majori

2090 5468 2526 5539 Soripturarum
2560 5473 3024 5538 auctoramento,
3054 5475 3260 5526 sancta
3297 5475 3356 5526 et
3404 5487 3617 5543 magna
3647 5488 3741 5544 sy-

2092 5557 2282 5612 nodus
2315 5560 2712 5612 trecentorum
2742 5558 2944 5613 decem
2975 5564 3034 5614 et
3075 5563 3202 5616 octo
3224 5559 3463 5614 Patrum
3499 5576 3740 5633 congre-

2092 5650 2363 5720 gatorum
2412 5647 2472 5702 in
2519 5646 2729 5715 Nicaea,
2764 5647 2866 5720 qui
2914 5652 3184 5706 sanctum
3242 5647 3561 5722 Symbolum
3602 5648 3742 5722 ﬁdei

601 5781 863 5842 PATROL.
915 5777 1030 5838 Ga.
1077 5774 1302 5840 CXLII.
3420 5774 3460 5845 6
