4108 6450
446 374 553 430 171

1472 362 1788 423 GEORGII
1834 362 2093 422 CYPRII
2139 362 2256 422 ΟΡ.
2305 363 2839 424 ΡΑΤΗΙΑΒΟΗλΕ

3739 369 3844 428 1⁷12

441 502 795 559 deﬁnierunt
851 503 907 554 et
965 496 1384 563 exclamarunt,
1418 499 1485 551 In
1534 511 1639 565 quo
1689 496 1955 565 baptizari
2001 511 2087 548 su-
2120 497 2172 561 Α
2204 495 2424 549 scilicet
2456 494 2811 567 intelligens,
2844 496 3095 567 Spiritus
3143 498 3328 552 sancti
3382 496 3710 555 divinitatis
3746 499 3842 557 ho-

438 610 586 659 mus,
615 606 666 646 et
699 592 1050 660 baptzsamus
1080 604 1098 640 :
1137 592 1193 640 et
1223 601 1349 655 quae
1381 602 1437 639 κη
1470 583 1949 654 ϐοηδιαηιίηομοιί
1979 585 2087 638 sub

439 680 705 736 Nectario
737 682 949 733 sanctae
992 674 1287 730 memoriae
1337 678 1686 744 congregata
1715 678 1824 737 est,
1857 679 1913 727 et
1946 690 2088 744 pra:-

441 770 664 835 dictum
713 771 984 823 sanctum
1041 764 1361 835 Symbolum
1407 767 1771 817 trecentorum
1819 762 2002 817 decem
2039 771 2089 816 et

438 862 552 916 octo
626 859 859 911 Patrum
932 853 1298 923 conﬁrmavit,
1359 856 1729 923 apponantur
1782 851 1842 905 in
1906 851 2087 905 sacris

440 944 753 1019 diptychis.
816 968 842 994 ››
896 947 1060 997 Patet
1105 940 1448 1013 Symbolum
1497 939 2089 1011 Constantinopolita-

439 1053 604 1103 num,
652 1034 790 1089 licet
838 1031 1255 1088 additamentis
1312 1035 1574 1095 auctum,
1608 1028 1721 1083 dici
1772 1028 2087 1099 Symbolum

434 1126 749 1191 Nicaznum,
776 1123 835 1177 in
867 1122 1086 1193 synodo
1117 1119 1284 1190 regiae
1329 1120 1494 1174 urbis
1540 1116 1945 1187 confirmatum.
1981 1118 2087 1172 Pa-

436 1215 523 1270 ria
569 1217 728 1284 sunt,
770 1229 898 1284 quae
948 1208 1219 1265 monachi
1272 1207 1489 1262 ibidem
1542 1207 1809 1261 scribunt
1857 1225 1965 1263 sua
2021 1207 2080 1262 in

436 1302 729 1376 epistola:
788 1300 1057 1363 Petimus,
1107 1296 1463 1367 inquicntes,
1512 1299 1571 1349 ut
1627 1304 1834 1351 sarcias
1890 1297 2089 1367 synodi

434 1408 532 1464 pro
562 1396 798 1463 tempore
821 1394 1163 1459 congregata:
1199 1401 1297 1457 pro
1328 1382 1454 1453 ﬁde,
1481 1388 1762 1455 ponantur
1809 1387 1866 1439 in
1912 1387 2086 1441 sacris

437 1480 595 1536 libris
626 1498 645 1534 :
693 1481 791 1534 hoc
832 1481 932 1541 est,
980 1478 1224 1545 Nicazna,
1271 1490 1398 1545 quae
1442 1475 1777 1529 exclamavit
1828 1476 2085 1529 Sanctum

435 1569 755 1641 Symbolum
784 1569 842 1621 in
873 1582 977 1637 quo
1008 1565 1271 1636 baptizati
1300 1579 1510 1630 sumus,
1544 1570 1595 1617 et
1627 1564 2006 1633 baptizumus:
2036 1566 2086 1618 et

435 1657 1061 1728 Constantinopolitana,
1083 1670 1203 1725 quae
1226 1656 1404 1724 ipsum
1425 1668 1520 1707 con
1528 1653 1769 1715 ﬁrmavit
1780 1670 1798 1706 :
1822 1653 1892 1707 Et
1903 1652 2088 1724 Ephe-

433 1748 583 1815 sina,
614 1763 740 1818 quae
773 1743 1043 1800 similiter
1072 1741 1456 1811 conﬁrmavit,
1479 1749 1641 1811 atque
1667 1741 1839 1795 etiam
1870 1741 2087 1795 Chalce-

430 1836 710 1902 donensis,
744 1850 863 1904 qua
893 1832 1153 1887 similiter
1182 1831 1440 1897 signavit.
1488 1829 1703 1934 Eadem
1753 1829 1926 1925 verba
1974 1828 2083 1883 fre-
2113 1870 2162 1934 B

433 1923 709 1996 quentius
741 1924 1076 1993 repetentur
1123 1918 1181 1973 in
1228 1918 1432 1986 libello,
1466 1916 1567 1987 qui
1616 1916 1742 1970 loco
1782 1916 1959 1971 citato
1991 1933 2082 1971 re-

430 2014 614 2068 fertur
688 2010 1167 2079 inscribiturque,
1250 2005 1526 2076 Quomodo
1581 2006 1903 2075 praedicata?
1973 2008 2085 2060 sint

427 2100 666 2171 synodi;
717 2116 783 2154 ac
824 2099 1065 2153 demum
1112 2096 1172 2149 in
1228 2095 1497 2165 Rescripto
1552 2093 1866 2159 habentur,
1924 2093 2080 2164 quod

428 2187 761 2260 subjicitur,
791 2187 1027 2244 Joannis
1061 2183 1581 2253 Hierosolymitani,
1613 2187 1663 2237 et
1711 2184 2083 2253 epismporum

428 2278 525 2349 qui
548 2278 647 2332 sub
671 2293 731 2332 eo
777 2280 925 2343 sunt,
955 2275 1025 2329 ad
1069 2276 1337 2330 Joannem
1386 2272 2077 2342 Constantinopolitanum.

431 2367 559 2423 Haec
605 2383 738 2422 vero
787 2365 1062 2421 evincunt
1121 2362 1343 2424 omnia,
1396 2359 1732 2426 Ecclesium,
1783 2378 1911 2431 qua:
1954 2361 2080 2417 sine

429 2455 694 2524 crimine,
737 2452 991 2525 simplici
1037 2452 1240 2507 relicta
1295 2450 1517 2505 Nicazna
1572 2449 1820 2521 Symboli
1875 2452 2075 2519 forma,

426 2546 487 2602 in
519 2562 691 2601 usum
722 2559 1094 2599 communem
1145 2539 1469 2612 Symbolum
1519 2539 2076 2610 Constantincpolila-

424 2652 563 2691 num
593 2630 1011 2689 additamentis
1062 2634 1299 2685 auctum
1350 2628 1614 2694 adduxit,
1648 2628 1772 2699 pari
1822 2629 2079 2699 gaudere

424 2727 730 2802 potestate,
763 2726 828 2776 ut
858 2721 1049 2793 ipsam
1080 2718 1256 2774 etiam
1287 2716 1550 2789 Symboli
1580 2716 2077 2788 Constantinopo-

424 2811 589 2867 litani
622 2808 935 2866 formulam
968 2824 1072 2880 pro
1108 2813 1442 2879 temporum
1493 2806 1977 2877 circumstantiis,
2011 2822 2078 2862 ac

424 2902 770 2957 necessitate
804 2898 1075 2970 adigente
1107 2912 1321 2967 augere
1349 2894 1623 2966 potuerit.

492 2990 588 3045 IIl.
647 2988 1063 3044 Additamenta
1130 2984 1743 3055 ConstantinOpolitana
1816 2985 2074 3055 pertina-

419 3080 657 3136 cissime
705 3076 1006 3147 rejiciebat
1052 3073 1339 3145 Eutycbes
1386 3072 1445 3127 in
1500 3074 1720 3144 synodo
1759 3074 2071 3129 Chalcedo-

418 3169 609 3235 nensi,
667 3183 732 3221 ac
798 3165 1035 3236 rejicere
1088 3165 1468 3234 perrexerunt
1525 3162 1892 3233 Eutychiani,
1968 3179 2068 3218 seu

2200 585 2457 651 stem,in
2505 588 2725 656 synodo
2783 586 3433 657 Constantinopolitana
3491 588 3841 645 damnatum.

2201 672 2283 727 Ita
2308 672 2405 727 ille
2439 673 2651 728 smcula
2679 692 2735 729 1v
2784 674 3193 730 dissertatione
3244 677 3333 745 37,
3377 681 3489 731 art.
3526 677 3576 742 1,
3607 676 3661 731 in
3712 678 3837 733 ﬁne.

2198 761 2440 817 Fallitur
2489 762 2575 816 vir
2623 764 2851 818 doctus.
2901 764 3273 819 Macedonius
3303 769 3411 835 est,
3449 781 3565 819 non
3611 768 3839 837 primus,

2197 850 2297 921 qui
2345 851 2595 922 Spiritus
2643 853 2829 907 sancti
2880 852 3245 924 impugnavit
3291 852 3698 911 divinitatem:
3743 857 3839 913 sed

2197 939 2377 1009 hujus
2409 941 2664 996 nominis
2694 942 2981 1008 secundus,
3015 942 3395 998 immediatus
3427 942 3615 1013 ipsius
3644 943 3841 1000 Timo-

2195 1028 2315 1083 thei
2362 1046 2699 1099 prmcessor,
2751 1030 3045 1085 catholicae
3088 1031 3223 1085 ﬁdei
3270 1031 3331 1085 in
3391 1030 3843 1089 Chalcedonensi

2196 1118 2443 1173 concilio
2475 1124 2704 1173 statutas
2755 1120 3113 1190 professione
3161 1119 3375 1176 clarus.
3409 1119 3569 1175 Hanc
3609 1121 3681 1177 ob
3713 1138 3845 1177 cau-

2197 1224 2323 1260 sam
2358 1208 2428 1261 ab
2471 1209 2774 1263 Anastasio
2832 1208 3189 1280 imperatore
3248 1208 3307 1264 in
3366 1209 3638 1265 exsilium
3697 1227 3846 1266 anno

2194 1297 2322 1365 511,
2364 1295 2555 1367 pulso,
2601 1296 2727 1368 ipse
2776 1296 3121 1352 Timotheus
3174 1296 3506 1369 haereticus,
3539 1301 3597 1353 et
3646 1298 3849 1371 synodi

2196 1383 2719 1441 Chalcedonenssis
2750 1385 3147 1457 impugnator,
3181 1386 3463 1443 suﬂectus
3514 1387 3645 1443 fuit.
3680 1387 3850 1445 Plura

2195 1474 2491 1544 pessimus
2521 1475 2639 1545 egit
2668 1474 2864 1538 homo,
2897 1474 3201 1531 Theodoro
3251 1474 3465 1532 lectore
3498 1481 3668 1545 teste,
3717 1494 3845 1532 con-

2195 1567 2286 1617 tra
2315 1564 2510 1634 ipsum
2542 1563 2946 1619 Macedonium
2984 1581 2997 1619 :
3050 1581 3116 1620 ac
3170 1563 3323 1620 inter
3367 1565 3485 1621 alia
3533 1566 3850 1638 Symbolum

2198 1651 2322 1706 fidei
2372 1660 2746 1707 trecentorum
2790 1657 2843 1708 et
2883 1653 3178 1709 octodecim
3224 1655 3462 1710 Patrum
3503 1655 3847 1727 (Nicasnum)

2194 1750 2253 1794 in
2281 1742 2528 1809 singulis
2558 1742 2797 1797 collectis
2825 1743 3062 1797 recitari
3088 1745 3371 1815 praecepit,
3421 1745 3486 1798 in
3527 1744 3718 1800 odium
3745 1748 3848 1800 sci-

2197 1832 2322 1884 licet
2354 1830 2651 1885 Macedoniz
2690 1830 3125 1902 (praecessoris),
3158 1834 3322 1903 quasi
3366 1832 3467 1888 ille
3516 1848 3627 1889 non
3674 1836 3847 1889 susci-

2190 1922 2339 1990 peret
2372 1920 2431 1974 id
2460 1919 2779 1989 Symbolum
2810 1919 3045 1991 (nempe
3074 1919 3422 1987 Nicaenum).

2263 2007 2420 2063 Ritui
2451 2025 2644 2079 porro,
2678 2024 2853 2079 quem
2883 2024 3061 2080 pravo
3094 2008 3337 2065 consilio
3368 2008 3717 2066 invexerant
3747 2010 3851 2066 hae-

2192 2098 2350 2151 retici
2386 2097 2826 2170 Monophysitas,
2860 2098 3038 2152 ritum
3086 2103 3494 2170 opposuerunt
3525 2100 3851 2171 orthodoxi,

2192 2203 2305 2257 quo
2339 2186 2531 2257 palam
2565 2203 2881 2257 coramque
2912 2187 2971 2240 in
3024 2203 3191 2241 sacra
3219 2186 3490 2260 Liturgia
3532 2194 3754 2245 rectam
3800 2194 3855 2244 et

2191 2275 2537 2331 catholicam
2570 2275 2991 2330 incarnationis
3020 2275 3337 2330 Dominicis
3376 2276 3564 2333 ﬁdem
3612 2279 3852 2350 proﬁte-

2191 2369 2413 2435 rentur,
2467 2365 2721 2436 Symbolo
2781 2363 3426 2434 Constantinopolitano,
3486 2369 3647 2438 quod
3721 2368 3852 2437 reji-

2189 2453 2418 2508 ciebant
2449 2452 2554 2523 illi,
2588 2453 2871 2508 adhibito.
2896 2452 3107 2508 Praesto
3128 2456 3218 2508 est
3236 2452 3714 2511 ecclesiasticum
3738 2472 3853 2511 mo-

2190 2546 2558 2606 numentum,
2602 2542 2757 2613 quod
2809 2542 2882 2597 ad
2931 2559 3154 2597 annum
3200 2544 3307 2598 518
3356 2545 3625 2615 pertinet
3674 2560 3689 2601 :
3740 2561 3852 2617 quo

2187 2630 2442 2686 maxime
2471 2634 2719 2696 constat,
2742 2630 2869 2700 jam
2890 2634 3016 2685 tum
3045 2630 3105 2685 in
3130 2647 3237 2686 usu
3264 2631 3455 2688 fuisse
3476 2634 3639 2705 apud
3664 2633 3855 2690 ortho-

2186 2720 2387 2785 doxos,
2422 2723 2486 2773 ut
2516 2719 2575 2789 in
2609 2717 2805 2772 divina
2834 2718 3095 2791 Liturgia
3123 2719 3476 2791 Symbolum
3526 2722 3667 2778 ﬁdei
3710 2723 3851 2777 reci-

2183 2813 2423 2864 taretur.
2459 2809 2613 2863 172
2647 2807 2713 2861 In
2760 2806 2955 2863 libello
3006 2808 3280 2879 superius
3321 2817 3683 2867 memorato.
3715 2813 3851 2881 Quo-

2183 2898 2339 2953 modo
2366 2898 2686 2968 przedicatee
2717 2900 2843 2963 (seu
2868 2897 3272 2970 promulgatae)
3294 2900 3413 2953 sint
3446 2901 3675 2972 synodi,
3703 2917 3854 2957 anno

2182 2988 2287 3041 518
2320 2987 2554 3058 scripto,
2582 2985 2817 3041 Justino
2848 2985 3077 3041 seniore
3108 2986 3400 3043 catholico
3437 2995 3579 3061 post
3608 2992 3855 3046 Anasta-

2183 3077 2340 3131 sium
2373 3079 2673 3148 regnante,
2707 3074 2827 3128 hinc
2857 3073 3151 3129 habentur
3176 3076 3350 3130 verba
3383 3092 3582 3149 prope
3630 3080 3807 3136 ﬁnem
3841 3096 3855 3135 :

2181 3166 2308 3220 Post
2339 3165 2627 3219 lectionem
2650 3164 2830 3218 sancti
2856 3164 3164 3233 Evangelii,
3195 3180 3340 3225 cum.
3361 3165 3545 3223 Missa
3591 3184 3665 3223 ea:
3711 3183 3859 3225 more

417 3230 1107 3327 MonophysitaeiRecole
1126 3251 1285 3306 dicta
1332 3250 1524 3322 capite
1573 3230 2069 3321 superiorenum.
2103 3230 2146 3296 (ἶ
2182 3254 2574 3324 celebraretur,
2620 3264 2669 3308 et
2724 3252 2927 3307 clausis
2973 3230 3190 3324 jaunis,
3251 3258 3305 3309 et
3358 3271 3535 3311 sacro
3596 3258 3860 3329 Symbolo

415 3350 473 3403 5.
506 3343 783 3417 Ejusdem
814 3344 963 3396 171
1001 3344 1401 3410 contemptum
1451 3338 1709 3410 Symboli
1762 3344 1827 3393 ut
1873 3357 2069 3396 coram

418 3435 734 3509 palamque
762 3430 1137 3487 ostenderent
1180 3432 1388 3483 Petrus
1438 3427 1602 3483 Fullo
1650 3428 2068 3500 Antiochenus,

418 3528 477 3582 et
519 3521 863 3580 Timotheus
907 3515 1607 3588 Constantinopolitanus,
1639 3516 2067 3574 Chalcedonen-

416 3614 500 3670 sis
533 3610 763 3667 concilii
794 3610 1014 3678 hostes,
1046 3608 1335 3663 Nica’num
1363 3603 1613 3676 simplex
1643 3604 1963 3677 Symbolum
1992 3608 2068 3663 fe-

414 3717 543 3758 cere
570 3716 748 3756 sacrze
778 3697 1050 3769 Liturgim
1080 3699 1327 3768 partem.
1362 3693 1703 3749 Theodorus
1733 3693 2064 3762 lecto,libro

410 3809 474 3861 II,
509 3790 685 3846 refert
716 3805 730 3842 :
762 3791 995 3842 Petrum
1028 3783 1352 3848 Fullonem,
1385 3799 1488 3837 seu
1521 3782 1896 3853 Cnaphaeum,
1935 3801 2063 3841 cum

407 3896 601 3935 rursus
645 3876 1013 3949 episcopatum
1059 3878 1424 3942 recuperasset
1453 3870 1873 3942 Antiochenam,
1904 3890 2061 3930 arco-

406 3969 605 4039 gitasse
649 3969 711 4021 ut
756 3967 816 4019 in
863 3962 1099 4031 singulis
1146 3959 1380 4015 collectis
1408 3958 1729 4029 Symbolum
1765 3961 2056 4019 diceretur.

403 4058 705 4113 Nicsenum
737 4055 940 4119 fuisse,
974 4052 1093 4106 hac
1120 4049 1235 4104 alia
1268 4049 1533 4119 ejusdem
1564 4049 1853 4104 Theodori
1884 4054 2060 4109 verba

405 4148 684 4202 evincunt
715 4162 729 4202 :
766 4142 1074 4198 Timotheus
1103 4140 1437 4211 (episcopus
1465 4138 2061 4211 Constantinopolita-

402 4236 536 4306 nus)
560 4233 885 4307 Symbolum
905 4230 1033 4299 ﬁdei
1052 4230 1419 4283 trecentorum
1437 4230 1490 4280 et
1511 4227 1806 4282 octodecim
1829 4230 2057 4288 Patrum

400 4342 460 4380 in
489 4324 728 4393 singulis
756 4320 996 4376 collectis
1028 4318 1258 4373 recitari
1286 4316 1560 4386 praecepit,
1594 4316 1653 4369 in
1684 4317 1873 4371 odium
1903 4323 2056 4378 scili-

396 4417 476 4467 cet
505 4411 838 4476 Macedonii,
872 4407 1030 4478 quasi
1071 4406 1167 4459 ille
1216 4419 1324 4459 non
1373 4405 1681 4471 susciperet
1736 4407 1797 4461 id
1824 4408 2051 4478 Symbo-

397 4501 533 4555 lum.
566 4498 895 4554 Secundam
953 4493 1226 4564 Cnaphzei
1284 4492 1669 4563 irruptionem
1732 4494 1790 4548 in
1850 4498 2049 4552 sedem

2181 3345 2298 3413 (τοῦ
2349 3342 2506 3417 ἁγίου
2560 3342 2904 3413 μαθήματος)
2943 3357 3012 3397 ex
3060 3358 3222 3397 more
3267 3343 3549 3413 recitato,
3612 3346 3858 3419 (κατὰτὸ

2181 3430 2419 3500 σύνηθες,
2450 3432 2547 3486 ubi
2575 3439 2795 3487 ventum
2842 3434 2921 3486 est
2963 3430 3039 3486 ad
3086 3432 3382 3503 Diptycha,
3427 3441 3547 3491 etc.
3610 3437 3858 3509 Symbo-

2179 3521 2302 3577 lum
2337 3521 2469 3576 ﬁdei
2495 3521 2619 3591 jam
2652 3537 2806 3575 anno
2834 3520 2940 3574 518
2969 3536 3043 3575 ea:
3071 3536 3221 3576 more
3249 3521 3483 3578 lectum
3535 3526 3853 3582 recitatum

2178 3628 2291 3684 que
2321 3611 2394 3666 ab
2424 3608 2762 3665 orthodoxis
2793 3609 2996 3678 fuisse,
3030 3609 3336 3682 perspicue
3366 3616 3568 3683 patet.

2245 3702 2317 3755 At
2375 3699 2523 3755 illud
2578 3704 2703 3754 erat
2757 3698 3080 3770 Symbolum
3137 3698 3858 3775 Constantinopolitanum.

2172 3791 2236 3845 1d
2266 3791 2469 3861 utique
2500 3788 2643 3844 satis
2674 3788 2939 3843 indicant
2986 3797 3388 3854 monumenta,
3439 3808 3576 3864 quae
3609 3811 3862 3852 numero

2172 3879 2471 3950 superiore
2524 3877 2881 3932 adduximus
2929 3892 2997 3930 ex
3028 3875 3274 3932 concilio
3305 3878 3428 3934 sub
3463 3881 3713 3939 Menna.
3746 3887 3859 3940 Ac-

2170 3969 2322 4024 cedit
2351 3965 2822 4022 luculentissima
2858 3964 3222 4020 conﬁrmatio
3275 3982 3345 4021 ex
3393 3968 3701 4028 Chronico
3752 3974 3855 4029 ab-

2168 4057 2322 4112 batis
2378 4055 2626 4111 Joannis
2685 4053 3037 4109 Biclarensis
3096 4055 3390 4126 Lusitani,
3454 4060 3565 4130 qui
3632 4063 3856 4118 seculo

2167 4152 2326 4201 sexto
2358 4145 2618 4200 ﬂorebat.
2650 4144 2841 4199 Verba
2870 4148 3042 4199 sunt:
3067 4145 3448 4201 Romanorum
3470 4148 3856 4223 (imperator)

2164 4235 2297 4305 LIII,
2329 4235 2581 4290 Justinus
2619 4233 2821 4302 junior
2872 4233 3037 4288 annis
3083 4233 3371 4289 undecim.
3430 4237 3548 4305 Qui
3590 4242 3859 4296 Justinus

2162 4340 2308 4379 anno
2338 4326 2517 4394 primo
2548 4324 2708 4391 regni
2752 4324 2842 4377 sui
2888 4321 3128 4383 (Christi
3159 4322 3311 4393 566),
3345 4340 3415 4379 ea
3467 4327 3607 4398 quae
3654 4338 3853 4385 contra

2160 4412 2427 4483 synodum
2484 4410 2971 4467 Chalcedonensem
3043 4412 3268 4481 fuerant
3344 4421 3703 4487 commenta,
3767 4418 3855 4474 de-

2138 4503 2383 4571 struxit,
2472 4500 2908 4571 Symbolumque
2995 4504 3311 4555 sanctorum
3399 4504 3514 4558 150
3604 4508 3855 4563 Patrum

394 4588 811 4644 Antiochenam
845 4585 916 4640 ad
949 4598 1173 4638 annum
1225 4582 1328 4634 476
1360 4582 1666 4653 pertinere,
1700 4583 1911 4639 docent
1941 4587 2044 4641 Le-
2076 4598 2123 4661 D
2158 4590 2626 4660 Constantinopoli
2651 4598 3117 4659 congregatarum,
3149 4595 3201 4642 et
3246 4589 3311 4643 in
3338 4594 3567 4662 synodo
3608 4596 3855 4653 Chalce-

393 4678 666 4749 quienus,
697 4675 755 4729 in
792 4674 1015 4730 Oriente
1048 4670 1386 4736 Christiano,
1420 4670 1857 4727 continuatorcs
1909 4674 2044 4730 Bol-

388 4764 570 4834 landi,
608 4770 764 4820 torno
796 4763 870 4817 IV
901 4760 1062 4825 Julii,
1093 4759 1383 4814 Antonius
1434 4758 1661 4830 Pagius.
1703 4761 2040 4819 Macedonio

388 4855 568 4926 hujus
600 4853 856 4909 nominis
887 4852 1143 4906 secundo
1166 4865 1319 4903 anno
1341 4849 1439 4901 511
1467 4848 1525 4901 in
1549 4848 1817 4904 exsilium
1846 4852 2036 4923 pulso,

388 4942 797 5015 Monophysita
832 4938 1177 4994 Timotheus
1233 4936 1514 4991 suﬁ‘ectus
1574 4942 1663 4991 est
1717 4938 1775 4991 in
1838 4941 2035 4996 sedem

386 5029 1117 5101 Constantinopolitanam,
1177 5025 1441 5098 rexitque
1498 5025 1815 5082 Ecclesiam
1873 5028 2033 5085 illam

388 5126 613 5191 septem
665 5135 869 5173 annos.
936 5114 1147 5171 Invecti
1198 5114 1327 5167 novi
1376 5113 1525 5167 ritus
1575 5120 1775 5170 auctor
1819 5117 1928 5171 fuit
1973 5119 2033 5174 in

380 5209 747 5265 Antiochena
775 5205 1033 5262 Ecclesia
1062 5208 1269 5257 Petrus
1300 5202 1462 5257 Fullo
1498 5219 1510 5256 :
1555 5203 1867 5277 ipsumque
1897 5206 2029 5262 imi-

2157 4678 2388 4734 donensi
2415 4686 2710 4748 receptum,
2749 4678 2811 4731 in
2839 4678 2992 4732 omni
3038 4677 3281 4733 Ecclesia
3328 4680 3630 4739 catholica
3682 4702 3719 4739 a
3758 4702 3857 4759 po-

2148 4768 2278 4839 pulo
2337 4767 2731 4823 concinendum
2788 4766 3103 4832 intromisit,
3132 4768 3473 4837 priusquam
3535 4773 3857 4833 Dommica

2149 4858 2378 4913 dicatur
2410 4857 2613 4912 Oratio.
2647 4857 2782 4920 Quae
2815 4870 3026 4926 nempe
3055 4854 3290 4910 Justino
3339 4857 3582 4915 seniori
3626 4880 3850 4920 conve-

2149 4944 2338 5013 niunt,
2356 4950 2413 5000 et
2442 4960 2594 4999 anno
2606 4945 2710 4998 518
2734 4944 2883 4998 facta
2906 4948 3065 5013 sunt,
3082 4944 3391 5014 deceptum
3414 4946 3852 5010 Biclarensem

2146 5034 2427 5088 tribuisse
2466 5033 2695 5089 Justino
2736 5033 2981 5102 juniori,
3016 5038 3075 5087 et
3121 5032 3192 5086 ad
3241 5049 3475 5091 annum
3526 5039 3649 5095 566
3684 5048 3851 5099 retu-

2145 5121 2303 5192 lisse,
2335 5122 2545 5177 latiore
2573 5122 2942 5177 ostendimus
2974 5121 3234 5176 oratione
3262 5121 3322 5175 in
3353 5130 3581 5184 nostra
3612 5130 3850 5189 disser-

2142 5211 2365 5266 tatione
2395 5212 2465 5265 de
2496 5210 2609 5264 ﬁde
2641 5210 2895 5265 auctoris
2926 5226 3192 5281 operum,
3221 5227 3349 5281 quas
3400 5213 3600 5286 vulgo
3656 5221 3848 5277 Areo-

381 5298 494 5352 tari
526 5298 585 5352 in
618 5296 875 5351 Ecclesia
903 5294 1073 5364 regia:
1103 5290 1267 5347 urbis
1300 5292 1607 5347 Timotheo
1639 5292 1879 5363 placuit.

448 5388 640 5442 Verba
667 5384 785 5452 illa,
815 5387 877 5438 in
906 5383 1094 5439 odium
1123 5380 1447 5445 Macedonii,
1481 5376 1811 5452 expendens
1852 5384 2025 5441 Nata-

2140 5299 2393 5371 pagitica
2423 5299 2718 5366 dicuntur,
2752 5299 2941 5371 capite
2974 5301 3060 5354 13.
3094 5303 3226 5354 Haec
3282 5309 3665 5361 numeratur
3710 5310 3846 5367 Dis-

2135 5391 2359 5444 sertatio
2386 5404 2535 5442 nona
2561 5387 2715 5442 inter
2743 5405 2863 5455 eas,
2885 5405 3032 5460 quas
3060 5386 3439 5460 vulgavimus
3476 5392 3681 5451 simul
3714 5400 3845 5455 col-

373 5473 448 5530 lis
479 5474 824 5541 Alexander,
860 5471 1129 5543 colligere
1156 5461 1266 5525 sibi
1298 5470 1460 5524 visus
1489 5474 1580 5524 est
1613 5488 1625 5524 :
1683 5473 1776 5543 agi
1817 5489 1882 5527 eo
1913 5473 2021 5529 loci
2134 5476 2338 5543 lectas,
2362 5478 2435 5530 De
2465 5477 2628 5547 gestis
2659 5480 2717 5531 et
2744 5480 2968 5549 scriptis
2998 5485 3048 5532 et
3076 5477 3330 5532 doctrina
3357 5484 3560 5536 sancti
3586 5487 3842 5548 Thomae

374 5563 447 5617 de
500 5563 756 5635 Symbolo
813 5560 1431 5629 Constantinopolitano,
1490 5560 1727 5614 tametsi
1794 5562 2025 5617 dicatur
2138 5566 2455 5637 Aquinatis.
2488 5566 2871 5623 Communem
2903 5583 3100 5634 usum,
3132 5566 3194 5621 in
3227 5581 3405 5636 quem
3444 5567 3838 5642 Symbolum

368 5648 520 5712 illud
549 5660 910 5712 trecentorum
928 5658 980 5709 et
998 5650 1292 5707 octodecim
1310 5650 1541 5704 Patrum
1559 5665 1581 5710 ;
1613 5647 2019 5707 Macedonium
2131 5652 2843 5727 Constantinopolitanum
2856 5672 2989 5717 cum
3004 5656 3130 5713 suis
3152 5653 3614 5719 Additamentis
3638 5663 3837 5726 dedu-
