4108 6462
280 416 393 476 173

1501 413 1712 472 VITA.
1746 443 1822 455 —
1852 411 2371 475 DISSERTATIO
2417 416 2493 475 ll.

2116 178 2153 210 γ’

3584 420 3700 477 174

280 548 362 604 xit
388 563 497 620 pro
546 562 662 602 sua
693 544 1041 601 auctoritate
1070 542 1351 610 Ecclesia,
1376 543 1612 599 videant
1639 542 1841 613 Graci,
1875 559 1941 598 ac
1970 542 2026 609 Α
2056 542 2215 599 Hanc
2266 562 2397 601 esse
2424 547 2743 617 genuinam
2790 546 3120 613 lectionem,
3152 547 3364 619 conjici
3413 552 3605 620 potest
3633 566 3701 605 ex

284 636 565 693 attentius
594 634 952 705 expendunt.

354 725 538 783 ΝΜ
565 722 893 794 particula.
918 721 1583 794 Filioque,adjectionem
1618 720 1938 793 proximius

292 815 595 888 pertinent,
630 813 775 884 qua’
795 816 1142 883 sequuntur.
1175 811 1406 882 Synodo
1437 809 1728 866 Toletana
1759 827 1778 863 ι
1811 826 1937 881 qua

294 906 365 959 ad
395 919 610 959 annum
657 902 784 968 400,
815 900 875 955 in
925 899 1381 955 Collectionibus
1428 899 1809 954 conciliorum
1850 916 1938 952 re-

297 997 488 1064 fertur,
539 992 754 1063 Regula
803 989 934 1060 ﬁdei
986 988 1299 1059 subjicitur
1344 1000 1534 1043 contra
1581 1004 1766 1043 omnes
1816 987 1938 1044 ha-

294 1099 447 1148 reses,
492 1085 542 1138 et
589 1080 1013 1153 quummaxime
1039 1082 1228 1133 contra
1260 1079 1659 1133 Priscitlianos.
1689 1078 1767 1132 Ea
1794 1077 1938 1131 dici-

290 1176 383 1226 tur
424 1170 489 1224 ab
538 1169 814 1240 episcopis
892 1166 1417 1236 Tarraconensibus,
1470 1167 1938 1234 Carlhaginensi-

291 1260 399 1329 bus,
445 1257 752 1322 Lusitanis,
804 1258 855 1311 et
906 1256 1128 1312 Baeticis
1174 1257 1326 1326 facta
1353 1272 1372 1308 :
1401 1258 1452 1310 et
1498 1270 1624 1309 cum
1666 1262 1940 1325 pracepto

279 1362 437 1420 papa
464 1346 625 1401 urbis
673 1346 853 1401 Roma
892 1344 1087 1400 Leonis
1133 1342 1203 1398 ad
1232 1344 1578 1403 f-Balconium
1625 1344 1938 1414 episcopum

283 1437 533 1493 Gallicia
578 1434 932 1490 transmissa.
982 1430 1257 1487 Formula
1308 1436 1399 1488 est
1446 1431 1636 1487 instar
1695 1431 1941 1502 Symboli

277 1526 457 1588 edita,
489 1540 561 1580 ac
592 1522 843 1595 incipit:
874 1521 1156 1577 Credimus
1204 1523 1264 1574 in
1292 1538 1468 1576 unum
1495 1522 1669 1576 Deum
1698 1521 1937 1590 Patrem,

272 1623 324 1671 et
382 1614 621 1679 Filium,
680 1622 733 1668 et
788 1611 1068 1683 Spiritum
1125 1618 1401 1677 sanctum,
1459 1614 1569 1665 etc.
1602 1613 1680 1664 De
1737 1613 1940 1664 sancto

273 1705 485 1759 eodem
533 1700 756 1773 Spiritu
787 1700 911 1756 hac
941 1699 1234 1755 habentur
1265 1716 1278 1753 :
1313 1722 1341 1748 «
1374 1698 1655 1770 Spiritum
1709 1713 1940 1769 quoque

274 1791 651 1848 Paracletum
682 1789 938 1860 esse,qui
971 1805 1077 1845 nec
1110 1788 1282 1843 Pater
1313 1788 1389 1842 sit
1419 1788 1679 1859 ipse,nec
1712 1787 1889 1842 Filius
1924 1804 1936 1841 :

277 1882 384 1937 sed
415 1898 451 1936 α
484 1886 650 1936 Patre
682 1879 934 1949 Filioque
957 1877 1270 1950 procedens.
1306 1899 1334 1926 ››

350 1970 682 2025 Romanam
734 1969 932 2023 sedem
982 1984 1136 2023 anno
1168 1968 1275 2022 400
1301 1966 1644 2022 conscendit
1697 1970 1940 2021 sanctus

277 2060 393 2116 Leo
426 2059 676 2131 Magnus
709 2077 727 2111 :
758 2058 914 2113 unde
941 2056 1232 2112 Toletana
1282 2056 1503 2129 synodo
1535 2056 1732 2128 prima
1762 2054 1941 2110 tribui

276 2148 490 2220 Regula
539 2146 642 2202 illa
686 2163 803 2202 non
853 2150 1067 2218 potest.
1121 2146 1207 2201 Ad
1258 2161 1481 2200 annum
1532 2144 1637 2199 447
1688 2144 1942 2199 refertur

274 2236 594 2294 concilium
639 2237 999 2308 Hispanicum
1024 2234 1302 2306 generale,
1334 2250 1514 2290 suasu
1547 2232 1757 2288 Leonis
1786 2235 1825 2287 1
1843 2234 1940 2288 73

276 2325 578 2398 pontiﬁcis
644 2324 934 2380 indictum
989 2323 1051 2378 in
1108 2339 1286 2378 causa
1338 2321 1937 2378 Priscillianistarum.

279 2418 497 2473 Prater
546 2414 682 2485 ﬁdei
722 2414 975 2482 regulam
1019 2411 1292 2483 superius
1341 2416 1748 2478 memoratam,
1794 2411 1941 2466 nihil

274 2509 527 2573 exstare,
585 2503 869 2558 adnotant
926 2500 1304 2557 conciliorum
1379 2499 1735 2556 collectores.
1796 2500 1941 2555 Hinc

273 2611 414 2650 vero
444 2592 607 2649 edita
652 2591 753 2647 illa
781 2591 1012 2646 videtur
1045 2591 1105 2679 in
1136 2590 1247 2644 hac
1294 2589 1535 2662 synodo.
1570 2589 1717 2679 Remi
1766 2589 1938 2660 hanc,

273 2688 335 2739 et
365 2680 581 2755 synodi
612 2679 810 2736 locum
860 2683 1015 2735 certo
1048 2677 1411 2733 addiscimus
1444 2695 1515 2733 ex
1544 2678 1765 2750 synodo
1796 2679 1940 2733 Bra-

270 2770 508 2828 carensi
539 2768 681 2826 anni
712 2770 819 2824 563
853 2786 865 2823 :
902 2791 930 2817 ‹‹
966 2767 1267 2823 Lucretius
1297 2767 1611 2839 episcopus
1643 2767 1787 2821 dixit
1819 2784 1832 2821 :

269 2862 485 2929 Credo,
545 2862 750 2915 vestra
811 2856 1194 2913 beatitudinis
1249 2856 1673 2911 fraternitatem
1743 2872 1938 2922 nosse,

268 2951 420 3023 quia
446 2966 515 3005 eo
549 2953 776 3019 tempre
806 2963 924 3018 quo
947 2946 1005 3000 in
1038 2945 1133 3001 his
1153 2944 1495 3017 regionibus
1514 2944 1940 3001 nefandissima

266 3037 662 3095 Priscilliana
710 3046 882 3091 secta
926 3051 1147 3091 venena
1192 3035 1526 3106 serpebant,
1562 3033 1938 3089 beatissimus

282 3133 450 3199 Papa
494 3126 661 3182 urbis
709 3125 908 3180 Roma
958 3124 1088 3179 Leo.
1128 3164 1141 3178 .
1178 3166 1191 3178 .
1224 3163 1237 3176 .
1292 3139 1395 3193 per
1422 3122 1728 3176 Turibium
1772 3127 1936 3177 nota-

1968 1911 2018 1975 B

2046 631 2283 688 laudata
2332 635 2539 690 Leonis
2571 634 2769 706 magni
2820 634 3089 706 epistola,
3124 635 3227 706 qui
3254 652 3451 692 veram
3498 644 3702 694 contra

2048 720 2528 779 Priscillianistas
2569 724 2744 779 ﬁdem
2792 724 3084 796 episcopis
3113 725 3392 796 Hispanis
3438 727 3697 797 tradens,

2047 809 2343 882 ait,capite
2377 813 2399 864 1
2422 829 2475 866 τα
2503 812 2697 867 Primo
2728 811 2927 884 itaque
2961 812 3214 884 capitulo
3241 814 3698 885 demonstratur,

2047 914 2226 967 quam
2279 898 2457 970 impie
2486 899 2744 955 sentiant
2795 901 2867 955 de
2899 901 3185 957 Trinitate
3232 902 3465 970 divina;
3494 903 3596 974 qui
3642 908 3701 959 et

2046 986 2258 1052 Patris,
2292 992 2349 1042 et
2379 988 2594 1054 Filii,et
2623 990 2875 1061 Spiritus
2908 990 3091 1046 sancti
3127 1008 3305 1046 unam
3337 997 3511 1063 atque
3540 1009 3699 1047 eam-

2047 1075 2182 1130 dem
2212 1081 2485 1132 asserunt
2514 1093 2641 1133 esse
2675 1094 3006 1148 personam,
3038 1084 3322 1150 tanquam
3354 1079 3509 1135 idem
3542 1081 3700 1136 Deus

2047 1181 2204 1219 nunc
2228 1164 2576 1234 Pater,nunc
2598 1165 2964 1233 Filius,nunc
2978 1168 3234 1239 Spiritus
3248 1173 3488 1225 sanctus
3514 1171 3701 1225 nomi-

2048 1259 2220 1308 netur
2251 1272 2263 1309 :
2297 1271 2403 1309 nec
2437 1254 2589 1310 alius
2620 1256 2699 1310 sit
2728 1256 2829 1326 qui
2879 1256 3104 1328 genuit,
3136 1257 3290 1313 alius
3320 1257 3422 1328 qui
3469 1259 3703 1330 genitus

2046 1348 2157 1408 est,
2190 1341 2341 1399 alius
2371 1344 2470 1415 qui
2499 1344 2565 1399 de
2593 1354 2824 1415 utroque
2849 1356 3115 1414 processit
3147 1368 3174 1397 ››
3210 1346 3290 1401 Ex
3319 1347 3429 1402 hac
3460 1348 3701 1405 demum

2048 1430 2184 1486 ﬁdei
2215 1432 2418 1503 regula
2437 1449 2637 1488 vocem
2655 1434 2901 1507 Filioque
2929 1434 2989 1489 in
3021 1435 3218 1506 ipsum
3245 1435 3703 1508 Constantinopo-

2049 1521 2287 1576 litanum
2304 1523 2626 1592 Symbolum
2655 1523 3029 1579 transtulisse
3059 1524 3392 1597 insequenti
3416 1525 3628 1581 saculo
3644 1543 3705 1583 vr

2048 1608 2335 1665 Ecclesias
2366 1611 2804 1682 Hispaniarum,
2838 1612 3027 1683 capite
3056 1618 3338 1685 sequente
3363 1614 3699 1671 dicendum.

2124 1699 2275 1753 I74
2332 1699 2400 1752 V.
2458 1700 2697 1755 Saculo-
2746 1701 2996 1772 septimo
3072 1701 3394 1757 Ecclesium
3465 1720 3702 1759 omnem

2048 1786 2479 1843 Occidentalem
2502 1787 2714 1860 legisse
2736 1790 3095 1861 adjectionem
3115 1791 3173 1845 in
3197 1792 3400 1847 eodem
3428 1791 3703 1865 Symbolo

2050 1874 2713 1948 Constantinupolitano,
2777 1885 2975 1933 narrat
3033 1879 3264 1934 Manuel
3330 1879 3585 1937 Calecas.
3648 1882 3704 1938 Is

2051 1965 2284 2021 natione
2323 1966 2579 2027 Graecus,
2610 1971 2747 2022 ante
2778 1984 2999 2022 annum
3034 1969 3171 2022 1400
3202 1968 3458 2024 clarebat
3493 1969 3705 2026 litteris
3806 2034 3809 2037 _

2048 2054 2573 2125 Constantinopoli,
2610 2055 2805 2126 ibique
2863 2072 3076 2111 nomen
3122 2057 3309 2112 ordini
3359 2058 3704 2115 Pradicato-

2050 2160 2182 2197 rum
2214 2143 2374 2198 dedit
2404 2144 2464 2199 in
2495 2144 2767 2199 Canobio
2794 2149 2951 2200 Pera
2982 2146 3206 2217 pridem
3237 2151 3448 2202 erecto.
3488 2147 3706 2204 Salutis

2049 2231 2358 2303 gentilium
2391 2250 2633 2288 suorum
2667 2234 2862 2289 studio
2896 2234 3438 2307 ﬂagrans,plurima
3467 2236 3705 2310 scripsit

2050 2320 2265 2391 quibus
2314 2339 2412 2378 eos
2461 2327 2758 2378 revocaret
2809 2324 2880 2378 ab
2933 2325 3251 2380 erroribus.
3285 2325 3363 2380 De
3416 2326 3702 2396 praedicta

2050 2408 2358 2464 Additionis
2407 2414 2667 2481 tempore
2701 2411 2785 2465 sic
2833 2410 3009 2467 habet
3038 2410 3187 2468 libro
3218 2429 3274 2467 1v
3313 2415 3521 2469 Contra
3553 2413 3703 2469 Gra-

2046 2513 2172 2552 cos:
2196 2520 2224 2547 «
2261 2498 2486 2553 Iudicat
2513 2499 2671 2554 enim
2700 2504 2758 2553 et
2788 2500 2994 2555 beatus
3027 2500 3320 2556 Maximus
3349 2501 3408 2556 in
3441 2502 3703 2574 Epistola

2047 2586 2121 2641 ad
2171 2587 2459 2642 Marinum
2495 2604 2508 2641 :
2540 2588 2891 2644 Additionem
2937 2590 3100 2656 hanc,
3140 2607 3256 2644 non
3307 2592 3542 2661 quando
3595 2592 3701 2647 Ec-

2048 2675 2361 2730 clesiarum
2394 2677 2652 2731 scissura
2675 2679 2825 2732 facta
2848 2679 3062 2744 est,sed
3092 2676 3261 2751 longe
3280 2684 3411 2734 ante
3436 2680 3698 2736 additam

2048 2781 2198 2829 esse,
2231 2768 2288 2819 et
2317 2764 2582 2821 fortassis
2613 2769 2746 2820 ante
2776 2783 2885 2821 sua
2925 2770 3039 2822 tem
3048 2783 3210 2839 pora.
3248 2767 3376 2822 Fuit
3405 2773 3599 2824 autem
3632 2786 3698 2825 eo

2048 2857 2457 2925 tempore,quo
2489 2857 2653 2908 sexta
2682 2854 2941 2926 synodus
2972 2855 3220 2910 conﬂata
3242 2856 3695 2927 est.Propterea,

2048 2941 2222 2997 rebus
2252 2941 2625 3013 urgentibus,
2657 2958 2793 2997 cum
2823 2942 3091 3015 quosdam
3118 2943 3478 3000 Uccidentalis
3509 2947 3700 3002 Eccle-

2047 3031 2144 3085 sia
2178 3030 2300 3085 hac
2350 3029 2529 3101 pestis
2560 3030 2845 3102 paulatim
2878 3048 2943 3086 ac
2995 3032 3217 3087 sensim
3250 3033 3531 3103 inliceret,
3559 3052 3695 3090 con-

2045 3119 2287 3175 veniens
2333 3119 2616 3191 synodus,
2647 3136 2718 3174 eae
2744 3121 2885 3176 Filio
2915 3124 3089 3176 etiam
3127 3121 3399 3192 Spiritum
3442 3129 3700 3180 sanctum

276 3216 444 3271 rium
483 3215 631 3271 sedis
659 3230 781 3271 sua
805 3213 878 3268 ad
899 3211 1171 3284 synodum
1191 3211 1436 3266 Gallicia
1460 3214 1664 3265 contra
1690 3211 1935 3282 impiam
1978 3279 2007 3284 ᾧ
2042 3208 2353 3281 procedere,
2388 3208 2664 3280 Symbolo
2695 3209 2907 3279 adjecit
2940 3226 2952 3265 :
2987 3211 3058 3265 ad
3092 3211 3247 3282 quod
3276 3211 3524 3268 Romani
3553 3213 3700 3268 Pon-

277 3301 624 3361 Priscilliani
656 3306 880 3358 sectam
902 3279 1122 3372 scripta
1152 3317 1260 3355 sua
1286 3299 1514 3355 direxit.
1550 3300 1732 3371 Cujus
1756 3279 1932 3355 etiam
1967 3279 2008 3344 C
2043 3279 2221 3354 tificis
2269 3297 2595 3352 suffecisset
2641 3298 2978 3367 auctoritas,
3030 3279 3158 3370 qua
3208 3301 3384 3357 etiam
3443 3303 3696 3373 synodos

280 3396 567 3466 pracepto
612 3393 1106 3454 Tarraconenses,
1156 3394 1214 3445 et
1273 3388 1762 3460 Carthaginenses
1811 3388 1932 3459 epi-

270 3482 467 3554 scOpi,
517 3479 787 3537 Lusitani
819 3495 1073 3552 quoque,
1108 3483 1167 3534 et
1215 3477 1436 3546 Baetici,
1471 3478 1622 3533 facto
1671 3476 1824 3532 inter
1871 3494 1934 3533 se

266 3570 545 3638 concilio,
578 3569 848 3639 Regulam
895 3567 1026 3638 ﬁdei
1054 3571 1256 3623 contra
1285 3565 1712 3621 Priscillianam
1755 3566 1933 3622 hare-

263 3660 411 3729 sim,
465 3674 605 3714 cum
652 3656 953 3729 aliquibus
1012 3655 1285 3728 capitulis
1352 3654 1809 3720 conscribentes,
1861 3655 1933 3709 ad

259 3749 606 3804 Balconium
634 3751 779 3801 tunc
808 3745 988 3816 hujus
1013 3743 1284 3799 Ecclesia
1316 3743 1689 3799 Bracarensis
1723 3760 1914 3814 prasu

261 3837 386 3894 lem
421 3835 790 3892 direxerant.
821 3856 849 3884 »
883 3833 1273 3889 Memoratum
1324 3832 1532 3887 Leonis
1563 3831 1759 3904 Magni
1784 3847 1933 3903 prae-

216 3975 227 3986 .
256 3930 495 3995 ceptum
539 3923 759 3996 legitur
788 3922 848 3977 in
880 3922 1148 3993 ejusdem
1178 3919 1426 3990 epistola
1455 3920 1610 3991 apud
1656 3919 1936 3983 Quesnel-

257 4016 416 4070 lium
455 4014 549 4081 14,
583 4012 657 4067 ad
705 4027 929 4065 annum
960 4010 1065 4065 447
1117 4009 1466 4080 pertinente,
1498 4008 1570 4063 ad
1618 4009 1941 4063 Turribium

259 4106 598 4176 episcopum
644 4100 1046 4155 Asturicensem
1091 4099 1328 4164 directa,
1388 4114 1515 4169 qua
1583 4096 1676 4152 his
1746 4096 1940 4152 verbis

264 4191 579 4248 clauditur
610 4206 623 4243 :
663 4211 692 4239 ‹‹
724 4188 1009 4244 Dedimus
1036 4186 1235 4258 itaque
1266 4186 1490 4241 litteras
1518 4186 1589 4241 ad
1623 4186 1851 4253 fratres,
1885 4189 1942 4241 et

270 4281 660 4353 coepiscopos
696 4281 932 4333 nostros
967 4280 1420 4346 Tarraconenses,
1466 4275 1941 4345 Carlhaginenses,

277 4371 601 4433 Lusitanos,
631 4376 800 4439 atque
846 4365 1118 4422 Gallicos:
1151 4364 1355 4435 eisque
1385 4362 1698 4419 consilium
1744 4363 1944 4433 synodi

276 4458 564 4527 generalis
596 4454 939 4511 indiximus.
973 4455 1059 4508 Ad
1090 4458 1203 4508 tum
1235 4451 1567 4508 dilectionis
1598 4451 1942 4507 sollicitudi-

275 4563 410 4602 nem
464 4543 810 4619 pertinebit,
843 4548 911 4599 ut
941 4547 1152 4598 nostra
1209 4540 1595 4614 ordinationis
1626 4540 1944 4596 auctoritas

2044 3387 2303 3459 reliquas
2332 3387 2687 3442 corroborat.
2724 3409 2753 3438 »

2113 3480 2345 3531 Sextam
2364 3476 2657 3547 synodum
2674 3476 3093 3532 acumenicam
3113 3494 3266 3534 anno
3285 3479 3392 3533 680
3404 3478 3694 3537 celebrare

2043 3569 2342 3636 caperunt
2393 3564 2612 3620 Patres.
2664 3565 2858 3637 Longe
2904 3570 3057 3635 ante,
3089 3567 3311 3623 scilicet
3356 3585 3509 3623 anno
3563 3570 3691 3642 662,

2044 3655 2164 3709 vita
2230 3653 2580 3725 migraverat
2628 3654 2918 3709 Maximus
2976 3671 2987 3711 :
3039 3657 3139 3711 sed
3188 3657 3316 3728 ipse
3376 3657 3700 3714 Martinum

2046 3744 2262 3814 Papam
2312 3758 2466 3797 anno
2495 3742 2602 3795 649
2634 3742 2870 3814 impulit
2898 3744 2970 3799 ad
3018 3744 3433 3801 celebrandum
3465 3748 3702 3804 Latera-

2046 3848 2227 3887 nense
2285 3831 2566 3886 adversus
2621 3831 3034 3889 Monothelitas
3094 3834 3405 3891 concilium
3461 3854 3474 3890 :
3533 3836 3706 3908 eique

2049 3937 2309 3993 prasens
2359 3919 2566 3975 adfuit.
2601 3920 2936 3976 Orationem
2988 3939 3156 3978 suam
3188 3939 3461 3994 perorare
3504 3929 3709 3980 contra

2050 4010 2279 4065 Gracos
2329 4008 2519 4079 pergit
2545 4007 2782 4064 Calecas
2807 4009 3025 4066 ibidem
3063 4027 3076 4065 :
3113 4035 3141 4063 ‹‹
3175 4012 3376 4083 Neque
3419 4030 3561 4068 sane
3592 4014 3710 4068 mi-

2051 4099 2324 4167 randum,
2358 4097 2689 4153 Romanum
2721 4098 3085 4170 episcopum,
3117 4105 3417 4157 con-vocato
3455 4102 3712 4157 Occiden-

2050 4188 2252 4243 talium
2281 4187 2660 4257 episcoporum
2705 4188 2968 4257 concilio,
3002 4187 3147 4244 illud
3185 4190 3536 4246 decrevisse.
3568 4191 3712 4246 Nam

2052 4276 2103 4331 si
2134 4274 2444 4346 provincia
2493 4291 2645 4346 sape
2675 4274 2922 4347 singula
2954 4276 3205 4333 concilia
3254 4277 3714 4351 celebraverunt,

2052 4365 2256 4434 eisque
2307 4363 2624 4418 auctoritas
2675 4368 2952 4435 derogata
3002 4383 3115 4420 non
3170 4372 3307 4422 est:
3342 4366 3528 4424 multo
3575 4384 3718 4423 sane

2055 4452 2245 4525 magis
2271 4452 2381 4507 hoc
2412 4451 2509 4507 ille
2539 4453 2732 4523 potuit
2761 4469 2897 4507 cum
2929 4453 3211 4510 omnibus
3247 4456 3468 4511 circum
3501 4474 3562 4512 se
3591 4457 3718 4528 epi-

2057 4541 2275 4614 scopis,
2308 4541 2410 4612 qui
2440 4548 2642 4612 pastor
2670 4541 2918 4613 primus,
2953 4548 3011 4598 et
3041 4543 3307 4600 Ecclesia
3336 4544 3519 4601 totius
3550 4545 3720 4601 Pater

273 4636 347 4691 ad
383 4634 807 4707 pradictarum
838 4630 1269 4703 provinciarum
1293 4630 1598 4702 episcopos
1628 4630 1941 4685 deferatur.
1980 4648 2025 4712 D
2057 4635 2164 4687 est.
2204 4673 2215 4683 .
2254 4673 2267 4684 .
2297 4630 2355 4686 Si
2391 4630 2522 4701 quis
2553 4629 2891 4703 interroget,
2927 4632 3067 4703 quid
3101 4633 3181 4688 sit
3210 4651 3222 4688 :
3252 4635 3408 4705 quod
3439 4652 3574 4689 cum
3606 4635 3722 4690 ista

273 4725 338 4779 Si
370 4729 583 4780 autem
618 4721 865 4793 aliquid,
898 4721 1055 4793 quod
1087 4718 1275 4775 absit!
1309 4717 1600 4774 obstiterit
1630 4718 1951 4788 quominus

273 4814 475 4885 possit
508 4809 794 4867 celebrari
822 4810 1084 4879 generale
1115 4808 1429 4873 concilium,
1462 4806 1713 4861 Gallicia
1746 4806 1954 4862 saltem

273 4904 337 4959 in
372 4918 571 4957 unum
605 4900 956 4955 conveniant
984 4898 1334 4954 sacerdotes.
1370 4918 1398 4945 »

350 4992 522 5047 Hanc
571 4989 842 5045 eamdem
892 4987 1156 5059 Regulam
1202 4986 1349 5057 ﬁdei,
1404 5001 1582 5057 quam
1646 4984 1949 5039 memorati

276 5078 549 5154 episcopi
582 5077 739 5131 inter
786 5094 848 5133 se
900 5075 1308 5132 convenientes
1358 5073 1690 5140 ediderunt,
1720 5073 1954 5128 exhibet

274 5169 581 5241 integram
638 5181 830 5221 sermo
886 5166 1011 5230 129,
1044 5165 1196 5219 inter
1244 5180 1342 5218 eos
1392 5162 1460 5217 de
1504 5165 1762 5233 tempore,
1805 5177 1951 5232 quos

276 5255 664 5331 Augustinus
714 5253 1105 5310 concinnavit.
1136 5253 1338 5307 Exstat
1368 5250 1425 5304 in
1458 5250 1723 5305 Parisina
1757 5266 1954 5305 mona-

284 5347 535 5402 chorum
588 5342 787 5399 Sancti
819 5341 1009 5398 Mauri
1051 5341 1307 5398 editione
1335 5340 1396 5394 in
1429 5339 1753 5410 appendice
1784 5355 1949 5394 num.

286 5436 410 5505 233,
462 5439 523 5490 et
572 5433 635 5488 in
702 5431 902 5488 codice
950 5446 1244 5487 canonum
1319 5427 1587 5484 Ecclesia
1655 5428 1950 5495 Romana,

292 5522 671 5591 num.40,sub
702 5521 873 5578 titulo
903 5520 1102 5575 Libelli
1130 5519 1428 5589 Augustini
1455 5517 1518 5572 de
1547 5517 1653 5587 ﬁde
1678 5516 1956 5572 catholica

287 5619 479 5671 contra
508 5627 696 5669 omnes
727 5611 986 5669 haereses.
1019 5611 1085 5664 ln
1116 5610 1228 5665 isto
1258 5612 1497 5664 sanctus
1527 5604 1780 5677 Spiritus
1810 5604 1951 5660 dici-

288 5708 383 5762 tur
428 5722 466 5761 a
511 5704 685 5761 Patre
727 5699 1034 5777 procedens
1066 5715 1080 5757 :
1111 5697 1171 5753 in
1222 5696 1343 5767 illo,
1385 5713 1420 5754 a
1470 5700 1635 5754 Patre
1679 5694 1953 5768 Filioque.

2059 4720 2277 4775 addilio
2296 4721 2531 4791 antiqua
2558 4720 2653 4785 sit,
2684 4736 2802 4774 non
2833 4720 3009 4775 etiam
3040 4721 3109 4775 ab
3139 4723 3516 4779 Orientalibus
3553 4728 3719 4796 Sym-

2066 4807 2195 4863 bolo
2245 4807 2466 4863 inserta
2496 4808 2573 4862 sit
2604 4825 2617 4862 :
2654 4808 2912 4878 primum
2963 4809 3223 4880 quidem,
3275 4812 3474 4867 debita
3521 4813 3721 4883 subje-

2064 4897 2253 4952 ctione
2311 4913 2379 4951 ac
2436 4897 2757 4952 reverentia
2817 4896 3080 4952 Romano
3138 4898 3404 4954 Pontiﬁci
3477 4901 3723 4972 ejusque

2063 4984 2328 5040 Ecclesia
2360 4984 2608 5052 reddita,
2645 4984 2789 5038 nihil
2821 5001 2890 5039 ex
2921 4986 3030 5040 hoc
3072 4987 3164 5058 (ex
3190 4988 3514 5045 emissione
3544 4989 3724 5061 parti-

2062 5073 2205 5129 cula
2281 5073 2579 5144 Filioque),
2638 5072 2697 5126 in
2751 5073 2863 5128 ﬁde
2919 5074 3009 5129 vel
3068 5075 3321 5143 differre,
3378 5078 3467 5133 vel
3526 5083 3730 5133 contra

2063 5163 2279 5218 sentire
2327 5162 2706 5233 putabantur.
2743 5203 2755 5215 .
2795 5205 2806 5216 .
2845 5202 2856 5215 .
2896 5204 2909 5217 .
2944 5163 3165 5219 Deinde
3199 5181 3438 5221 necesse
3470 5184 3585 5221 non
3618 5165 3731 5222 fuit

2063 5257 2283 5307 rectam
2331 5256 2390 5306 et
2436 5266 2757 5321 congruam
2809 5252 2879 5306 de
2926 5251 3094 5321 Filio,
3145 5259 3203 5309 et
3245 5259 3450 5310 sancto
3502 5256 3724 5327 Spiritu

2063 5338 2518 5411 intelligentiam
2563 5338 2871 5406 habentes,
2901 5357 3026 5395 cum
3074 5342 3351 5399 additione
3394 5344 3726 5416 Symbolum

2065 5430 2265 5500 legere,
2300 5435 2410 5484 etc.
2449 5470 2460 5482 .
2498 5473 2512 5484 .
2552 5469 2564 5482 .
2598 5428 2654 5483 Si
2691 5428 2825 5500 quis
2851 5430 3114 5500 objiciat,
3151 5433 3482 5504 oportuisse
3512 5432 3729 5490 Graecos

2066 5521 2243 5573 etiam
2270 5520 2540 5583 vocari,et
2572 5517 2804 5589 Synodo
2838 5518 2908 5572 de
2938 5522 3230 5575 sententia
3260 5522 3525 5577 omnium
3559 5539 3724 5578 com-

2066 5607 2369 5664 municare
2403 5624 2415 5661 :
2451 5606 2709 5678 primum
2761 5605 3000 5678 quidem
3048 5625 3176 5664 cum
3204 5619 3335 5665 nota
3381 5613 3609 5668 omnino
3638 5628 3726 5668 res

2063 5700 2198 5755 esset
2252 5700 2411 5770 (cum
2471 5693 2695 5753 scilicet
2768 5698 3063 5769 processio
3114 5698 3367 5772 Spiritus
3445 5700 3632 5757 sancti
3689 5717 3723 5758 a
