4108 6432
458 399 571 456 1⁵15

1487 390 1808 452 GEORGII
1850 389 2116 451 CYPRII
2159 390 2278 450 GP.
2328 391 2856 453 PATRIARCH/E

3750 394 3855 454 1Ἷὸ

452 530 621 585 Patre
662 532 715 582 et
763 527 905 581 Filio
935 542 1035 581 seu
1084 541 1183 597 per
1210 526 1416 580 Filium
1463 522 1523 578 in
1569 539 1668 579 ore
1694 525 1817 593 jam
1866 539 1982 578 aevo
2011 522 2109 577 illo
2140 526 2193 592 Α
2217 525 2400 594 primo
2483 524 2702 595 quidem
2785 527 3147 581 consonantia
3233 526 3551 580 Latinorum
3641 526 3856 582 Patrum

455 618 602 672 foret
656 616 894 671 Patrum
944 614 1272 669 Graecorum
1322 630 1388 668 ac
1440 612 1826 683 Latinorum),
1874 627 2109 667 necesse

453 725 570 763 non
621 706 751 773 fuit,
801 705 1077 761 omnibus
1126 705 1279 759 hanc
1325 703 1705 759 conveniendi
1779 701 2108 757 molestiam

451 796 730 865 indicere,
783 800 891 850 etc.
930 837 942 849 .
979 836 992 849 .
1030 835 1042 847 .
1080 835 1093 847 .
1127 794 1274 848 Nam
1325 793 1375 848 si
1427 792 1712 864 (demum)
1766 790 2110 846 additionem

454 886 687 957 impiam
718 883 1094 940 existimant:
1120 899 1226 937 cur
1247 881 1432 937 sancti
1462 881 1699 935 Maximi
1720 880 2108 951 temporibus,

456 979 633 1046 atque
662 978 795 1029 ante
825 972 1000 1040 hunc,
1035 971 1251 1044 quando
1282 970 1601 1042 Symbolum
1630 971 1709 1025 ita
1739 970 1916 1025 omnis
1959 968 2111 1022 Occi-

456 1064 693 1120 dentalis
739 1063 988 1117 Ecclesia
1037 1060 1189 1116 I75
1237 1060 1462 1131 legebat,
1497 1058 1701 1114 Oriens
1749 1063 1908 1113 totus
1960 1058 2111 1112 hanc

456 1152 820 1225 impietatem
871 1167 982 1206 nsn
1013 1149 1330 1222 redarguit,
1365 1164 1551 1219 neque
1592 1147 1662 1202 ab
1694 1146 1953 1202 Ecclesia
1998 1145 2111 1200 Ro-

456 1259 635 1298 mana
655 1240 956 1296 abscissus
988 1246 1076 1295 est
1094 1238 1199 1293 ‘lAt
1229 1239 1286 1293 id
1312 1238 1551 1309 quidem
1574 1236 1655 1291 illi
1688 1253 1804 1291 non
1830 1236 2110 1290 fecerunt.

459 1332 583 1388 Imo
631 1336 830 1388 coacta
857 1337 1013 1386 sexta
1060 1333 1118 1384 et
1162 1329 1393 1399 septima
1446 1326 1691 1399 synodo,
1723 1325 2112 1395 adjectionem

461 1421 613 1477 hanc
640 1424 705 1474 ut
726 1421 883 1491 piam
902 1417 1126 1490 liquido
1159 1415 1722 1487 comprobaverunt:
1755 1430 1944 1484 neque
1976 1412 2116 1484 quia

458 1508 646 1565 vocati
696 1524 813 1563 non
846 1511 1006 1573 sunt,
1056 1504 1309 1577 graviter
1354 1502 1635 1558 tulerunt.
1674 1526 1701 1551 «ι
1734 1507 1893 1557 Bona
1941 1500 2117 1555 mis‘ta

463 1597 636 1653 malis
665 1595 898 1669 (lubens
927 1595 1152 1666 fateor),
1185 1593 1460 1665 propinat
1488 1591 1741 1648 Calecas.

537 1686 601 1741 In
631 1686 782 1741 hanc
832 1684 1147 1741 additionis
1183 1680 1519 1738 chronicam
1571 1684 1754 1735 totam
1786 1678 2116 1734 consentire

462 1775 693 1832 videtur
737 1774 998 1829 Joannes
1026 1773 1265 1837 Beccus,
1300 1772 1560 1826 oratione
1588 1772 1624 1823 2
1653 1770 1723 1825 de
1772 1768 1993 1838 injusta
2023 1767 2115 1822 sui

465 1862 848 1937 depositione,
901 1877 1067 1917 num.
1107 1861 1142 1914 6
1196 1877 1209 1913 :

2218 615 2537 669 testimonia
2564 615 2916 685 protulerunt
2946 612 3401 685 (Romani,quos
3432 614 3623 669 Romae
3654 631 3855 670 consu-

2217 701 2373 757 lebat
2407 702 2741 774 Maximus),
2773 712 3041 772 prztecea
3071 711 3239 758 etiam
3269 703 3471 775 Cyrilli
3498 703 3856 759 Alexandrini

2219 790 2645 862 (testimonium
2705 792 3117 864 proferebant).
3171 792 3302 847 Haec
3362 792 3653 862 evincunt,
3697 794 3858 864 juxta

2220 880 2457 935 Maximi
2487 885 2837 947 mentem,et
2866 881 3269 936 auctoritatem
3301 881 3359 935 in
3392 897 3489 936 ore
3518 881 3858 953 scriptisque

2223 968 2564 1024 Latinorum
2616 974 2854 1025 Patrum
2901 970 3154 1041 Spiritus
3202 969 3389 1025 sancti
3438 970 3860 1041 processionem

2220 1058 2412 1113 oﬂ‘erri
2443 1075 2512 1113 ea:
2558 1060 2725 1114 Patre
2754 1060 3020 1130 Filioque,
3053 1076 3119 1114 ac
3168 1059 3348 1114 etiam
3393 1059 3620 1115 Graecos
3671 1058 3863 1115 Patres

2222 1148 2590 1203 consentire:
2645 1149 2888 1203 minime
2917 1152 3115 1203 tamen
3145 1147 3203 1202 in
3255 1147 3509 1219 Symbolo
3559 1149 3865 1203 Constanti-

2220 1237 2540 1306 nopolitano
2568 1237 2854 1308 adjectam
2886 1236 2997 1308 legi
3048 1236 3397 1309 particulam
3427 1238 3692 1308 Filioque.
3728 1237 3863 1292 Rem

2224 1325 2591 1380 verissimam
2661 1326 2948 1381 Maximus
3023 1326 3327 1382 referebat.
3385 1326 3582 1381 Sancti
3663 1327 3867 1382 Leonis

2223 1415 2417 1485 Magni
2440 1419 2663 1470 textum
2688 1414 2962 1487 superius
2982 1414 3405 1487 descripsimus
3426 1432 3496 1470 ex
3521 1415 3778 1487 Epistola
3800 1414 3865 1471 ad

2223 1503 2558 1559 Turribium
2605 1504 3043 1559 Asturicensem
3076 1520 3229 1559 anno
3259 1505 3364 1558 447
3416 1505 3552 1559 data
3585 1522 3599 1559 :
3633 1504 3868 1576 Spiritus

2224 1593 2816 1664 sanctus,inquientis,
2841 1594 2941 1663 qui
2965 1592 3031 1648 de
3057 1596 3286 1666 utroque
3311 1593 3871 1665 processit.Consona

2225 1681 2401 1735 verba
2430 1680 2487 1734 in
2520 1697 2627 1736 sua
2676 1680 2880 1751 Regula
2910 1680 3038 1749 ﬁdei
3066 1682 3271 1737 eodem
3304 1698 3458 1737 anno
3500 1681 3872 1737 inseruerunt

2227 1769 2465 1841 Hispani
2498 1768 2754 1841 episcopi
2791 1785 2804 1825 :
2837 1769 2942 1825 Sed
2971 1788 3006 1827 a
3036 1773 3229 1839 Patre,
3252 1769 3606 1842 inquientis,
3632 1771 3871 1841 Filioque

1275 1860 1451 1915 Veluti
1502 1860 1767 1930 primum,
1816 1857 2113 1928 inquiens,
2150 1900 2197 1966 Β
2223 1858 2532 1929 procedens.
2582 1860 2748 1913 Anno
2793 1860 2920 1927 521,
2954 1859 3025 1914 ad
3072 1858 3375 1915 Justinum
3426 1858 3730 1915 Seniorem
3761 1866 3871 1913 Au-

1346 1949 1357 1966 .
2233 1952 2461 1966 ____.,x_
2501 1946 3339 1966 μ-εμηᾼιημμεᾼητμη-
3386 1948 3473 1966 ι--
3763 1946 3837 1966 ω,

464 1952 910 2010 contradictionis
954 1951 1295 2023 principium
1323 1949 1390 2004 de
1430 1948 1711 2004 additione
1738 1949 1897 2002 aetate
1941 1947 2122 2001 sancti
2153 1946 2197 1966 ν
2227 1952 2470 2019 gustum
2496 1946 2811 2018 scripserat
2832 1946 3174 2002 Hormisdas
3196 1947 3353 2020 Papa
3374 1946 3725 2004 decretalem
3754 1946 3871 2018 epi-

466 2042 698 2099 Maximi
725 2040 1071 2113 offendimus.
1104 2037 1421 2094 Annalium
1466 2053 1676 2109 parens
1708 2034 2013 2105 Baronius,
2045 2034 2119 2089 ad

469 2149 607 2188 ann.
652 2131 781 2198 680,
812 2146 978 2184 num.
1011 2130 1101 2191 32,
1136 2127 1221 2182 sic
1262 2126 1341 2182 ait
1373 2144 1389 2179 :
1428 2147 1449 2177 ι
1486 2126 1548 2180 In
1597 2141 1666 2180 ea
1695 2142 1822 2197 quae
1855 2142 1889 2179 a
1918 2128 2122 2179 sancta

468 2219 701 2293 Synodo
732 2219 1020 2290 (Romana
1067 2217 1178 2273 sub
1208 2215 1511 2288 Agathone
1547 2214 1716 2287 papa)
1746 2213 1807 2268 in
1855 2211 2123 2285 synodali

469 2308 715 2382 epistola
762 2307 1060 2372 scribitur,
1102 2304 1398 2361 catholicas
1431 2303 1564 2359 ﬁdei
1617 2302 1845 2357 sincera
1891 2303 2123 2357 confes-

472 2399 637 2455 sione
650 2397 795 2470 (quae
824 2395 1039 2469 legitur
1067 2394 1295 2450 actione
1325 2395 1360 2448 6
1387 2392 1596 2465 Synodi
1618 2409 1675 2448 v1
1706 2390 2122 2461 mcumenicae),

473 2488 663 2561 stylus
709 2485 1039 2541 scribarum
1071 2484 1323 2539 mendax
1354 2487 1629 2553 operatus
1660 2487 1751 2536 est
1782 2479 2121 2535 falsitatem.

476 2584 625 2633 Dum
657 2576 813 2631 enim
866 2574 948 2629 ibi
976 2574 1268 2645 legeretur
1301 2590 1314 2627 :
1346 2572 1633 2629 Credimus
1681 2578 1732 2625 et
1764 2572 1824 2625 in
1852 2571 2121 2640 Spiritum

473 2669 725 2721 sanctum
749 2664 1064 2729 Dominum,
1094 2668 1148 2718 et
1196 2660 1616 2733 viviﬁcatorem,
1650 2676 1722 2713 ex
1749 2660 1915 2714 Patre
1947 2660 2125 2712 ("ilio-

472 2772 576 2829 que
603 2753 1016 2827 procedentem;
1047 2752 1257 2807 abraso
1292 2750 1549 2820 nomine,
1581 2748 1854 2820 Filioque,
1889 2764 1923 2802 a
1954 2746 2124 2802 Patre

471 2845 883 2917 procedentem
943 2845 1201 2906 tantum,
1251 2838 1519 2896 relictum
1565 2843 1673 2893 est.
1720 2842 1953 2893 Detecta
2015 2837 2126 2891 fuit

470 2932 763 3005 ejusmodi
794 2933 1125 3003 impostura
1152 2928 1505 2997 Graecorum,
1538 2929 1600 2982 in
1627 2928 1861 2983 concilio
1890 2927 2122 2982 Floren-

470 3023 585 3079 tino
616 3038 651 3077 a
676 3019 911 3076 Juliano
953 3018 1012 3074 S.
1046 3018 1116 3073 Β.
1166 3018 1228 3072 Ε.
1262 3016 1543 3072 cardinali
1590 3015 1651 3071 in
1704 3015 2121 3087 disputatione,

470 3127 652 3183 quam
685 3109 892 3164 habuit
922 3111 1125 3163 contra
1150 3109 1397 3161 Graecos.
1432 3126 1461 3156 »

547 3202 829 3270 Deceptus
875 3197 999 3252 haec
1029 3200 1229 3251 narrat
1276 3194 1583 3251 Baronius.
1618 3198 1684 3249 In
1729 3194 1951 3265 synodo
2000 3191 2123 3248 Flo-

2227 2034 2461 2106 stolam,
2495 2051 2622 2108 quae
2671 2036 2731 2090 in
2761 2034 3210 2092 Collectionibus
3258 2035 3645 2091 conciliorum
3674 2049 3871 2090 nume-

2230 2128 2393 2179 ratur
2438 2125 2527 2193 79,
2562 2125 2621 2179 in
2670 2139 2855 2195 eaque
2903 2123 3026 2179 haec
3077 2123 3393 2191 habentur,
3426 2142 3558 2197 quis
3606 2142 3641 2180 a
3686 2124 3872 2180 Graeco

2229 2212 2933 2285 imperatore,Graacisque
2962 2212 3092 2268 aliis
3113 2212 3355 2268 minime
3386 2213 3744 2286 reprehensa
3764 2212 3875 2266 fue-

2230 2306 2370 2357 runt
2398 2318 2410 2355 :
2432 2303 2732 2370 Proprium
2750 2303 2991 2374 Spiritus
3009 2304 3192 2358 sancti
3209 2306 3304 2368 est,
3320 2310 3381 2357 ut
3398 2302 3467 2358 de
3491 2306 3662 2359 Patre
3681 2300 3874 2357 etFilio

2228 2390 2540 2463 procederet
2557 2392 2659 2446 sub
2681 2408 2793 2446 una
2810 2391 3113 2446 substantia
3136 2392 3469 2447 Deitatis.ln
3492 2392 3629 2447 ﬁdei
3654 2404 3874 2463 quoque

2232 2481 2798 2552 professione,quam
2830 2484 3068 2534 sanctus
3100 2479 3414 2552 Gregorius
3447 2480 3701 2554 Magnus
3731 2494 3874 2534 anno

2230 2570 2360 2636 590,
2390 2569 2450 2623 in
2483 2568 2731 2623 solemni
2779 2586 2897 2624 suae
2929 2568 3396 2641 inaugurationis
3431 2570 3555 2625 ritu
3587 2570 3873 2632 emiserat,

2234 2658 2354 2712 haec
2373 2657 2662 2713 habentur
2682 2658 2832 2729 apud
2855 2657 3143 2713 Joannem
3165 2657 3493 2714 Diaconum
3511 2658 3572 2713 in
3596 2659 3722 2729 ejus
3740 2655 3873 2713 Vita:

2232 2746 2500 2818 Spiritum
2529 2762 2653 2802 vero
2680 2754 2951 2814 sanctum,
2979 2762 3078 2802 nec
3103 2748 3373 2818 genitum,
3404 2764 3519 2803 nec
3550 2749 3877 2817 ingenitum,

2229 2837 2332 2892 sed
2358 2844 2706 2905 coarternum,
2739 2834 2806 2890 de
2831 2836 3003 2891 Patre
3032 2843 3083 2891 et
3109 2836 3256 2891 Filio
3282 2837 3693 2908 procedentem.

2303 2925 2602 2997 Synodum
2671 2940 3021 2980 convocasse
3097 2925 3431 2980 Romanum
3524 2925 3876 2985 Pontiﬁcem.

2231 3013 2453 3069 invehit
2499 3013 2736 3069 Calecas
2770 3029 2782 3068 :
2814 3015 2875 3067 in
2924 3029 3107 3085 eaque
3154 3012 3371 3069 factam
3423 3015 3769 3071 additionem
3819 3010 3883 3068 ad

2228 3100 2561 3173 Symbolum
2591 3102 3283 3174 Constantinopolitanum,
3315 3102 3520 3167 refert.
3538 3105 3687 3161 Loco
3719 3104 3882 3160 citato

2232 3207 2301 3247 ex
2330 3191 2459 3262 ejus
2488 3189 2638 3246 libro
2670 3208 2725 3245 ιν
2755 3190 2953 3247 Contra
2982 3194 3201 3247 Gra’cos
3231 3190 3384 3247 hanc
3415 3193 3695 3249 nominat
3720 3206 3883 3265 syno-

464 3268 985 3347 rentina—sessione
1012 3287 1069 3355 5,
1096 3291 1228 3358 post
1252 3285 1395 3341 alias
1426 3285 1774 3341 constitutas
1804 3301 1922 3340 aevo
1952 3300 2098 3355 supe
2151 3268 2194 3335 C
2232 3280 2396 3346 dum,
2450 3278 2726 3350 inquiens
2752 3296 2764 3334 :
2792 3279 3134 3351 Quapropter
3160 3280 3461 3354 Damasus,
3496 3284 3592 3354 qui
3622 3291 3749 3339 tunc
3774 3281 3887 3335 erat

464 3379 604 3436 riori
630 3378 975 3448 definitiones
1004 3374 1155 3445 ﬁdei,
1187 3392 1255 3430 ea
1284 3375 1460 3430 etiam
1492 3374 1760 3441 refertur,
1785 3389 1963 3444 quam
1991 3373 2119 3428 edi-

463 3469 599 3525 dere
649 3470 851 3522 Patres
882 3465 942 3519 in
972 3464 1177 3535 synodo
1220 3465 1469 3537 septima,
1502 3479 1600 3517 seu
1630 3463 1854 3517 Nicaena
1882 3461 2121 3517 secunda

462 3558 819 3614 acumenica.
853 3554 918 3608 In
963 3552 1124 3608 Actis
1154 3552 1275 3607 lJth
1303 3551 1595 3606 habentur
1625 3567 1639 3606 :
1670 3572 1699 3600 «
1736 3550 1812 3605 Ea
1860 3549 2119 3605 deﬁnitio

467 3663 605 3703 cum
636 3664 671 3701 a
699 3643 871 3699 nobis
922 3643 1286 3709 recitaretur,
1317 3640 1582 3713 prolatus
1629 3642 1720 3694 est
1749 3638 1897 3694 alter
1944 3640 2123 3694 codex

467 3734 753 3792 aLatinis
800 3731 1079 3804 antiquus
1125 3729 1584 3801 manuscriptus,
1637 3729 1696 3783 in
1747 3745 1863 3799 quo
1914 3729 2116 3784 eadem

465 3826 647 3897 hujus
678 3821 889 3895 synodi
920 3820 1182 3876 deﬁnitio
1227 3818 1651 3874 continebatur.
1688 3818 2119 3889 Inventumque

461 3916 572 3979 est,
626 3912 726 3967 ubi
758 3912 830 3966 de
878 3909 1131 3982 Spiritus
1181 3909 1368 3963 sancti
1425 3906 1724 3962 divinitate
1779 3905 1993 3977 agitur,
2045 3905 2118 3960 iis

462 4001 656 4058 verbis
684 4016 754 4057 ex
784 4006 948 4056 Patre
972 3997 1376 4071 procedentem,
1410 3995 1679 4051 additum
1708 3998 1758 4049 et
1788 4010 1857 4049 ea:
1887 3996 2047 4049 Filio.
2085 4017 2113 4045 »

464 4089 607 4145 Hinc
655 4094 815 4145 mota
853 4091 1082 4142 Graecos
1130 4086 1282 4141 inter
1310 4091 1367 4140 et
1414 4084 1652 4139 Latinos
1701 4084 2113 4139 controversia.

459 4178 737 4235 Julianus
784 4177 843 4233 S.
877 4176 945 4231 R.
981 4176 1043 4231 E'
1078 4174 1394 4230 cardinalis
1425 4173 1548 4228 haec
1581 4173 1653 4229 ad
1702 4174 2115 4245 imperatorem

462 4267 672 4323 habuit
698 4265 911 4321 verba:
936 4287 965 4314 «
999 4263 1386 4320 Serenissime
1416 4262 2053 4334 imperator,prolatum
2083 4279 2117 4317 a

463 4357 633 4414 nobis
661 4354 1004 4429 Symbolum
1034 4352 1094 4407 in
1124 4354 1357 4424 septima
1385 4351 1901 4423 synodo,scriptum
1936 4356 2026 4407 est
2054 4351 2114 4406 in

457 4443 858 4502 vetustissimo
907 4442 1104 4498 codice
1137 4458 1149 4497 :
1184 4449 1241 4495 et
1270 4440 1632 4513 impossibile
1664 4445 1754 4496 est
1803 4441 2112 4511 suspicari,

454 4535 713 4607 aliquam
745 4533 805 4588 in
856 4548 922 4588 eo
956 4531 1171 4585 factam
1205 4546 1332 4586 esse
1379 4530 1786 4586 mutationem.
1821 4550 1849 4580 ››
1884 4530 2113 4601 Ageba-

453 4628 552 4678 tur
595 4638 732 4696 ergo
782 4622 854 4675 de
904 4617 1179 4691 Symbolo
1228 4616 1900 4688 Constantinopolitano,
1955 4616 2109 4687 quod
2144 4640 2190 4703 D

451 4713 742 4767 insertum
773 4708 990 4780 legitur
1015 4706 1341 4762 deﬁnitioni
1370 4706 1567 4778 synodi
1592 4708 1847 4777 septimae
1873 4720 2110 4762 secume-

450 4803 622 4867 nicae,
655 4816 771 4854 non
799 4806 974 4853 secta.
1008 4799 1087 4850 Ac
1111 4796 1181 4851 de
1202 4812 1262 4851 re
1289 4795 1501 4850 iterum
1525 4795 1713 4866 capite
1745 4794 2102 4866 insequenti.

450 4888 759 4945 Additione
792 4903 962 4959 porro
994 4885 1094 4940 illa
1123 4890 1280 4940 caret
1303 4883 1364 4939 in
1396 4883 1775 4939 conciliorum
1806 4883 2107 4940 Collectio-

452 4979 628 5035 nibus
661 4976 923 5033 deﬁnitio
951 4979 1125 5030 sextae
1155 4973 1385 5046 synodi.

522 5070 773 5123 Auctum
829 5081 967 5120 voce
1017 5063 1141 5130 illa,
1189 5063 1376 5118 sancti
1450 5062 1687 5117 Maximi
1751 5062 2103 5118 confessoris

450 5162 637 5225 aetate,
706 5154 1031 5226 Symbolum
1085 5150 1773 5223 Constantinopolitanum,
1818 5168 1933 5207 non
1996 5168 2101 5224 ego

454 5245 849 5303 admisserim.
882 5243 962 5297 Ex
1010 5243 1139 5312 ejus
1184 5239 1430 5312 epistola
1476 5241 1548 5295 ad
1596 5240 1885 5295 Marinum
1932 5241 2100 5312 Cypri

449 5333 854 5407 presbyterum
905 5331 1107 5402 utique
1170 5334 1418 5401 constat,
1470 5328 1881 5385 Monothelitas
1954 5335 2099 5384 Con-

448 5420 1002 5494 stantinopolitanos
1025 5420 1083 5474 in
1117 5436 1183 5475 eo
1205 5418 1381 5473 etiam
1410 5419 1738 5474 Romanum
1763 5417 2097 5489 pontificem

446 5509 936 5584 reprehendisse:
970 5508 1112 5581 quod
1160 5509 1313 5563 I76
1369 5507 1602 5574 dixerit,
1653 5507 1926 5578 Spiritum
1970 5524 2099 5562 san-

443 5607 598 5657 etum
641 5601 809 5655 etiam
856 5614 926 5654 ex
976 5599 1116 5652 Filio
1173 5596 1482 5669 procedere.
1534 5595 1695 5662 Quod
1772 5595 2097 5667 impactum

446 5689 668 5749 crimen
729 5689 853 5763 ipse
900 5687 1191 5746 Maximus
1236 5686 1331 5743 his
1403 5685 1682 5744 amolitur
1725 5683 1919 5742 verbis
1970 5701 1984 5744 :
2034 5685 2101 5742 Et

2229 3371 2502 3426 Romanus
2545 3370 2852 3440 episcopus,
2882 3377 3065 3425 coacto
3093 3370 3344 3437 concilio,
3376 3371 3647 3443 Symbolo
3676 3370 3884 3443 adjecit,

2229 3474 2301 3515 ea:
2330 3458 2470 3514 Filio
2515 3457 2804 3529 procedere
2829 3459 3112 3530 Spiritum
3157 3465 3450 3516 sanctum.
3487 3458 3888 3517 Ecclesiastica

2229 3550 2562 3619 repugnant
2589 3546 2946 3602 documenta
2975 3551 3149 3615 certa,
3186 3564 3313 3620 quae
3348 3550 3560 3623 capite
3602 3549 3890 3623 superiore

2229 3635 2613 3706 expendimus
2645 3652 2810 3692 num.
2846 3637 2898 3691 1.

2765 3745 2914 3798 17³1
2959 3743 3197 3799 CAPUT
3236 3744 3331 3799 IV.

2229 3833 2624 3902 Hispaniarum
2668 3833 2929 3889 Ecclesiae
2972 3841 3127 3889 sexto
3176 3832 3374 3888 saeculo
3451 3834 3885 3891 additamentum

2298 3903 2368 3979 ad
2420 3903 2740 3975 Symbolum
2798 3903 3474 3979 ConstantinOpolitanum
3539 3908 3813 3979 recipiunt
3866 3921 3878 3958 :

2298 3976 2585 4047 ipsumque
2631 3991 2829 4031 canere
2856 3980 3134 4045 coeperunt
3162 3978 3310 4030 inter
3345 3976 3666 4033 Missurum'
3688 3977 3886 4033 solem-

2297 4049 2413 4101 nia.
2464 4046 2523 4101 Id
2570 4048 2739 4101 etiam
2786 4048 2989 4103 saeculo
3035 4056 3220 4102 octavo
3267 4047 3336 4101 ab
3383 4050 3657 4105 Ecclesiis
3719 4048 3887 4105 Galli-

2296 4119 2452 4171 canis
2494 4117 2708 4191 factum
2741 4134 2754 4173 :
2788 4135 2957 4173 causa
2982 4126 3043 4191 et
3083 4120 3292 4175 occasio
3338 4122 3666 4187 exhibetur,
3698 4119 3886 4175 vindi-

2296 4190 2505 4259 ciaaque
2548 4190 2857 4315 aﬂeruntur
2905 4190 3137 4245 Paulini
3188 4191 3583 4261 Aquileiensis.
3635 4191 3887 4262 Deﬁnitio

2296 4261 2525 4315 consilii
2618 4262 2787 4315 icaz’ni
2816 4278 2852 4315 ιι
2884 4263 3214 4315 aecumenici
3250 4264 3594 4315 δεηθῇ-ἀίων
3625 4282 3640 4315 :
3673 4280 3738 4315 ac
3784 4264 3884 4315 Ba-

2296 4261 2525 4315 consilii
2570 4261 2787 4317 Nicazni
2816 4278 2852 4316 ιι
2884 4263 3214 4317 aecumenici
3250 4264 3594 4332 expenditur
3625 4282 3640 4321 :
3673 4261 3738 4318 ac
3784 4264 3884 4332 Ba-

2295 4334 2449 4386 ronii
2494 4335 2710 4387 asserta
2736 4333 2984 4403 quendam
3036 4331 3394 4402 refelluntur.
3431 4336 3523 4390 Ab
3556 4337 3752 4392 eodem
3788 4331 3887 4387 Ad-

2298 4404 2593 4457 ditamento
2639 4405 2888 4459 alienam
2940 4420 2998 4459 se
3041 4406 3250 4476 praebet
3297 4406 3549 4462 Ecclesia
3597 4409 3884 4462 Romana:

2296 4476 2618 4531 Collationis
2660 4483 2783 4530 acta
2827 4491 2952 4530 cum
3001 4477 3174 4532 Leone
3220 4478 3303 4533 III
3341 4477 3735 4534 illustrantur.
3780 4478 3887 4531 Imo

2295 4562 2469 4617 neque
2516 4546 2831 4618 Symbolum
2890 4546 2992 4601 hac
3033 4550 3196 4604 aetate
3250 4549 3309 4603 in
3375 4551 3575 4606 eadem
3648 4551 3891 4606 Romana

2293 4618 2539 4674 Ecclesia
2567 4627 2660 4673 aut
2705 4618 3025 4689 cauebatur,
3053 4622 3153 4673 aut
3196 4618 3483 4690 legebatur
3511 4624 3576 4677 in
3606 4621 3887 4692 Liturgia.

2292 4706 2336 4761 Ι.
2368 4705 2758 4762 Particulares
2810 4706 3075 4763 Ecclesiae
3129 4707 3308 4777 fuere,
3358 4725 3493 4780 quae
3542 4712 3606 4767 in
3650 4706 3890 4783 synodis

2217 4795 2342 4851 suis
2372 4812 2477 4868 pro
2510 4801 2841 4863 temporum
2877 4796 3337 4851 circumstantiis
3366 4799 3695 4855 adversum
3718 4798 3893 4853 haere-

2217 4900 2308 4940 ses
2385 4884 2757 4956 particulam,
2816 4885 3088 4958 Filioque,
3171 4885 3537 4943 addiderunt
3614 4885 3888 4961 Symbolo

2212 4973 2902 5045 Constantinopolitano:
2939 4975 3092 5045 quod
3141 4974 3320 5030 etiam
3373 4991 3566 5032 sacras
3611 4976 3889 5049 Liturgiw

2212 5067 2437 5134 partem
2494 5062 2696 5118 fecere.
2750 5062 2945 5117 Prima
2990 5063 3157 5118 adest
3187 5063 3451 5135 synodus
3506 5066 3774 5121 Toletana
3803 5080 3889 5131 ιιι,

2212 5167 2365 5206 anno
2411 5151 2517 5204 589
2568 5150 2901 5206 celebrata:
2935 5153 2996 5206 in
3042 5167 3151 5223 qua
3199 5151 3376 5218 Gothi,
3426 5152 3669 5212 Arianae
3718 5154 3893 5211 haere-

2209 5255 2323 5295 seos
2346 5238 2585 5310 perﬁdia
2613 5240 2893 5311 abjurata,
2924 5241 3289 5296 orthodoxam
3314 5239 3482 5310 ﬁdem
3516 5245 3887 5314 proﬁtentur.

2210 5328 2571 5383 Reccaredus
2601 5344 2699 5383 rex
2730 5328 2847 5384 lato
2892 5345 3161 5385 sermone
3190 5328 3488 5402 synodum
3520 5331 3741 5403 aperit.
3774 5331 3890 5387 Do-

2209 5422 2409 5489 gmata
2451 5416 2586 5470 ﬁdei
2618 5418 2946 5488 proﬁtetur,
2980 5433 3045 5472 ac
3093 5418 3244 5474 inter
3273 5416 3389 5472 alia
3421 5417 3711 5490 Spiritum
3750 5436 3889 5475 san-

2206 5512 2360 5561 ctum
2405 5522 2440 5560 a
2488 5509 2651 5561 Patre
2697 5508 2747 5561 et
2791 5507 2930 5562 Filio
2974 5506 3280 5578 procedere,
3323 5508 3373 5561 et
3415 5522 3549 5562 cum
3610 5512 3789 5565 Patre
3840 5510 3891 5564 et

2207 5596 2351 5651 Filio
2396 5596 2564 5650 unius
2608 5611 2721 5651 esse
2766 5596 3109 5652 substantiae.
3159 5594 3394 5650 Nicena
3444 5597 3715 5668 Symboli
3766 5598 3889 5652 for-

2208 5682 2373 5741 mula
2421 5684 2716 5743 recitatur.
2745 5684 2995 5742 Additur
3048 5684 3370 5759 Symbolum
3403 5682 3881 5764 Constantinopo-
