4108 6434
267 425 392 490 17⁵7

1492 424 1699 486 VITA.
1735 455 1806 466 -—
1839 418 2362 483 DISSERTATIO
2405 421 2483 483 ll.

3584 420 3704 484 i78

271 560 546 630 litanum,
580 557 643 614 in
675 574 798 631 quo
830 556 1053 615 additio
1084 558 1236 614 facta
1264 555 1479 631 legitur
1513 575 1524 613 :
1570 554 1863 611 Credimus
1892 557 1943 607 et
1975 554 2024 618 Α
2056 557 2154 607 tur
2184 570 2346 609 num.
2378 554 2471 616 26,
2503 555 2677 610 verba
2727 557 2868 610 sunt
2902 572 2914 610 :
2967 576 2994 603 «
3027 552 3249 609 Direxit
3296 552 3464 610 nobis
3512 553 3702 611 excel-

272 652 338 707 in
376 649 658 722 Spiritum
705 652 961 705 sanctum
1001 649 1295 703 Dominum
1331 654 1381 702 et
1430 647 1840 716 vivzﬁcatorem,
1871 659 1941 697 ea:

278 745 448 796 Patre
477 744 528 795 et
554 738 702 793 Filio
729 738 1132 809 procedentem,
1163 753 1289 791 cum
1316 737 1480 791 Patre
1524 741 1575 791 et
1622 736 1761 789 Filio
1808 733 1938 788 ado-

281 830 546 894 randum,
575 832 629 883 et
671 826 1124 898 gloriﬁcandum,
1154 827 1253 896 qui
1293 826 1506 880 locutus
1548 828 1626 879 est
1668 839 1768 894 per
1811 836 1937 892 pro-

280 919 492 987 phetas.
540 916 779 972 Canone
845 916 901 981 3,
967 915 1263 970 anathema
1328 915 1562 983 dicitur,
1630 914 1940 982 quicunque

280 1008 550 1079 Spiritum
577 1012 835 1060 sanctum
878 1020 990 1059 non
1036 1002 1229 1071 credit,
1260 1007 1363 1058 aut
1408 1018 1519 1058 non
1565 1000 1860 1056 crediderit
1904 1016 1939 1054 a

281 1097 446 1150 Patre
486 1098 539 1149 et
586 1094 731 1149 Filio
779 1092 1089 1165 procedere,
1138 1108 1368 1163 eumque
1412 1107 1526 1146 non
1568 1090 1793 1157 dixerit,
1843 1104 1933 1145 co-

280 1193 546 1240 atemum
575 1198 691 1238 esse
718 1183 883 1237 Patri
923 1191 975 1236 et
1004 1181 1171 1249 Filio,
1201 1185 1256 1236 et
1281 1180 1636 1251 coaequalem.
1673 1180 1799 1233 Hac
1828 1194 1936 1232 nos

278 1274 489 1328 docent
516 1270 784 1338 Arianos,
819 1270 922 1342 qui
965 1270 1109 1342 jugo
1164 1286 1271 1324 suo
1311 1267 1626 1340 Hispanias
1657 1266 1933 1323 subdide-

274 1369 424 1428 rant,
457 1360 645 1432 impia
675 1363 1031 1427 commenta,
1062 1376 1191 1430 qua
1238 1360 1444 1413 contra
1495 1356 1932 1413 sanctissimam

267 1451 623 1507 Trinitatem
655 1448 981 1504 didicerant
1027 1449 1087 1503 in
1138 1447 1391 1514 Oriente,
1424 1447 1562 1502 illuc
1591 1445 1931 1502 transtulis-

262 1557 352 1612 se,
404 1538 707 1611 ﬁdemque
754 1536 1102 1594 catholicam
1160 1536 1431 1608 pluribus
1483 1535 1728 1591 invectis
1775 1551 1931 1590 erro-

261 1630 440 1686 ribus
490 1628 902 1683 label'actasse.
950 1626 1387 1682 Processionem
1442 1623 1697 1696 Spiritus
1745 1624 1932 1679 sancti

259 1735 340 1775 ea:
366 1718 488 1774 solo
516 1718 691 1772 Patre
730 1716 1159 1789 proﬁtebantur
1206 1714 1292 1769 illi
1326 1731 1339 1769 :
1392 1714 1547 1785 quod
1596 1713 1933 1769 habuerunt

263 1806 522 1878 Hispani
554 1806 755 1861 Patres
786 1821 890 1877 pro
930 1803 1107 1876 impio
1139 1804 1431 1875 dogmate.

343 1892 620 1965 Capitulo
667 1909 706 1947 ιι
747 1891 871 1946 hac
911 1891 1233 1986 constituta
1261 1890 1539 1963 leguntur
1573 1907 1587 1946 :
1636 1910 1666 1940 «
1700 1890 1808 1945 Pro
1840 1907 1927 1945 re-
1960 1922 2010 1986 B

263 1981 538 2041 verentia
568 1982 961 2037 sanctissima
990 1980 1147 2047 ﬁdei,
1179 1984 1238 2035 et
1276 1985 1512 2052 propter
1548 1980 1932 2036 corroboran-

267 2074 384 2130 das
417 2072 731 2128 hominum
764 2069 1054 2126 invalidas
1086 2074 1330 2135 mentes,
1364 2068 1638 2125 consultu
1679 2068 1932 2140 piissimi

266 2166 329 2219 et
391 2159 809 2233 gloriosissimi
863 2158 1095 2214 Domini
1155 2159 1342 2215 nostri
1393 2157 1708 2214 Reccaredi
1754 2157 1931 2230 regis,

269 2254 483 2307 sancta
514 2248 824 2305 constituit
853 2248 1136 2320 synodus,
1172 2252 1235 2303 ut
1278 2264 1381 2320 per
1411 2263 1615 2303 omnes
1645 2246 1935 2304 Ecclesiae

273 2339 595 2412 Hispania,
637 2337 725 2393 vel
780 2336 1052 2393 Gallacia
1096 2335 1194 2406 (al.
1247 2336 1467 2407 Gallia,
1521 2336 1743 2392 scilicet
1790 2336 1932 2391 Nar-

266 2427 614 2499 bonensis),
664 2426 967 2482 secundum
1018 2428 1260 2497 fonnem
1326 2426 1695 2483 Orientalium
1756 2425 1934 2480 Eccle-

264 2520 517 2585 siarum,
549 2514 784 2572 concilii
827 2513 1482 2588 Constantinopolitani,
1522 2515 1631 2570 hoc
1662 2514 1815 2570 I78
1846 2518 1937 2571 est

265 2607 381 2663 450
437 2606 854 2678 episcoporum
912 2604 1238 2677 Symbolum
1288 2603 1429 2675 ﬁdei
1490 2604 1822 2659 recitetur:
1872 2607 1938 2658 ut

264 2697 627 2769 priusquam
661 2693 965 2749 Dominica
994 2692 1227 2749 dicatur
1268 2693 1475 2758 oratio,
1509 2708 1647 2747 voce
1687 2691 1868 2759 clara,
1903 2709 1938 2747 a

262 2784 488 2859 populo
520 2784 899 2850 decantetur;
942 2798 1058 2854 quo
1107 2785 1165 2837 et
1208 2782 1354 2837 ﬁdes
1381 2798 1517 2837 vera
1546 2780 1928 2837 manifestum

266 2871 687 2930 testimonium
720 2871 955 2927 habeat.
991 2892 1021 2920 »
1066 2869 1408 2943 Symbolum
1456 2869 1716 2943 intellige
1756 2870 1934 2942 parti-

266 2963 413 3020 cula
455 2962 715 3032 Filioque
775 2961 1113 3016 adauctum.
1159 2959 1319 3015 Hanc
1378 2959 1741 3015 additionem
1801 2958 1936 3014 reti-

269 3068 480 3121 nuere,
515 3068 580 3106 ac
622 3052 1026 3123 prOpagarunt
1053 3048 1383 3120 Hispanica
1417 3050 1757 3118 sequiorum
1788 3053 1936 3104 tem-

282 3157 496 3214 porum
540 3139 769 3213 synodi,
827 3138 1085 3195 Toletana
1136 3138 1278 3193 VIII
1324 3154 1478 3193 anno
1524 3138 1667 3204 653;
1718 3139 1936 3193 Emeri-

284 3231 459 3286 tensis
500 3246 645 3285 anno
688 3229 835 3295 666;
892 3229 1249 3303 Bracarensis
1300 3244 1386 3295 III,
1419 3243 1574 3283 anno
1610 3228 1758 3294 675;
1792 3227 1936 3283 Tole-

2047 641 2239 697 lentia
2290 648 2493 698 vestrae
2523 642 2952 710 Christianitas,
2986 642 3328 714 significans
3377 645 3448 698 de
3501 643 3702 701 missis

2049 731 2286 797 nostris,
2332 732 2682 805 vestrisque,
2731 742 2892 805 atque
2940 731 3249 788 Graecorum
3295 733 3396 803 qui
3449 750 3482 788 a
3540 734 3700 806 regia

2047 821 2192 875 urbe
2221 821 2438 876 reversi
2469 825 2630 889 sunt,
2664 838 2762 877 eos
2794 821 2947 893 apud
2978 838 3083 877 vos
3114 838 3242 877 esse
3285 822 3570 877 detentos.
3604 823 3695 879 In-

2046 909 2217 964 terim
2250 910 2405 982 quod
2438 910 2770 983 aggregatis
2813 910 3022 967 vestris
3071 910 3475 966 sacerdotibus
3525 915 3700 983 atque

2045 998 2452 1069 optimatibus,
2510 999 2799 1071 conjicere
2854 1016 2959 1055 seu
3018 1003 3350 1072 perpetrare
3402 1000 3696 1056 valeatis:

2046 1086 2187 1159 quid
2220 1087 2290 1143 de
2318 1088 2432 1159 his,
2458 1105 2585 1158 qua
2612 1089 2774 1145 vobis
2796 1088 3017 1144 directa
3037 1094 3196 1155 sunt,
3219 1091 3696 1161 respondendum

2044 1176 2142 1232 sit.
2175 1177 2245 1232 Et
2273 1177 2512 1249 quidem
2545 1177 2716 1234 nobis
2746 1177 2855 1234 hac
2886 1180 2956 1233 de
2996 1195 3056 1234 re
3086 1178 3254 1234 aliter
3281 1180 3695 1236 conﬁdendum

2044 1281 2159 1320 non
2209 1270 2300 1320 est
2351 1282 2386 1320 a
2431 1266 2599 1321 vobis
2627 1267 2988 1339 responderi,
3021 1266 3136 1323 nisi
3184 1284 3313 1339 qua
3361 1267 3433 1323 ad
3478 1269 3694 1324 exalta-

2044 1357 2249 1410 tionem
2279 1358 2664 1411 sacrosancta
2696 1355 2979 1427 spiritalis
3007 1356 3207 1412 Matris
3245 1360 3446 1414 vestra
3497 1358 3694 1413 Roma-

2041 1460 2129 1498 na
2158 1444 2434 1512 Ecclesiae,
2467 1449 2644 1515 atque
2675 1445 3014 1503 Orthodoxa
3061 1445 3215 1500 Fidei
3260 1445 3548 1517 pertinere
3595 1464 3698 1502 no-

2043 1537 2312 1588 scuntur.
2371 1555 2398 1582 ››
2459 1533 2790 1606 Legationis
2847 1538 3024 1605 caput
3081 1534 3332 1590 alterum
3391 1537 3695 1606 spectabat

2044 1621 2219 1677 Italia
2250 1621 2517 1693 regiones
2566 1640 2600 1678 a
2647 1623 2854 1694 Pipino
2903 1624 3177 1679 Romana
3216 1624 3484 1680 Ecclesia
3525 1625 3688 1680 attri-

2041 1711 2235 1766 butas.
2286 1712 2598 1782 Spectabat
2645 1712 2894 1767 alterum
2947 1712 3163 1785 dogma
3207 1714 3574 1784 processionis
3622 1730 3692 1770 ea:

2037 1801 2204 1855 Patre
2255 1800 2516 1872 Filioque.
2575 1802 2702 1857 Ado
2754 1801 3103 1858 Viennensis
3159 1801 3219 1856 in
3266 1802 3548 1858 Chronico
3605 1804 3690 1859 sic

2040 1889 2167 1945 ait:
2219 1891 2383 1946 Facta
2432 1898 2511 1946 est
2555 1891 2795 1963 synodus
2838 1907 2985 1946 anno
3029 1891 3430 1949 Incarnationis
3466 1893 3694 1949 Domini

2039 1979 2165 2045 769,
2197 1984 2249 2034 et
2296 1981 2528 2050 quaestio
2569 1981 2835 2035 ventilata
2877 1982 3022 2036 inter
3062 1980 3288 2048 Graecos,
3318 1985 3372 2036 et
3422 1971 3693 2038 Romanos

2041 2067 2105 2122 de
2158 2069 2424 2124 Trinitate
2454 2086 2472 2122 :
2519 2077 2571 2124 et
2618 2072 2808 2124 utrum
2861 2070 3013 2125 I79
3064 2068 3300 2140 Spiritus
3344 2074 3570 2126 sanctus
3614 2071 3694 2126 si-

2041 2161 2133 2213 cut
2156 2156 2408 2228 pracedit
2453 2174 2488 2211 a
2544 2159 2730 2225 Patre,
2780 2160 2861 2213 ita
2910 2159 3171 2230 procedat
3220 2175 3257 2213 α
3310 2160 3491 2221 Filio;
3534 2166 3586 2214 et
3630 2159 3696 2214 de

2040 2250 2361 2301 sanctorum
2405 2247 2763 2317 imaginibus,
2797 2251 3055 2303 utrumne
3091 2247 3384 2317 ﬁngendae,
3419 2256 3518 2303 aut
3560 2248 3694 2320 pin-

2042 2334 2229 2404 genda
2259 2343 2416 2390 erant
2454 2336 2513 2389 in
2544 2337 2820 2392 Ecclesiis.
2854 2336 3069 2391 Locum
3100 2337 3412 2408 designant
3438 2336 3695 2392 Annales

2046 2424 2403 2479 Francorum
2452 2425 2649 2480 villam
2700 2423 3007 2479 Gentilium.
3062 2424 3125 2479 In
3171 2424 3521 2480 Bertinianis
3574 2424 3698 2480 hac

2045 2512 2337 2567 habentur
2370 2529 2383 2566 :
2435 2514 2672 2584 Pipinus
2720 2514 3013 2569 celebravit
3059 2513 3268 2569 Pascha
3305 2515 3367 2569 in
3398 2513 3700 2570 Gentiliaco

2046 2618 2191 2658 anno
2222 2603 2445 2657 Domini
2484 2602 2610 2658 767.
2647 2604 2787 2658 Tunc
2838 2602 3036 2659 habuit
3081 2604 3143 2657 in
3190 2604 3513 2673 supradicta
3557 2601 3700 2658 villa

2043 2690 2317 2763 synodum
2380 2707 2642 2759 magnam
2704 2693 2852 2748 inter
2914 2692 3179 2747 Romanos
3242 2699 3294 2747 et
3359 2690 3569 2747 Graecos
3631 2692 3702 2746 de

2043 2787 2233 2835 sancta
2296 2781 2597 2850 Trinitate,
2649 2781 2734 2836 vel
2789 2779 2856 2835 de
2901 2782 3218 2835 sanctorum
3267 2780 3624 2851 imaginibus.

2117 2867 2448 2924 Gallicanae
2476 2867 2786 2935 Ecclesiae,
2810 2868 2921 2924 hac
2949 2869 3086 2923 data
3114 2869 3437 2937 occasione,
3471 2869 3697 2941 Symbo-

2048 2958 2165 3012 lum
2197 2956 2871 3029 Constantinopolitanum
2912 2957 3198 3029 particula
3224 2957 3470 3028 Filioque
3500 2958 3698 3014 auxis-

2047 3064 2130 3118 se,
2157 3045 2652 3102 verisimillimum
2684 3050 2790 3102 est.
2823 3047 2964 3102 Rem
2995 3045 3203 3119 colligo
3235 3063 3305 3102 ex
3331 3045 3704 3118 Forojuliensi

2047 3135 2276 3191 Paulini
2326 3135 2605 3207 Aquileia
2664 3135 3009 3208 patriarcha
3067 3135 3310 3208 synodo,
3361 3151 3540 3206 quam
3600 3135 3702 3191 alii

2049 3242 2201 3281 anno
2230 3225 2357 3292 791,
2384 3224 2578 3280 verius
2606 3224 2705 3280 alii
2736 3242 2889 3281 anno
2916 3225 3024 3278 796
3049 3224 3402 3280 celebratam
3431 3228 3701 3280 narrant.

286 3326 423 3373 tana
452 3334 547 3387 xu,
577 3333 734 3373 anno
764 3316 868 3371 681
896 3295 1067 3385 ;-x111,
1103 3331 1256 3370 anno
1287 3316 1430 3383 684;
1463 3332 1559 3383 xv,
1601 3332 1754 3370 anno
1790 3315 1934 3383 688;
1969 3295 2012 3361 (ἶ
2050 3314 2341 3370 Insertum
2374 3315 2520 3370 actis
2550 3313 2767 3386 legitur
2796 3330 2931 3369 cum
2963 3313 3361 3370 additamento
3380 3313 3703 3385 Symbolum

282 3412 343 3463 et
389 3422 523 3473 xvn,
572 3421 729 3461 anno
777 3405 902 3459 694.
952 3408 1167 3460 Prater
1196 3403 1517 3477 Symbolum
1543 3405 1937 3462 Constantino-

272 3495 590 3568 politanum
644 3493 769 3549 alia
818 3497 1091 3565 prostant
1138 3491 1502 3565 prolixiores,
1544 3493 1733 3549 instar
1777 3493 1937 3565 Sym-

272 3586 391 3641 boli
440 3583 732 3648 formula,
773 3598 910 3637 cum
953 3581 1375 3649 additamento,
1408 3582 1469 3638 in
1518 3582 1739 3654 synodo
1792 3582 1940 3638 Tole-

274 3679 416 3730 tana
461 3690 544 3743 11,
599 3688 755 3728 anno
806 3671 935 3737 675,
975 3676 1033 3726 et
1079 3670 1141 3725 in
1187 3671 1440 3726 Toletana
1477 3688 1594 3739 XVI,
1628 3688 1781 3727 anno
1810 3672 1938 3726 693.

274 3763 383 3819 His
420 3761 576 3818 addo
606 3760 947 3828 formulam,
981 3776 1112 3832 quae
1138 3759 1356 3832 legitur
1394 3760 1455 3816 in
1493 3759 1735 3833 Anglico
1767 3776 1939 3832 gene-

272 3852 385 3909 rali
419 3850 693 3920 concilio,
723 3848 846 3905 sive
886 3847 1294 3919 Haethfeldensi
1341 3865 1495 3904 anno
1543 3849 1669 3920 680,
1704 3849 1776 3905 de
1826 3865 1944 3922 qua

272 3940 647 3998 mentionem
676 3938 799 4011 agit
827 3938 1002 4004 Beda,
1024 3935 1174 3994 libro
1206 3955 1226 3993 ι
1255 3939 1505 3994 Historia
1532 3939 1710 4009 gentis
1737 3939 1940 4009 Anglo-

269 4049 427 4103 rum,
462 4028 656 4102 capite
686 4029 774 4083 17.

347 4122 420 4177 ΙΙ.
456 4119 678 4175 Contra
705 4116 894 4173 sancti
923 4115 1178 4189 Spiritus
1217 4115 1649 4188 processionem
1680 4133 1753 4173 ea:
1779 4118 1944 4171 Patre

271 4212 531 4282 Filioque
588 4206 807 4263 bellum
865 4222 998 4262 acre
1053 4209 1365 4261 moverunt
1418 4205 1765 4261 Iconomachi
1827 4205 1939 4261 sub

277 4297 527 4372 imperio
559 4296 814 4351 maxime
842 4294 1210 4351 Constantini
1240 4295 1612 4367 Comonymi,
1645 4294 1746 4366 qui
1786 4311 1940 4350 anno

275 4386 492 4444 Christi
520 4384 632 4440 719
660 4384 884 4440 natales
916 4382 1145 4454 habuit,
1175 4386 1232 4438 et
1279 4399 1431 4438 anno
1476 4382 1811 4455 insequenti
1850 4384 1940 4438 di-

277 4481 408 4534 ctus
438 4480 533 4532 est
562 4474 900 4545 imperator.
941 4471 1115 4528 Solus
1146 4488 1390 4544 regnare
1428 4473 1600 4543 capit
1630 4488 1783 4528 anno
1811 4473 1938 4540 741,

275 4569 410 4639 post
440 4563 678 4621 obitum
719 4561 931 4618 Leonis
977 4561 1164 4617 Isauri
1214 4561 1420 4633 patris,
1456 4561 1627 4631 cujus
1673 4559 1941 4632 impieta-

2052 3403 2748 3474 Constantinopolitanum.
2783 3403 3156 3458 Additionem
3202 3401 3461 3458 vindicat
3505 3401 3700 3458 Pauli-

2049 3509 2162 3547 nus
2195 3491 2286 3547 bis
2313 3490 2505 3547 verbis
2538 3509 2550 3546 :
2615 3513 2635 3541 ι
2671 3491 2802 3547 Scio
2842 3491 3201 3563 quibusdam
3232 3490 3292 3546 in
3324 3490 3704 3564 synodalibus

2050 3579 2205 3636 foliis
2252 3597 2382 3637 esse
2426 3580 2786 3636 sancitum...
2834 3581 3161 3652 praesrtim
3193 3584 3432 3653 propter
3459 3580 3703 3636 fraudu-

2046 3668 2265 3725 lentam
2300 3670 2613 3740 ﬁctamque
2640 3669 2910 3735 Nestorii,
2942 3668 3031 3724 vel
3062 3668 3339 3741 Eutychis
3368 3668 3699 3740 perfidiam,

2047 3775 2161 3815 non
2209 3760 2376 3814 licere
2421 3759 2669 3831 cuipiam
2712 3759 2942 3815 alterius
2978 3758 3112 3830 ﬁdei
3140 3758 3464 3831 Symbolum
3492 3758 3701 3829 docere,

2046 3849 2130 3903 vel
2160 3863 2500 3916 componere.
2534 3848 2647 3904 Sed
2678 3847 2835 3903 absit
2873 3865 2906 3903 a
2947 3846 3140 3914 nobis,
3171 3846 3494 3920 proculque
3523 3847 3603 3904 sit
3630 3848 3705 3904 ab

2050 3936 2210 3993 omni
2266 3937 2439 3992 corde
2499 3935 2676 4008 ﬁdeli,
2729 3937 2984 4003 alterum,
3034 3936 3126 3991 vel
3178 3936 3345 3992 aliter
3392 3952 3560 4008 quam
3614 3937 3708 3993 illi

2051 4027 2437 4092 instituerunt,
2468 4024 2810 4097 Symbolum
2852 4024 2941 4080 vel
2988 4025 3167 4080 ﬁdem
3210 4041 3581 4097 componere,
3614 4024 3706 4080 vel

2052 4115 2257 4171 docere
2284 4115 2294 4169 l
2352 4114 2464 4170 Sed
2510 4115 2672 4184 iuxta
2707 4129 2899 4170 eorum
2928 4129 3151 4168 sensum
3180 4130 3249 4169 ea
3276 4113 3543 4180 fortasse,
3576 4130 3705 4186 qua

2047 4208 2271 4276 propter
2301 4204 2587 4259 brevitatis
2619 4201 3020 4275 compendium,
3053 4202 3253 4257 minus
3294 4218 3473 4274 quam
3517 4202 3703 4270 decet,

2053 4312 2086 4349 a
2117 4293 2489 4366 simplicibus
2517 4291 2606 4347 vel
2640 4292 2891 4347 indoctis
2912 4290 3343 4363 intelliguntur,
3363 4293 3708 4363 exponenda

2050 4382 2415 4439 decrevimus
2444 4381 2696 4447 tradere,
2730 4382 3046 4453 ipsumque
3075 4384 3291 4437 textum
3319 4380 3574 4452 Symboli
3615 4398 3703 4437 re-

2046 4471 2306 4526 tinere...
2336 4470 2644 4524 Enimvero
2676 4486 2793 4524 non
2824 4472 2913 4524 est
2960 4470 3022 4523 in
3068 4471 3389 4540 argumento
3425 4466 3563 4540 ﬁdei
3606 4468 3705 4523 ad-

2049 4561 2197 4624 dere,
2231 4560 2315 4615 vel
2355 4560 2606 4614 minuere
2652 4575 2721 4613 ea
2768 4575 2896 4630 qua
2946 4574 2982 4613 a
3028 4559 3234 4613 sanctis
3268 4558 3531 4613 Patribus
3559 4557 3706 4613 bene

275 4660 396 4712 tem
424 4658 635 4709 contra
664 4666 862 4707 sacras
891 4650 1184 4722 imagines
1215 4666 1320 4722 pro
1348 4649 1683 4705 haereditate
1712 4649 1939 4705 habuit.
1971 4663 2018 4727 Ι)
2052 4648 2483 4719 salubriterque
2527 4652 2655 4703 sunt
2700 4647 3056 4719 promulgata
3082 4667 3102 4701 :
3153 4647 3479 4702 secundum
3518 4661 3707 4701 eorum

276 4742 488 4811 Graci,
525 4739 629 4813 qui
672 4756 778 4812 pro
820 4738 1113 4796 hareticis
1140 4740 1624 4806 traducebantur,
1657 4739 1729 4793 ab
1779 4738 1940 4794 Occi-

275 4830 647 4896 dentalibus,
688 4827 1090 4885 Occidentales
1121 4827 1283 4900 ipsos
1313 4828 1385 4883 de
1414 4828 1787 4899 processione
1815 4827 1942 4899 Spi-

275 4922 431 4978 ritus
482 4918 695 4985 sancti,
736 4934 914 4991 quam
966 4933 1037 4972 ex
1079 4919 1252 4972 Patre
1297 4920 1349 4972 et
1394 4917 1534 4971 Filio
1581 4915 1941 4986 asserebant,

275 5017 342 5068 ut
387 5009 710 5067 redderent
746 5023 854 5079 par
891 5006 1041 5078 pari,
1070 5005 1253 5062 veluti
1299 5006 1372 5060 de
1415 5004 1662 5061 crimine
1691 5005 1943 5061 insimu-

274 5101 506 5157 labant.
528 5096 679 5153 Hinc
708 5095 1045 5169 frequentes
1071 5095 1181 5151 hac
1210 5096 1283 5151 de
1314 5110 1376 5149 re
1405 5094 1611 5166 synodi
1641 5093 1943 5150 celebrata

272 5189 613 5257 habitaque
644 5183 1097 5258 disputationes.

343 5278 551 5336 Prima
583 5290 715 5347 qua
745 5272 1058 5345 reperitur,
1093 5272 1355 5345 synodus
1391 5276 1481 5328 est
1530 5271 1944 5328 Gentiliacensis

285 5370 386 5425 sub
420 5366 633 5439 Pipino
675 5363 1036 5419 Francorum
1088 5377 1224 5434 rege
1272 5378 1424 5418 anne
1465 5362 1573 5416 767
1631 5360 1940 5416 celebrata.

288 5456 665 5515 Occasionem
715 5451 878 5509 dedit
929 5449 1297 5506 Constantini
1328 5451 1659 5506 Gracorum
1689 5449 1941 5521 impera-

288 5549 424 5604 toris
454 5543 676 5618 legatio
706 5542 777 5597 ad
811 5556 1034 5612 regem.
1068 5539 1187 5595 Hac
1218 5540 1288 5595 de
1330 5556 1391 5596 re
1423 5537 1760 5595 admonitus
1788 5540 1943 5594 Pau-

288 5637 365 5694 lus
391 5649 647 5693 summus
673 5632 953 5704 pontifex,
986 5627 1211 5685 litteras
1258 5629 1333 5685 ad
1385 5628 1657 5685 eumdem
1688 5632 1942 5683 Franco-

288 5743 411 5785 rum
440 5739 644 5799 regem
666 5718 955 5795 reposuit,
980 5733 1108 5790 qua
1138 5735 1199 5774 1n
1222 5717 1421 5775 codice
1439 5716 1708 5774 Carolino
1729 5716 1944 5773 habena
1986 5738 1989 5745 λ

2050 4755 2266 4795 sensum
2296 4742 2449 4793 recte
2494 4735 2731 4807 sentire,
2765 4740 2822 4792 et
2873 4736 3188 4807 exponendo
3239 4751 3441 4792 eorum
3490 4733 3706 4792 subtile

2051 4827 2302 4899 supplere
2351 4827 2687 4896 ingenium,-
2742 4826 2844 4880 sed
2893 4824 3096 4879 addcre
3150 4824 3234 4879 vel
3286 4825 3540 4880 minuere
3594 4827 3702 4887 est,

2053 4913 2300 4972 subdole
2329 4916 2521 4971 contra
2551 4917 2991 4970 sacrosanctum
3014 4929 3214 4968 eorum
3248 4929 3514 4981 sensum,
3534 4911 3708 4968 aliter

2052 5023 2220 5078 quam
2267 5004 2383 5073 illi,
2415 5002 2608 5059 calida
2654 5002 3137 5075 tergiversatione
3182 5002 3408 5058 diversa
3454 5002 3655 5058 sentire
3685 5018 3706 5055 :

2053 5099 2112 5150 et
2168 5095 2412 5149 confuso
2461 5091 2613 5164 ston
2667 5108 2987 5163 perversum
3038 5091 3241 5162 dogma
3286 5106 3702 5163 componere...

2053 5183 2449 5239 Plurimorum
2482 5181 2701 5237 etenim
2733 5179 3160 5237 Catholicorum
3190 5180 3474 5247 virorum,
3507 5178 3706 5235 Eccle-

2054 5272 2397 5343 siarumque
2442 5270 2543 5325 Dei
2592 5269 2911 5335 cultorum,
2954 5285 3127 5325 sacra
3172 5269 3303 5340 ﬁdei
3345 5268 3706 5340 compositum

2050 5360 2366 5417 venerabile
2396 5360 2595 5430 legitur
2632 5375 2789 5430 opus,
2820 5357 2951 5414 aliis
2996 5358 3236 5430 quidem
3286 5357 3497 5428 verbis,
3529 5356 3704 5413 dissi-

2055 5450 2298 5522 milique
2328 5448 2554 5505 calamo
2599 5453 2930 5513 resonante,
2963 5448 3063 5503 sed
3112 5447 3385 5503 eumdem
3436 5461 3702 5514 sensum,

2054 5539 2448 5610 eumdemque
2478 5536 2698 5610 ingenii
2730 5536 3095 5592 intellectum
3126 5536 3492 5593 concorditer
3519 5534 3706 5590 invio-

2054 5627 2185 5683 lata
2233 5626 2367 5682 fidei
2413 5642 2530 5681 uno
2579 5626 2923 5682 assertionis
2961 5623 3222 5681 redolere
3253 5625 3575 5697 probantur
3602 5624 3707 5679 do-

2055 5721 2349 5773 cumento.
2386 5737 2416 5768 »
