4108 6432
376 409 490 472 179

1405 416 1723 478 GEORGII
1768 416 2031 479 CYPRII
2075 417 2195 479 ΟΡ.
2245 418 2771 481 PATRIARCHIE

3682 416 3803 480 180

451 542 610 600 Fidei
640 543 904 600 formulae
935 544 1288 615 indicantur,
1321 564 1449 619 quae
1480 565 1513 603 a
1542 549 1816 621 Symbolo
1847 550 2027 605 Nicae-
2063 552 2115 617 Α
2146 554 2407 622 tempore
2439 550 2644 622 synodi
2676 549 3141 613 Gentiliacensis.
3174 550 3235 606 in
3285 566 3402 622 quo
3453 566 3590 607 cum
3639 551 3802 607 Grie-

380 648 456 688 no
484 637 543 688 et
573 633 1220 706 Constantinopolitano
1242 637 1528 693 distincta:
1561 644 1720 704 sunt,
1754 639 2029 710 frequen-

379 722 503 777 tius
553 723 623 777 ab
672 722 965 791 Ecclesiis,
1008 730 1065 779 et
1110 725 1521 783 ecclesiasticis
1569 728 1709 783 viris
1755 729 1941 798 editae,
1975 733 2033 783 et

382 827 416 865 a
446 810 617 866 nobis
647 812 921 883 superius
953 820 1305 869 memorata}.
1334 816 1468 887 lpsa
1488 816 1663 871 etiam
1687 816 2032 887 exprimitur

379 900 639 955 Formula
667 901 914 972 Nzcsena,
949 919 1127 973 quam
1160 904 1399 959 vocibus
1444 904 1741 976 aliquibus
1791 907 2031 975 adjectis

375 989 719 1060 supplevere
776 991 1367 1063 Constantinopolitani
1424 993 1638 1049 Patres.
1707 1015 1729 1043 α
1776 996 1918 1049 Nam
1981 997 2027 1050 si

375 1083 748 1133 recensentur
775 1081 991 1135 Nicaeni
1041 1084 1279 1153 symboli
1327 1083 1507 1138 series
1555 1084 1904 1151 veneranda,
1939 1086 2028 1139 ni-

378 1166 459 1221 hil
491 1165 648 1221 aliud
699 1168 771 1222 de
824 1169 1046 1240 Spiritu
1078 1175 1279 1225 sancto
1320 1171 1379 1224 in
1425 1188 1511 1238 ea,
1546 1171 1659 1227 nisi
1693 1173 1801 1227 hoc
1833 1174 2027 1239 modo,

376 1255 616 1327 reperiri
648 1258 859 1326 poterit
890 1259 1325 1331 promulgatum
1361 1276 1374 1315 :
1429 1262 1495 1315 Et
1533 1263 1593 1315 in
1637 1267 1909 1325 sanctum,
1944 1264 2032 1317 in-

377 1343 608 1414 quiunt,
644 1344 937 1415 Spiritum.
970 1349 1117 1411 Quid
1152 1353 1243 1403 est
1273 1364 1409 1419 ergo
1440 1348 1651 1417 dicere,
1694 1359 1745 1405 et
1795 1352 1857 1405 in
1904 1351 2027 1421 Spi-

376 1436 549 1487 ritum
604 1439 904 1489 sanctum?
958 1436 1258 1498 Quomodo
1327 1438 1484 1493 180
1548 1438 1886 1510 accipienda
1942 1444 2031 1495 est

376 1525 497 1576 tam
531 1523 877 1579 brevissima
907 1541 1108 1579 eorum
1143 1527 1451 1597 professio,
1495 1528 1606 1582 nisi
1650 1534 1717 1582 ut
1765 1534 2031 1599 patenter

378 1611 550 1665 detur
596 1611 841 1685 intelligi
889 1615 1173 1669 mentium
1216 1632 1417 1670 eorum
1452 1616 1687 1689 integra.-
1724 1618 1854 1673 lidei
1890 1618 2029 1671 reli-

377 1698 543 1771 giosa
571 1700 795 1756 devotio
832 1718 844 1756 :
902 1705 953 1757 et
1000 1705 1061 1757 in
1103 1708 1363 1760 sanctum
1393 1705 1685 1776 Spiritum,
1715 1708 1859 1761 sicut
1887 1711 1939 1762 et
1970 1709 2031 1761 in

376 1790 601 1844 Patrem
628 1792 767 1845 etin
797 1792 1001 1846 Filium
1031 1794 1412 1863 probabiliter
1440 1796 1778 1850 credidisse.
1812 1798 2028 1861 Quem-

2143 638 2228 695 cis
2258 638 2434 694 hocce
2465 641 2537 695 de
2564 640 2697 694 fidei
2727 641 3001 713 dogmate
3032 640 3401 712 disputatum
3434 644 3543 696 est.

2213 729 2727 783 Confirmationem
2762 729 3142 800 suppeditant
3178 727 3630 800 amplissimam,
3667 747 3798 802 quaa

2141 818 2211 873 ad
2265 818 2557 889 synodum
2608 817 2902 889 pertinent
2930 818 3427 890 Aquisgranensem
3483 835 3636 874 anno
3689 820 3799 874 809

2140 906 2519 963 celebratum.
2558 906 2878 962 lnnoteseit
2928 906 3166 979 quippe,
3207 907 3356 962 181
3414 905 3473 961 in
3521 907 3801 964 Ecclesiis

2139 995 2474 1065 Gallicanis,
2506 1000 2563 1050 et
2608 996 2748 1051 alibi
2798 995 2857 1049 in
2908 1012 3070 1051 more
3113 997 3239 1067 jam
3284 996 3543 1068 positum
3589 997 3797 1065 fuisse,

2139 1088 2206 1138 ut
2254 1083 2406 1138 inter
2450 1084 2766 1139 missarum
2801 1084 3087 1140 solemnia
3120 1086 3803 1157 Constantinopolitanum

2137 1173 2469 1245 symbolum,
2502 1174 2902 1228 additamenta
2953 1177 3213 1243 auctum,
3255 1179 3582 1229 caneretur.
3617 1174 3799 1248 Egin-

2140 1262 2382 1328 bardus,
2416 1262 2473 1316 in
2532 1265 2648 1318 Vita
2698 1262 2888 1318 Caroli
2926 1264 3140 1332 Magni,
3173 1262 3258 1318 sic
3305 1262 3434 1319 ait:
3486 1265 3804 1332 Imperator

2137 1351 2202 1405 de
2232 1351 2529 1406 Arduenna
2558 1352 2894 1423 Aquisgrani
2922 1368 3189 1416 reversus,
3220 1368 3404 1407 mense
3433 1353 3801 1418 Novembrio,

2138 1442 2439 1496 concilium
2495 1442 2688 1495 habuit
2742 1441 2809 1495 de
2857 1443 3203 1512 processione
3260 1442 3504 1512 Spiritus
3560 1444 3803 1497 sancti:

2137 1545 2304 1601 quam
2349 1532 2710 1601 quaestionem
2737 1532 2971 1585 Joannes
3014 1530 3245 1602 quidam
3272 1532 3572 1585 monachus
3602 1532 3803 1587 Hiero-

2137 1620 2364 1690 solymis
2404 1622 2585 1689 primo
2614 1622 2923 1675 commovit.
2980 1642 3008 1669 «
3041 1620 3232 1689 Hujus
3262 1620 3667 1675 controversiae
3698 1637 3803 1676 oc-

2139 1708 2296 1763 casio
2329 1708 2525 1780 (verba
2562 1713 2702 1763 sunt
2749 1707 3071 1763 Mabillonii
3117 1708 3456 1780 prastatione
3507 1727 3546 1775 ι,
3580 1708 3639 1763 in
3696 1726 3807 1764 sae-

2138 1796 2334 1852 culum
2385 1814 2442 1851 1v
2490 1796 2726 1852 Ordinis
2759 1797 2945 1852 sancti
2978 1795 3296 1865 Benedicti,
3333 1800 3361 1865 §
3405 1796 3459 1868 2)
3491 1798 3674 1869 petita
3702 1803 3805 1853 est

379 1878 699 1933 admodum
731 1885 935 1950 postea
981 1897 1014 1935 a
1056 1882 1279 1937 sanctis
1309 1883 1581 1939 Patribus
1607 1893 1828 1940 centum
1854 1887 2023 1956 quin-
2062 1921 2110 1985 B
2140 1902 2209 1941 ex
2236 1902 2392 1941 more
2425 1886 2727 1950 Gallorum,
2760 1886 2859 1956 qui
2914 1903 3046 1941 cum
3098 1886 3158 1941 in
3198 1885 3474 1959 Symbolo
3504 1886 3801 1942 Constan-

379 1971 673 2042 quaginta,
698 1970 797 2041 qui
823 1972 1127 2026 contestati
1161 1977 1301 2027 sunt
1322 1972 1581 2044 Symboli
1614 1975 1789 2028 tidem
1813 1974 2031 2029 Nicaeni
2064 1970 2109 1985 "
2141 1975 2527 2047 tinopolitano
2575 1975 2941 2030 addidissent
2990 1992 3192 2030 vocem
3231 1976 3503 2047 Filioque,
3535 1976 3596 2031 in
3644 1992 3800 2047 quo-

382 2058 613 2115 concilii
660 2058 991 2116 inviolatam
1042 2061 1373 2132 perenniter
1420 2078 1783 2134 permanere,
1815 2065 2032 2136 supple-

382 2154 582 2207 verunt
610 2152 831 2219 tamen,
863 2150 1023 2219 quasi
1062 2151 1380 2221 exponendo
1427 2168 1618 2207 eorum
1663 2169 1885 2208 sensum
1915 2171 1933 2207 :
1980 2158 2034 2207 et

385 2240 446 2294 in
484 2240 754 2311 Spiritum
780 2243 1033 2293 sanctum
1063 2240 1417 2295 conﬁtentur
1465 2257 1526 2296 se
1572 2242 1807 2298 credere
1838 2246 2031 2298 Domi-

386 2346 540 2399 num,
584 2332 637 2383 et
688 2329 1099 2397 viviﬁcatorem,
1144 2344 1214 2383 ea:
1258 2330 1430 2384 Patre
1469 2331 1866 2401 procedentem,
1913 2349 2036 2387 cum

385 2420 549 2474 Patre
603 2421 655 2473 et
720 2419 859 2471 Filio
911 2418 1313 2495 adorandum,
1372 2422 1423 2474 et
1487 2421 2031 2490 «rongloriﬁcandum.

382 2507 511 2563 Haec
559 2506 739 2570 enim,
769 2510 826 2560 et
872 2511 1078 2561 caetera
1128 2524 1256 2578 quas
1306 2513 1652 2578 sequuntur,
1708 2510 1766 2563 in
1820 2509 2035 2564 Niceeni

379 2596 641 2669 Symboli
671 2611 836 2650 sacro
860 2595 1133 2667 dogmate
1166 2613 1280 2651 non
1312 2596 1622 2652 habentur.
1649 2599 1759 2654 Sed
1795 2605 1847 2653 et
1884 2604 2037 2670 post-

381 2686 647 2750 modum,
675 2688 902 2755 propter
940 2700 1026 2739 eos
1066 2683 1329 2741 videlicet
1376 2686 1681 2753 haereticos,
1714 2690 1813 2759 qui
1842 2705 2035 2743 susur-

381 2782 510 2830 rant
537 2774 809 2845 Spiritum
836 2778 1087 2828 sanctum
1114 2776 1287 2829 solius
1327 2790 1462 2829 esse.
1492 2779 1699 2844 Patris,
1733 2781 1783 2831 et
1830 2795 1864 2832 a
1910 2777 2034 2833 solo

380 2863 664 2936 procedere
692 2864 878 2928 Patre,
912 2862 1177 2917 additum
1211 2868 1300 2918 est
1332 2880 1344 2918 :
1400 2867 1513 2934 Qui
1559 2881 1630 2920 ea:
1670 2868 1835 2921 Patre
1865 2869 2033 2923 Filio-

382 2969 485 3025 que
511 2952 778 3024 procedit.
813 2952 880 3006 Et
909 2955 1107 3006 tamen
1140 2970 1255 3007 non
1302 2958 1442 3007 sunt
1488 2953 1548 3009 hi
1598 2956 1780 3010 sancti
1835 2957 2034 3012 Patres

383 3041 661 3113 culpandi
695 3058 708 3094 :
757 3040 925 3112 quasi
956 3040 1293 3096 addidissent
1320 3043 1555 3113 aliquid,
1586 3045 1670 3098 vel
1698 3046 2035 3101 minuissent

381 3131 450 3187 de
500 3131 606 3201 fide
651 3131 1017 3185 trecentorum
1062 3129 1247 3185 decem
1302 3140 1356 3186 et
1398 3138 1515 3187 octo
1562 3135 1841 3196 Patrum;
1896 3135 2036 3206 quia

382 3236 496 3275 non
541 3222 736 3276 contra
786 3234 976 3273 eorum
1019 3235 1239 3274 sensum
1287 3220 1516 3277 diversa
1566 3228 1897 3290 senserunt,
1931 3225 2033 3279 sed

383 3307 835 3364 immaculatum
884 3323 1086 3364 eorum
1144 3307 1504 3365 intellectum
1558 3312 1720 3367 sanis
1771 3313 2035 3368 moribus
2066 3282 2110 3348 Ο

385 3396 659 3470 supplere
717 3396 1092 3451 studuerunt.
1154 3396 1489 3453 Didicerant
1555 3399 1752 3471 itaque
1815 3406 2035 3457 centum

382 3486 789 3557 quinquaginta
817 3484 1062 3555 (Patres)
1094 3485 1191 3557 qui
1235 3485 1558 3543 intulerunt
1609 3505 1644 3544 α-
1695 3490 1863 3545 Patre
1905 3507 2033 3563 pro-

380 3574 674 3641 cedentem,
708 3574 1068 3646 evangelista
1109 3579 1382 3643 testante,
1418 3577 1823 3648 repromisisse
1855 3580 2035 3635 disci-

385 3663 541 3736 pulis
562 3663 759 3736 ipsum
780 3662 1150 3736 Unigenitum
1170 3665 1242 3720 de
1263 3682 1371 3720 suo
1387 3665 1604 3736 Spiritu
1631 3684 1645 3721 :
1675 3668 1924 3738 Spiritus
1940 3672 2039 3731 qui

385 3770 423 3808 a
449 3756 617 3808 Patre
642 3754 912 3824 procedit.
950 3753 1237 3824 Legerant
1266 3770 1475 3826 nempe
1515 3757 1560 3810 ii
1594 3762 1878 3827 sequentes
1907 3759 2035 3828 (Pa-

387 3842 531 3912 tres)
563 3844 659 3912 qui
687 3841 1016 3896 addiderunt
1038 3860 1057 3896 :
1102 3843 1209 3907 Qui
1250 3860 1318 3899 ex
1347 3844 1514 3900 Patre
1545 3845 1806 3917 Filioque
1839 3865 2035 3919 proce-

385 3931 500 4002 dit,
568 3931 754 3999 ipsam
813 3933 1080 3986 eamdem
1138 3932 1441 3987 veritatem
1498 3933 1559 3989 in
1618 3936 1943 4009 Evangelio.
2006 3960 2037 3988 ››

388 4021 574 4084 Quam
611 4021 812 4091 utique
841 4022 1144 4076 veritatem
1189 4022 1537 4093 evangelicis
1586 4025 1759 4079 dictis
1810 4027 2037 4098 perspi-

390 4126 495 4165 cue
526 4109 891 4164 demonstrat
936 4108 1236 4165 Paulinus.

462 4197 843 4254 Validissima
880 4203 1022 4253 sunt
1068 4199 1378 4254 adversum
1408 4200 1637 4256 Graecos
1668 4210 2035 4275 argumenta.

388 4291 520 4343 Haec
548 4288 751 4344 eadem
801 4288 860 4343 in
908 4288 1129 4359 synodo
1183 4287 1513 4345 Florentina
1560 4290 1878 4349 adhibuere
1924 4299 2035 4350 Pa-

382 4382 502 4432 tres
536 4393 549 4431 :
604 4377 930 4448 eademque
961 4393 1067 4432 nos
1098 4378 1443 4448 compendio
1475 4378 1820 4453 collegimus
1851 4384 2040 4454 capite

383 4469 438 4532 2,
490 4483 655 4521 num.
706 4468 759 4532 4,
807 4471 865 4520 et
907 4482 1033 4536 cap.
1078 4466 1131 4530 3,
1167 4483 1328 4520 num.
1369 4468 1417 4536 1,
1452 4468 1716 4538 symbolo
1750 4471 2038 4527 Constan-

386 4555 771 4627 tinopolitano
795 4554 917 4625 jam
951 4553 1209 4609 additam
1244 4555 1423 4611 fuisse
1456 4563 1624 4613 actate
1656 4558 1881 4614 Paulini
1915 4578 2042 4631 par-

2143 2064 2414 2119 rumdam
2491 2063 2999 2135 reprehensionem
3088 2064 3423 2131 incurrere,
3500 2065 3800 2137 praecipue

2140 2152 2388 2208 Joannis
2416 2152 2686 2208 monachi
2716 2151 3244 2223 Hierosolymitani.
3278 2156 3336 2207 Is
3379 2153 3597 2225 quippe
3637 2170 3800 2209 anno

2136 2241 2263 2313 jam
2295 2241 2450 2296 dicto
2480 2241 2540 2296 in
2572 2240 2820 2297 Galliam
2854 2240 3074 2296 missus
3124 2242 3195 2296 ad
3236 2240 3528 2309 Carolum,
3564 2247 3800 2298 contro-

2143 2330 2393 2385 versiam
2439 2330 2548 2385 hac
2585 2331 2654 2385 de
2701 2347 2761 2385 re
2817 2330 3017 2396 movit,
3051 2347 3179 2401 quas
3222 2330 3293 2385 ad
3326 2330 3575 2386 Romani
3606 2330 3807 2387 Ponti-

2148 2419 2272 2473 ficis
2296 2419 2585 2488 judicium
2618 2418 2811 2473 delata
2838 2424 2945 2473 est.
2979 2440 3007 2468 n

2219 2506 2427 2562 Veram
2461 2507 2825 2563 occasionem
2872 2512 3074 2563 narrat
3115 2507 3174 2562 in
3228 2525 3337 2563 sua
3386 2508 3807 2565 Dissertatione

2148 2597 2339 2667 prima
2368 2597 2783 2652 Damascenica
2813 2596 3061 2651 Michael
3094 2597 3426 2669 Lequienus
3455 2613 3524 2654 ex
3564 2597 3805 2653 Litteris

2145 2685 2501 2756 quihusdam
2549 2685 2807 2752 ineditis,
2863 2702 3010 2757 quas
3061 2686 3188 2757 ipse
3235 2690 3532 2757 receperat
3584 2704 3618 2742 a
3673 2691 3800 2742 Ste-

2144 2775 2337 2847 phano
2370 2774 2624 2845 Baluzio,
2659 2792 2725 2830 ac
2774 2776 2823 2830 is
2872 2780 3076 2847 postea
3105 2776 3259 2830 inter
3288 2775 3659 2831 Miscellanea
3701 2780 3801 2848 ty-

2145 2863 2234 2936 pis
2265 2864 2543 2935 vulgavit,
2584 2868 2742 2919 tomo
2785 2863 2903 2920 VII.
2936 2865 3020 2919 Ad
3070 2867 3304 2920 Leonem
3350 2866 3442 2921 III
3488 2881 3797 2920 summum

2144 2952 2485 3008 Pontiﬁcem
2536 2952 2803 3007 scribunt
2848 2953 3106 3008 monachi
3147 2954 3453 3024 peregrini,
3498 2956 3558 3009 in
3609 2957 3801 3010 monte

2145 3042 2344 3097 Oliveti
2395 3041 2705 3097 habitantes
2734 3060 2751 3095 :
2809 3063 2836 3093 (ι
2868 3042 3077 3097 Notam
3119 3043 3225 3097 tibi
3267 3042 3515 3098 facimus
3546 3042 3794 3099 tribula—

2142 3131 2361 3185 tionem
2412 3135 2697 3202 nostram,
2730 3147 2908 3202 quam
2963 3130 3057 3185 hic
3106 3132 3379 3202 patimur.
3411 3136 3656 3188 Joannes
3699 3134 3800 3202 qui

2144 3222 2260 3290 fuit
2292 3220 2358 3275 de
2396 3220 2735 3276 monasterio
2767 3219 2954 3275 Sancti
2984 3219 3210 3277 Saliae...
3243 3218 3468 3276 levatus
3499 3225 3590 3276 est
3620 3237 3801 3292 super

2147 3326 2255 3365 nos
2284 3309 2551 3372 dicendo,
2585 3309 2739 3379 quod
2772 3309 2992 3375 Franci,
3026 3308 3126 3380 qui
3157 3313 3298 3364 sunt
3342 3308 3400 3362 in
3446 3313 3644 3365 monte
3673 3308 3798 3365 Oli-

2143 3396 2276 3464 veti,
2328 3396 2583 3452 haeretici
2630 3402 2813 3453 sunt:
2871 3401 2929 3452 et
2973 3397 3119 3452 dixit
3169 3397 3340 3453 nobis
3388 3398 3527 3469 quia
3577 3397 3798 3454 Omnes

2146 3485 2353 3541 Franci
2383 3485 2637 3541 haeretici
2669 3487 2878 3542 estis...
2918 3486 3016 3542 Die
3048 3492 3250 3542 sancto
3292 3486 3593 3543 Dominico
3639 3490 3800 3560 (post

2144 3574 2409 3630 Natalem
2441 3575 2697 3643 Domini)
2728 3576 3065 3648 congregati
3107 3581 3247 3631 sunt
3284 3578 3617 3633 sacerdotes
3660 3593 3797 3632 cum

2146 3664 2299 3720 clero
2348 3669 2405 3719 et
2451 3664 2686 3735 populo,
2732 3670 2788 3719 et
2836 3665 3342 3737 interrogaverunt
3395 3682 3524 3727 nos.
3557 3666 3802 3737 qualiter

2146 3753 2486 3810 crederemus
2526 3753 2865 3825 Symbolum.
2908 3754 3023 3808 Nos
3078 3758 3272 3809 autem
3322 3754 3591 3821 dicendo,
3641 3755 3799 3826 quod

2148 3845 2232 3899 sic
2263 3843 2559 3898 credimus
2597 3844 2753 3898 sicut
2792 3848 2996 3898 sancta
3024 3842 3284 3898 Ecclesia
3313 3843 3614 3912 Romana;
3647 3843 3797 3899 dixi-

2148 3950 2303 3999 mus,
2338 3937 2394 3988 et
2441 3931 2697 3987 dicimus
2746 3932 2804 3987 in
2863 3937 3065 3988 nostra
3109 3932 3332 4004 lingua,
3365 3948 3493 4004 qua;
3535 3949 3639 3988 vos
3679 3951 3797 3990 non

2148 4021 2343 4077 dicitis
2394 4021 2454 4076 in
2501 4024 2716 4076 Grmca.
2772 4024 2836 4075 Et
2886 4020 2945 4075 in
2995 4020 3181 4076 Gloria
3227 4022 3385 4076 Patri
3434 4037 3551 4077 non
3603 4021 3801 4079 dicitis

2146 4113 2289 4168 sicut
2318 4119 2436 4165 erat
2478 4111 2537 4164 in
2575 4111 2854 4181 principio
2874 4127 2895 4172 ;
2926 4114 2983 4164 et
3011 4110 3071 4164 in
3105 4109 3293 4165 Gloria
3333 4113 3395 4165 in
3423 4110 3654 4166 excelsis
3680 4128 3798 4168 non

2149 4199 2345 4255 dicitis
2395 4200 2470 4254 Tu
2515 4200 2664 4255 solus
2710 4199 3065 4261 altissimus;
3118 4204 3176 4253 et
3231 4204 3398 4256 Pater
3443 4204 3631 4255 noster
3686 4200 3800 4257 alio

2151 4289 2323 4344 modo
2371 4287 2607 4355 dicitis;
2661 4293 2716 4343 et
2764 4288 2822 4342 in
2872 4287 3128 4359 Symbolo
3175 4304 3283 4343 nos
3332 4274 3585 4344 dicimus
3642 4288 3798 4360 plus,

2149 4393 2326 4448 quam
2369 4393 2469 4431 vos
2504 4393 2517 4430 :
2571 4377 2676 4443 Qui
2724 4392 2798 4431 ea:
2841 4381 3008 4432 Patre
3057 4376 3303 4448 Filioque
3342 4376 3605 4447 procedit.
3638 4376 3802 4433 Unde

2149 4466 2292 4520 dicit
2321 4465 2430 4520 iste
2457 4465 2736 4533 Joannes,
2768 4464 3048 4521 inimicus
3090 4465 3299 4520 animas
3345 4481 3466 4520 sum
3503 4482 3517 4521 :
3562 4469 3803 4538 propter

2150 4556 2295 4609 hunc
2320 4571 2624 4609 sermonem
2654 4555 2830 4625 (quod
2876 4570 2945 4609 ex
2988 4555 3155 4609 Patre
3198 4553 3462 4625 Filioque
3493 4555 3800 4627 procedit),

384 4644 625 4699 ticulam
676 4632 925 4714 Filioque
975 4643 1034 4697 in
1086 4643 1357 4699 Ecclesiis
1408 4648 1571 4717 regni
1622 4647 1829 4712 Italici,
1879 4651 2034 4721 quod
2068 4655 2113 4718 Ι)
2152 4644 2305 4715 quod
2359 4643 2611 4698 hmreﬁci
2657 4660 2886 4699 sumus.
2920 4667 2943 4695 ι
2997 4643 3227 4699 Turbas
3258 4658 3395 4716 ergo
3426 4660 3544 4700 non
3574 4643 3636 4699 in
3664 4644 3797 4701 Gal-

385 4732 623 4788 Carolus
655 4733 905 4804 Magnus
936 4732 1369 4799 moderabatur,
1405 4739 1461 4788 et
1508 4734 1567 4789 in
1600 4735 1872 4792 Ecclesiis
1901 4738 2038 4793 Gal-

385 4819 619 4888 licanis,
652 4820 827 4876 allata
860 4820 1083 4876 Paulini
1114 4823 1290 4876 verba
1320 4823 1596 4878 suadent.
1628 4825 1888 4897 Tempus
1938 4843 2038 4881 no-

384 4913 469 4964 tat
500 4915 555 4963 et
584 4909 948 4964 occasionem
989 4927 1002 4964 :
1063 4910 1413 4965 Postmodum
1449 4917 1669 4984 propter
1711 4930 1799 4969 eos
1848 4915 2037 4971 videli-

384 5002 467 5053 cet
498 4999 809 5064 hzereticos,
843 4999 940 5069 qui
990 5003 1288 5053 susurrant
1335 5001 1609 5071 Spiritum
1654 5008 1903 5059 sanctum
1948 5021 2038 5060 so-

387 5087 496 5141 lius
526 5102 640 5141 esse
666 5087 873 5153 Patris,
903 5092 956 5142 et
1001 5105 1035 5142 a
1082 5089 1195 5143 solo
1239 5089 1533 5159 procedere
1573 5096 1757 5159 Patre,
1791 5093 2040 5149 additum

385 5179 463 5229 est
485 5190 503 5227 :
537 5175 641 5241 Qui
668 5191 740 5230 ea:
768 5176 935 5230 Patre
963 5176 1214 5248 Filioque
1241 5177 1507 5247 procedit.
1539 5178 1597 5233 Id
1634 5184 1793 5235 sexto
1825 5181 2037 5237 sznculo

384 5262 800 5319 inliciebantur
834 5265 1032 5320 Ariani
1075 5264 1134 5318 in
1186 5265 1485 5337 Hispaniis
1520 5285 1532 5322 ε
1581 5267 1827 5323 dissidin
1856 5270 2036 5341 septi-

385 5368 480 5407 mo
530 5351 742 5407 saeculo
791 5358 1098 5408 moverunt
1141 5354 1517 5411 Monothelitze
1553 5358 2037 5428 Constantinopo-

381 5440 548 5495 litani
585 5458 597 5496 :
648 5449 705 5497 et
753 5443 1085 5514 insequenti
1118 5448 1320 5499 octavo
1353 5443 1593 5499 belllum
1632 5447 1842 5516 irrupit
1870 5463 2038 5517 aper-

388 5536 509 5583 tum
565 5531 672 5585 sub
722 5533 1108 5589 Iconomachis.
1143 5532 1291 5587 Hinc
1337 5533 1598 5588 additam
1637 5533 1696 5588 in
1742 5534 2038 5604 Hispaniis

384 5635 521 5672 voca
557 5638 584 5672 ιι
621 5619 781 5675 illam
825 5627 986 5676 sexto
1036 5620 1270 5689 saeculo,
1323 5627 1480 5677 certo
1527 5623 1797 5679 scimus:
1852 5623 2037 5678 idem-

388 5723 500 5777 que
535 5712 747 5764 ..ictum
794 5727 923 5767 esse
965 5711 1025 5765 in
1074 5709 1391 5766 Gallicanis
1423 5709 1916 5767 verisimillimum
1948 5715 2039 5766 est

2151 4733 2245 4788 liis
2292 4733 2548 4788 Joannes
2598 4732 2695 4787 ille
2747 4732 3073 4788 monachus
3121 4732 3427 4800 exciverat,
3458 4733 3561 4789 sed
3599 4733 3801 4790 Hiero-

2152 4821 2387 4893 solyma:
2436 4825 2634 4877 contra
2682 4821 2918 4877 Latinos
2958 4820 3179 4876 montis
3218 4820 3423 4876 Oliveti
3455 4822 3797 4892 monachos,

2152 4911 2252 4982 qui
2286 4914 2592 4982 propterea
2625 4909 2960 4981 praesidium
2995 4914 3052 4965 et
3095 4926 3265 4982 opem
3297 4911 3518 4965 summi
3551 4910 3799 4966 Romani

2149 4999 2447 5054 Pontificis
2477 5002 2683 5071 petunt
2721 5015 2787 5053 ac
2820 4997 3156 5069 implorant.

2224 5088 2505 5158 lnquiunt
2558 5104 2688 5142 vero
2723 5105 2736 5141 :
2795 5111 2815 5136 ιι
2854 5088 2968 5159 Ego
3022 5088 3120 5142 Leo
3165 5103 3365 5142 servus
3402 5090 3593 5143 vester
3622 5087 3804 5159 (unus

2149 5192 2218 5231 ex
2268 5178 2490 5232 eisdem
2541 5177 2759 5232 montis
2806 5175 3013 5231 Oliveti
3068 5176 3392 5244 monachis,
3427 5181 3493 5232 ut
3538 5177 3693 5233 infra
3742 5178 3805 5233 in

2150 5265 2725 5335 subscriptionibus),
2759 5265 2899 5319 dum
2941 5281 3130 5319 essem
3186 5266 3258 5320 ad
3310 5270 3514 5321 sancta
3559 5265 3808 5339 vestigia

2147 5358 2339 5408 vestra
2371 5353 2635 5424 (Romae),
2666 5359 2723 5409 et
2772 5354 2843 5409 ad
2895 5354 2994 5425 pia
3039 5353 3287 5426 vestigia
3330 5352 3563 5409 Domini
3607 5353 3804 5410 Karoli

2150 5442 2400 5513 piissimi
2460 5442 2852 5513 imperatoris,
2911 5442 3154 5514 Filiique
3207 5442 3408 5511 vestri,
3468 5442 3806 5500 audivimus

2148 5532 2210 5584 in
2256 5531 2410 5587 182
2464 5532 2688 5602 Capella
2736 5533 2855 5604 ejus
2906 5530 3021 5586 dici
3071 5532 3130 5584 in
3180 5531 3457 5603 Symbolo
3506 5531 3661 5603 ﬁdei,
3697 5534 3807 5602 Qui

2147 5637 2219 5674 ea:
2268 5625 2436 5675 Patre
2480 5622 2703 5692 Filoque
2755 5621 3020 5693 procedit.
3073 5621 3144 5674 Et
3198 5620 3257 5674 in
3315 5619 3561 5677 homilia
3610 5622 3802 5678 sancti

2149 5709 2431 5782 Gregorii,
2478 5727 2657 5782 quam
2710 5710 2879 5766 nobis
2926 5709 3085 5765 ﬁlius
3131 5712 3342 5780 vester,
3386 5710 3641 5767 domnus
3690 5712 3798 5768 Ka-
