4108 6440
264 434 378 497 181

1486 428 1698 488 VITA.
1731 456 1810 469 —
1840 421 2362 487 DlSSERTATlO
2408 425 2485 485 II.

3586 423 3703 485 182

268 568 437 627 rolns
466 567 801 641 imperator
830 564 1008 633 dedit,
1041 564 1097 619 in
1133 562 1412 636 parabola
1442 562 1789 617 Octavarum
1832 559 1934 612 Pa-
1971 560 2017 622 Α
2058 562 2223 611 Patre
2244 562 2295 614 et
2318 560 2457 615 Filio
2483 560 2798 630 precedent.
2849 557 3284 625 Animadverte,
3336 558 3704 629 processionis

273 659 450 723 schaa,
483 656 586 713 ubi
622 656 793 720 dixit,
827 656 932 710 Sed
959 655 1077 727 ejus
1106 655 1297 708 missio
1338 653 1457 723 ipsa
1503 651 1776 723 processio
1834 653 1933 709 est,

279 752 375 820 qui
399 749 644 803 dePatre
672 744 927 814 procedit
955 748 1005 798 et
1031 744 1198 799 Filio.
1261 742 1325 796 Et
1374 743 1432 795 in
1483 740 1703 813 Regula
1752 738 1937 793 sancti

274 835 589 906 Benedicti,
626 851 810 904 quam
846 834 1015 888 nobis
1046 832 1208 886 dedit
1238 830 1394 885 ﬁlius
1452 835 1642 884 vester
1684 830 1938 883 domnus

282 925 546 995 Karolus,
578 941 712 995 quae
743 923 923 978 habet
952 921 1128 976 ﬁdem
1181 920 1458 991 scriptam
1513 919 1584 973 de
1635 921 1838 973 sancta
1886 920 1943 971 et

278 1013 649 1085 inseparabili
724 1011 1015 1067 Trinitate
1096 1009 1355 1064 dicitur:
1435 1007 1601 1062 Credo
1675 1006 1943 1077 Spiritum

274 1113 545 1169 sanctum,
583 1106 767 1157 Deum
796 1116 987 1155 verum
1017 1115 1093 1155 ea:
1122 1101 1291 1153 Patre
1326 1096 1711 1169 procedentem
1752 1103 1804 1149 et
1851 1095 1939 1147 Fi-

272 1195 365 1247 lio.
399 1192 465 1247 Et
504 1190 567 1245 in
630 1190 895 1262 Dialogo,
952 1204 1129 1260 quem
1190 1186 1361 1241 nobis
1416 1190 1612 1240 vestra
1658 1183 1941 1239 sanctitas

270 1282 404 1336 dare
433 1279 682 1352 dignata
713 1283 825 1345 est,
860 1276 1137 1332 similiter
1166 1275 1328 1330 dicit.
1376 1279 1441 1329 Et
1481 1274 1541 1329 in
1590 1274 1704 1327 ﬁde
1752 1270 1940 1328 sancti

261 1367 577 1425 Athanasii
609 1367 811 1423 eodem
850 1367 1021 1421 modo
1069 1364 1232 1420 dicit.
1281 1387 1309 1415 ››
1343 1364 1445 1419 His
1493 1362 1683 1417 Latini
1733 1378 1939 1417 mona-

264 1457 359 1514 chi
392 1456 786 1512 vindicabant
829 1455 1205 1511 documentis
1255 1451 1603 1526 particulam
1655 1451 1932 1521 Filioque,

262 1564 452 1620 quam
486 1545 746 1616 Symbolo
783 1544 1397 1615 Constantinopolitano
1450 1543 1730 1598 insertam
1778 1540 1934 1613 lege-

256 1637 430 1702 bant,
480 1635 932 1706 canebantque;
982 1649 1233 1705 eamque
1282 1632 1485 1688 eodem
1546 1630 1605 1685 in
1659 1630 1933 1702 Symbolo

257 1726 380 1780 dici
410 1724 792 1780 consuevisse
826 1726 890 1779 in
929 1723 1147 1796 capella
1192 1720 1381 1778 Caroli
1429 1720 1625 1792 Magni
1673 1719 1931 1791 impera-

252 1814 438 1881 toris,
470 1818 787 1869 testantur.

332 1902 653 1957 Summum
689 1900 1037 1957 Pontiﬁcem
1098 1901 1266 1955 enixe
1314 1902 1559 1971 rogant:
1619 1898 1688 1954 Ut
1724 1898 1928 1969 digne-

260 1990 352 2046 ris
382 1989 732 2062 (inquiunt),
767 1994 888 2046 tam
946 1992 1007 2045 in
1057 1989 1245 2047 Graeco
1292 2005 1468 2060 quam
1521 1990 1583 2043 in
1620 1989 1814 2044 Latino
1861 1987 1931 2041 de

264 2080 497 2136 sanctis
542 2078 838 2145 Patribus,
886 2079 987 2151 qui
1045 2077 1385 2151 Symbolum
1452 2081 1925 2149 composuerunt,

262 2168 570 2239 inquirere
600 2184 933 2223 sermonem
971 2168 1179 2233 istum,
1213 2167 1310 2222 ubi
1359 2167 1575 2222 dicitur
1619 2168 1714 2221 Ea:
1759 2170 1929 2221 Patre

264 2258 523 2330 Filioque
549 2258 812 2328 procedit.
859 2258 929 2312 Et
974 2258 1034 2311 in
1079 2256 1275 2312 Graeco
1325 2273 1442 2312 non
1491 2255 1717 2320 dicunt,
1776 2255 1929 2310 sicut

264 2347 543 2402 noszsed
577 2347 798 2413 dicunt,
833 2347 941 2415 Qui
969 2362 1039 2402 ex
1088 2351 1254 2401 Patre
1300 2345 1585 2414 procedit;
1635 2349 1692 2399 et
1738 2345 1930 2399 rident

260 2434 449 2491 istum
484 2451 817 2491 sermonem
860 2451 1119 2509 gravem,
1169 2450 1345 2506 quem
1395 2451 1505 2489 nos
1563 2434 1817 2489 dicimus
1866 2434 1925 2489 in

264 2524 495 2580 Latino.
530 2525 601 2579 Et
630 2524 913 2580 mandare
943 2524 1202 2596 digneris
1233 2523 1450 2579 domno
1482 2522 1689 2578 Karolo
1737 2523 1921 2595 impe-

260 2613 445 2668 ratori
478 2612 603 2667 ﬁlio
634 2618 846 2680 vestro,
880 2613 1036 2685 quod
1087 2629 1195 2668 nos
1247 2612 1432 2668 istum
1481 2628 1813 2668 sermonem
1861 2614 1921 2666 in

256 2702 382 2767 eius
437 2702 655 2774 capella
701 2701 1077 2757 audivimus:
1133 2704 1248 2775 Qui
1303 2718 1376 2757 ex
1430 2705 1599 2756 Patre
1670 2703 1924 2772 Filioque

260 2791 533 2860 procedit.
564 2811 594 2840 »
643 2791 917 2863 Epistolas
963 2791 1330 2862 subscriptos
1375 2790 1627 2862 legimus
1676 2791 1927 2845 Domini—

256 2897 390 2936 cum
423 2880 781 2950 Theodorum,
832 2879 1224 2947 Arimundum,
1257 2880 1596 2951 Gregorium,
1640 2881 1922 2949 Joannem,

259 2975 526 3038 Leonem,
552 2974 606 3025 et
630 2987 853 3026 omnem
880 2972 1361 3041 congregationem
1405 2969 1468 3024 de
1514 2973 1696 3024 monte
1741 2970 1925 3024 sancto

267 3060 494 3116 Oliveti.
526 3059 911 3115 addiscimus
941 3058 1128 3132 primo
1170 3057 1499 3131 Symbolum
1536 3058 1925 3113 Constantino-

270 3151 583 3219 politanum
613 3148 745 3203 cani
777 3148 1152 3204 consuevisse
1189 3147 1249 3202 in
1295 3147 1458 3220 regio
1505 3146 1693 3202 Caroli
1732 3145 1926 3218 Magni

278 3236 494 3292 sacello
522 3242 764 3293 auctum
796 3237 1103 3309 particula,
1138 3237 1421 3307 Filioque:
1456 3236 1707 3306 hujusce
1755 3235 1923 3290 addi-

2051 664 2120 704 co:
2167 660 2401 720 utroque
2444 650 2660 720 dogma
2717 648 3086 704 conﬁrmari:
3144 650 3214 703 de
3276 648 3575 717 adjectione
3632 648 3705 702 ad

2052 737 2395 808 Symbolum
2446 737 3162 808 Constantinopolitanum
3232 737 3457 792 nullam
3520 734 3705 807 ingeri

2053 827 2429 881 mentionem.

2122 916 2339 971 Habita
2368 933 2501 970 vero
2557 915 2909 986 Aquisgrani
2974 915 3232 987 synodus
3274 931 3308 968 a
3335 913 3535 970 Carolo
3584 915 3705 969 Ma-

2053 1020 2168 1076 gno
2201 1006 2267 1061 de
2290 1000 2635 1077 processione
2663 1004 2911 1076 Spiritus
2941 1006 3139 1060 sancti.
3173 1006 3323 1059 Tum
3366 1003 3537 1075 legati
3588 1004 3702 1059 Ro-

2054 1112 2212 1149 mam
2245 1094 2431 1161 missi,
2492 1100 2556 1149 ut
2601 1100 2759 1149 mota
2814 1096 3044 1165 quaestio
3100 1094 3441 1162 (Ieﬁuiretur,
3504 1097 3567 1147 ut
3623 1091 3705 1147 ait

2054 1183 2405 1255 Eginardus.
2439 1187 2614 1238 Putat
2641 1182 2927 1238 Baronius
2971 1184 3043 1237 ad
3088 1199 3310 1237 annum
3358 1183 3483 1246 809,
3533 1198 3699 1237 num.

2050 1272 2119 1327 53
2144 1290 2155 1327 :
2182 1294 2209 1321 ‹‹
2236 1273 2574 1328 Tractatum
2618 1289 2733 1327 non
2769 1273 2975 1342 fuisse,
3007 1288 3148 1326 num
3183 1270 3439 1343 Spiritus
3462 1274 3702 1326 sanctus

2048 1379 2084 1416 a
2114 1362 2283 1417 Patre
2327 1364 2575 1433 Filioque
2618 1362 2962 1433 procederet:
3007 1362 3109 1416 sed
3159 1361 3312 1431 quod
3364 1365 3493 1414 tum
3545 1359 3700 1430 apud

2048 1450 2361 1521 Hispanos,
2395 1455 2520 1505 tum
2553 1451 2704 1519 apud
2740 1449 2938 1505 Gallos
2996 1448 3205 1503 additae
3254 1450 3492 1503 fuerunt
3542 1464 3700 1519 sym-

2046 1539 2177 1595 bolo
2214 1544 2469 1611 quatuor
2499 1538 2610 1594 illae
2644 1539 2906 1611 syllabae,
2935 1540 3223 1610 Filioque;
3266 1554 3410 1592 num
3443 1537 3501 1591 id
3554 1538 3701 1592 bene

2044 1630 2263 1684 factum
2297 1633 2475 1695 esset,
2506 1633 2571 1683 ut
2600 1633 2658 1683 et
2682 1629 2765 1682 ita
2794 1636 3019 1683 auctum
3047 1627 3372 1699 Symbolum
3398 1627 3459 1680 in
3508 1626 3700 1681 Eccle-

2044 1717 2132 1773 sia
2162 1723 2535 1772 caneretur.»
2568 1718 2689 1772 Imo
2736 1718 2808 1772 de
2850 1716 2979 1787 ipsa
3027 1716 3279 1788 Spiritus
3335 1715 3522 1771 sancti
3569 1730 3699 1785 pro-

2042 1806 2326 1877 cessione,
2359 1812 2557 1861 utrum
2588 1823 2622 1860 a
2650 1808 2815 1861 Patre
2854 1810 3091 1872 tantum,
3142 1822 3216 1859 an
3247 1821 3287 1861 α
3315 1806 3478 1860 Patre
3527 1804 3697 1859 Filio-

2043 1913 2144 1967 que
2193 1895 2471 1966 procedat,
2507 1899 2726 1950 motam
2786 1911 2914 1950 esse
2945 1912 2976 1949 a
3026 1894 3241 1949 Graecis
3290 1894 3696 1965 quaestionem,

2041 2001 2289 2056 eamque
2320 1985 2674 2042 discussam.
2708 2000 2812 2056 pro
2844 1988 3001 2038 certo
3032 1982 3253 2038 habent
3297 1980 3586 2047 Cointius,
3640 1984 3698 2035 et

2042 2074 2274 2143 Pagius,
2309 2073 2524 2145 aliique
2554 2072 2663 2128 viri
2706 2073 2880 2128 docti.
2928 2070 3287 2144 Evangelicis
3325 2069 3693 2127 documentis

2038 2162 2348 2223 instructa.
2383 2180 2447 2217 ac
2480 2163 2716 2217 Patrum
2750 2161 3167 2216 traditionibus
3217 2159 3446 2215 munita
3492 2158 3693 2215 docuit

2039 2269 2271 2324 semper
2302 2252 2565 2307 Romana
2594 2249 2851 2306 Ecclesia
2881 2250 3133 2321 Spiritus
3160 2250 3345 2305 sancti
3367 2248 3691 2321 processio-

2037 2358 2172 2395 nem
2213 2341 2285 2395 ab
2346 2344 2617 2411 utroque.
2663 2339 2935 2395 Nondum
2986 2354 3111 2393 eam
3174 2339 3551 2393 addimentum
3598 2352 3686 2392 re-

2036 2431 2258 2502 cepisse
2290 2430 2358 2485 ad
2396 2429 2741 2502 Symbolum
2774 2427 3507 2499 ConstantinOpolitanum,
3529 2431 3687 2483 certo

2038 2520 2315 2575 evincunt
2362 2536 2488 2590 quae
2541 2518 2827 2573 hactenus
2872 2516 3285 2572 disseruimus.
3335 2515 3489 2570 Num
3538 2514 3687 2571 illud

2036 2609 2147 2663 hac
2177 2612 2344 2663 aetate
2371 2605 2801 2678 approbaverit,
2836 2605 3255 2676 receperitque,
3290 2603 3444 2657 infra
3486 2603 3687 2658 dicen-

2123 2713 2202 2752 Π]-

2123 2713 2202 2752 m.

2039 2699 2205 2840 duIII.
2241 2789 2410 2839 Anno
2440 2786 2547 2838 787
2592 2788 2793 2838 coacta
2842 2798 2909 2836 ac
2953 2781 3245 2836 celebrata
3296 2780 3405 2835 fuit
3461 2782 3689 2838 Nicaena

2037 2874 2296 2937 secunda,
2343 2890 2406 2927 ac
2437 2873 2693 2945 septima
2722 2869 3082 2926 cecumenica
3123 2870 3406 2940 synodus.
3458 2870 3687 2925 Editam

2038 2969 2242 3019 contra
2290 2962 2706 3018 lconomaohos
2764 2960 3167 3015 deﬁnitionem
3228 2959 3363 3013 ﬁdei
3429 2959 3692 3014 continet

2038 3053 2186 3107 actio
2222 3055 2284 3120 -7,
2346 3052 2405 3106 in
2468 3069 2586 3123 qua
2641 3051 2961 3122 Symbolum
3018 3048 3689 3119 Constantinopolitanum

2036 3142 2323 3197 insertum
2352 3140 2584 3211 legitur.
2619 3141 2837 3194 Textus
2867 3138 3101 3193 Graecus
3142 3137 3261 3192 haec
3308 3140 3542 3192 tantum
3590 3137 3691 3192 ha-

2038 3232 2134 3286 bet
2176 3231 2393 3285 verba:
2441 3229 2511 3281 Τὸ
2562 3227 2621 3281 ἐκ
2666 3231 2767 3280 τοῦ
2834 3226 3045 3302 Πατρὸς
3113 3223 3562 3300 ἐκπορευόμενον,
3618 3243 3691 3282 ea:

283 3324 464 3380 tionis
488 3326 769 3398 originem
802 3325 1109 3397 ignorasse
1141 3325 1461 3380 monachos
1486 3322 1618 3379 illos
1643 3322 1701 3377 in
1727 3327 1925 3379 monte
1956 3295 1997 3360 Ο
2038 3323 2200 3375 Patre
2225 3319 2621 3391 procedentem.
2672 3317 2876 3372 Versio
2932 3316 3159 3385 Latina,
3210 3334 3337 3387 qua:
3367 3333 3399 3371 e
3452 3316 3689 3388 regione

276 3412 505 3478 Oliveti,
537 3430 886 3486 moremque
915 3413 1282 3470 Gallicanum
1317 3431 1424 3469 suo
1455 3412 1514 3467 in
1566 3413 1925 3468 monasterio

265 3518 571 3559 servasse:
621 3504 887 3569 adeoque
933 3501 1106 3575 longe
1156 3508 1289 3558 ante
1346 3502 1662 3566 concilium
1714 3502 1925 3573 Aquis-

259 3607 558 3664 granense
587 3609 727 3648 voce
757 3591 860 3647 illa
890 3592 1218 3664 Symbolum
1263 3591 1927 3663 Constantinopolitanum

259 3679 591 3737 Gallicanis
621 3680 681 3736 in
712 3680 992 3737 Ecclesiis
1020 3685 1259 3737 auctum
1294 3681 1493 3736 fuisse.

334 3771 530 3835 Quam
579 3770 694 3825 Leo
725 3769 802 3825 III
850 3767 1569 3841 acoeperatamonacbis,
1618 3769 1691 3823 ad
1750 3767 1926 3823 Caro-

258 3858 389 3914 lum
425 3858 714 3931 Magnum
760 3859 1097 3914 transmisit
1150 3856 1479 3930 epistolam.
1534 3856 1691 3912 Fidei
1749 3857 1922 3912 etiam

255 3947 706 4003 confessionem
738 3946 1066 4017 subjunxit,
1101 3947 1170 4001 ad
1190 3947 1424 4002 eosdem
1457 3946 1778 4001 monachos
1800 3963 1927 4017 per-

253 4037 611 4093 ferendam:
656 4036 778 4091 haeo
824 4036 1119 4092 habentur
1167 4035 1365 4090 omnia
1418 4036 1571 4105 apud
1621 4034 1927 4089 laudatum

261 4124 614 4181 Baluzium:
655 4148 681 4173 ‹‹
704 4124 951 4181 Domino
972 4124 1242 4196 piissimo
1264 4129 1319 4180 et
1338 4123 1714 4180 serenissimo
1749 4124 1930 4180 victo-

262 4216 313 4270 ri
366 4231 441 4271 ac
492 4214 917 4287 triumphatori
957 4213 1076 4269 ﬁlio
1123 4214 1371 4269 amatori
1420 4213 1517 4269 Dei
1572 4217 1629 4268 et
1694 4213 1928 4268 Domini

263 4304 458 4360 nostri
489 4304 634 4359 Jesu
669 4302 887 4359 Christi
915 4302 1119 4358 Carolo
1146 4304 1430 4375 Augusto,
1463 4303 1574 4357 Leo
1615 4303 1927 4373 episcopus

264 4409 474 4449 servus
506 4409 812 4448 servorum
840 4391 1012 4448 Dei...
1069 4392 1345 4447 Praesenti
1389 4408 1541 4447 anno
1590 4392 1928 4450 direxerunt

267 4482 445 4538 nobis
474 4480 788 4554 epistolam
816 4479 1091 4536 monachi
1133 4480 1235 4552 qui
1284 4479 1346 4535 in
1375 4484 1562 4535 sancto
1590 4488 1775 4535 monte
1800 4480 1925 4538 Oli-

262 4572 373 4627 veti
425 4574 761 4638 morantur,
818 4569 955 4625 ﬁdei
1014 4568 1447 4624 contentionem
1506 4568 1925 4639 continentem,

2036 3414 2282 3481 prostat,
2315 3408 2399 3463 sic
2419 3408 2629 3463 habet:
2666 3409 2773 3476 Qui
2801 3423 2870 3461 ea:
2916 3407 3086 3461 Patre
3132 3406 3384 3477 Filioque
3426 3405 3686 3477 procedit.

2035 3499 2183 3553 Nota
2208 3498 2546 3568 appingitur
2565 3496 2623 3550 in
2647 3494 3102 3573 Collectionibus
3123 3493 3501 3550 conciliorum
3533 3495 3689 3564 apud

2038 3588 2363 3653 Labbeum,
2396 3591 2454 3640 et
2504 3585 2897 3652 Harduinum,
2931 3600 3129 3638 vocem
3178 3582 3342 3638 illam
3389 3582 3581 3638 omitti
3628 3582 3689 3638 in

2036 3677 2222 3732 codice
2275 3676 2530 3746 Jolyano,
2591 3678 2649 3728 et
2697 3673 2756 3726 in
2814 3672 2925 3728 alio
2984 3688 3159 3744 quem
3210 3676 3380 3727 vocat
3440 3675 3692 3727 nostrum

2039 3765 2394 3821 Harduinus.
2430 3764 2555 3819 Alia
2584 3768 2775 3818 exstat
2826 3763 2980 3834 apud
3034 3762 3340 3817 laudatum
3388 3762 3690 3817 Labbeum

2037 3855 2244 3911 Latina
2271 3854 2461 3910 versio
2493 3854 2740 3923 hujusce
2783 3851 2990 3923 synodi
3038 3850 3321 3923 septimae,
3367 3867 3546 3922 quam
3585 3867 3689 3906 vo-

2036 3950 2131 4001 cat
2162 3946 2288 4016 ipse
2316 3944 2603 4011 vulgatam
2630 3946 2682 3996 et
2717 3942 3006 4012 antiquam
3038 3958 3051 3995 :
3105 3940 3205 3995 sed
3256 3956 3561 4012 perperam
3610 3940 3694 3995 ita

2035 4034 2227 4089 vocari
2262 4033 2503 4087 adnotat
2533 4031 2894 4098 Harduinus,
2929 4046 3061 4084 cum
3114 4033 3318 4084 auctor
3355 4028 3483 4097 ejus
3513 4028 3691 4084 fuerit

2039 4123 2329 4195 Gybertus
2361 4119 2703 4193 Longolius,
2738 4119 2841 4190 qui
2872 4135 3000 4173 eam
3034 4116 3285 4173 Coloniae
3324 4118 3514 4189 primo
3567 4118 3689 4173 edi-

2037 4213 2123 4267 dit
2155 4228 2307 4266 anno
2333 4211 2491 4265 1540.
2520 4211 2580 4263 In
2613 4209 2724 4263 hac
2754 4208 2932 4263 verba
2961 4206 3064 4261 illa
3092 4205 3217 4262 loco
3250 4206 3424 4261 citato
3465 4206 3687 4263 haben-

2034 4306 2170 4356 tur:
2198 4302 2263 4354 Et
2292 4302 2352 4355 in
2392 4299 2666 4369 Spiritum
2721 4305 2975 4352 sanctum
3022 4296 3336 4362 Dominum,
3395 4296 3688 4366 viviﬁcan-

2037 4400 2167 4457 tem,
2190 4391 2287 4461 qui
2314 4405 2386 4443 ex
2410 4390 2577 4442 Patre
2602 4387 2860 4457 Filioque
2886 4385 3151 4454 procedit.

2113 4479 2270 4533 184
2304 4479 2363 4532 In
2409 4475 2631 4531 Latinis
2675 4474 2905 4530 concilii
2955 4472 3273 4529 Florentini
3328 4473 3514 4543 Actis,
3563 4489 3692 4543 quae

2040 4566 2317 4622 Horatius
2345 4563 2720 4620 Justinianus
2771 4562 3022 4634 collegit,
3076 4561 3386 4634 disposuit,
3434 4564 3493 4617 et
3538 4562 3693 4619 notis

261 4676 450 4733 quam
482 4658 642 4713 inter
671 4675 734 4713 se
764 4658 1079 4715 habebant.
1128 4657 1247 4713 Nos
1289 4674 1423 4713 vero
1477 4658 1795 4729 Symbolum
1837 4674 1929 4712 or-
1960 4662 2008 4725 D
2040 4655 2378 4723 illustravit,
2430 4654 2554 4709 haec
2609 4652 2899 4707 habentur
2946 4651 3251 4708 collatione
3313 4667 3407 4705 v1:
3470 4673 3499 4702 «
3546 4653 3693 4707 Cum

267 4750 537 4807 thodoxw
564 4748 706 4819 ﬁdei
736 4747 853 4802 illis
902 4747 1201 4815 misimus,
1249 4752 1540 4819 quatenus
1587 4764 1792 4802 omnes
1845 4763 1935 4801 se-

259 4840 537 4896 cundum
572 4837 724 4892 hanc
753 4839 1016 4891 nostram
1037 4840 1300 4891 sanctam
1332 4834 1679 4890 catholicam
1703 4834 1928 4890 etIS3

262 4922 665 4999 apostolicam
704 4922 1048 4989 Ecclesiam,
1094 4913 1312 4977 rectam
1358 4926 1416 4978 et
1461 4923 1800 4978 inviolatam
1850 4928 1930 4977 te-

264 5028 453 5072 neant
482 5014 690 5078 ﬁdem,
715 5029 882 5084 quam
912 5028 1034 5068 vero
1070 5012 1357 5081 epistolam
1386 5017 1592 5067 vestrae
1640 5011 1930 5083 imperiali

260 5103 548 5179 potentia:
580 5102 859 5158 misimus
891 5101 1285 5173 relegandam.
1320 5123 1349 5151 υ
1392 5102 1544 5156 Tum
1576 5100 1778 5156 Carolo
1816 5101 1929 5154 im-

262 5194 512 5267 pensius
546 5191 930 5248 commendat
985 5189 1326 5245 monachos.
1389 5190 1551 5255 Quod
1613 5188 1932 5260 Symbolum

264 5283 593 5340 orthodoxae
621 5281 755 5352 ﬁdei
778 5284 967 5347 vocat,
1001 5279 1220 5334 ibidem
1262 5279 1646 5350 subjunctum
1696 5277 1929 5350 legitur.

267 5373 387 5429 Non
420 5378 515 5429 est
548 5369 899 5444 Symbolum
921 5367 1655 5439 Constantinopolitanum,
1680 5368 1779 5422 sed
1820 5366 1934 5422 alia

274 5461 545 5527 formula,
598 5476 733 5532 quae
783 5457 1049 5530 praedicti
1104 5455 1366 5529 Symboli
1415 5455 1692 5512 articulos
1754 5456 1933 5511 latius

272 5552 562 5624 explanat.
624 5548 873 5620 Incipit:
936 5546 1219 5602 Credimus
1271 5553 1519 5601 sanctam
1597 5545 1931 5608 Trinitatem,

270 5642 324 5696 id
350 5645 425 5698 est
457 5643 716 5707 Patrem,
750 5638 987 5704 Filium,
1037 5644 1089 5691 et
1135 5637 1413 5707 Spiritum
1457 5638 1727 5706 sanctum,
1780 5638 1888 5689 etc.
1917 5675 1930 5688 .

2012 4745 2313 4818 iseptimee
2366 4742 2572 4815 synodi
2618 4741 2911 4812 legeretur
2967 4741 3302 4813 Symbolum,
3379 4740 3695 4797 cardinalis

2039 4833 2356 4905 (Julianus)
2387 4832 2592 4886 librum
2624 4832 2884 4885 Latinum
2917 4830 3183 4885 exhibuit
3224 4830 3692 4900 antiquissimum,

2041 4924 2141 4977 ubi
2170 4925 2229 4977 in
2291 4922 2554 4993 Symboto
2614 4919 2774 4974 illius
2831 4918 3063 4974 concilii
3107 4922 3252 4988 erat,
3309 4920 3575 4989 Filioque.
3625 4919 3696 4973 Et

2041 5011 2330 5082 adjunxit,
2383 5010 2539 5082 quod
2588 5024 2658 5063 eae
2708 5008 2976 5064 Chronica
3027 5010 3377 5064 Martiniano
3423 5006 3695 5079 habetur,

2040 5101 2102 5156 in
2136 5100 2233 5155 illo
2270 5098 2517 5155 concilio
2568 5098 2783 5169 dogma
2825 5095 2971 5150 illud
3022 5095 3206 5151 fuisse
3253 5095 3628 5167 explicatum.
3666 5118 3688 5146 ι»

2043 5189 2260 5244 Iterum
2291 5187 2564 5243 Julianus
2595 5185 2713 5240 ait:
2751 5185 2892 5253 Quia
2929 5184 3249 5256 Symbolum
3284 5185 3509 5256 septimi
3561 5199 3696 5240 con-

2042 5280 2164 5332 cilii
2214 5293 2315 5349 per
2372 5292 2459 5331 eos
2507 5274 2781 5347 (Graecos)
2840 5275 3039 5328 lectum
3083 5289 3196 5329 non.
3261 5273 3419 5329 habet
3475 5273 3693 5341 dogma,

2040 5369 2328 5438 Filioque;
2359 5374 2409 5420 et
2450 5381 2549 5420 nos
2588 5364 2849 5418 habemus
2896 5379 3021 5417 cum
3070 5364 3166 5418 illo
3213 5363 3403 5417 verbo:
3458 5360 3692 5427 videtur,

2042 5460 2104 5511 ut
2140 5473 2210 5511 ex
2238 5464 2420 5510 nostro
2466 5469 2619 5509 more
2656 5454 2886 5523 legatur,
2940 5466 3107 5523 prout
3155 5452 3435 5508 habemus.
3486 5454 3699 5506 Conso-

2046 5549 2189 5600 nant
2222 5549 2366 5599 Acta
2396 5543 2592 5598 Graeco
2626 5542 2833 5598 Latina
2881 5542 3143 5597 sessione
3162 5543 3223 5596 ὃς
3246 5562 3272 5591 α
3304 5542 3385 5596 Ea
3424 5556 3560 5595 vero
3592 5539 3696 5595 de-
3778 5534 3781 5537 ’

2047 5634 2234 5689 ﬁnitio
2265 5631 2495 5705 (synodi
2518 5632 2802 5703 septimas)
2825 5647 2955 5686 cum
2993 5648 3026 5685 a
3054 5630 3223 5686 nobis
3261 5629 3520 5701 (Grecis)
3550 5627 3695 5685 reci-

270 5730 326 5786 in
355 5748 541 5805 eaque
571 5729 798 5787 dicitur
835 5725 1082 5798 Spiritus
1128 5732 1345 5781 sanctus
1387 5724 1585 5795 plenus
1643 5728 1814 5789 Deus,
1864 5740 1938 5779 eae
2045 5728 2290 5791 taretur,
2324 5720 2587 5795 prolatus
2617 5725 2706 5778 est
2736 5720 2881 5776 alter
2901 5721 3080 5776 codex
3101 5738 3135 5776 a
3169 5719 3393 5776 Latinis
3412 5718 3695 5789 antiquus
