4108 6462
343 463 459 526 183

1364 465 1685 528 GEORGII
1730 465 1996 527 CYPRII
2039 465 2158 527 CP.
2204 463 2740 527 PATRIARCH/E

3640 461 3759 526 ιθι

344 595 811 669 manuscriptus,
844 597 905 653 in
928 614 1046 671 quo
1077 598 1283 654 eadem
1314 598 1495 670 hujus
1531 598 1737 673 synodi
1787 599 1993 655 deﬁni-
2025 600 2079 667 Α
2114 599 2318 672 synodi
2365 599 2648 655 universae
2696 597 3097 655 deﬁnitionem
3142 597 3636 672 reprehendisset,
3696 600 3758 655 in

345 688 429 743 tio
462 686 887 743 continebatur.
912 688 1341 761 Inventumque
1362 693 1470 754 est,
1495 689 1594 744 ubi
1627 690 1697 744 de
1739 689 1995 761 Spiritus

2108 704 2226 759 qua
2259 691 2501 743 sanctus
2532 687 2783 760 Spiritus
2814 704 2929 742 non
2983 687 3197 743 dicitur
3247 706 3281 743 a
3310 692 3478 745 Patre
3518 705 3622 761 per
3670 690 3760 744 Fi-

350 775 537 833 sancti
590 775 890 831 divinitate
945 775 1162 848 agitur,
1229 777 1303 833 iis
1373 778 1604 834 verbis:
1678 780 1761 833 Ea:
1840 783 1999 834 Patre
2108 778 2247 833 lium
2271 776 2611 849 procedere?
2641 776 2769 832 Haec
2797 776 3002 849 utique
3032 776 3322 833 habentur
3358 778 3534 833 verba
3580 777 3756 833 actio-

345 864 766 939 procedentem,
799 864 1068 921 additum
1098 874 1151 921 et
1176 882 1247 922 ea:
1266 867 1426 933 Filio,
1459 867 1609 923 sicut
1630 867 1743 939 ipsi
1775 868 1996 923 dicunt.

350 956 535 1026 Atque
559 954 672 1010 hac
702 954 772 1009 de
802 970 863 1009 re
908 953 1162 1010 multum
1212 955 1470 1012 habuere
1524 974 1879 1025 sermonem,
1930 960 1998 1012 li-

2109 882 2182 922 ne
2203 867 2237 921 3
2267 867 2326 920 in
2362 866 2493 922 ﬁdei
2528 865 2889 938 professione
2919 882 2954 921 a
2973 866 3213 922 Tarasio
3236 866 3603 939 patriarccha
3622 871 3763 922 Con-

2112 954 2631 1026 stantinopolitano
2661 954 2819 1010 edita
2849 954 3037 1009 instar
3065 955 3349 1027 Symboli,
3382 955 3484 1011 ubi
3507 955 3587 1011 ait
3622 954 3757 1011 ille:

353 1046 516 1100 brum
545 1042 715 1099 nobis
746 1044 1124 1100 ostendentes
1158 1046 1321 1115 quasi
1363 1047 1657 1117 antiquum
1681 1063 1700 1099 :
1732 1062 1911 1118 seque
1931 1047 2002 1102 de
2110 1045 2176 1099 Et
2208 1045 2270 1098 in
2296 1045 2589 1115 Spiritum,
2622 1045 2940 1112 Dominum,
2972 1048 3023 1099 et
3053 1044 3443 1115 viviﬁcantem,
3476 1061 3545 1101 ea:
3594 1048 3768 1101 Patre

350 1132 452 1189 illo
477 1134 787 1203 jactantes,
818 1137 877 1188 et
926 1150 1057 1188 cum
1102 1138 1303 1189 nostro
1348 1134 1543 1190 codice
1585 1133 1753 1190 illum
1804 1136 2003 1191 confe-

353 1225 617 1278 rentes...
665 1219 783 1277 Nos
830 1220 1012 1293 igitur
1053 1222 1199 1276 nihil
1257 1223 1327 1277 ad
1378 1222 1488 1278 hoc
1564 1225 2002 1296 respondimus,

2107 1150 2210 1207 per
2255 1134 2463 1188 Filium
2512 1134 2911 1205 procedentem,
2948 1143 2999 1189 et
3027 1133 3277 1189 eumdem
3323 1136 3496 1190 Deum
3542 1151 3659 1190 esse
3711 1137 3767 1189 et

2113 1224 2376 1294 cognosci.
2410 1222 2540 1277 Haec
2596 1222 2677 1277 ita
2707 1238 2842 1277 cum
2885 1238 3014 1278 sese
3058 1222 3334 1291 habeant,
3386 1224 3648 1279 nondum
3688 1222 3763 1278 li~

356 1310 511 1382 quod
542 1325 659 1364 non
689 1309 889 1365 liceret
919 1325 1025 1381 per
1068 1315 1325 1383 tempus.
1376 1312 1631 1367 Tantum
1676 1329 1777 1369 eos
1826 1314 2004 1386 (quod
2115 1312 2316 1384 quido,
2366 1327 2432 1366 ac
2481 1315 2636 1367 certo
2685 1316 2915 1367 constat
2968 1312 3314 1385 Symbolum
3355 1313 3772 1369 Constantino-

354 1397 470 1471 ipsi
508 1397 905 1470 postularunt)
936 1398 1151 1455 hortati
1182 1416 1412 1467 sumus,
1446 1406 1512 1456 ut
1542 1403 1856 1458 recitarent
1896 1404 2007 1459 hu-

2118 1398 2445 1473 politanum
2477 1416 2610 1455 cum
2641 1399 2798 1455 vocis
2826 1401 3071 1472 Filioque
3101 1400 3401 1457 additione
3433 1400 3493 1456 in
3548 1400 3773 1473 synodo

352 1486 619 1559 jusmodi
675 1486 1119 1559 expositionem,
1180 1489 1331 1544 sicut
1395 1489 1455 1545 in
1513 1489 1664 1547 libro
1722 1491 2005 1565 scriptum
2117 1489 2353 1544 Nicaeus
2382 1506 2423 1543 ιι
2456 1489 2763 1544 recitatum
2794 1490 2997 1545 fuisse.

361 1576 708 1632 habebatur.
748 1597 777 1625 ››

434 1664 670 1720 Martini
700 1664 921 1731 Poloni,
954 1667 1125 1736 cujus
1145 1667 1420 1723 utebatur
1439 1669 1783 1725 auctoritate
1824 1670 2009 1726 Julia-

2192 1578 2407 1634 Grsecis
2446 1581 2723 1649 attamen,
2784 1577 2885 1650 qui
2936 1578 3368 1649 processionem
3415 1578 3485 1634 ab
3542 1583 3774 1651 utroque

2122 1666 2414 1739 rejiciunt,
2448 1665 2624 1722 allata
2664 1667 2843 1722 verba
2882 1667 3107 1722 Tarasii
3158 1667 3411 1723 maxime
3462 1668 3774 1723 adversan-

362 1771 476 1810 nus
506 1753 841 1822 cardinalis,
884 1756 1060 1811 verba
1110 1760 1253 1811 sunt
1307 1757 1365 1812 in
1426 1757 1747 1815 Chronico:
1807 1763 2011 1817 Horum
2121 1762 2255 1812 tur:
2297 1773 2432 1812 cum
2483 1756 2765 1829 Spiritum
2815 1761 3087 1812 sanctum
3144 1773 3215 1812 ea:
3262 1760 3427 1813 Patre
3481 1756 3776 1829 procedere

361 1842 753 1916 (Constantini
803 1846 861 1900 et
910 1846 1123 1913 Irenes)
1172 1846 1398 1917 imperii
1461 1864 1607 1904 anno
1650 1849 1684 1902 8
1726 1852 1874 1921 facta
1936 1860 2017 1907 est
2115 1862 2218 1918 per
2266 1847 2477 1901 Filium
2527 1844 2765 1917 perinde
2802 1860 2952 1913 esse,
3011 1860 3078 1899 ac
3122 1844 3320 1917 ipsum
3381 1861 3451 1901 ex
3493 1847 3663 1902 Patre
3720 1855 3773 1903 et

358 1933 596 1990 secunda
624 1932 867 2004 synodus
903 1933 967 1988 in
995 1933 1196 2002 Nicaea,
1220 1936 1321 1990 ubi
1349 1935 1651 2008 adfuerunt
1703 1941 1937 1996 trecenti
1963 1945 2014 1995 et
2043 1968 2091 2034 B
2122 1936 2263 1991 Filio
2312 1935 2625 2006 procedere,
2678 1933 2911 1988 invictis
2960 1937 3204 1988 Patrum
3268 1934 3625 1991 testimoniis
3683 1936 3779 1991 de-

360 2023 765 2096 quinquaginta
802 2025 1038 2078 Patres:
1088 2024 1151 2077 in
1207 2039 1319 2095 qua
1371 2024 1716 2096 afﬁrmatum
1762 2032 1842 2084 est
1891 2028 2011 2100 Spi-

363 2114 543 2167 ritum
571 2120 829 2167 sanctum
847 2126 921 2166 eas
946 2112 1118 2167 Patre
1146 2115 1197 2167 et
1226 2112 1370 2168 Filio
1394 2115 1702 2185 procedere.
1751 2117 1882 2173 Haec
1928 2119 2013 2173 vi-

365 2200 580 2256 dentur
626 2199 971 2271 praedictum
1026 2200 1184 2256 vocis
1238 2201 1489 2273 Filioque
1546 2204 2017 2261 additamentum

365 2289 648 2345 indicare.
682 2288 863 2344 Addit
891 2288 1177 2345 Baronius
1208 2290 1281 2345 ad
1313 2306 1534 2347 annum
1562 2294 1690 2348 787.
1725 2311 1890 2364 num,
1928 2297 2017 2363 38,

366 2378 428 2435 id
467 2378 669 2434 haberi
730 2380 793 2433 in
847 2386 1021 2434 vetere
1074 2379 1447 2436 translatione
1490 2381 1772 2438 Anastasii
1813 2384 2021 2440 Biblio-

369 2469 610 2525 thecarii
635 2466 1004 2524 adloannem
1037 2470 1164 2524 VIII
1212 2485 1426 2540 papam
1473 2475 1809 2544 conscripta,
1860 2483 1912 2530 et
1961 2476 2024 2529 in

372 2558 563 2617 Graeco
595 2561 767 2615 textu.
806 2561 875 2612 At
916 2557 974 2613 in
1021 2558 1244 2630 synodo
1294 2558 1630 2617 Florentina
1677 2562 1801 2618 loco
1845 2565 2022 2619 citato

369 2664 486 2705 non
519 2646 802 2720 agebatur
831 2646 903 2701 de
930 2651 1125 2704 Graeco
1156 2652 1309 2704 textu
1357 2650 1714 2707 additionem
1746 2653 2022 2725 habente,

368 2752 570 2792 verum
596 2735 669 2790 de
698 2735 844 2790 libro
894 2737 1086 2790 Latino
1131 2737 1541 2808 antiquissimo.
1592 2740 1677 2793 Ad
1727 2741 2023 2796 Anastasii

370 2823 804 2881 Bibliothecarii
834 2823 1282 2880 translationem
1334 2826 1488 2897 quod
1540 2827 1769 2896 attinet,
1820 2829 2026 2886 Petrus

374 2914 641 2970 Pithmus
670 2914 730 2968 in
764 2930 874 2969 sua
920 2913 1179 2970 Historia
1224 2916 1640 2972 Controversia
1690 2920 1900 2975 veteris
1954 2921 2026 2977 de

376 3002 751 3075 processione
781 3001 1039 3073 Spiritus
1082 3002 1293 3071 sancti,
1350 3020 1479 3075 qua).
1525 3010 1716 3062 exstat
1753 3008 1810 3063 in
1872 3009 2029 3066 calce

380 3091 593 3149 Codicis
624 3090 908 3147 (Iunonum
952 3094 1150 3147 veteris
1194 3092 1454 3150 Ecclesiae
1498 3096 1777 3167 Romanae,
1827 3099 2028 3153 adver-

382 3198 518 3239 sum
576 3179 824 3236 Baronio
886 3179 1154 3252 perhibet
1226 3181 1671 3240 testimonium:
1754 3189 2033 3244 Anastasii

2124 2027 2517 2079 monstratum
2564 2023 2642 2078 sit
2685 2023 2743 2077 in
2810 2023 3001 2094 priore
3069 2023 3503 2079 dissertatione.
3563 2025 3782 2081 Contra

2126 2110 2527 2168 adversarium
2577 2110 2835 2166 vindicat
2886 2112 3196 2167 Tarasiana
3237 2112 3415 2167 verba
3482 2113 3778 2169 Adrianus

2128 2202 2172 2271 l,
2202 2201 2260 2256 in
2293 2199 2540 2274 epistola
2569 2201 2642 2255 ad
2674 2200 2946 2256 Carolum
2979 2217 3197 2273 regem,
3249 2218 3378 2273 quas
3427 2202 3584 2274 apud
3640 2202 3784 2258 Lab-

2130 2291 2306 2346 beum
2338 2294 2567 2362 prostat
2596 2295 2723 2359 post
2757 2289 2963 2344 Latina
2991 2290 3256 2360 ejusdem
3289 2290 3493 2363 synodi
3535 2290 3784 2347 Nicanaa

2131 2383 2295 2445 Acta,
2328 2378 2621 2451 congestis
2674 2376 3128 2451 quampluribus
3157 2383 3496 2434 sanctorum
3543 2383 3787 2436 Patrum

2131 2467 2506 2525 testimoniis.
2576 2468 2701 2523 Hac
2756 2483 2882 2523 vero
2958 2469 3011 2523 si
3088 2472 3290 2524 attente
3370 2469 3792 2526 considerentur

2132 2559 2397 2630 (adnotat
2440 2556 2793 2628 Lequienus,
2844 2556 3258 2612 dissertatione
3304 2558 3329 2613 4
3369 2558 3792 2614 Damascenica

2133 2663 2298 2702 num.
2336 2647 2444 2717 12),
2475 2646 2621 2700 nihil
2658 2645 2815 2700 aliud
2842 2661 2940 2717 pro
2990 2647 3200 2717 majori
3254 2650 3416 2718 parte
3470 2648 3789 2715 enuntiant,

2132 2736 2248 2790 nisi
2294 2734 2566 2806 Spiritum
2607 2738 2857 2789 sanctum
2892 2750 2927 2788 a
2954 2735 3122 2789 Patre
3157 2750 3259 2806 per
3298 2735 3509 2791 Filium
3549 2736 3793 2791 homini-

2135 2827 2233 2881 bus
2262 2822 2505 2879 concedi.
2538 2824 2610 2877 At
2638 2821 2993 2895 quamplura
3030 2839 3136 2878 nos
3167 2823 3358 2895 priore
3389 2823 3448 2879 in
3500 2824 3789 2880 disserta-

2134 2913 2297 2970 tione
2328 2912 2734 2983 expendimus,
2794 2928 2922 2983 quaa
2973 2915 3250 2967 aeternam
3297 2912 3553 2985 Spiritus
3604 2914 3794 2969 sancti

2136 3020 2170 3058 a
2199 3004 2368 3058 Patre
2423 3006 2475 3057 et
2506 3018 2541 3056 a
2589 3002 2752 3069 Filio,
2800 2999 2886 3057 vel
2932 3018 2967 3057 a
3016 3007 3178 3057 Patre
3219 3018 3320 3073 per
3368 3003 3573 3059 Filium
3622 3002 3796 3076 origi-

2140 3108 2274 3148 nem
2316 3091 2585 3163 probant.
2642 3091 2700 3145 Id
2741 3090 2915 3146 etiam
2973 3090 3270 3155 evincunt,
3323 3108 3451 3158 qua
3501 3091 3793 3164 Spiritum

2140 3184 2414 3237 sanctum
2449 3196 2484 3234 a
2514 3178 2680 3233 Patre
2701 3183 2757 3233 et
2787 3194 2821 3233 a
2843 3177 3009 3249 Filio,
3045 3195 3149 3234 seu
3181 3195 3215 3234 a
3240 3183 3410 3235 Patre
3441 3197 3544 3252 per
3584 3180 3801 3236 Filium

370 3271 435 3327 Β.
470 3271 531 3325 Ε.
555 3267 1008 3337 Bibliothecarii,
1032 3268 1329 3340 inquiens,
1361 3273 1457 3342 qui
1492 3272 1676 3328 eodem
1720 3276 1839 3345 fere
1886 3285 2027 3332 tem-
2065 3329 2102 3345 η
2139 3271 2295 3325 mitti
2323 3268 2651 3324 enuntiant.
2683 3271 2797 3322 Cur
2853 3284 2969 3323 non
3027 3284 3183 3334 vero,
3234 3285 3366 3324 cum
3423 3269 3485 3324 in
3543 3271 3804 3326 Missione

377 3374 510 3430 pore
536 3359 704 3425 vixit,
734 3356 908 3426 paulo
932 3329 1054 3429 post
1091 3329 1191 3413 sub
1219 3329 1428 3416 Joanne
1482 3362 1602 3417 VIII
1643 3329 2029 3436 eamdémwslg)-
2061 3329 2105 3395 (ἶ
2145 3356 2378 3431 proprie
2408 3357 2565 3411 dicta
2594 3357 2710 3411 duo
2742 3360 3114 3424 concurrant,
3150 3329 3381 3413 externa
3421 3357 3620 3430 aliqua
3661 3376 3804 3432 pro-

376 3447 582 3504 nodum
624 3445 966 3518 (Nicenam)
1020 3447 1216 3502 Latine
1273 3448 1666 3520 inaerpretatus
1713 3455 1814 3524 est,
1865 3456 2037 3510 eodem

380 3536 529 3610 apud
563 3550 663 3592 nos
691 3536 1088 3606 antiqussimus
1114 3537 1259 3592 nihil
1289 3536 1404 3593 tale
1440 3541 1697 3596 continet.

452 3624 583 3680 Alio
634 3628 861 3696 pugnat
908 3628 1256 3697 argumento
1304 3627 1620 3684 Annalium
1668 3647 1880 3702 parens
1930 3650 2034 3704 pro

384 3713 706 3770 additione.
765 3712 961 3785 Inquit
1002 3730 1230 3770 numer.
1290 3716 1397 3771 39:
1454 3739 1483 3766 ‹‹
1530 3717 1812 3774 Caeterum
1888 3720 2036 3778 liber

383 3801 482 3859 ille
511 3802 726 3871 dictus,
757 3802 1082 3875 Capitulore
1112 3803 1373 3860 adversus
1401 3807 1689 3863 Nicaenam
1735 3811 2032 3881 synodum,

382 3891 606 3948 missus
636 3909 671 3947 a
699 3891 905 3948 Carolo
937 3892 1148 3964 Magno
1178 3894 1250 3949 ad
1284 3894 1602 3951 Adrianum
1634 3897 1701 3969 (Ι)
1736 3899 1886 3957 185
1923 3901 2033 3956 Ro-

385 3997 630 4038 manum
663 3979 1003 4036 Pontificem
1056 3981 1232 4052 (idem
1292 3982 1453 4054 Opus
1510 3989 1602 4038 est
1661 4002 1795 4041 cum
1844 3986 2032 4053 libris,

387 4070 489 4143 qui
533 4069 783 4126 Carolini
824 4071 1154 4141 vocantur),
1200 4086 1469 4141 quaenam
1519 4088 1800 4143 germana
1860 4077 2036 4133 fuerit

380 4159 554 4215 lectio
569 4160 697 4230 ejus
718 4164 914 4214 textus
937 4159 1019 4230 (in
1049 4159 1322 4232 Symbolo
1367 4160 2035 4239 Constantinopolitano)

382 4251 622 4305 edocet:
686 4252 886 4321 utpote
943 4248 1084 4319 quia
1140 4250 1212 4304 ab
1272 4255 1506 4306 auctore
1574 4253 2039 4324 reprehendatur

383 4337 595 4411 (libro:
628 4354 717 4404 III,
751 4337 940 4409 capite
968 4338 1046 4406 3),
1079 4339 1236 4408 quod
1269 4339 1524 4395 Tarasius
1552 4357 1663 4396 non
1720 4353 1862 4400 recte
1906 4361 2035 4401 sen—

382 4428 508 4493 tiat,
534 4428 635 4499 qui
652 4425 1206 4498 Spiritum:sanctum
1234 4443 1348 4483 non
1374 4445 1446 4484 ea:
1471 4430 1639 4484 Patre
1669 4440 1722 4486 et
1760 4433 1901 4488 Filio
1945 4451 2033 4489 se-

380 4515 626 4573 cundum
680 4516 897 4571 Nicaeni
943 4514 1084 4585 (imo
1152 4516 1780 4589 Constantinopolitani
1856 4521 2035 4578 inter-

379 4603 562 4676 polati
593 4603 846 4676 Symboli
880 4603 1063 4675 ﬁdem,
1094 4605 1187 4660 sed
1214 4622 1284 4660 ea:
1310 4607 1475 4662 Patre
1518 4624 1620 4677 per
1657 4610 1868 4665 Filium
1905 4627 2033 4682 pro-

2145 3446 2342 3503 ductio
2404 3446 2667 3513 eﬂ'ectus,
2726 3445 2898 3516 cujus
2946 3445 3105 3501 186
3172 3447 3395 3502 ratione
3469 3446 3806 3520 specialiter

2144 3535 2477 3590 inhabitare
2508 3550 2760 3605 persona
2789 3533 3023 3605 dicitur,
3047 3551 3174 3606 quae
3197 3534 3471 3604 mittitur,
3497 3537 3597 3593 sed
3622 3537 3804 3593 etiam

2145 3624 2412 3696 ejusdem
2444 3639 2704 3694 personae
2737 3622 2931 3679 missae
2961 3626 3302 3695 semyiterna
3324 3627 3596 3697 processio
3617 3625 3645 3680 ?
3694 3625 3808 3681 Ita-

2146 3729 2259 3785 que
2292 3728 2425 3768 cum
2458 3711 2712 3785 Spiritus
2760 3716 3001 3767 sanctus
3050 3713 3321 3769 mittatur
3368 3730 3403 3769 a
3441 3714 3611 3770 Pa‘tre
3665 3718 3724 3771 et
3769 3733 3809 3771 a

2145 3802 2313 3873 Filio,
2349 3804 2422 3857 ab
2456 3807 2704 3873 utroque
2737 3801 2959 3873 pariter
2987 3801 3269 3873 procedit.

2214 3891 2407 3946 Verba
2446 3890 2714 3961 quaedam
2766 3889 3080 3957 habentur,
3132 3890 3191 3945 in
3242 3890 3516 3963 Epistolis
3546 3908 3580 3946 a
3611 3891 3806 3948 Leone

2144 3982 2222 4037 III
2272 3979 2427 4035 datis
2485 3980 2556 4034 ad
2602 3976 2874 4034 Carolum
2924 3978 3227 4050 Magnum.
3288 3978 3657 4052 vulgatisque
3735 3985 3807 4037 ut

2145 4069 2554 4126 adnotavimus
2584 4084 2618 4123 a
2647 4066 2904 4137 Baluzio,
2932 4084 3059 4139 quae
3083 4067 3438 4141 dignissima
3456 4074 3597 4125 sunt
3617 4069 3805 4125 anim-

2146 4158 2513 4215 adversione:
2564 4158 2604 4211 A
2654 4157 3049 4229 Hierosolymis
3092 4157 3417 4213 detulerunt
3475 4158 3665 4231 (missi
3725 4161 3801 4215 ad

2144 4248 2341 4320 ipsum
2374 4247 2622 4301 Leonem
2654 4244 2924 4299 monachi
2956 4245 3174 4301 Montis
3205 4245 3433 4319 Oliveti)
3474 4247 3628 4303 nobis
3684 4250 3803 4319 epi-

2142 4337 2342 4393 stolam
2375 4336 2590 4391 Thomaz
2638 4334 3149 4406 Hierosolymorum
3199 4334 3579 4407 patriarchae:
3634 4353 3801 4408 quam

2145 4427 2452 4499 relegentes
2481 4425 2805 4496 reperimus,
2863 4427 2928 4478 ut
2975 4439 3079 4495 per
3132 4428 3380 4478 nostram
3436 4427 3802 4497 precatoriam

2144 4515 2431 4587 epistolam
2457 4517 2650 4569 vestrae
2677 4513 2876 4583 pietati
2901 4526 2988 4567 eos
3040 4512 3408 4585 (monachos)
3463 4514 3802 4570 commenda-

2143 4620 2346 4661 remus.
2382 4602 2513 4657 Haec
2569 4601 2846 4656 evincunt
2902 4599 3271 4673 apertissime
3332 4602 3589 4658 Thomam
3638 4607 3801 4660 Jero-

381 4693 630 4763 ﬁtentur.
670 4692 731 4747 Si
780 4709 917 4764 ergo
973 4692 1084 4747 hoc
1134 4693 1329 4765 ipsum
1377 4695 1664 4766 scriptum
1715 4698 1925 4753 fuisset
1974 4700 2029 4753 in
2064 4700 2110 4763 D
2140 4694 2538 4763 solymitanum
2574 4688 2978 4761 patriarcham,
3012 4689 3263 4762 ejusque
3299 4691 3527 4747 Graecos
3560 4693 3800 4766 presby-

379 4781 568 4838 totius
599 4781 804 4855 synodi
835 4782 963 4851 ﬁdei
985 4784 1343 4853 professione,
1378 4801 1503 4855 quae
1536 4785 1594 4840 in
1627 4786 1736 4840 hac
1784 4788 2039 4859 septima

382 4871 635 4927 habetur
663 4871 912 4940 actione,
964 4871 1240 4943 Spiritum
1285 4882 1534 4928 sanctum
1578 4875 1784 4930 scilicet
1807 4893 1842 4930 a
1870 4880 2039 4932 Patre

377 4977 486 5034 per
514 4961 723 5015 Filium
750 4961 1148 5032 procedentem,
1207 4968 1363 5017 certe
1420 4963 1659 5033 quidem
1711 4965 1783 5019 ab
1831 4965 2034 5020 adver-

382 5049 540 5106 sario
575 5065 689 5104 non
721 5065 869 5104 unus
899 5050 1158 5105 Tarasius
1189 5050 1246 5104 in
1302 5051 1521 5106 crimen
1572 5056 1814 5108 vocatus
1858 5059 2033 5120 esset,

382 5138 485 5193 sed
516 5138 646 5210 ipsa
672 5138 915 5209 synodus
953 5154 1238 5210 universa,
1271 5157 1450 5211 quam
1482 5141 1694 5195 acriter
1722 5140 2033 5216 impugna-

380 5227 555 5282 bat.»
591 5226 936 5299 Symbolum
980 5227 1720 5301 Constantinopolitanum,
1770 5233 1922 5300 quod
1973 5232 2032 5287 in

379 5315 489 5371 hac
519 5315 754 5371 Nicaena
781 5315 1504 5387 deﬁnitionefcontinetur,
1538 5335 1652 5375 non
1684 5319 1863 5375 habet
1909 5320 2033 5391 Spi-

376 5406 551 5461 ritum
578 5413 832 5460 sunctum
860 5422 896 5460 a
925 5407 1090 5462 Patre
1114 5423 1215 5478 per
1271 5408 1479 5462 Filium
1513 5410 1914 5479 procedentem.
1970 5410 2032 5465 In

379 5493 576 5549 Greco
605 5497 764 5548 textu
803 5494 1019 5566 legitur
1064 5495 1220 5550 idem
1266 5495 1507 5567 Spiritus
1554 5514 1587 5551 a
1640 5501 1805 5552 Patre
1845 5514 2031 5568 proce-

2149 4789 2303 4837 teros
2359 4779 2754 4835 criminationi
2805 4778 2876 4833 ab
2925 4778 3173 4845 Joanne,
3203 4784 3400 4834 Graeco
3453 4782 3798 4837 monasterii

2147 4872 2334 4927 sancti
2394 4870 2559 4925 Saba;
2616 4866 2926 4936 monacho,
2987 4872 3192 4923 contra
3241 4867 3480 4925 Latinos
3533 4870 3799 4943 impacta

2146 4961 2219 5015 ob
2250 4958 2677 5014 confessionem
2717 4958 3085 5028 processsonis
3140 4959 3209 5012 ab
3257 4960 3504 5029 utroque,
3555 4960 3800 5031 ejusque

2145 5048 2481 5104 additionem
2501 5045 2571 5101 ad
2600 5046 2938 5117 Symbolum,
2972 5045 3221 5101 minime
3274 5046 3664 5105 consensisse.
3721 5050 3800 5105 De

2145 5138 2373 5193 Thema
2402 5134 2738 5207 patriarcha
2765 5133 2882 5189 lato
2914 5132 3249 5206 disertoque
3279 5134 3505 5191 calamo
3555 5136 3799 5209 Lequie-

2146 5243 2258 5282 nus
2288 5226 2410 5298 agit
2440 5226 2498 5278 in
2532 5240 2638 5279 suo
2672 5216 2893 5285 Oriente
2921 5222 3258 5290 Christiano,
3285 5220 3447 5280 tomo
3486 5224 3583 5281 IlI.

2215 5315 2314 5372 IV.
2358 5315 2643 5383 Agitatam
2684 5311 2942 5367 vidimus
2991 5311 3374 5384 quaestionem
3428 5314 3500 5369 de
3546 5313 3804 5387 Spiritus

2145 5404 2330 5461 sancti
2388 5401 2759 5474 processione
2788 5419 2824 5456 α
2863 5405 3033 5457 Patre
3087 5408 3139 5456 et
3184 5418 3219 5456 a
3270 5401 3411 5456 Filio
3468 5406 3529 5457 in
3579 5404 3804 5477 synodo

2142 5497 2225 5565 Aq
2236 5494 2289 5548 ui
2299 5490 2601 5565 sgranensi
2629 5507 2782 5545 anno
2814 5490 2921 5544 809
2936 5489 3229 5545 celebrata
3242 5493 3429 5546 Mense
3451 5491 3800 5550 Novembrio.

380 5582 512 5636 dens
532 5600 550 5636 :
583 5583 924 5654 eademque,
944 5600 1059 5639 non
1091 5583 1259 5655 plura
1279 5585 1455 5640 verba
1480 5584 1793 5640 exhibebat
1827 5585 2035 5640 Latina
2144 5583 2411 5653 Legatos,
2465 5584 2809 5635 Bernharum
2866 5581 3179 5650 episcopum
3242 5580 3698 5649 Vormaciensem,
3744 5587 3804 5637 et

382 5671 678 5725 Anastasii
711 5670 1143 5727 Bibliothecarii
1184 5672 1389 5738 versio,
1423 5678 1572 5728 teste
1622 5671 1867 5728 Pithoeo.
1921 5677 2035 5727 Cur
2140 5669 2513 5726 Adethardum
2541 5670 2796 5725 abbatem
2854 5670 3175 5723 monasteriz
3208 5666 3472 5740 Corbeiee,
3510 5669 3583 5725 ad
3630 5686 3803 5728 sum-

381 5776 518 5832 ergo
550 5761 916 5818 ::dversarius
964 5762 1074 5819 sub
1107 5761 1292 5817 Caroli
1343 5761 1540 5834 Magni
1589 5761 1825 5818 nomine
1880 5762 2032 5819 hanc
2142 5777 2305 5818 mum
2364 5758 2703 5815 Pontificem
2763 5758 3016 5814 Leonem
3077 5757 3157 5813 III
3228 5756 3443 5815 missos
3500 5776 3535 5817 a
3591 5759 3796 5818 Carolo
