4108 6468
317 446 441 514 185

1540 450 1751 518 VITA.
1786 484 1867 501 —-
1893 452 2420 518 DISSERTATIO
2465 453 2543 517 II.

3630 446 3748 512 186

320 584 562 657 Magno,
595 586 666 640 ut
693 583 904 641 eadem
938 584 1174 641 demum
1226 586 1471 659 quaestio
1502 587 1843 659 tle/iniretur,
1876 591 1990 642 tra-
2016 587 2069 652 Α
2101 585 2343 642 tollendi
2395 587 2776 655 additionem,
2835 584 3087 660 symboli
3142 583 3412 641 videlicet
3463 585 3636 639 cantu
3684 582 3744 637 in

325 674 420 730 dit
444 674 785 747 Eginardus
815 674 878 729 in
930 675 1217 744 Chronico,
1264 676 1433 747 eique
1473 677 1848 732 consentiunt
1876 693 1988 732 cae-

327 764 441 819 teri
469 762 799 819 annalistaa.
834 764 926 818 Ad
960 765 1156 836 ipsum
1187 766 1520 837 pontiﬁcem
1555 767 1692 821 data
1722 783 1754 820 a
1785 766 1987 821 Carolo

335 853 541 925 Magno
591 856 786 908 exstat
834 852 1084 925 epistola
1139 854 1197 909 in
1249 855 1555 910 Labbeana
1604 854 1985 911 conciliorum

336 940 703 1007 collectione,
737 958 868 1013 quae
914 941 1155 1015 incipit:
1206 945 1466 1014 Quwstio,
1501 960 1624 1016 quae
1652 944 1717 999 de
1743 946 1989 1017 Spiritus

332 1032 510 1086 sancti
550 1032 902 1102 processione
949 1039 1027 1087 est
1068 1048 1246 1103 nuper
1291 1038 1500 1101 exorta,
1537 1034 1867 1105 jamdudum
1908 1042 1992 1089 est

334 1118 760 1190 diligentissime
815 1137 851 1174 α
904 1123 1111 1176 sanctis
1162 1123 1432 1178 Patribus
1480 1124 1768 1179 ventilata.
1802 1124 1983 1179 Testi-

333 1209 527 1263 monia
552 1213 800 1264 Patrum
837 1215 1235 1267 recensentur.

394 1299 542 1353 Acta
572 1297 791 1354 ibidem
823 1303 1042 1368 extant,
1091 1305 1148 1355 et
1177 1302 1331 1372 apud
1370 1302 1706 1370 Baronium,
1740 1303 1812 1358 ad
1845 1319 1981 1358 ann.

327 1387 453 1451 809,
509 1403 677 1443 num.
733 1388 805 1442 54
855 1387 1201 1455 Collationis,
1253 1407 1428 1462 quam
1485 1391 1678 1462 Legati
1730 1391 1986 1446 habuere

322 1490 462 1530 cum
497 1476 713 1531 Leone.
747 1480 960 1532 Actum
991 1494 1123 1533 vero
1152 1478 1408 1550 primum
1443 1480 1514 1535 de
1542 1479 1675 1550 ﬁdei
1701 1480 1984 1551 dogmate:

321 1566 456 1619 tum
489 1564 737 1635 quaestio
768 1565 998 1620 invecta
1029 1566 1100 1621 de
1146 1566 1412 1636 lectione,
1460 1568 1581 1624 sive
1625 1572 1800 1623 cantu
1832 1568 1987 1639 Sym-

325 1653 441 1709 boli
501 1653 1106 1726 Constantinopolitani
1158 1658 1307 1711 inter
1363 1658 1659 1711 missarum
1690 1658 1982 1724 solemnia,

324 1743 708 1814 maximeque
737 1759 870 1798 cum
903 1743 1059 1800 vocis
1094 1746 1343 1817 Filioque
1371 1746 1791 1803 additamento.
1823 1747 1982 1802 Titu-

322 1831 424 1888 lus
455 1835 584 1888 est:
619 1834 797 1901 Ratio,
845 1849 967 1905 quae
1011 1835 1203 1890 habita
1248 1843 1327 1890 est
1374 1835 1441 1890 de
1488 1835 1740 1908 Symbolo
1767 1837 1900 1907 ﬁdei
1924 1838 1985 1892 in

321 1923 628 1979 secretario
655 1925 839 1980 sancti
886 1924 1040 1978 Petri
1086 1925 1323 1996 apostoli
1368 1927 1517 1981 inter
1565 1925 1826 1982 domuum
1852 1928 1980 1982 Leo.
2015 1961 2063 2025 B

320 2028 455 2067 nem
510 2013 927 2068 sanctissimum
985 2020 1040 2068 et
1092 2015 1538 2087 coevangelicum
1579 2032 1788 2088 papam
1832 2016 1986 2071 urbis

322 2103 537 2168 Romae,
568 2106 623 2157 et
640 2103 981 2157 Bernarium
999 2105 1162 2175 atque
1181 2104 1330 2159 Iesse
1347 2106 1619 2175 episc0pos
1636 2120 1731 2161 seu
1751 2104 1984 2160 Adalar-

321 2191 462 2247 dum
517 2190 796 2257 abbatem,
853 2192 1047 2246 missos
1120 2191 1311 2248 damni
1376 2192 1560 2248 Caroli
1615 2195 1984 2265 imperatoris,

319 2295 429 2353 per
457 2279 821 2335 indictionem
867 2279 1180 2335 secundam.
1233 2282 1402 2353 Apud
1433 2281 1760 2337 annalistas
1788 2282 1987 2337 lauda-

323 2374 423 2426 tos
452 2367 622 2425 nulla
646 2370 790 2425 Iesse
818 2370 1059 2441 episcopi
1087 2371 1309 2425 mentio
1344 2370 1649 2442 ingeritur.
1683 2371 1984 2444 SuSpicio-

325 2475 466 2514 nem
513 2458 737 2514 invehit
785 2457 1020 2515 indictio
1066 2459 1323 2515 secunda.
1375 2460 1596 2515 Dicitur
1641 2461 1794 2516 enim
1855 2478 1983 2517 eam

327 2547 699 2604 Collationem
758 2547 1090 2620 scripsisse,
1142 2553 1243 2603 aut
1292 2546 1545 2604 edidisse
1603 2549 1985 2623 Smaragdus,

328 2637 520 2692 abbas
542 2636 730 2692 sancti
759 2635 1063 2692 Michaelis
1084 2637 1157 2692 ad
1189 2637 1414 2693 Mosam
1439 2654 1452 2692 :
1479 2638 1579 2710 qui
1598 2640 1987 2695 Novembrium

323 2741 574 2781 mensem
605 2726 745 2781 anni
773 2726 881 2780 809
929 2724 1056 2781 sine
1085 2726 1262 2782 dubio
1306 2730 1567 2782 notasset
1583 2728 1751 2799 juxta
1780 2745 1987 2785 morem

326 2813 485 2870 I87
521 2822 846 2869 consuetum
893 2814 1199 2871 indictione
1244 2816 1426 2871 tertia.
1473 2816 1817 2872 Addendum
1852 2834 1984 2889 pos-

326 2908 523 2958 tremo
553 2902 909 2976 legationem
963 2903 1303 2975 pradictam
1349 2907 1483 2976 post
1529 2906 1801 2962 eumdem
1833 2923 1984 2963 men—

323 3009 445 3048 sem
476 2992 833 3048 novembrem
863 3009 898 3047 a
927 2991 1130 3049 Carolo
1179 2993 1389 3065 Magno
1420 2993 1725 3063 directam,
1762 3013 1875 3051 non
1906 2995 1987 3051 ita

327 3082 498 3137 facile
544 3081 829 3154 compleri
878 3086 1012 3137 ante
1062 3098 1284 3137 annum
1334 3082 1461 3151 810,
1507 3088 1564 3138 et
1606 3083 1985 3142 indictionem

333 3170 561 3226 tertiam
593 3170 886 3244 potuisse.
924 3170 1068 3227 Hinc
1117 3175 1358 3226 censent
1394 3172 1502 3226 viri
1533 3172 1709 3243 docti,
1742 3173 1982 3229 titulum

337 3258 414 3313 ab
465 3257 652 3330 aliquo
703 3257 886 3315 sciolo
944 3259 1280 3332 appositum
1319 3275 1467 3327 esse,
1529 3261 1601 3316 de
1649 3262 1985 3319 sinceritate

338 3346 654 3404 Collationis
681 3347 831 3403 nihil
864 3348 1222 3405 haesitantes.

398 3437 592 3493 Primo
622 3436 751 3494 loco
799 3437 939 3493 lecta
985 3441 1118 3493 sunt
1158 3455 1193 3494 a
1234 3438 1517 3511 prxdictis
1556 3441 1741 3496 missis
1764 3457 1867 3512 per
1893 3458 1982 3497 or-

318 3525 511 3582 dinem
538 3528 856 3583 testimonia
903 3527 1211 3599 (Patrum),
1264 3532 1427 3600 atque
1465 3546 1503 3585 a
1530 3528 1726 3586 domno
1754 3532 1982 3600 Aposto-

316 3617 427 3672 tico
459 3615 902 3690 diligentissime
946 3617 1140 3672 audita
1186 3617 1282 3672 Ait
1321 3617 1420 3673 ille
1447 3635 1622 3675 vero:
1653 3621 1737 3675 Ita
1780 3622 1981 3691 sentio,

316 3706 401 3760 ita
460 3713 616 3761 teneo
670 3721 796 3760 cum
853 3706 942 3761 his
996 3706 1331 3772 auctoribus,
1383 3714 1434 3762 et
1483 3724 1652 3763 sacrae
1680 3708 1984 3780 Scriptura

309 3795 663 3851 auctoribus.
694 3795 759 3850 Si
784 3796 909 3867 quis
957 3794 1124 3850 aliter
1149 3794 1215 3851 de
1263 3795 1369 3852 hac
1415 3812 1476 3852 re
1509 3799 1737 3865 sentire,
1769 3799 1854 3854 vel
1884 3799 1981 3855 do-

308 3900 443 3940 cere
486 3884 750 3952 voluerit,
800 3883 1032 3956 defendo
1081 3887 1210 3951 (seu
1262 3884 1560 3957 inhibeo);
1610 3895 1662 3942 et
1702 3889 1816 3949 nisi
1850 3904 1980 3943 con-

306 3990 511 4030 versus
546 3975 745 4045 fuerit,
774 3977 827 4030 et
852 3973 1151 4029 secundum
1177 3974 1322 4030 hunc
1341 3990 1564 4030 sensum
1584 3983 1771 4032 tenere
1796 3979 1980 4034 volue-

307 4066 415 4129 rit,
465 4065 751 4119 contraria
803 4065 1126 4119 sentientem
1171 4064 1439 4134 funditus
1485 4065 1666 4136 ejicio.
1716 4070 1782 4121 In
1832 4065 1980 4122 libro

310 4153 548 4208 Dinrno
578 4152 979 4207 Romanorum
1010 4152 1355 4224 pontiﬁcum
1401 4158 1671 4226 prostant
1698 4156 1834 4225 ﬁdei
1852 4173 1981 4228 pro-

308 4243 589 4313 fessiones
615 4245 757 4309 tres,
790 4257 941 4314 quas
972 4258 1080 4297 sua
1121 4241 1181 4297 in
1214 4242 1584 4299 ordinatione
1612 4243 1726 4315 ipsi
1757 4244 1982 4301 emitte-

312 4330 463 4386 bant
487 4329 802 4402 pontiﬁces
826 4331 1076 4386 Romani
1099 4329 1209 4387 hac
1235 4334 1422 4401 aetate,
1451 4349 1518 4387 ac
1539 4348 1657 4387 aevo
1680 4333 1936 4406 sequiori
1960 4352 1974 4390 :

310 4420 459 4476 etin
501 4417 688 4474 altera
716 4418 959 4490 quidem
1000 4418 1121 4475 haec
1170 4420 1499 4477 habentur:
1555 4420 1825 4493 Spiritum
1855 4425 1973 4491 Dei,

303 4510 492 4565 Filius
521 4507 590 4564 de
613 4524 712 4564 suo
742 4509 996 4579 accipere
1050 4510 1307 4581 perhibet
1339 4553 1352 4565 .
1391 4553 1404 4566 .
1442 4553 1456 4565 .
1516 4514 1570 4566 et
1627 4513 1975 4583 insufﬂando

308 4598 633 4670 discipulis,
691 4599 934 4670 Accipite
992 4598 1266 4671 Spiritum
1296 4608 1559 4656 sanctum
1604 4605 1784 4672 utpote
1828 4601 1894 4657 de
1919 4619 1975 4658 se

2104 675 2319 747 palatio
2349 677 2608 749 primum
2665 676 2865 750 Regio,
2927 676 3136 731 deinde
3185 674 3244 729 in
3298 673 3429 730 aliis
3472 671 3747 729 Ecclesiis

2099 769 2514 836 praetermisso.

2169 854 2542 911 Collationem
2579 855 2770 927 ipsam
2803 855 2977 911 liceat
3025 853 3365 927 diligentius
3395 852 3742 924 expendere,

2097 943 2234 998 Fide
2267 944 2536 999 Romanae
2569 944 2834 1001 Ecclesia-2
2856 945 2921 1000 de
2938 946 3278 1015 processione
3305 944 3549 1014 Spiritus
3577 947 3746 1023 αἴρα-

2095 1040 2177 1088 tre
2205 1036 2257 1088 et
2288 1034 2427 1089 Filio
2458 1035 2563 1090 abs
2595 1035 2783 1089 Leone
2824 1036 2903 1089 Ill
2949 1034 3212 1105 exposita
3243 1033 3313 1088 de
3343 1031 3744 1088 additamento

2096 1122 2167 1176 ad
2231 1123 2563 1194 symbolum
2623 1139 2953 1179 sermonem
3028 1121 3202 1195 legati
3262 1122 3621 1176 instituunt:
3682 1119 3747 1175 Si

2094 1226 2223 1282 ergo
2282 1214 2362 1266 ita
2410 1220 2489 1267 est
2542 1212 2943 1283 (inquientes),
3002 1227 3102 1267 cur
3158 1227 3270 1266 non
3327 1212 3451 1266 licet
3493 1214 3741 1276 cantare,

2094 1301 2176 1356 vel
2228 1301 2496 1357 cantando
2552 1301 2759 1357 docere.
2818 1307 2941 1355 lmo
3013 1302 3137 1356 licet
3195 1300 3461 1368 docendo,
3523 1306 3744 1354 cantare

2095 1390 2347 1461 (reponit
2376 1391 2679 1463 pontifex),
2727 1395 2775 1446 et
2825 1390 3096 1446 cantando
3146 1388 3352 1445 docere.
3402 1388 3506 1445 Sed
3550 1388 3743 1443 illicite

2092 1481 2152 1534 in
2203 1480 2490 1551 prohibitis
2538 1500 2559 1535 .·
2617 1496 2717 1536 nec
2767 1480 3073 1547 scribendo,
3131 1496 3232 1534 nec
3301 1478 3571 1534 cantando
3619 1478 3744 1534 licet

2094 1570 2355 1625 inserere.
2388 1570 2608 1625 Sensus
2639 1575 2748 1637 est,
2784 1570 2972 1625 sancti
3018 1569 3268 1641 Spiritus
3307 1566 3741 1640 processionem

2094 1673 2126 1710 a
2155 1658 2323 1712 Patre
2371 1666 2424 1713 et
2469 1675 2504 1712 a
2553 1659 2693 1715 Filio
2739 1658 3073 1724 tenendam,
3127 1656 3567 1727 docendamque
3596 1671 3741 1721 esse,

2095 1745 2215 1801 sive
2244 1746 2529 1802 cantando
2560 1746 2618 1800 id
2650 1746 2772 1813 ﬁat,
2802 1745 2923 1801 sive
2942 1744 3209 1816 legendo,
3241 1744 3362 1799 sive
3391 1743 3700 1799 scribendo
3725 1759 3739 1798 :

2095 1840 2155 1889 at
2184 1836 2363 1890 inseri
2390 1852 2518 1890 eam
2568 1834 2854 1907 symbolo,
2907 1833 2968 1888 in
3000 1832 3312 1905 prohibitis
3360 1848 3506 1888 esse.
3538 1832 3741 1887 Prohi-

2093 1923 2359 1991 bitionis,
2392 1940 2571 1996 quam
2603 1925 2867 1979 Romana
2896 1921 3263 1978 custodiebat
3291 1921 3568 1989 Ecclesia,
3602 1937 3742 1977 cau-

2097 2030 2194 2068 sas
2223 2018 2280 2067 et
2331 2014 2487 2086 leges
2533 2012 2868 2068 intellexere
2922 2011 3139 2084 legati:
3199 2013 3339 2083 quia
3385 2010 3493 2079 illi,
3526 2010 3745 2082 quidem

2094 2102 2413 2174 Symbolum
2440 2102 2827 2168 condiderunt,
2873 2117 2983 2157 non
3014 2100 3341 2156 indiderunt
3361 2117 3379 2153 :
3427 2108 3483 2154 et
3513 2115 3742 2171 sequen-

2094 2195 2175 2246 tes
2200 2192 2538 2263 principales
2567 2192 2788 2263 synodi,
2835 2189 3304 2246 Chalcedonensis
3350 2197 3567 2260 quarta,
3603 2188 3740 2243 Con-

2093 2282 2585 2351 stantinopolitana
2639 2282 2855 2353 quinta,
2912 2288 2967 2335 et
3018 2283 3196 2344 sexta,
3253 2281 3314 2333 ut
3361 2294 3568 2333 novum
3593 2277 3744 2332 ultra

2093 2370 2401 2443 symbolum
2435 2412 2449 2425 .
2486 2412 2500 2425 .
2537 2411 2550 2423 .
2599 2370 2857 2437 condere,
2910 2368 3064 2423 188
3117 2370 3170 2422 et
3214 2372 3276 2422 in
3324 2367 3594 2423 veteribus
3638 2367 3743 2422 tol-

2096 2459 2276 2527 lendo,
2356 2459 2625 2525 addendo,
2682 2458 3052 2529 mutandaque
3122 2457 3429 2529 quidquam
3482 2457 3742 2527 inserere,

2091 2549 2516 2622 prohibuerunt.
2550 2548 2763 2605 Mirum
2818 2550 2907 2603 est
2955 2547 3060 2602 lati
3108 2547 3168 2601 in
3198 2545 3493 2618 Ephesina
3522 2545 3742 2618 synodo

2095 2638 2456 2694 occumenica
2483 2638 2678 2702 tertia,
2712 2635 2927 2691 decreti
2959 2652 3075 2691 non
3107 2634 3294 2707 ingeri
3339 2633 3737 2690 mentionem!

2095 2727 2446 2800 Hujusmodi
2479 2726 2672 2799 legum
2728 2727 2978 2798 rigorem
3028 2725 3297 2781 servabat
3337 2722 3595 2779 Ecclesia
3625 2722 3774 2778 lto--

2095 2834 2291 2885 mana,
2326 2815 2697 2888 antiquitatis
2727 2813 3122 2870 tenacissima.
3173 2817 3249 2868 At
3278 2814 3411 2885 quia
3440 2812 3498 2868 id
3520 2811 3744 2868 credere

2096 2906 2296 2962 bonum
2323 2909 2401 2961 est
2430 2905 2618 2976 (aiunt
2648 2904 2866 2975 legati),
2923 2903 3124 2959 bonum
3175 2901 3337 2958 hodie
3359 2902 3499 2957 sicut
3525 2901 3599 2957 ad
3627 2916 3745 2956 cre-

2092 2994 2349 3063 dendum,
2382 2997 2462 3050 ita
2491 2995 2561 3050 ad
2608 2993 2948 3049 cantandum
3002 3000 3131 3048 tunc
3159 2995 3313 3058 esset,
3342 2993 3393 3047 si
3418 2992 3487 3047 ab
3532 2993 3611 3046 eis
3651 2991 3739 3044 in-

2091 3093 2303 3140 sertum
2332 3085 2546 3154 fuisset.
2598 3082 2809 3153 Utique
2859 3082 3059 3136 bonum
3111 3080 3168 3136 id
3213 3080 3451 3150 credere,
3494 3083 3545 3134 et
3582 3078 3746 3135 valde

2096 3175 2300 3229 bonum
2330 3172 2526 3244 (verba
2554 3175 2693 3227 sunt
2731 3169 3070 3243 pontiﬁcis),
3103 3174 3286 3242 utpote
3332 3177 3449 3224 tam
3478 3184 3744 3240 magnum

2095 3263 2226 3334 ﬁdei
2251 3264 2676 3326 sacramentum,
2726 3259 2867 3333 quod
2902 3276 3015 3315 non
3067 3260 3192 3315 licet
3217 3275 3329 3315 non
3375 3257 3597 3314 credere
3624 3300 3638 3313 .
3676 3298 3689 3312 .
3728 3300 3742 3312 .

2014 3327 2056 3392 (ἶ
2093 3327 2211 3408 Non
2257 3352 2426 3407 audeo
2478 3350 2659 3406 dicere
2705 3327 2824 3404 non
2871 3350 3004 3405 bene
3048 3350 3241 3420 fecisse
3287 3346 3566 3420 (Symboli
3607 3363 3743 3402 con-

2095 3441 2336 3512 ditores,
2385 3444 2487 3495 aut
2535 3438 2739 3513 synodi
2800 3438 3172 3494 (ecumenicae
3222 3455 3349 3510 quae
3400 3435 3741 3510 Symbolum

2094 3530 2618 3599 conﬁrmarunt),si
2662 3530 2921 3601 fecissent
2966 3532 3067 3583 aut
3114 3525 3463 3599 particulam
3494 3526 3747 3598 Filioque

2094 3618 2484 3686 edidissent):
2544 3620 2774 3673 scientes
2830 3618 3023 3689 utique
3055 3660 3068 3672 .
3105 3660 3118 3672 .
3156 3659 3169 3671 .
3225 3614 3583 3689 perpendisse
3632 3631 3740 3688 eos,

2092 3725 2192 3764 cur
2218 3708 2566 3764 dimiserunt.

2168 3798 2444 3869 Temporis
2475 3797 2794 3868 qualitatem
2843 3794 3117 3850 exhibent
3156 3793 3350 3867 legati,
3401 3801 3454 3849 et
3485 3792 3741 3849 imbecil-

2093 3887 2307 3942 litatem
2333 3888 2598 3959 fratrum,
2640 3901 2705 3939 ac
2752 3885 3141 3941 necessariam
3188 3884 3253 3939 de
3299 3888 3452 3939 tanto
3479 3887 3741 3954 mysterio

2091 3976 2579 4031 instructionem:
2633 3974 2790 4029 unde
2831 3974 3032 4030 melius
3078 3973 3234 4029 nobis
3279 3974 3460 4028 visum
3487 3974 3599 4043 fuit
3628 3972 3741 4044 (in-

2092 4064 2346 4137 quiunt),
2407 4063 2684 4120 cantando
2730 4066 2917 4118 tantos
2971 4065 3264 4130 instruere,
3314 4077 3478 4132 quam
3515 4061 3741 4117 tacendo

2090 4154 2331 4211 indoctos
2377 4153 2715 4225 relinquere.
2771 4153 2834 4208 Si
2882 4153 3033 4207 enim
3075 4152 3243 4206 sciret
3282 4152 3595 4223 paternitas
3620 4167 3737 4217 tua,

2087 4253 2297 4316 quanta
2324 4251 2454 4298 sunt
2481 4242 2642 4298 hodie
2673 4242 2854 4297 millia
2882 4241 2940 4296 id
2984 4241 3278 4296 scientiam
3310 4240 3391 4312 (in
3421 4238 3646 4305 Galliis,
3677 4238 3735 4294 in

2089 4349 2267 4406 regno
2324 4332 2528 4401 Italiae,
2587 4331 2647 4385 in
2726 4330 3084 4401 Germania),
3154 4331 3252 4401 qui
3305 4333 3583 4393 cantatur,
3644 4328 3742 4399 qui

2083 4439 2374 4495 nunquam
2430 4422 2628 4477 scituri
2679 4423 2874 4487 essent,
2935 4421 3052 4475 nisi
3106 4426 3459 4474 eantaretur:
3514 4420 3743 4478 fortasse

2084 4513 2368 4569 nobiscum
2395 4515 2621 4579 teneres,
2674 4518 2724 4566 et
2772 4508 2829 4564 id
2876 4512 2969 4565 tuo
3016 4511 3181 4565 etiam
3212 4523 3479 4564 consensu
3515 4514 3573 4561 ut
3603 4522 3739 4562 can-

2081 4606 2314 4667 taretur,
2336 4603 2725 4672 acquiesceres.
2750 4598 3151 4654 Necessariam
3175 4596 3421 4668 hujusce
3452 4594 3736 4668 mysterii,

304 4687 711 4761 procedentem
766 4689 1092 4744 annuntiat.
1154 4693 1219 4743 In
1278 4688 1453 4745 tertia
1500 4706 1653 4745 vero.
1707 4690 1981 4761 Spiritum
2011 4692 2056 4758 D
2087 4691 2459 4762 aliorumque
2507 4687 2960 4744 instructionem
2993 4685 3126 4758 quis
3173 4702 3289 4742 non
3319 4684 3560 4741 videat?
3590 4687 3739 4741 Nun-

306 4782 574 4834 sanctum
602 4792 701 4832 nec
727 4779 1001 4848 genitum,
1049 4793 1149 4834 nec
1196 4779 1535 4851 ingenitum,
1586 4778 1679 4834 sed
1712 4779 1779 4835 de
1806 4781 1977 4837 Patre

305 4869 571 4939 Filioque
591 4865 996 4937 procedentem.
1033 4870 1165 4923 Haec
1195 4872 1319 4922 erat
1348 4866 1558 4923 Leonis
1589 4868 1756 4924 ﬁdes.

378 4956 541 5012 Tum
575 4954 865 5011 dictorum
894 4955 1314 5012 nonnullorum
1347 4957 1652 5013 occasione
1681 4958 1970 5029 data,quze

298 5044 665 5117 colloquendo
733 5046 941 5117 potius,
1001 5062 1169 5118 quam
1229 5046 1554 5119 disputando
1615 5047 1967 5119 exciderant,

305 5135 366 5189 iu
401 5133 795 5206 quaestionem
838 5133 985 5189 abiit
1030 5133 1271 5190 Collatio
1320 5136 1391 5191 de
1438 5135 1676 5207 symboli
1706 5135 1967 5192 Constan-

296 5225 671 5297 tinopolitanz
701 5224 1030 5296 interpolati
1054 5228 1225 5280 cantu
1246 5225 1398 5280 inter
1416 5224 1739 5281 missarum
1762 5226 1970 5281 solem-

301 5313 421 5369 nia.
456 5313 601 5368 Tria
631 5328 739 5368 nos
764 5317 912 5368 Acta
939 5313 1188 5369 docent:
1224 5314 1275 5368 1.
1323 5314 1386 5369 In
1419 5312 1675 5369 Ecclesia
1704 5314 1970 5371 Romana

302 5403 573 5459 nondum
601 5401 937 5458 obtinuisse
985 5402 1237 5475 symboli
1286 5408 1523 5459 cantum
1570 5403 1724 5459 inter
1754 5404 1965 5460 missa-

300 5506 429 5546 rum
460 5488 779 5557 solemnia,
833 5507 940 5547 nec
991 5491 1461 5548 additamentum
1510 5492 1670 5548 vocis
1713 5493 1968 5565 Filioque

301 5581 368 5635 ad
403 5579 779 5653 Symbolum.
830 5582 885 5636 2.
936 5580 1307 5637 Additionem
1361 5581 1534 5646 hanc,
1589 5580 1965 5638 aGallicanis

296 5669 576 5726 Ecclesiis
628 5669 869 5739 factam,
920 5670 1172 5727 nimium
1231 5687 1397 5744 aegrae
1448 5671 1656 5727 tulisse
1712 5670 1962 5727 Leonem

295 5759 658 5831 pontiﬁcem.
705 5759 765 5828 3,
824 5759 1124 5817 Indicasse
1181 5776 1416 5835 quoque
1470 5759 1713 5817 modum
1769 5759 1960 5833 ipsam

2086 4780 2217 4851 quid
2244 4794 2369 4835 vero
2416 4780 2679 4834 universa
2725 4775 3053 4847 hujusmodi
3096 4774 3228 4845 fidei
3269 4774 3506 4846 mystica
3546 4789 3733 4830 sacra-

2082 4877 2264 4924 menta
2305 4867 2407 4940 (ait
2457 4866 2757 4938 pontifex),
2805 4866 2927 4921 sine
2977 4864 3175 4936 quibus
3229 4865 3478 4935 quisque,
3527 4863 3627 4935 qui
3665 4862 3736 4919 ad

2079 4960 2178 5014 hoc
2229 4959 2543 5029 pertingere
2594 4963 2785 5027 potest,
2837 4953 3133 5010 catholicus
3197 4968 3314 5009 esse
3368 4969 3483 5008 non
3542 4960 3733 5024 potest,

2077 5049 2340 5120 symbolis
2388 5044 2723 5107 inserenda;
2772 5049 2829 5098 et
2869 5049 3091 5114 propter
3135 5042 3525 5113 compendium
3550 5044 3736 5096 minus

2077 5135 2534 5206 intelligentium,
2566 5142 2627 5189 ut
2679 5134 2876 5204 cuique
2929 5131 3181 5199 libuerit,
3246 5129 3497 5186 addenda
3562 5133 3736 5185 sunt?

2076 5226 2232 5282 Modi
2282 5228 2486 5296 patent
2541 5220 2920 5293 multiplices,
2979 5221 3197 5292 quibus
3254 5224 3417 5275 extra
3468 5217 3732 5293 Symboli

2075 5312 2412 5383 formulam,
2464 5312 2679 5367 instrui
2732 5310 2933 5366 ﬁdeles
2978 5314 3217 5383 queant,
3264 5310 3324 5364 in
3380 5308 3730 5381 dogmaticis

2076 5404 2265 5471 libris,
2299 5403 2356 5457 in
2388 5401 2823 5466 Catechesibus,
2855 5401 2913 5456 in
2955 5398 3367 5457 Concionibus.

2145 5493 2409 5566 Nunquid
2462 5489 2659 5563 (legati
2718 5490 3028 5562 reponunt)
3085 5505 3201 5545 non
3256 5505 3292 5543 a
3347 5496 3395 5544 te
3440 5486 3499 5542 id
3545 5487 3729 5558 ipsum

2073 5582 2396 5655 Symbolum
2449 5583 2532 5636 est
2577 5579 2713 5636 data
2755 5581 2815 5634 in
2866 5580 3105 5634 Ecclesia
3148 5576 3411 5633 cantandi
3452 5575 3728 5631 licentia?

2071 5671 2331 5743 Nunquid
2368 5688 2403 5725 a
2437 5669 2594 5726 nobis
2640 5670 2748 5724 huc
2790 5684 2922 5723 usus
2970 5669 3068 5723 ille
3112 5666 3376 5722 cantandi
3418 5664 3724 5737 processit?

2072 5759 2372 5819 Pontifex:
2401 5760 2513 5830 Ego
2568 5758 2855 5816 licentiam
2898 5756 3033 5814 dedi
3068 5755 3366 5817 cantandi:
3395 5770 3507 5819 non
3533 5760 3721 5811 autem
