4108 6460
354 402 469 464 187

1378 411 1696 475 GEORGII
1743 412 2009 475 CYPRII
2055 413 2174 477 GP.
2219 413 2750 479 PATRIARCHJE

3657 422 3778 486 188

351 545 624 603 cantando
673 543 966 618 quidpiam
1006 542 1261 609 addendz,
1291 546 1601 611 minuendi,
1659 563 1752 601 seu
1791 555 2009 601 mutan-
2042 547 2469 617 Ajectavimus
2530 552 2684 608 circa
2738 557 3004 625 tempora
3061 553 3269 627 synodi
3324 554 3781 613 Gentiliacensis

350 639 413 694 di
439 682 453 695 .
493 681 504 692 .
543 680 555 692 .
589 639 861 711 Quandiu
889 638 1039 692 vobis
1074 639 1132 691 in
1154 635 1252 692 hoc
1278 638 1413 692 satis
1432 638 1564 706 luit,
1600 638 1658 690 in
1687 637 2007 707 hujusmodi

351 729 671 801 (Symbolo)
717 728 1017 798 cantando,
1066 729 1149 782 vel
1195 724 1524 782 celebrando
1573 726 1674 797 (in)
1713 741 2002 780 sacrosan-

349 822 451 874 ctis
520 819 805 889 mysteriis
882 818 1138 889 (cantare
1208 821 1264 871 et
1339 815 1673 885 celebrare),
1734 814 2001 885 quomodo

348 911 560 963 sancta.
621 909 864 964 Romana
932 915 1081 962 tenet
1152 906 1391 961 Ecclesia
1449 905 1611 976 l(qua
1669 903 2001 976 symbolum

350 998 606 1054 custodit
637 999 762 1053 sine
812 996 1280 1066 additamenta);
1327 1012 1677 1066 nequaquam
1719 1003 1816 1048 aut
1843 994 2002 1049 nobis

348 1089 406 1142 in
435 1088 640 1143 talibus
687 1087 965 1152 laborare,
1015 1092 1113 1141 aut
1164 1086 1298 1140 aliis
1348 1084 1635 1141 laborandi
1664 1085 2001 1139 occasionem

347 1194 560 1234 necesse
611 1179 721 1248 fuit
772 1178 1040 1245 ingerere.
1093 1175 1240 1245 Quod
1270 1190 1396 1230 vero
1424 1174 1669 1230 asseritis
1729 1173 1848 1228 ideo
1906 1189 1999 1228 vos

348 1270 430 1323 ita
458 1270 702 1334 cantare,
746 1267 1016 1336 quoniam
1062 1265 1204 1319 alios
1251 1266 1311 1317 in
1360 1265 1484 1319 istis
1533 1264 1808 1334 partibus,
1850 1262 1999 1317 vobis

342 1358 576 1428 priores,
630 1356 864 1411 audistis
917 1363 1184 1424 cantasse,
1235 1353 1365 1424 quid
1414 1353 1482 1407 ad
1532 1356 1674 1408 nos?
1719 1354 1821 1407 Nos
1848 1354 1997 1406 enim

348 1446 590 1518 idipsum
609 1461 719 1500 non
741 1453 1030 1500 cantamus
1062 1443 1193 1515 (hoc
1224 1442 1448 1497 scilicet
1477 1442 1993 1510 additamentum),

344 1536 436 1591 sed
466 1536 697 1606 legimus
749 1534 982 1606 (nempe
1032 1542 1191 1588 exlra
1238 1531 1601 1604 Symbolum,
1647 1531 1705 1585 in
1740 1531 1993 1603 scriptis,

346 1630 404 1680 et
434 1625 493 1680 in
524 1624 658 1679 aliis
706 1624 839 1679 ﬁdei
889 1622 1398 1695 professionibus),
1453 1626 1504 1676 et
1554 1620 1780 1692 legendo
1808 1620 1996 1675 docere

344 1730 442 1769 nec
491 1715 676 1768 tamen
735 1711 966 1781 legendo
1012 1715 1108 1766 aut
1156 1710 1395 1766 docendo
1444 1710 1668 1780 addere,
1710 1710 1995 1781 quidpiam

342 1802 520 1859 cidem
567 1802 820 1873 Symbolo
871 1801 1023 1857 189
1074 1801 1380 1866 inserendo,
1428 1801 1822 1868 prasuminus.
1857 1801 1995 1867 Quae

2114 656 2264 694 anno
2312 641 2417 693 757
2467 640 2790 698 celebrata.
2844 643 3025 698 Facta
3080 643 3193 698 sibi
3241 649 3444 715 postea
3494 644 3642 700 illud
3682 663 3777 702 ca-

2115 730 2287 784 nendi
2320 728 2594 785 facultate
2643 732 2703 786 in
2755 732 3037 803 Liturgia,
3088 749 3222 789 cum
3274 734 3653 790 Additamento
3684 736 3776 807 ip-

2114 836 2245 874 sum
2295 836 2502 877 canere
2551 821 2841 892 pradicta
2885 822 3158 878 Ecclesia
3206 829 3526 896 coeperunt.
3579 824 3770 880 Addi-

2113 914 2434 964 lamentum
2466 909 2615 978 tolli,
2648 912 2887 982 optabat
2929 911 3039 966 Leo
3069 912 3367 983 pontifex:
3403 914 3770 986 modumque

2110 998 2488 1071 prascripsit,
2520 1016 2695 1071 quem
2746 999 3071 1056 cautiorem
3119 1002 3364 1072 putabat
3396 1018 3410 1058 :
3444 1007 3512 1056 ut
3544 1002 3776 1058 scilicet

2110 1087 2241 1159 ipsa
2266 1087 2527 1159 Symboli
2557 1088 2889 1143 decantatio
2934 1088 3223 1160 paulatim
3255 1089 3768 1158 intermitteretur,

2110 1194 2177 1232 ac
2233 1176 2627 1244 omitteretur,
2686 1177 2747 1231 in
2801 1178 3015 1249 palatio
3073 1179 3359 1250 primum,
3418 1196 3485 1235 ac
3539 1179 3772 1236 cateris

2108 1266 2318 1321 deinde
2365 1265 2426 1321 in
2485 1265 2783 1321 Ecclesiis.
2845 1266 3198 1338 Inquiebant
3253 1284 3389 1340 ergo
3446 1267 3665 1340 legati:
3703 1270 3777 1325 Ut

2104 1355 2282 1425 video,
2341 1356 2484 1410 illud
2540 1373 2576 1410 a
2645 1357 2990 1423 paternitate
3062 1361 3247 1412 vestra
3313 1357 3648 1424 decernitur,
3707 1362 3778 1413 ut

2101 1448 2293 1516 primo
2322 1446 2486 1514 illud,
2519 1444 2585 1501 de
2630 1460 2736 1516 quo
2786 1448 3022 1516 quaestio
3071 1454 3172 1515 est,
3221 1446 3289 1500 de
3314 1448 3578 1518 saepe/lito
3608 1447 3772 1518 Sym-

2109 1534 2228 1590 bolo
2256 1536 2412 1590 I90
2471 1535 2700 1590 tollatur
2755 1535 3315 1606 (additamentum):
3374 1539 3428 1591 et
3483 1544 3613 1591 tunc
3660 1536 3770 1591 de-

2102 1639 2256 1678 mum
2287 1641 2321 1678 a
2348 1624 2587 1695 quolibet
2633 1624 2783 1679 licite
2827 1640 2893 1680 ac
2944 1622 3118 1680 libere
3161 1625 3283 1680 sive
3318 1624 3609 1694 cantando,
3652 1625 3774 1681 sive

2102 1713 2363 1769 tradendo
2392 1714 2639 1769 discatur
2673 1713 2850 1784 (idem
2896 1713 3363 1769 additamentum
3396 1721 3557 1769 extra
3589 1714 3769 1785 Sym-

2103 1802 2349 1875 bolum),
2400 1807 2453 1859 et
2500 1804 2811 1859 doceatur:
2862 1802 3162 1858 Pontifex:
3213 1803 3296 1858 Ita
3346 1807 3539 1875 procul
3588 1797 3769 1858 dubio

342 1908 469 1948 vero
522 1892 799 1964 praedictis
856 1890 1133 1963 Symbolis
1169 1935 1182 1945 .
1219 1934 1231 1947 .
1267 1932 1280 1945 .
1331 1890 1511 1946 deesse
1579 1893 1988 1961 cognoscimus:
2020 1919 2068 1985 Β
2100 1910 2137 1947 a
2191 1897 2379 1948 nostra
2429 1896 2590 1964 parte
2644 1893 2959 1949 decernitur
2981 1910 3000 1946 :
3058 1894 3138 1948 ita
3194 1908 3406 1964 quoque
3463 1900 3525 1947 ut
3576 1899 3763 1947 vestra

344 1998 453 2037 non
481 1986 543 2036 ut
574 1981 785 2036 dictum
832 1985 931 2046 est,
983 1981 1226 2035 inserere
1270 1982 1703 2052 prasumimus:
1732 1981 1827 2035 sed
1855 1983 1986 2037 locis
2021 1980 2062 1999 "
2099 1984 2457 2053 assentiatur,
2513 2000 2546 2037 a
2592 1982 2755 2037 nobis
2801 1983 3125 2037 omnimode
3169 1981 3453 2038 suadetur.
3510 1980 3754 2052 Legati:

342 2071 776 2143 temporibusque
794 2072 1136 2141 opportunis,
1166 2070 1364 2141 quibus
1383 2072 1638 2141 competit
1663 2072 1990 2126 ministrare
2098 2072 2341 2128 Sublatis
2371 2071 2458 2126 his
2488 2088 2607 2142 qua
2652 2071 2818 2126 vultis
2865 2071 3071 2126 bonum
3115 2080 3197 2127 est
3241 2073 3304 2126 ut
3346 2071 3491 2127 idem
3518 2069 3753 2142 Symbo-

341 2176 627 2217 curamus.

412 2248 769 2305 Facultatem
818 2248 1089 2303 cantandi
1135 2249 1287 2303 inter
1333 2248 1651 2305 missarum
1700 2250 1990 2306 solemnia

341 2338 676 2412 symbolum
709 2338 813 2393 abs
854 2354 982 2393 sese
1014 2338 1248 2403 factam,
1283 2338 1489 2393 annuit
1517 2339 1795 2410 pontifex.
1832 2345 1986 2396 Data

342 2428 639 2484 facultatis
695 2427 979 2499 epocham
1033 2426 1287 2483 indicare
1338 2427 1570 2484 videtur
1626 2429 1987 2485 Walafridus

339 2516 571 2572 Strabo.
605 2518 660 2573 Is
690 2517 869 2582 enim,
903 2516 972 2571 de
1001 2517 1166 2572 rebus
1191 2518 1595 2583 ecclesiasticis,
1619 2536 1745 2591 cap.
1777 2521 1869 2586 22,
1903 2520 1987 2575 sic

339 2606 419 2661 ait
448 2623 461 2661 :
494 2630 523 2657 «
558 2606 637 2661 Ab
670 2606 816 2677 ipsis
854 2605 1102 2678 (Gracis)
1131 2623 1267 2678 ergo
1317 2607 1389 2662 ad
1419 2609 1685 2665 Romanos
1714 2608 1810 2664 ille
1841 2626 1987 2664 usus

337 2694 606 2766 (canendi
665 2694 1006 2767 Symbolum
1074 2700 1209 2767 post
1274 2695 1672 2769 Evangelium)
1730 2699 1988 2754 creditur

338 2784 691 2856 pervenisse.
744 2784 855 2839 Sed
910 2784 1064 2855 apud
1122 2783 1318 2841 Gallos
1371 2790 1428 2840 et
1476 2786 1817 2855 Germanos,
1852 2792 1986 2859 post

336 2871 720 2943 dejectionem
779 2871 987 2928 Felicis
1058 2872 1339 2944 haretici,
1398 2876 1507 2930 sub
1558 2875 1985 2948 gloriosissimo

337 2959 541 3016 Carolo
573 2961 927 3018 Francorum
977 2965 1200 3017 rectore
1251 2964 1536 3030 damnati,
1569 2965 1725 3020 idem
1756 2967 1985 3037 Symbo-

340 3050 456 3105 lum
505 3048 681 3104 latius
730 3055 789 3105 et
836 3051 1098 3105 crebrius
1147 3053 1204 3105 in
1254 3054 1550 3108 Missurum
1593 3057 1756 3126 cazpit
1784 3056 1987 3127 ofﬁciis

339 3137 558 3194 iterari.
612 3162 632 3187 ω
687 3138 895 3193 Felicis
942 3145 1000 3194 et
1046 3138 1316 3212 Elipandi
1361 3159 1524 3197 error
1574 3143 1644 3199 de
1680 3146 1986 3200 Filiatione

340 3227 550 3283 Christi
579 3228 834 3298 adoptiva
863 3228 1179 3285 damnatus
1207 3235 1297 3286 est
1326 3247 1479 3287 anno
1511 3234 1638 3302 792,
1673 3233 1730 3287 in
1764 3234 1988 3306 synodo

338 3316 772 3388 Ratisponensi,
818 3317 1189 3389 maximeque
1235 3336 1388 3375 anno
1435 3323 1563 3389 794,
1614 3322 1674 3376 in
1736 3322 1988 3394 pleniori

341 3404 586 3461 concilio
645 3406 1150 3475 Francofordensi,
1207 3408 1301 3463 cui
1353 3408 1699 3483 Galliarum,
1744 3414 1804 3467 et
1845 3415 1985 3467 Ger-

341 3493 552 3550 mania
600 3493 855 3566 episcopi
906 3494 1244 3564 interfuere,
1275 3498 1536 3572 itemque
1582 3500 1746 3572 regni
1779 3500 1984 3556 Italici.

338 3582 539 3639 Potuit
566 3599 703 3655 ergo
733 3584 843 3639 Leo
878 3584 970 3652 III,
1025 3585 1125 3656 qui
1172 3603 1324 3642 anno
1374 3588 1718 3661 insequente
1760 3590 1869 3645 795
1897 3607 1985 3645 re-

339 3687 475 3745 gere
504 3670 822 3728 Ecclesiam
850 3672 1175 3729 Romanam
1197 3677 1390 3747 erepit,
1416 3677 1747 3734 facultatem
1781 3679 1990 3735 fecisse

342 3764 409 3815 ut
437 3759 495 3814 in
527 3760 750 3816 eisdem
796 3762 1111 3833 provinciis
1155 3765 1309 3821 inter
1353 3766 1640 3823 solemnia
1669 3769 1989 3825 missarum

341 3854 652 3905 caneretur
679 3850 1020 3923 Symbolum
1051 3853 1790 3927 Constantinopolitanum.
1824 3858 1990 3914 Hunc

341 3938 525 3994 ritum
559 3939 975 4010 Hispaniarum
1023 3941 1294 3998 Ecclesia
1334 3944 1461 4015 jam
1510 3945 1736 4001 dudum
1766 3946 1988 4019 ample-

339 4031 487 4083 xata
518 4029 773 4084 fuerant.
807 4030 1007 4102 Ipsum
1038 4030 1286 4087 fortasse
1314 4032 1375 4087 in
1425 4032 1740 4090 Gallicanis
1771 4035 1988 4108 aliqui-

340 4118 453 4173 bus
511 4117 788 4197 Ecclesiis
845 4118 1072 4191 pridem
1150 4120 1480 4178 invexerint
1536 4123 1869 4181 antistites:
1930 4130 1992 4182 at

343 4207 555 4263 Leonis
588 4208 666 4263 III
700 4211 870 4264 atate
901 4209 1072 4265 latius
1102 4218 1152 4265 et
1178 4211 1429 4267 crebrius
1464 4213 1616 4268 ritus
1644 4214 1800 4269 idem
1825 4214 1990 4271 inva-

343 4295 475 4351 luit.
508 4295 955 4353 Verisimillima
983 4304 1124 4353 sunt
1165 4299 1286 4355 hac
1325 4300 1632 4357 Strabonis
1657 4302 1852 4360 dicta:
1885 4304 1991 4360 fal-

344 4384 604 4456 liturque
634 4390 853 4459 tamen,
902 4403 1038 4442 cum
1087 4393 1288 4444 narrat
1330 4407 1365 4444 a
1396 4391 1598 4447 Graecis
1627 4391 1699 4447 ad
1729 4394 1994 4451 Romanos

344 4474 518 4527 ritum
548 4474 709 4528 illum
736 4476 1065 4544 pervenisse,
1110 4475 1427 4533 Ecclesiam
1464 4478 1788 4536 Romanam
1819 4481 1869 4538 si
1903 4482 1992 4537 in-

346 4561 654 4618 tellexerit.
706 4562 855 4617 Hinc
897 4580 1032 4620 vero
1084 4564 1479 4638 colligendum
1526 4569 1781 4639 videtur,
1833 4571 1893 4626 id
1925 4589 1991 4628 eo

346 4650 590 4706 consilio
622 4651 980 4723 permissum
1011 4670 1046 4708 a
1093 4670 1327 4710 summo
1375 4655 1647 4726 pontifice
1695 4659 1900 4732 fuisse,
1933 4665 1999 4717 ut
2028 4658 2074 4724 D

348 4739 637 4796 naturalis
668 4739 866 4796 divina
891 4740 1031 4797 Jesu
1053 4741 1268 4800 Christi
1298 4743 1525 4813 ﬁliatio,
1557 4763 1733 4819 quam
1758 4749 1922 4805 Felix
1948 4758 2000 4806 et

346 4828 654 4901 Elipandus
683 4831 1127 4901 oppugnabant,
1161 4848 1357 4888 coram
1378 4874 1381 4878 -
1405 4834 1716 4906 palamque
1743 4837 1805 4892 in
1837 4839 2000 4911 Sym-

349 4918 466 4974 boli
498 4924 675 4974 cantu
705 4918 861 4974 inter
891 4920 1206 4977 missarum
1236 4921 1524 4980 solemnia
1552 4925 1996 4982 enuntiaretur:
2082 4953 2087 4957 ’

349 5009 613 5080 adeoque
659 5024 733 5063 ne
780 5009 1069 5081 cogitasse
1117 5008 1313 5082 ipsum
1365 5013 1603 5084 quidem
1653 5014 1725 5070 de
1752 5016 1999 5072 Addita-

350 5102 547 5152 mento
578 5097 736 5153 vocis
760 5098 1027 5169 Filzoque.
1061 5099 1311 5155 Aiebant
1338 5099 1537 5174 legati,
1576 5120 1634 5159 se
1663 5105 1723 5159 in
1744 5105 2001 5176 partibus

350 5187 475 5241 istis
527 5186 689 5257 alios,
722 5189 859 5256 ipsis
895 5190 1136 5259 priores,
1197 5189 1666 5247 additamentum
1716 5197 1999 5250 cantantes

350 5274 646 5331 audivisse.
698 5279 964 5331 Fortasse
1009 5285 1194 5348 partes
1224 5280 1354 5333 istas
1384 5278 1792 5353 intelligebant
1820 5283 1879 5338 in
1911 5299 2000 5339 re-

352 5380 466 5436 gno
497 5362 714 5418 Italia:
765 5379 893 5435 qua
946 5365 1017 5420 de
1071 5382 1132 5421 re
1179 5367 1323 5422 satis
1380 5369 1632 5425 obscura
1661 5369 2002 5443 diligentius

352 5452 661 5519 disserere,
704 5468 818 5508 non
866 5456 1050 5508 vacat.
1104 5454 1427 5512 Romanam
1480 5463 1635 5514 certe
1682 5459 2001 5515 Ecclesiam

353 5538 679 5612 intelligere
725 5540 889 5597 nullo
933 5543 1107 5598 modo
1155 5543 1309 5613 licet,
1366 5551 1432 5602 ut
1473 5548 1780 5603 ostendere
1810 5548 2002 5621 pergi-

354 5645 509 5684 mus.

428 5718 770 5793 Symbolum
802 5721 1190 5795 interpolasse
1210 5722 1539 5782 Gallicanas
1558 5724 1844 5784 Ecclesiae
1872 5742 2005 5783 con-

2097 2159 2215 2213 lum
2242 2162 2498 2214 cantetur
2526 2159 2703 2231 (inter
2732 2159 3051 2215 missarum
3083 2158 3412 2231 solemnia).
3446 2158 3749 2214 Pontifex:

2096 2249 2310 2304 Bonum
2358 2264 2510 2304 sane.
2567 2248 2717 2316 Quod
2763 2257 2945 2304 tamen
2993 2264 3108 2305 non
3153 2247 3505 2318 imperando,
3554 2247 3650 2302 sed
3691 2256 3758 2304 ut

2091 2338 2252 2409 prius
2296 2337 2664 2410 permittendo
2723 2336 3002 2393 dicimus:
3053 2339 3185 2410 quia
3229 2336 3384 2393 illud
3431 2338 3570 2393 sicut
3599 2346 3755 2402 tunc,

2096 2429 2186 2483 ita
2215 2432 2265 2484 et
2296 2444 2444 2482 nunc
2472 2427 2613 2482 utile
2660 2426 3037 2496 indigentibus
3066 2444 3182 2484 esse
3202 2443 3362 2499 posse
3386 2443 3497 2482 non
3529 2429 3754 2496 ignora-

2098 2534 2242 2572 mus.
2300 2515 2660 2572 Facultatem
2716 2515 3034 2571 Gallicanis
3083 2515 3357 2572 Ecclesiis
3399 2517 3613 2570 fecerat
3648 2521 3756 2570 Leo

2097 2610 2230 2679 post
2254 2606 2546 2678 synodum
2598 2605 3204 2678 Francofordiensem,
3260 2605 3533 2661 cantandi
3564 2605 3623 2658 in
3656 2605 3752 2658 Li-

2095 2695 2294 2768 turgia
2322 2692 2668 2767 Symbolum
2695 2694 3085 2766 permittendo.
3137 2693 3372 2768 Legati:
3406 2693 3754 2767 Symbolum

2094 2785 2155 2841 in
2207 2783 2471 2857 Liturgia
2523 2800 2730 2839 canere
2790 2783 2841 2839 si
2899 2799 3237 2856 pergamus,
3288 2784 3752 2853 omittamusque

2097 2874 2485 2945 adjectionem
2514 2872 2674 2928 vocis
2702 2872 2989 2946 Filioque;
3029 2889 3207 2928 sermo
3236 2871 3348 2928 iste
3377 2873 3449 2927 ab
3477 2870 3749 2938 omnibus,

2095 2966 2212 3020 acsi
2262 2972 2453 3019 contra
2511 2962 2675 3033 ﬁdem
2729 2964 2821 3027 sit,
2879 2962 3360 3018 condemnabitur.
3408 2961 3577 3029 Quale
3616 2975 3750 3032 ergo

2095 3053 2250 3109 dabis
2306 3052 2642 3107 cousilium?
2710 3050 3013 3106 Pontifex:

2098 3143 2257 3214 (cum
2305 3139 2730 3210 additamenta)
2779 3142 3117 3209 cantaretur,
3167 3141 3547 3209 interrogatus
3581 3153 3753 3192 essem

2049 3294 2059 3315 Ι
2095 3246 2164 3285 ne
2194 3232 2535 3285 insereretur
2579 3230 2793 3296 utique,
2841 3228 3261 3300 respondissem.
3303 3228 3369 3282 At
3408 3243 3556 3282 nunc
3588 3225 3754 3298 (quod

2099 3328 2282 3375 tamen
2328 3334 2439 3374 non
2490 3317 2844 3388 afﬁrmando,
2893 3318 2986 3373 sed
3031 3318 3306 3373 vobiscum
3345 3318 3567 3389 pariter
3605 3319 3751 3371 trac-

2097 3409 2264 3465 tando
2291 3407 2453 3479 dico),
2487 3410 2759 3477 quantum
2804 3408 2982 3463 menti
3026 3394 3285 3471 occurrit,
3335 3407 3419 3463 ita
3461 3407 3601 3461 mihi
3628 3404 3754 3460 vide

2098 3506 2189 3553 tur
2231 3511 2390 3566 posse
2434 3498 2734 3567 utrumque
2780 3496 2943 3566 ﬁeri:
2989 3500 3050 3551 ut
3095 3495 3380 3567 paulatim
3428 3498 3490 3550 in
3539 3495 3753 3566 palatio

2098 3586 2252 3659 (quia
2282 3587 2343 3640 in
2367 3593 2556 3641 nostra
2585 3593 2785 3641 sancta
2831 3585 3073 3641 Ecclesia
3117 3601 3230 3641 non
3275 3584 3575 3654 cantatur),
3608 3599 3753 3639 can-

2099 3674 2258 3731 tandi
2280 3673 2603 3731 consuetudo
2645 3673 2896 3745 ejusdem
2924 3673 3174 3745 Symboli
3202 3675 3604 3729 intermittatur
3637 3714 3650 3725 .
3686 3712 3700 3724 .
3738 3713 3752 3725 .
3808 3714 3813 3719 .

2097 3766 2149 3820 si
2176 3765 2494 3820 dimittatur
2520 3780 2556 3818 a
2582 3765 2765 3831 nobis,
2793 3763 3104 3819 dimittetur
3134 3765 3208 3818 ab
3236 3763 3511 3818 omnibus.

3094 3050 3155 3105 Si
3215 3051 3375 3121 prius
3447 3066 3613 3120 quam
3669 3050 3753 3103 ita

2172 3897 2348 3953 Plura
2375 3897 2790 3953 innotescunt:
2826 3898 2878 3951 4.
2906 3897 3173 3952 Romana
3191 3895 3470 3961 Ecclesia,
3503 3893 3755 3966 antiqui-

2099 3989 2239 4044 tatis
2269 3986 2669 4053 tenacissima,
2695 3987 2947 4060 rigorem
2971 3987 3109 4055 legis
3126 3986 3418 4058 Ephesius?
3442 3985 3713 4040 servabat
3737 4000 3751 4051 ;

2101 4094 2208 4133 nec
2257 4076 2376 4132 ullo
2427 4075 3143 4148 Constantinopolitanum
3192 4073 3531 4146 interpolari
3588 4078 3754 4145 Sym-

2098 4166 2302 4222 bolum
2336 4166 2508 4220 modo
2541 4182 2716 4237 passa
2760 4169 2868 4221 est.
2901 4165 2956 4219 2.
3002 4162 3345 4236 Symbolum
3376 4162 3535 4218 idem
3566 4177 3757 4233 neque

2101 4255 2399 4329 privatim,
2431 4271 2621 4326 neque
2671 4254 2905 4327 publice
2949 4254 3101 4325 apud
3137 4253 3328 4324 ipsam
3359 4268 3495 4308 cum
3526 4250 3755 4307 addita-

2104 4351 2303 4401 mento
2335 4349 2438 4400 aut
2490 4344 2878 4409 scribebatur,
2928 4346 3031 4399 aut
3069 4341 3392 4415 legebatur,
3425 4345 3529 4397 aut
3558 4345 3757 4397 canta-

2104 4435 2299 4490 batur.
2350 4435 2402 4487 3.
2458 4433 2580 4488 Imo
2628 4449 2819 4505 neque
2871 4430 3134 4505 Symboli
3187 4430 3314 4487 sine
3356 4430 3787 4486 additamenta

2105 4528 2346 4580 cantum
2376 4540 2485 4578 sua
2513 4521 2574 4576 in
2609 4520 2872 4593 Liturgia
2921 4520 3115 4576 adhuc
3164 4519 3502 4575 admiserat.
3537 4520 3588 4573 4.
3624 4518 3759 4574 Hac

2106 4628 2240 4668 vero
2298 4610 2708 4667 ecclesiastica
2762 4609 3085 4682 disciplina
3142 4608 3336 4681 capita
3386 4624 3516 4664 esse
3579 4607 3759 4679 probe

2106 4706 2384 4761 noverat:
2444 4700 2602 4755 unde
2651 4704 2781 4755 tum
2831 4698 3147 4755 Gallicanis
3195 4696 3459 4753 ecclesiis
3516 4698 3758 4751 cantum

2107 4788 2843 4865 Symboliintersolemnia
2858 4789 3177 4844 missarum
3200 4786 3549 4860 permiserat
3583 4801 3596 4840 :
3628 4788 3759 4840 tum

2108 4882 2286 4937 etiam
2318 4880 2613 4935 invectum
2662 4877 2736 4933 ab
2758 4877 2899 4934 illis
2946 4876 3419 4934 additamentum
3457 4874 3585 4931 tolli
3622 4890 3758 4929 sua-

2108 4971 2305 5032 debat,
2336 4985 2451 5026 non
2476 4968 2840 5041 afﬁrmando,
2872 4971 2975 5023 aut
2997 4966 3263 5039 jubendo
3290 4992 3304 5036 ;
3336 4965 3437 5022 sed
3467 4962 3761 5022 tractando

2107 5060 2538 5133 prabendoque
2564 5056 2888 5114 consilium.

2179 5192 2249 5247 V.
2280 5193 2396 5248 Sua
2427 5191 2532 5247 abs
2563 5190 2987 5247 consuetudine
3014 5189 3176 5245 haud
3220 5187 3537 5245 recessisse
3566 5187 3763 5245 Eccle-

2111 5281 2214 5337 sia
2261 5280 2573 5337 Gallicana
2618 5279 2928 5335 videntur:
2978 5278 3151 5335 hasit
3199 5276 3465 5334 Romana
3506 5275 3767 5333 Ecclesia

2111 5370 2469 5442 antiquitati,
2502 5386 2568 5425 ac
2623 5367 2770 5441 legis
2828 5368 3025 5440 rigori.
3084 5366 3144 5423 Id
3204 5368 3415 5439 putant
3459 5365 3568 5421 viri
3610 5366 3766 5423 docti

2111 5458 2561 5530 intelligendum
2638 5474 2769 5515 esse
2842 5458 2915 5514 de
2989 5456 3189 5512 addita
3242 5471 3403 5521 voce,
3461 5453 3764 5528 Filioque:

2113 5564 2282 5604 secus
2315 5548 2385 5603 de
2412 5548 2634 5619 publica
2679 5547 2927 5619 Symboli
2970 5546 3296 5602 recitatione
3342 5543 3404 5599 in
3435 5543 3639 5600 Ofﬁcio
3671 5545 3764 5599 Li-
3856 5594 3867 5604 .

2111 5637 2360 5709 turgico.
2426 5636 2658 5694 Dixerat
2703 5635 3104 5702 Mabillonius,
3134 5633 3333 5689 libro:
3381 5632 3464 5689 De
3504 5634 3767 5703 Liturgia

2113 5726 2423 5797 Gallicana,
2448 5727 2640 5801 capite
2682 5729 2739 5798 2,
2784 5742 2929 5783 num
2976 5726 3033 5792 6,
3089 5722 3407 5795 Symbolum
3427 5726 3554 5795 post
3579 5725 3764 5779 Evan-
