4108 6448
262 434 390 499 189
1485 431 1700 495 VITA.
1735 463 1814 476 —
1843 428 1920 490 Dl

2040 426 2373 492 ERTATIO
2416 428 2493 492 ll.
3579 414 3700 487 190

263 567 480 638 getiam
504 568 775 624 Romanos
801 567 960 624 nullo
984 566 1140 622 modo
1168 567 1430 622 cecinisse
1450 582 1620 637 usque
1665 563 1736 620 ad
1795 568 1927 619 tem-
1959 562 2014 628 Α
2043 579 2215 635 gam;
2247 565 2401 620 192
2449 564 2511 619 in
2540 579 2723 636 eaque
2759 564 2832 620 de
2873 561 3052 619 Credo
3107 561 3168 616 in
3201 562 3388 631 Deum,
3438 560 3559 616 sive
3624 559 3698 615 de

266 673 404 731 pora
454 657 613 715 dicte
666 659 959 714 memoriae
1012 658 1237 713 Henrici
1293 657 1666 727 imperatoris,
1721 655 1935 709 scilicet
2044 648 2319 726 Symbolo
2349 653 2487 726 agit,
2522 654 2678 719 quod
2708 653 2769 708 in
2801 652 2984 709 missa
3030 650 3351 723 pontiﬁcali
3408 649 3695 705 recitaba-

270 749 446 819 primi
471 751 605 802 teste
655 748 911 802 Bernone
956 747 1150 802 abbate
1206 747 1491 815 Augiensi.
1553 743 1801 799 Laudati
1854 746 1933 797 te-
2040 746 2155 799 tur.
3672 732 3675 736 4

279 833 388 888 stis
414 833 533 888 haec
555 832 786 889 scilicet
812 833 989 888 verba
1019 838 1161 888 sunt
1188 833 1379 905 capite
1401 834 1436 886 2
1468 832 1539 887 de
1571 831 1929 903 quibusdam
2110 832 2361 889 Causam
2416 850 2585 889 suam
2651 848 2923 905 perorare
2971 830 3162 903 pergit
3199 830 3495 885 Martene:
3532 849 3559 878 «
3583 828 3699 884 De-

285 922 458 978 rebus
506 922 577 977 ad
616 923 865 978 Missam
916 923 1357 994 spectantibus:
1394 946 1415 971 α
1450 921 1769 993 Symbolum
1798 924 1934 992 post
2039 922 2176 978 inde
2208 921 2567 979 Walafridus
2597 921 2747 977 libro
2784 926 2859 977 De
2873 921 3031 976 rebus
3051 919 3476 987 Ecclesiasticis,
3509 917 3700 988 capite

282 1010 653 1083 Evangelium
687 1028 877 1084 usque
898 1011 968 1067 ad
995 1012 1117 1067 haec
1146 1017 1414 1083 tempora
1457 1011 1604 1065 divae
1632 1009 1929 1065 memoriae
2036 1013 2128 1078 22,
2185 1016 2498 1083 postquam
2556 1012 2814 1067 rationes
2869 1009 3132 1082 protulit,
3185 1025 3289 1064 cur
3315 1006 3497 1062 Graeci
3528 1006 3696 1078 Sym-

280 1098 499 1155 Henrici
526 1100 906 1172 imperatoris
938 1102 1086 1156 191
1150 1100 1589 1172 (inceptumque
1646 1097 1928 1154 saeculum
2034 1099 2238 1156 bolum
2294 1100 3031 1172 ConstantinOpolitanum,
3073 1097 3267 1169 potius
3310 1111 3488 1169 quam
3520 1094 3703 1150 Nicae-

280 1189 677 1260 undecimum)
736 1188 898 1246 nullo
947 1191 1120 1246 modo
1178 1190 1531 1245 cecinerunt.
1590 1189 1676 1243 Ab
1725 1188 1926 1242 eodem
2036 1204 2179 1243 num
2210 1187 2269 1242 in
2302 1188 2485 1244 Missa
2514 1189 2913 1255 decantarent,
2948 1186 3146 1243 addit:
3178 1187 3256 1241 Ab
3306 1186 3445 1257 ipsis
3473 1199 3599 1254 ergo
3628 1184 3700 1238 ad

274 1278 566 1350 (Henrico)
595 1279 962 1351 interrogati,
995 1296 1099 1334 cur
1124 1278 1208 1334 ita
1262 1282 1517 1351 agerent,
1579 1294 1673 1332 me
1729 1292 1924 1331 coram
2034 1278 2303 1333 Romanos
2358 1278 2458 1333 ille
2512 1295 2644 1334 usus
2699 1278 2946 1333 creditur
2984 1278 3307 1348 pervenisse.
3343 1273 3445 1329 His
3476 1272 3700 1329 accedit

267 1368 620 1425 assistente:
680 1369 874 1424 audivi
946 1367 1291 1439 hujusmodi
1370 1383 1721 1438 responsum
1794 1366 1924 1421 red-
2033 1367 2194 1439 omni
2222 1367 2556 1438 exceptione
2573 1367 2766 1438 majus
2786 1365 2991 1421 Leonis
3014 1364 3270 1436 PapaaIII
3286 1361 3696 1419 testimonium

264 1457 420 1512 dere.
443 1456 717 1513 videlicet
748 1458 903 1529 quod
940 1438 1205 1514 Romana
1233 1456 1492 1513 Ecclesia
1546 1473 1661 1511 non
1713 1455 1927 1510 fuisset
2031 1438 2091 1508 in
2127 1456 2426 1527 praecitata
2455 1456 2776 1511 Collatione
2805 1472 2941 1511 cum
2970 1454 3174 1526 legatis
3210 1451 3419 1508 concili
3487 1450 3699 1523 Aquis-

259 1544 589 1618 aliquando
618 1545 744 1601 ulla
770 1546 1060 1602 haereseos
1092 1547 1212 1602 fece
1254 1546 1505 1601 infecta:
1564 1544 1665 1600 sed
1724 1559 1925 1598 secun-
2030 1545 2358 1613 granensis.
2392 1545 2540 1599 Nam
2571 1561 2707 1599 cum
2738 1560 2977 1599 samum
3004 1543 3342 1614 pontificem
3409 1543 3688 1612 urgerent

258 1635 403 1690 dum
436 1634 630 1691 sancti
660 1636 816 1691 Petri
867 1636 1222 1702 doctrinam,
1263 1635 1323 1689 in
1374 1633 1671 1689 soliditate
1723 1631 1922 1687 catho-
2028 1622 2300 1703 legati,ut
2328 1633 2643 1690 Gallicanis
2672 1633 2935 1689 ecclesiis
2965 1631 3332 1704 permitteret
3361 1628 3697 1702 symbolum

254 1720 385 1779 lica:
417 1722 556 1779 ﬁdei
587 1728 962 1796 permaneret
995 1724 1382 1780 inconcussa:
1434 1727 1493 1778 et
1549 1722 1678 1777 ideo
1732 1720 1921 1792 magis
2032 1721 2341 1777 decantare
2379 1739 2513 1777 cum
2571 1722 2890 1790 additione,
2950 1738 3077 1793 qua
3135 1719 3491 1774 mentionem
3553 1716 3697 1774 facit

256 1812 356 1868 his
386 1813 791 1868 necessarium
822 1829 954 1869 esse
981 1813 1128 1869 illud
1156 1811 1498 1886 Symbolum
1530 1809 1745 1882 saepius
1784 1825 1921 1865 can-
2028 1813 2393 1883 processiouis
2449 1812 2691 1884 Spiritus
2741 1812 2922 1867 sancti
2994 1828 3028 1866 a
3086 1811 3231 1865 Filio
3291 1806 3533 1880 perinde
3562 1822 3630 1862 ac
3659 1822 3695 1862 a

254 1901 443 1957 tando
471 1901 869 2002 frequentare,
903 1902 1006 1975 qui
1032 1902 1350 1974 aliquando
1402 1900 1523 1955 ulla
1569 1898 1778 1955 haeresi
1824 1915 1922 1971 po-
1956 1936 2005 2002 Β
2033 1901 2222 1965 Patre,
2284 1901 2591 2002 respondit
2644 1899 2929 2002 pontifex,
2971 1899 3106 2002 satis
3151 1913 3264 1952 esse
3307 1894 3452 2002 illud
3484 1896 3697 2002 decan-

253 1994 505 2047 tuerunt
527 1990 835 2047 maculari.
871 2013 900 2041 ››
1956 1984 2005 2002 ³³
2035 1993 2160 2045 tare
2189 1989 2456 2061 quomodo
2512 1990 2574 2045 in
2640 1988 2955 2061 hujusmodi
3019 1985 3382 2056 decantando,
3443 1990 3499 2040 et
3552 1984 3691 2040 cele-

338 2079 503 2136 Hanc
527 2081 863 2136 deseruisse
890 2080 1122 2137 videtur
1148 2080 1238 2135 vir
1293 2079 1672 2136 doctissimus
1696 2078 1926 2150 opinio-
2039 2078 2246 2134 brando
2287 2081 2649 2135 sacrosanctis
2702 2079 2985 2151 mysteriis
3041 2080 3235 2132 sancta
3284 2075 3531 2131 Romana
3557 2077 3702 2130 tenet

263 2186 398 2225 nem
432 2169 495 2223 in
524 2169 964 2225 Commentario
994 2170 1053 2225 in
1086 2169 1346 2225 Ordinem
1377 2169 1695 2237 Romanum,
1714 2167 1917 2239 capita;

258 2260 317 2324 5,
339 2258 678 2324 num.3,ubi
710 2257 826 2313 ait:
866 2258 1062 2314 Verum
1090 2259 1248 2326 longe
1276 2260 1412 2313 ante
1449 2258 1507 2312 id
1537 2260 1924 2328 tempusSym-

260 2348 449 2403 bolum
482 2348 542 2402 in
606 2348 782 2402 missa
820 2348 1131 2418 pontiﬁcali
1184 2347 1469 2402 decantari
1520 2362 1641 2401 mos
1693 2354 1833 2411 erat,
1864 2347 1928 2399 ut

260 2438 439 2507 ﬁdem
480 2434 626 2507 facit
683 2436 904 2491 libellus
957 2435 1225 2491 secundus
1271 2436 1339 2490 de
1394 2435 1597 2492 Ordine
1660 2437 1922 2491 Romano.

257 2526 432 2581 Hunc
464 2524 744 2581 Ordinem.
780 2524 1045 2596 aliosque
1082 2524 1233 2580 infra
1292 2525 1366 2579 ad
1422 2540 1663 2579 examen
1693 2524 1924 2580 vocabi-

259 2631 417 2670 mus.
470 2613 534 2669 In
582 2614 736 2669 hanc
804 2613 1159 2669 sententiam
1205 2618 1365 2669 totus
1423 2614 1545 2669 abit
1574 2614 1923 2679 Edmundus

258 2703 549 2760 Martene.
576 2703 660 2758 De
688 2704 937 2774 antiquis
962 2702 1210 2758 Ecclesiae
1235 2703 1454 2758 ritibus.
1512 2702 1613 2757 lib.
1664 2720 1706 2769 1,
1737 2702 1926 2774 capite

256 2793 313 2859 4,
347 2798 457 2848 art.
495 2793 550 2858 3,
587 2808 755 2847 num.
792 2793 881 2859 11,
913 2796 971 2847 et
1025 2791 1086 2847 in
1167 2791 1517 2847 Praefatione
1572 2791 1643 2847 ad
1694 2795 1923 2847 tomum

256 2881 338 2937 IV
365 2886 422 2937 et
453 2880 502 2934 V
532 2880 929 2952 Amplissimaa
960 2880 1350 2936 Collectionis.
1385 2879 1608 2936 Illustri
1638 2881 1924 2936 monacho

257 2971 600 3027 consentire
650 2970 862 3025 maluit
908 2970 1255 3026 Franciscus
1295 2969 1607 3042 Pagius,in
1637 2972 1925 3026 Breviario

262 3063 640 3117 Romanorum
664 3059 1014 3131 pontiﬁcum,
1045 3063 1202 3115 tomo
1235 3060 1306 3131 II,
1335 3059 1398 3114 in
1424 3059 1737 3115 Benedicto
1775 3060 1925 3125 VIII,

2035 2168 2294 2223 Ecclesia.
2355 2167 2459 2222 His
2510 2169 2659 2223 addo
2714 2165 2960 2223 Joannis
3016 2166 3179 2237 Papa:
3223 2162 3349 2218 VIII
3381 2161 3504 2235 (qui
3543 2177 3698 2218 anno

2033 2257 2141 2311 872
2170 2257 2238 2312 ad
2273 2273 2574 2321 summum
2605 2257 3008 2328 pontiﬁcatum
3042 2258 3274 2310 evectus
3317 2253 3427 2319 est)
3500 2255 3698 2306 iucto-

2034 2345 2269 2401 ritatem
2298 2345 2358 2400 in
2391 2344 2637 2417 epistola
2672 2346 2799 2413 2/17,
2860 2346 2933 2401 ad
2991 2341 3546 2417 Spheutopulerum,
3600 2355 3696 2396 co-

2036 2435 2239 2489 mitem
2269 2434 2553 2500 Moravite,
2588 2435 2687 2489 ubi
2720 2435 2841 2489 haec
2871 2434 3050 2490 habet
3077 2451 3090 2488 :
3143 2430 3483 2487 Methodium
3530 2443 3692 2484 vene-

2033 2523 2155 2592 rab,
2181 2524 2653 2594 archiepiscopum
2688 2530 2929 2578 vestram
2987 2521 3478 2591 interrogavimus,
3507 2533 3696 2573 coram

2026 2614 2224 2684 positis
2267 2612 2543 2682 fratribus
2591 2613 2793 2666 nostris
2846 2611 3128 2683 episcopis,
3177 2611 3231 2664 si
3285 2608 3525 2664 orthoxaa
3554 2605 3690 2677 ﬁdei

2032 2700 2351 2773 Symbolum
2404 2702 2485 2756 ita
2529 2700 2790 2767 crederet,
2839 2709 2893 2755 et
2947 2702 3095 2755 inter
3165 2713 3324 2753 sacra
3394 2697 3694 2751 missarum

2031 2790 2299 2845 solemnia
2354 2793 2591 2859 caneret,
2647 2790 2816 2844 sicuti
2865 2792 3111 2844 sanctam
3167 2789 3471 2843 Romanam
3513 2784 3695 2840 Eccle—

2031 2880 2175 2934 siam
2203 2887 2401 2947 tenere,
2434 2887 2487 2934 et
2517 2881 2578 2934 in
2603 2882 2807 2933 sanctis
2837 2887 2887 2933 et
2933 2876 3341 2932 universalibus
3394 2873 3627 2946 synodis
3656 2890 3693 2927 a

2032 2969 2236 3023 sanctis
2264 2968 2524 3022 Patribus
2552 2966 2851 3022 secundum
2902 2966 3274 3037 evangelicum
3332 2962 3540 3019 Christi
3592 2962 3692 3018 Dei

2033 3057 2208 3112 nostri
2280 3061 2661 3112 auctoritatem
2712 3057 3141 3127 promulgatum,
3206 3056 3369 3125 atque
3420 3052 3694 3107 traditum

268 3166 438 3205 num.
469 3151 523 3215 8,
554 3152 765 3222 ’quam
819 3146 1057 3204 Antonii
1109 3148 1269 3221 Pagii
1324 3149 1517 3220 patrui
1576 3151 1925 3206 sententiam
2036 3162 2147 3201 esse
2202 3152 2434 3201 constat.
2495 3145 2595 3201 llle
2658 3150 2857 3201 autem
2930 3145 3229 3216 professus
3284 3147 3374 3199 est
3419 3158 3482 3197 se
3521 3142 3695 3212 juxta

274 3236 463 3309 sequi.
482 3238 607 3294 Non
628 3238 901 3293 eamdem
928 3240 1127 3293 tamen
1154 3237 1311 3293 viam
1342 3237 1926 3309 perguntilli.Berno-
1966 3300 2000 3309 η
2038 3234 2433 3307 evangelicam
2465 3240 2523 3290 et
2551 3233 2931 3307 apostolicam
2956 3233 3303 3299 doctrinam,
3320 3230 3474 3287 sicut
3501 3237 3695 3286 sancta

276 3300 383 3381 nis
411 3327 838 3393 auctoritatem,
871 3343 997 3398 quae
1037 3300 1363 3399 repugnare
1390 3300 1635 3395 videtur,
1670 3334 1731 3383 ut
1747 3328 1929 3388 elevet
1958 3300 2001 3366 α
2041 3300 2284 3380 Hmagni!
2329 3300 2793 3392 Εσσιϐιςίασάοοϐι,
2868 3327 2926 3379 et
2983 3340 3017 3379 ει
3075 3320 3347 3378 Patribus
3402 3319 3688 3375 traditum

271 3416 669 3484 Mabillonius,
729 3416 1049 3472 existimat.
1126 3415 1381 3487 Symboli
1460 3418 1842 3474 recitationem
1897 3437 1933 3474 α
2040 3417 2148 3483 est,
2182 3417 2378 3469 tenere
2406 3418 2465 3469 et
2494 3413 2762 3484 psallere.
2792 3413 2872 3469 Ex
2899 3410 2994 3467 his
3051 3410 3325 3467 omnibus
3384 3408 3695 3465 conficitur

258 3506 467 3563 seculo
495 3521 641 3562 nono
669 3506 743 3561 ad
768 3505 1123 3560 undecimum
1168 3507 1549 3561 intermissam
1578 3523 1614 3561 a
1671 3510 1932 3564 Romanis
2041 3509 2147 3557 toto
2194 3504 2397 3559 simulo
2453 3518 2593 3558 nono
2652 3501 2977 3583 Symbolum
3034 3501 3096 3555 in
3117 3501 3289 3555 missa
3317 3497 3463 3579 apud
3495 3498 3692 3554 Roma-

260 3597 323 3651 in
352 3595 523 3651 Missa
544 3595 737 3666 fuisse,
769 3594 1104 3665 iterumque
1127 3594 1929 3666 resumptamﬂonjuncturze

262 3684 527 3742 solidam
551 3683 816 3756 aliquam
849 3683 1139 3739 rationem
1163 3700 1268 3738 nec
1289 3684 1507 3755 profert
1527 3683 1928 3755 Mabillonius,

258 3790 371 3830 nec
404 3774 549 3829 dare
575 3772 866 3845 potuisset
922 3789 1186 3843 unquam

337 3886 363 3913 ε
401 3862 524 3918 Nos
549 3878 687 3917 vero
719 3861 935 3933 (inquit
988 3861 1247 3917 Martene
1290 3860 1416 3917 loco
1444 3862 1703 3934 primum
1733 3863 1929 3933 citato)

254 3958 317 4008 et
348 3950 647 4007 Barnonis
694 3949 1067 4005 admittimus
1123 3950 1550 4018 auctoritatem,
1606 3955 1664 4007 et
1716 3951 1928 4007 nihilo-

255 4042 469 4097 minus
530 4037 854 4094 asserimus
902 4039 1152 4110 Symboli
1207 4041 1270 4094 in
1331 4041 1503 4095 missa
1554 4043 1932 4097 recitationem

256 4132 428 4202 longe
472 4129 850 4199 antiquiorem
892 4129 953 4183 in
1030 4129 1270 4184 Ecclesia
1348 4132 1597 4185 Romana
1672 4132 1927 4199 existere,

261 4236 450 4292 quam
486 4216 829 4273 existiment
885 4214 973 4271 illi
1030 4221 1301 4273 auctores
1359 4217 1691 4289 (Baronius,
1755 4219 1927 4290 Bona,

261 4308 612 4374 Menardus,
646 4305 887 4378 alique).
915 4306 1064 4363 Nam
1124 4305 1314 4378 primo
1355 4305 1591 4362 illorum
1656 4307 1931 4380 praejudi-

259 4398 367 4454 ciis
400 4397 647 4453 obstant
673 4395 909 4467 antiqui
943 4394 1176 4451 Ordines
1215 4398 1474 4463 Romani,
1510 4396 1582 4452 II.
1616 4399 1663 4449 V
1721 4401 1779 4453 et
1830 4396 1927 4464 VI,

262 4503 330 4543 ex
386 4484 654 4558 vulgatis
684 4502 717 4541 a
745 4482 1086 4540 Mabillonio
1144 4484 1338 4562 Musaei
1364 4485 1547 4540 Italici
1575 4489 1733 4540 tomo
1760 4486 1828 4540 Il.
1861 4486 1932 4541 Et

260 4592 335 4632 ne
365 4574 507 4648 quis
542 4572 805 4645 aliquam
848 4573 911 4628 in
955 4572 1049 4628 his
1077 4572 1591 4645 interpolationem
1622 4574 1931 4646 irrepsisse

2037 3609 2142 3650 nos
2169 3589 2377 3648 dictum
2404 3594 2596 3663 fuisse.

2111 3685 2260 3751 Quid
2289 3700 2425 3756 ergo
2456 3682 2719 3737 dicemus
2767 3680 2840 3735 ad
2897 3678 3180 3734 Barnonis
3238 3675 3694 3757 testimonium?

2037 3775 2258 3833 Seaculo
2288 3773 2516 3829 decimo
2545 3773 2922 3826 intermwsam
2954 3767 3150 3823 Romae
3183 3766 3335 3821 hanc
3379 3768 3694 3821 consuetu-

2040 3867 2234 3922 dinem
2269 3864 2426 3935 (cum
2474 3858 2879 3930 Mabillonio)?
2936 3858 3065 3911 Haec
3125 3855 3426 3927 responsio
3457 3852 3694 3910 tolerari

2041 3961 2342 4026 utcunque
2399 3953 2616 4023 posset,
2675 3947 2724 4003 si
2782 3946 3118 4003 solidiorem
3166 3943 3402 4000 aliunde
3444 3960 3560 3998 non
3590 3943 3692 3998 ha-

2040 4046 2313 4101 beremus
2359 4041 2539 4111 hujus
2599 4035 2970 4093 difﬁcultatis
3019 4034 3391 4091 solutionem.
3445 4033 3592 4088 Nam
3643 4032 3695 4088 si

2039 4131 2326 4189 Barnonis
2353 4129 2529 4184 verba
2558 4129 2786 4182 attenta
2809 4123 3026 4180 mentis
3065 4121 3533 4179 consideratione
3563 4136 3694 4192 per-

2039 4224 2394 4286 scrutemur,
2449 4233 2569 4272 non
2621 4217 2795 4286 negat
2861 4211 3125 4269 absolute
3182 4211 3337 4283 apud
3398 4210 3694 4267 Romanos

2037 4309 2380 4382 Symbolum
2408 4307 2469 4362 in
2495 4304 2679 4361 missa
2708 4303 2932 4359 dictum
2962 4302 3165 4367 fuisse,
3197 4301 3299 4357 sed
3342 4300 3692 4356 decantatum

2040 4398 2180 4471 quia
2209 4413 2409 4453 revera
2437 4393 2686 4451 solemni
2734 4390 3152 4456 modulatione,
3213 4394 3276 4445 ut
3316 4389 3377 4444 in
3426 4388 3560 4445 aliis
3589 4389 3693 4444 Ec-

2039 4486 2254 4552 clesiis,
2313 4503 2428 4540 non
2480 4483 2846 4552 cantabatur,
2882 4482 3004 4537 sed
3064 4479 3257 4536 solum
3315 4477 3688 4539 recitabatur.

2039 4576 2228 4647 Hujus
2286 4572 2687 4646 responsionis
2728 4574 2938 4627 testem
2972 4570 3199 4642 profero
3230 4568 3481 4624 Leonem
3511 4566 3603 4632 IIl,
3628 4566 3691 4621 in

258 4663 631 4737 suspicetur,
664 4677 901 4718 omnem
925 4661 1324 4734 suspicionem
1356 4666 1617 4719 removet
1652 4661 1933 4718 Amalarii
1962 4668 2010 4732 Ι)
2042 4664 2341 4735 praecitata
2386 4660 2706 4719 Collatione
2762 4676 2895 4717 cum
2953 4658 3159 4728 legatis
3217 4656 3425 4712 concili
3479 4656 3693 4727 Aquis-

259 4752 504 4810 abbatis
561 4750 775 4825 Ecloga
829 4751 890 4807 in
924 4749 1184 4808 Ordinem
1211 4753 1550 4820 Romanum,
1573 4752 1731 4808 edita
1767 4769 1801 4807 a
1823 4753 1932 4807 Ba-

258 4842 420 4899 lnzio
432 4841 495 4897 in
510 4839 845 4913 Appendice
857 4840 931 4896 ad
943 4838 1305 4912 Capitularia
1316 4856 1563 4913 regnum
1580 4842 1933 4897 Francorum

257 4932 320 4988 in
342 4948 471 5004 qua
510 4930 634 5001 agit
688 4929 761 4985 de
806 4928 1080 5001 Symbolo.
1115 4951 1145 4980 »
1202 4931 1269 4985 In
1330 4929 1532 4986 Ordine
1591 4931 1831 4987 Romano
1860 4928 1932 4998 II,

2041 4753 2350 4825 granensis
2385 4768 2397 4805 :
2433 4750 2585 4819 Quod
2644 4764 2765 4805 vero
2820 4747 3036 4821 (inquit
3091 4746 3390 4819 pontifex),
3449 4745 3694 4800 asseritis

2043 4842 2167 4898 ideo
2222 4857 2311 4897 vos
2356 4842 2439 4896 ita
2482 4846 2710 4895 cantare
2756 4836 3094 4909 Symbolum.
3162 4836 3426 4908 quoniam
3454 4835 3595 4891 alios
3630 4835 3692 4889 in

2042 4933 2163 4987 istis
2208 4931 2458 5002 partibus
2514 4928 2663 4985 vobis
2706 4928 2920 4999 priores
2965 4925 3197 4981 audistis
3236 4928 3506 4992 cantasse,
3561 4922 3698 4996 quid

256 5021 386 5077 haec
428 5018 728 5075 habentur
772 5018 972 5083 verba,
1034 5034 1164 5090 pag.
1227 5019 1333 5073 46:
1391 5020 1519 5075 Post
1572 5021 1934 5088 Evangelium
2042 5020 2113 5076 ad
2138 5020 2289 5075 nos?
2316 5022 2428 5075 Nos
2454 5019 2608 5073 enim
2631 5015 2690 5072 id
2720 5018 2904 5087 ipsum
2952 5030 3066 5071 non
3109 5026 3417 5086 cantamus,
3474 5013 3567 5069 sed
3622 5014 3697 5069 le-

256 5109 518 5167 candelae
548 5109 610 5163 in
643 5108 755 5163 loco
780 5123 879 5163 suo
911 5107 1381 5178 exstinguuntur:
1411 5117 1464 5164 et
1513 5109 1584 5165 ab
1639 5111 1927 5181 Episcopo.

255 5199 433 5256 Credo
500 5199 567 5253 in
619 5213 797 5253 unum
850 5197 1043 5263 Deum,
1102 5203 1389 5254 cantatur.
1452 5200 1513 5254 In
1572 5198 1807 5254 Ordine.
1858 5199 1926 5253 V.

257 5306 391 5363 pag.
454 5289 570 5343 66:
629 5287 877 5359 Perfecto
927 5287 1249 5359 Evangelia,
1300 5287 1448 5343 dicat
1476 5288 1754 5360 episcopus
1811 5292 1930 5344 Pam

264 5379 399 5434 tibi:
431 5385 485 5434 et
538 5377 759 5438 elevat;
814 5374 983 5432 Credo
1039 5378 1103 5431 in
1158 5392 1338 5431 unum
1394 5381 1587 5432 Deum.
1623 5377 1685 5432 In
1714 5376 1928 5434 Ordine

262 5464 349 5535 VI,
408 5482 550 5540 pag.
577 5465 690 5520 75:
749 5464 881 5521 Alta
934 5479 1060 5520 voce
1108 5465 1347 5536 incipiat
1401 5480 1616 5531 canere,
1660 5465 1829 5522 Credo
1866 5468 1927 5522 in

264 5571 432 5612 unum
458 5557 657 5621 Deum,
703 5552 1132 5625 Antiquitatem
1193 5553 1427 5610 secundi
1484 5553 1705 5610 Ordinis
1762 5555 1926 5611 colli-

260 5646 452 5719 gimus
483 5662 558 5703 ex
583 5641 892 5701 Amalario
922 5642 1189 5710 Metensi,
1221 5642 1361 5699 noni
1392 5642 1591 5700 saeculi
1642 5643 1927 5715 scriptore

262 5737 355 5809 qui
383 5736 695 5794 laudatam
725 5733 788 5789 in
823 5731 1103 5788 eumdem
1132 5732 1412 5789 Ordinem
1470 5730 1709 5805 scripsit
1755 5732 1923 5807 Eglo-

2038 5110 2260 5179 gimus:
2299 5114 2351 5162 et
2397 5105 2622 5175 legendo
2667 5104 2873 5171 docere,
2926 5118 3025 5157 nec
3080 5109 3263 5157 tamen
3319 5100 3543 5172 legendo
3596 5107 3695 5155 ant

2037 5199 2273 5255 docendo
2292 5197 2508 5263 addere,
2541 5195 2827 5268 quidpiam
2864 5194 3046 5249 eidem
3090 5191 3348 5264 Symbolo
3402 5189 3696 5247 inserendo

2035 5288 2430 5360 praesuminus.

2111 5378 2266 5433 193
2287 5374 2413 5431 Non
2445 5374 2590 5429 adeo
2622 5371 2956 5428 charissimi
2984 5371 3094 5427 viri
3128 5369 3276 5426 mihi
3333 5369 3575 5425 robusta
3600 5367 3693 5422 vi-

2037 5467 2251 5523 dentur
2279 5465 2642 5537 argumenta,
2675 5464 2742 5516 ut
2769 5477 2873 5533 pro
2901 5460 3156 5516 solidiori
3183 5458 3385 5516 haberi
3442 5458 3695 5516 debeant

2034 5553 2357 5612 testimonii
2388 5569 2458 5608 ex
2488 5552 2738 5607 Bernone
2770 5551 2974 5605 desum
2984 5550 3067 5622 pti
3094 5550 3385 5605 solutione.
3430 5547 3693 5604 Verbum

2034 5644 2391 5714 cantari,quo
2420 5640 2577 5727 idem
2608 5639 2797 5696 utitur
2826 5640 3031 5710 Berno,
3053 5640 3179 5712 ipse
3199 5639 3457 5696 Martene
3478 5637 3695 5694 fatetur

2034 5734 2161 5791 loco
2192 5732 2387 5801 citato,
2420 5726 2577 5803 apud
2616 5726 2932 5800 plerosque
2962 5732 3230 5784 auctores
3276 5742 3401 5800 pro,
3431 5728 3690 5796 recitari,
