4108 6448
338 374 448 436 191

1353 390 1673 456 GEORGII
1717 394 1986 458 CYPRII
2027 395 2147 461 GP.
2196 400 2729 466 PATRIARCHJE

3631 411 3747 475 192

334 530 617 619 usurpari.
649 534 791 588 Cum
821 532 1002 607 igitur
1030 543 1225 595 narret
1252 539 1370 609 ine,
1403 543 1473 599 ad
1518 561 1688 618 usque
1733 558 1982 619 tempora
2012 534 2066 599 Α
2096 537 2229 590 tur:
2263 536 2523 607 adeoque
2551 553 2619 591 ex
2651 536 2854 594 Leonis
2884 539 3127 597 consilio
3157 541 3416 615 Symboli
3455 543 3576 602 sive
3613 562 3749 603 can-

334 617 563 674 Henrici
610 622 788 691 primi
840 623 1156 696 Symbolum
1210 647 1321 686 non
1376 617 1633 689 cecinisse
1696 617 1982 703 Romanos,

334 708 525 777 potuit
556 709 759 782 utique
788 712 1033 769 inficiari
1059 717 1386 791 simplicem
1429 724 1690 793 ejusdem
1724 726 1985 797 Symboli

333 797 488 866 apud
521 813 618 853 eos
650 800 1069 860 recitationem.
1123 808 1283 863 Hanc
1337 812 1567 883 negavit
1627 815 1752 870 sine
1782 816 1982 885 dubio,

335 889 400 939 ut
433 886 705 943 Romana
737 895 1181 951 consuetudinis
1207 898 1353 954 ratio
1411 901 1643 973 evincit,
1675 921 1850 975 quam
1884 908 1984 961 ad-

333 974 537 1031 ducit:
612 978 869 1035 Videlicet
924 984 1067 1053 quod
1118 988 1363 1044 Romana
1399 993 1660 1060 Ecclesia,
1690 974 1983 1065 inquiens,

333 1078 445 1117 non
472 1066 667 1135 fuisset
696 1069 996 1140 aliquando
1026 1075 1145 1130 ulla
1178 1077 1438 1135 hrrreseos
1466 1084 1581 1151 [cce
1636 1084 1860 1153 infecta,
1893 1084 1988 1139 sed

332 1154 634 1210 secundum
662 1162 839 1213 sancti
891 1163 1045 1217 Petri
1106 1164 1411 1223 doctrinam
1462 1173 1519 1225 in
1564 1172 1834 1228 catholica
1881 1172 1989 1242 ﬁde

330 1250 683 1311 permaneret
712 1249 1031 1306 inconcussa
1052 1272 1071 1306 :
1098 1262 1149 1309 et
1178 1256 1493 1330 ideomagis
1516 1262 1600 1315 his
1614 1264 1989 1317 necessarium

331 1340 468 1387 esset
501 1331 647 1388 illud
676 1336 996 1407 Symbolum
1040 1346 1241 1414 sapius
1295 1348 1562 1403 cantando
1614 1352 1985 1420 frequentare,

332 1422 429 1492 qui
457 1422 758 1493 aliquando
788 1428 907 1483 ulla
948 1430 1151 1487 haeresi
1190 1443 1483 1505 patuerunt
1540 1440 1824 1496 maculari
1871 1447 1987 1495 Aut

336 1516 703 1567 momentum
733 1514 888 1571 inest
943 1518 1169 1577 nullum
1230 1526 1515 1595 pradicta
1578 1530 1821 1585 rationi:
1885 1535 1987 1586 aut

334 1597 434 1654 illa
462 1606 617 1655 certe
664 1620 828 1675 aque
876 1606 1203 1679 simplicem
1254 1614 1510 1686 Symboli
1581 1618 1983 1675 recitationem

312 1688 542 1759 ~rejicit,
576 1694 753 1763 atque
784 1709 916 1767 cum
951 1704 1124 1754 cantu
1155 1706 1212 1755 et
1267 1705 1684 1762 modulatione.
1727 1709 1981 1765 Verbum

332 1777 509 1843 idem,
536 1784 782 1850 cantare,
811 1786 966 1856 apud
1017 1789 1438 1849 ecclesiasticos
1485 1796 1665 1866 hujus
1696 1798 1797 1851 avi
1840 1799 1983 1853 scri-

334 1871 529 1969 ptores
559 1871 741 1942 accipi
773 1888 886 1928 non
920 1892 1049 1932 raro
1080 1896 1181 1948 pro
1210 1883 1461 1954 simplici
1496 1888 1822 1943 recitatione
1876 1888 1978 1942 do-
2008 1907 2057 1972 Β

333 1961 424 2012 cet
452 1957 625 2013 etiam
667 1959 1063 2035 Mabillonius,
1096 1970 1432 2038 praefatione
1487 1974 1559 2029 ad
1619 1975 1896 2031 saculum
1930 1976 1981 2031 ΙΙ

333 2045 568 2103 Ordinis
597 2048 792 2104 Sancti
824 2052 1116 2110 Benedicti
1173 2075 1337 2115 num.
1396 2062 1487 2132 36,
1550 2063 1646 2119 ubi
1703 2066 1981 2121 adnotat:

332 2136 548 2192 Missam
576 2142 805 2195 cantare
832 2158 948 2197 non
989 2160 1117 2200 esse
1148 2148 1447 2205 modulata
1476 2168 1612 2209 voce
1642 2154 1825 2210 sacris
1854 2172 1985 2226 ope-

335 2228 472 2293 rari,
506 2227 605 2282 sed
635 2230 883 2299 recitare,
932 2232 1215 2291 Eumdem
1277 2239 1519 2295 consule
1576 2242 1635 2296 in
1693 2243 1981 2314 Disquisi-

331 2314 489 2370 tione
510 2316 581 2370 de
610 2333 784 2373 cursu
818 2319 1200 2395 Gallicano,et
1227 2326 1596 2401 Ducangium
1629 2334 1799 2389 verbo
1841 2334 1982 2388 Can-

329 2406 469 2469 tare,
500 2409 556 2461 et
584 2407 902 2465 Decantare.

406 2492 556 2583 Tibi,
588 2498 822 2569 tuaque
850 2498 1127 2557 solutioni
1159 2503 1348 2562 favere
1399 2507 1647 2565 Leonem
1692 2510 1766 2565 III
1818 2528 1983 2583 repo-

330 2581 423 2638 nis
453 2582 514 2638 in
546 2582 863 2643 Collatione
893 2605 1027 2645 cum
1068 2590 1275 2665 legatis
1298 2596 1526 2652 concilii
1549 2581 1983 2672 Aquisgranen-

333 2670 415 2726 sis
446 2671 665 2730 habita.
702 2677 823 2733 Imo
852 2682 1017 2735 tuam
1049 2681 1215 2738 elidit
1243 2684 1599 2758 solutionem,
1622 2670 1629 2671 ⁷
1651 2670 1828 2760 quam
1886 2706 1983 2745 vo-

333 2777 452 2828 cas,
487 2779 760 2821 summus
791 2768 1048 2838 pontifex
1077 2771 1136 2824 in
1167 2773 1436 2829 eamdem
1467 2775 1806 2834 Collatione.
1839 2778 1985 2833 Mul-

332 2854 452 2905 tam
485 2858 619 2924 post
648 2854 1078 2913 discussionem
1118 2859 1463 2932 inquiebant
1517 2864 1727 2936 legati:
1785 2868 1982 2923 Subla-

328 2941 405 2994 tis
433 2942 519 2996 his
547 2959 671 3012 qua
718 2945 900 3016 vultis,
962 2947 1162 3004 bonum
1214 2955 1293 3007 est
1349 2957 1411 3008 ut
1468 2953 1613 3010 idem
1660 2957 1982 3029 Symbolum

331 3040 610 3098 cantetur,
670 3033 902 3089 sublato
961 3036 1184 3093 scilicet
1241 3042 1674 3100 Additamento.
1737 3045 1985 3117 Reponit

333 3120 494 3188 Leo;
544 3124 757 3179 Bonum
804 3141 978 3181 sane:
1032 3128 1172 3199 quod
1222 3133 1421 3186 tamen
1466 3149 1580 3189 non
1635 3136 1979 3206 imperando.

331 3210 425 3266 sed
455 3215 517 3266 ut
556 3214 712 3283 prius
764 3214 1134 3283 permittendo
1190 3217 1439 3275 dicimus.
1498 3222 1627 3277 Hac
1676 3222 1797 3279 ulla
1854 3224 1982 3279 sine

335 3300 582 3372 ambage
606 3301 961 3374 signiﬁcant,
993 3305 1187 3361 Roma
1231 3310 1493 3365 nondum
1543 3311 1771 3368 recitari
1818 3317 1983 3386 Sym-

335 3388 767 3459 bolumﬁetiam
802 3392 930 3449 sine
1000 3396 1424 3466 additamento,
1477 3401 1889 3457 consuevisse:
1924 3401 1983 3457 id

332 3493 470 3533 vero
526 3478 841 3536 Gallicanis
891 3482 1153 3540 ecclesiis
1212 3486 1584 3557 permissum.
1644 3492 1758 3545 Cur
1827 3490 1984 3546 enim

334 3567 699 3640 Symbolum,
735 3569 783 3624 si
816 3571 932 3626 Deo
965 3573 1222 3644 pontifex
1259 3576 1455 3648 ipsum
1504 3576 1742 3651 legisset
1798 3579 1859 3635 in
1891 3579 1984 3635 Li-

332 3657 545 3728 turgia,
577 3661 709 3714 cani
737 3658 927 3716 solum
954 3665 1277 3733 permiserit
1302 3665 1619 3723 Gallicanis
1677 3668 1941 3724 ecclesiis
1962 3672 1988 3722 .9

334 3746 500 3802 Ratio
531 3746 720 3803 solida
748 3755 990 3821 apparet
1026 3751 1208 3809 nulla.
1252 3754 1510 3827 Pergunt
1539 3756 1777 3830 Legati:
1838 3758 1987 3826 Quia

332 3852 478 3904 vero,
510 3840 571 3892 ut
590 3837 794 3906 dicitis,
828 3839 1026 3896 bonum
1040 3847 1120 3897 est
1144 3852 1372 3900 cantare
1410 3845 1466 3900 id
1519 3847 1698 3917 ipsum
1755 3846 1987 3919 Symbo-

336 3925 471 3992 lum,
522 3927 775 3998 nunquid
828 3930 880 3983 si
936 3946 1113 3986 sermo
1170 3931 1477 4005 (Filioque)
1530 3935 1785 4003 tollatur,
1846 3936 1989 3991 idem

334 4030 512 4071 sermo
542 4017 610 4071 ab
639 4018 893 4073 omnibus
922 4035 987 4074 ac
1012 4020 1064 4074 si
1092 4030 1283 4076 contra
1312 4021 1473 4091 ﬁdem
1527 4025 1616 4090 sit,
1657 4024 1986 4081 condemna-

337 4104 489 4159 bitur
508 4104 536 4159 ?
564 4107 726 4177 quale
753 4123 878 4179 ergo
903 4107 1061 4163 dabis
1090 4111 1386 4166 consilium
1405 4111 1434 4166 ‘l
1488 4112 1725 4168 Modum
1774 4130 1987 4186 expen-

335 4193 426 4260 de,
461 4210 638 4265 quem
672 4196 935 4268 suggerit
964 4197 1240 4269 pontifex,
1276 4207 1337 4254 ut
1367 4199 1493 4255 sine
1526 4200 1645 4256 ulla
1671 4202 1988 4258 offensione

335 4281 771 4340 additamentum
833 4285 903 4340 de
951 4285 1226 4357 Symbolo
1299 4287 1556 4344 tollatur.
1614 4290 1723 4346 Dat
1779 4308 1990 4364 nempe

336 4372 670 4439 consilium,
703 4374 1299 4446 utASymbolipantus
1327 4376 1389 4432 in
1420 4378 1604 4435 missa
1662 4379 1986 4449 omittatur,

336 4462 594 4534 primum
627 4463 686 4517 in
718 4462 960 4536 Palatio,
991 4463 1201 4521 deinde
1248 4465 1531 4538 paulatim
1589 4468 1720 4524 aliis
1776 4469 1837 4524 in
1895 4486 1988 4525 ec-

336 4552 553 4609 clesiis.
608 4554 881 4626 Expende
927 4554 1141 4611 verba:
1197 4558 1283 4611 Ita
1358 4556 1502 4612 mihi
1570 4557 1790 4613 videtur
1837 4574 1990 4630 posse

336 4750 472 4789 nem
501 4733 762 4789 ﬁdelium
793 4734 1000 4790 vitari:
1055 4736 1118 4791 Ut
1160 4735 1433 4807 paulatim
1488 4737 1550 4790 in
1594 4737 1821 4807 palatio,
1855 4739 1983 4809 quia

335 4822 397 4877 in
449 4826 631 4879 nostra
679 4827 870 4879 sancta
913 4827 1153 4880 Ecclesia
1208 4840 1319 4880 non
1374 4828 1653 4893 cantatur,
1727 4826 1991 4883 cantandi

333 4911 662 4968 consuetudo
689 4912 931 4983 ejusdem
968 4913 1213 4983 Symboli
1255 4916 1681 4986 intermittatur,
1713 4914 1989 4988 Exemplo

334 5003 492 5057 194
527 5002 802 5057 Romana
834 5003 1100 5059 Ecclesia
1133 5004 1419 5059 suadebat
1449 5005 1582 5075 Leo,
1616 5010 1682 5059 ut
1729 5005 1987 5076 primum

334 5093 397 5147 in
423 5090 646 5161 palatio
673 5091 1011 5163 Symbolum
1044 5093 1531 5149 intermitteretur
1559 5094 1619 5148 in
1669 5094 1987 5149 missarum

334 5180 547 5237 ofﬁcio.
582 5179 656 5235 Ut
698 5180 956 5253 Symboli
999 5184 1191 5237 cantus
1218 5182 1519 5254 (reponis),
1553 5198 1668 5237 non
1714 5186 1780 5238 ut
1834 5182 1984 5253 ejus-

333 5271 459 5326 dem
513 5272 760 5325 recitatio
823 5272 1294 5344 intermitteretur,
1364 5271 1648 5327 suadebat
1707 5271 1983 5342 pontifex.

334 5360 628 5430 Reponam
661 5376 788 5431 ego,
830 5359 1141 5415 consilium
1199 5377 1231 5415 a
1288 5360 1561 5432 pontiﬁee
1617 5361 1854 5432 suggeri
1912 5360 1986 5415 ad

334 5447 714 5504 offensionem
746 5450 1099 5519 evitandam,
1149 5467 1328 5522 quam
1383 5450 1681 5521 particula
1738 5450 1987 5520 Filioque

334 5538 726 5609 pratermisso
811 5539 1151 5611 ingenerare
1226 5538 1549 5612 potuisset:
1609 5539 1757 5594 banc
1814 5554 1985 5609 porro

334 5627 667 5700 contingere
715 5629 1095 5686 offensionem
1146 5628 1411 5702 potuisse
1469 5629 1587 5685 sive
1642 5626 1984 5701 Symbolum

335 5721 639 5775 caneretur
666 5717 793 5776 sine
823 5719 1246 5787 additamento,
1278 5718 1398 5775 sive
1457 5717 1651 5775 solum
1709 5716 1981 5774 recitare-

2094 633 2228 691 tum,
2262 625 2383 680 sive
2439 628 2808 682 recitationem
2868 630 3233 700 pratermitti
3290 633 3349 689 in
3407 635 3591 691 Missa
3646 637 3747 693 de-

2094 714 2314 770 buisse.

2166 806 2475 879 Negotium
2500 808 2730 867 nullum
2767 813 3083 883 facessunt,
3106 829 3233 884 qua
3263 817 3326 869 tu
3358 816 3538 872 verba
3565 835 3748 891 oppo-

2095 895 2207 951 nis.
2270 891 2346 952 Ea
2394 902 2568 957 sunt:
2633 900 2781 968 Quod
2835 918 2960 957 vero
3006 905 3255 959 asseritis
3313 904 3430 960 ideo
3505 923 3597 963 vos
3642 909 3748 964 ista

2093 995 2337 1051 cantare,
2367 990 2629 1058 quoniam
2665 991 2806 1047 alios
2832 992 2893 1047 in
2932 994 3053 1048 istis
3096 994 3371 1064 partibus,
3400 995 3551 1051 vobis
3591 998 3748 1067 prio-

2093 1091 2197 1141 res,
2230 1077 2476 1131 audistis
2503 1080 2767 1150 cantasse,
2795 1079 2928 1151 qnid
2984 1080 3063 1135 ad
3116 1084 3262 1138 nos?
3314 1084 3419 1139 Nos
3477 1086 3631 1140 enim
3661 1085 3747 1141 id-

2094 1165 2281 1231 ipsum
2309 1181 2416 1220 non
2439 1169 2744 1236 cantamus,
2793 1169 2885 1225 sed
2929 1170 3178 1240 legimus,
3236 1173 3310 1226 Et
3368 1173 3594 1241 legendo
3659 1173 3750 1230 do-

2093 1270 2235 1323 cere,
2266 1271 2365 1309 nec
2384 1259 2567 1312 tamen
2617 1258 2836 1328 tegendo
2889 1267 2986 1314 aut
3025 1259 3255 1316 docendo
3306 1261 3525 1333 addere,
3584 1265 3749 1335 quid-

2091 1344 2242 1414 piam
2275 1346 2450 1399 eidem
2492 1341 2753 1415 Symbolo
2804 1347 3117 1414 inserendo,
3163 1352 3554 1420 prasuminus.
3611 1352 3753 1424 Agi-

2094 1435 2192 1485 tur
2220 1432 2330 1487 hoc
2358 1431 2482 1488 loco
2515 1434 2585 1489 de
2624 1434 3019 1506 Additamento,
3070 1438 3225 1509 quod
3282 1455 3416 1495 cum
3474 1440 3747 1513 Symbolo

2096 1521 2248 1576 inter
2279 1521 2592 1577 Missarum
2617 1523 2903 1581 solemnia
2915 1526 3202 1582 canebant
3223 1527 3526 1583 Gallicana
3554 1529 3750 1585 Eccle-

2094 1609 2214 1681 sia,
2248 1615 2303 1665 et
2332 1615 2654 1682 Germana,
2690 1630 2755 1668 ac
2789 1613 2997 1669 Italica
3024 1614 3083 1670 in
3143 1633 3321 1688 regno
3376 1617 3583 1673 Caroli.
3644 1618 3753 1675 Ro—

2096 1716 2201 1755 ma
2235 1701 2474 1772 idipsum
2502 1701 2992 1772 (additamentum
3043 1704 3291 1778 scilicet)
3343 1723 3455 1761 non
3508 1710 3747 1775 cantari,

2090 1790 2192 1845 sed
2220 1791 2330 1860 legi
2360 1795 2612 1847 testatur
2644 1792 2768 1849 Leo.
2802 1792 2932 1848 Hac
2959 1793 3141 1865 igitur
3170 1794 3220 1850 si
3272 1794 3444 1851 lectio
3500 1795 3749 1871 intelligi

2094 1878 2298 1935 debeat
2354 1880 2612 1952 Symboli
2668 1881 2727 1937 in
2772 1882 3051 1955 Liturgia,
3090 1884 3216 1955 jam
3249 1885 3479 1940 admitti
3512 1902 3750 1943 necesse

2087 1954 2260 2034 foret,
2295 1968 2489 2025 Roma
2529 1970 2871 2043 Symbolum
2909 1954 2969 2027 in
3029 1954 3212 2029 missa
3267 1973 3482 2029 lectum
3542 1974 3749 2031 recita-

2090 2059 2335 2129 tumque
2366 2058 2549 2115 fuisse
2577 2076 2712 2116 cum
2744 2060 3136 2121 additamento.
3166 2061 3317 2119 Illud
3376 2062 3532 2119 enim
3592 2063 3747 2136 lege-

2092 2146 2266 2201 batur
2295 2147 2511 2216 Roma,
2572 2152 2637 2203 ut
2683 2150 2770 2205 ais
2797 2150 2952 2221 quod
3009 2149 3148 2206 alibi
3206 2152 3586 2221 cantabatur;
3643 2152 3745 2208 sed

2093 2233 2230 2291 alibi
2263 2238 2581 2292 cauebatur
2599 2237 3040 2295 additamentum
3071 2256 3204 2295 eum
3237 2241 3535 2313 Symbolo,
3569 2241 3750 2313 igitur

2093 2323 2335 2395 idipsum
2391 2326 2585 2381 Roma
2643 2326 2965 2400 legebatur,
3066 2329 3222 2400 quod
3310 2329 3518 2385 Leonis
3576 2328 3750 2386 dictis

2096 2414 2158 2470 in
2191 2414 2518 2471 Collatione
2549 2416 2790 2472 omnino
2821 2421 3131 2489 repugnat.

2165 2504 2470 2560 Genuinus
2498 2505 2809 2561 verborum
2860 2522 3072 2563 sensus
3103 2510 3227 2563 est:
3288 2524 3477 2579 neque
3522 2508 3751 2580 Symbo-

2094 2594 2229 2661 lum,
2265 2610 2453 2666 neque
2494 2594 2933 2651 additamentum
2975 2612 3109 2651 cum
3166 2595 3440 2669 Symbolo
3500 2598 3749 2667 cantari,

2093 2687 2195 2739 aut
2223 2683 2454 2756 publice
2502 2682 2616 2756 legi
2668 2684 2822 2740 inter
2850 2683 3168 2740 Missarum
3217 2684 3505 2742 solemnia
3550 2686 3748 2743 Roma

2092 2772 2506 2827 consuevisse:
2580 2770 2725 2826 illud
2790 2775 3050 2827 attamen
3132 2773 3585 2845 additamentum,
3642 2791 3749 2831 seu

2091 2860 2418 2915 doctrinam
2474 2860 2540 2915 de
2591 2862 2935 2932 processione
2988 2879 3023 2917 a
3052 2863 3220 2918 Patre
3246 2866 3300 2919 et
3325 2880 3368 2918 a
3412 2864 3576 2934 Filio,
3608 2861 3746 2937 legi,

2091 2954 2149 3006 et
2178 2951 2394 3015 doceri,
2443 2966 2509 3005 ac
2558 2949 2708 3005 tradi
2764 2949 3035 3007 ﬁdelibus
3090 2956 3256 3007 extra
3313 2951 3653 3024 Symbolum
3684 2952 3748 3008 in
3854 2952 3861 2960 ’

2091 3038 2349 3112 scriptis,
2409 3038 2469 3093 in
2530 3037 2957 3106 catechesibus,
3018 3039 3078 3094 in
3134 3040 3535 3096 concionibus.
3580 3045 3749 3097 Hunc

2091 3145 2335 3184 sensum
2366 3127 2617 3183 efferunt
2642 3127 2837 3192 verba,
2871 3144 2999 3199 qua
3036 3133 3401 3200 sequuntur:
3435 3131 3499 3185 Et
3527 3129 3751 3199 tegendo

2093 3217 2309 3286 docere,
2369 3233 2470 3271 nec
2524 3224 2707 3271 tamen
2762 3216 3003 3287 legendo,
3081 3220 3178 3272 aut
3246 3218 3489 3274 docendo
3556 3218 3755 3276 addere

2099 3306 2382 3378 quidpiam
2438 3304 2617 3359 eidem
2657 3305 2911 3376 Symbolo
2988 3306 3296 3378 inserendo,
3348 3310 3752 3379 prasuminus,

2093 3399 2342 3452 Sensum
2374 3394 2744 3463 conﬁrmant,
2777 3410 2908 3466 qua
2938 3394 3157 3451 ibidem
3180 3395 3292 3452 alia
3321 3397 3588 3452 Pontifex
3642 3397 3750 3452 ad-

2094 3485 2181 3540 dit
2208 3485 2419 3539 verba:
2481 3484 2616 3552 Qua
2672 3499 2797 3539 vero
2832 3483 3115 3555 praedictis
3193 3484 3457 3557 Symboli,
3518 3485 3750 3543 Nicano

2093 3578 2151 3630 et
2178 3572 2844 3645 Constantinopolitano,
2885 3574 3070 3630 deesse
3099 3577 3500 3646 cognoscimus,
3530 3591 3662 3644 non,
3695 3578 3757 3630 ut

2093 3663 2303 3719 dictum
2330 3666 2428 3730 est,
2478 3664 2717 3719 inserere
2758 3664 3157 3735 prasuminus,
3192 3663 3317 3719 .sed
3370 3665 3502 3719 locis
3551 3671 3756 3735 tempo-

2093 3753 2351 3824 ribusque
2374 3753 2715 3824 opportunis,
2749 3752 2947 3824 quibus
2982 3754 3235 3824 competit
3282 3753 3610 3809 ministrare
3654 3769 3751 3808 cu-

2093 3858 2303 3898 ramus.
2338 3842 2469 3898 Hac
2495 3840 2599 3897 illa
2626 3840 3014 3897 additamenti
3066 3842 3315 3913 Filioque
3338 3840 3509 3897 lectio
3538 3846 3648 3908 est,
3679 3842 3752 3897 de

2096 3948 2215 4004 qua
2243 3931 2504 3987 Pontifex
2533 3932 2685 4004 agit:
2718 3931 2921 4003 utique
2948 3933 3110 3986 extra
3138 3929 3505 4003 Symbolum,
3549 3930 3609 3985 in
3641 3930 3748 3987 Ca-

2097 4021 2451 4088 techesibus,
2507 4037 2633 4092 qua
2705 4021 2840 4075 locis
2918 4020 3356 4091 temporibusque
3432 4021 3755 4092 opportunis

2096 4110 2337 4166 ﬁebant.

2167 4203 2278 4254 Pro
2308 4204 2412 4254 tua
2441 4198 2735 4270 opinione,
2770 4198 3161 4271 peremptoria
3190 4201 3364 4271 putas
3414 4215 3482 4255 ea
3513 4199 3754 4255 demum
3798 4210 3807 4217 '

2097 4288 2398 4344 Pontificis
2428 4287 2640 4343 verba:
2673 4287 2820 4345 Satis
2846 4303 2957 4343 esse
3013 4286 3379 4359 (inquientis,
3429 4292 3496 4343 ut
3549 4287 3751 4360 refers)

2097 4377 2388 4433 decantare
2439 4376 2762 4449 Symbolum
2818 4376 3067 4448 (scilicet
3132 4376 3259 4432 sine
3304 4376 3752 4449 additamento),

2096 4466 2360 4539 quomodo
2418 4466 2477 4521 id
2560 4465 2829 4534 ejusmodi
2883 4465 3248 4533 decantando,
3319 4474 3373 4521 et
3428 4464 3753 4523 celebrando

2097 4556 2247 4614 195
2308 4557 2670 4611 sacrosanctis
2723 4556 3004 4627 mysteriis
3058 4559 3258 4610 sancta
3311 4555 3558 4611 Romana
3611 4562 3755 4611 tenet

222 4702 233 4706 _
336 4646 629 4715 utrumque
657 4644 801 4715 ﬁeri,
833 4648 890 4701 et
937 4645 1402 4701 additamentum
1434 4645 1581 4714 tolli,
1611 4651 1670 4702 et
1726 4647 1993 4703 oﬁ‘ensio-
2020 4647 2068 4713 D
2097 4647 2367 4701 Ecclesia.
2401 4649 2700 4717 Integrum
2733 4649 2959 4700 textum
3005 4643 3299 4715 exhibere,
3350 4643 3608 4716 pretium
3664 4648 3755 4698 est

2095 4751 2331 4808 opera:
2386 4739 2493 4806 Ego
2552 4734 2837 4789 licentiam
2886 4732 3013 4789 dedi
3064 4733 3365 4795 cantandi;
3420 4748 3533 4789 non
3567 4740 3755 4789 autem

2096 4824 2363 4882 cantando
2402 4823 2689 4896 quidpiam
2747 4822 3003 4891 addendi,
3035 4822 3348 4891 minuendi,
3383 4838 3482 4878 seu
3522 4825 3756 4878 mutan-

2096 4916 2174 4971 di.
2208 4916 2272 4969 Et
2300 4918 2363 4970 ut
2407 4914 2715 4985 expressius
2768 4912 3003 4984 aliquid,
3060 4914 3193 4984 quia
3246 4928 3338 4968 vos
3390 4912 3606 4981 cogitis,
3665 4911 3754 4966 lo-

2097 5020 2256 5076 quar,
2290 5003 2538 5075 quandiu
2565 5003 2713 5057 vobis
2761 5003 2822 5057 in
2878 5003 2977 5057 hoc
3022 5003 3161 5058 satis
3209 5003 3340 5073 fuit,
3398 4999 3662 5074 quomodo
3690 5001 3753 5055 in

2098 5092 2413 5165 hujusmodi
2466 5091 2755 5163 cantando,
2837 5090 2921 5147 vel
2976 5090 3317 5157 celebrando,
3388 5090 3756 5146 sacrosanctis

2094 5183 2377 5254 mysteriis
2404 5185 2599 5237 sancta
2628 5181 2875 5236 Romana
2904 5184 3048 5237 tenet
3084 5180 3349 5243 Ecclesia,
3404 5194 3757 5251 nequaquam

2095 5279 2193 5326 aut
2227 5270 2385 5327 nobis
2423 5272 2486 5325 in
2528 5268 2739 5325 talibus
2796 5269 3065 5337 laborare,
3123 5272 3223 5325 aut
3275 5270 3406 5325 aliis
3463 5269 3757 5325 laborandi

2095 5360 2429 5416 occasionem
2467 5374 2680 5415 necesse
2735 5360 2845 5430 fuit
2873 5359 3145 5430 ingerere.
3201 5359 3297 5414 Ait
3347 5357 3626 5431 pontifex,
3679 5359 3754 5414 li-

2094 5450 2335 5504 centiam
2364 5465 2426 5505 se
2455 5446 2773 5504 Gallicanis
2799 5447 3073 5504 Ecclesiis
3111 5446 3364 5514 dedisse,
3413 5446 3506 5503 vel
3551 5447 3752 5519 potius

2094 5538 2153 5593 id
2185 5537 2303 5593 illis
2328 5540 2711 5609 permissuma
2760 5554 2823 5593 se
2883 5538 3021 5609 (quo
3074 5536 3229 5592 infra
3286 5536 3475 5592 utitur
3524 5536 3752 5609 verbo),

2093 5632 2159 5683 ut
2189 5627 2534 5700 Symbolum
2555 5626 2708 5683 inter
2727 5625 3014 5684 solemnia
3030 5625 3345 5682 Missarum
3366 5624 3506 5698 ipsa
3522 5625 3594 5681 de
3613 5641 3754 5682 can-

2090 5720 2303 5773 tarent.
2358 5716 2485 5773 Non
2545 5731 2681 5789 ergo
2737 5714 2885 5772 illud
2943 5731 3151 5773 canere
3202 5718 3468 5772 Romana
3493 5712 3753 5771 Ecclesia
