4108 6454
272 413 386 477 193

1497 408 1708 475 νιΤΑ.
1740 445 1817 455 -
1848 410 2370 473 DISSERTATIO
2414 410 2491 473 Il.

3580 414 3695 477 194

272 544 471 602 adhuc
498 548 905 601 consueverat.
952 543 1210 617 lmplexa
1235 560 1363 616 qua
1402 547 1732 616 sequuntur
1759 543 1937 599 verba
1965 545 2018 612 Α
2047 543 2171 598 vari
2218 542 2407 599 solida
2452 560 2714 616 unquam
2769 543 2985 615 poterit
3027 544 3333 601 solutione.
3366 548 3446 602 Ea
3497 554 3693 621 repeto

274 651 451 691 sensu
482 638 711 700 carent,
742 634 1066 704 eademque
1096 633 1177 688 ita
1194 632 1470 689 videntur
1500 633 1929 688 construenda:

282 723 540 792 Quandiu
590 722 743 780 vobis
789 724 926 779 satis
970 722 1082 794 fuit
1137 720 1281 792 (sive
1311 722 1541 789 fuisset)
1597 723 1658 776 in
1706 721 1822 777 hoc.
1875 721 1937 774 in

284 811 599 884 hujusmodi
648 811 918 884 (scilicet)
966 810 1238 867 cantando
1280 814 1330 866 et
1376 810 1700 866 celebrando
1748 810 1935 881 (Sym-

292 901 441 973 bolo)
471 903 527 956 in
558 903 938 958 sacrosanctis
984 901 1282 973 mysteriis,
1312 900 1581 972 quomodo
1609 908 1800 955 sancta
1828 900 1936 954 Ro-

294 1008 458 1046 mana
482 993 626 1046 tenet
652 990 919 1061 Ecclesia,
952 1005 1143 1061 neque
1168 988 1360 1056 nobis,
1394 1005 1582 1061 neque
1627 987 1758 1044 aliis
1787 988 1939 1047 hanc

295 1079 547 1152 patiendi
578 1077 935 1149 molestiam,
975 1078 1338 1134 occasionem
1371 1077 1701 1134 dedissetis.
1732 1076 1937 1131 Anim-

293 1166 520 1222 adverte
564 1166 813 1221 verbum
861 1164 1031 1230 illud,
1084 1166 1258 1222 Tenet.
1319 1164 1445 1220 Non
1504 1164 1586 1220 ait
1624 1164 1884 1236 pontifex
1923 1180 1936 1218 :

290 1254 582 1326 quomodo
615 1256 860 1310 Romana
902 1258 1099 1310 cantat
1142 1256 1262 1310 sine
1310 1253 1680 1310 additamenta
1712 1253 1941 1325 Symbo-

288 1344 399 1398 lum
427 1343 494 1397 in
541 1343 800 1414 Liturgia
852 1361 866 1398 :
921 1344 1022 1398 sed
1072 1342 1338 1415 quomodo
1388 1347 1534 1398 tenet
1575 1345 1716 1414 ipsa,
1769 1345 1943 1413 atque

285 1430 549 1488 custodit
577 1429 926 1502 Symbolum
959 1430 1085 1487 sine
1115 1431 1391 1503 pradicta
1415 1432 1761 1503 adjectione.

360 1522 489 1585 Quo
519 1519 729 1591 utique
759 1537 940 1575 sensu
972 1520 1287 1592 scripserat
1333 1519 1508 1576 etiam
1535 1521 1788 1576 Joannes
1816 1519 1946 1575 VIII

286 1608 361 1664 ad
393 1608 671 1663 Moravia
722 1608 1019 1676 comitem,
1051 1608 1156 1663 abs
1205 1625 1267 1663 se
1320 1608 1680 1665 Methodium
1730 1607 1947 1664 archie-

287 1698 605 1771 piscopum
656 1698 1083 1769 interrogatum
1137 1714 1266 1753 esse
1298 1714 1312 1753 :
1344 1698 1412 1753 Si
1456 1698 1775 1754 orthodoxa
1820 1696 1949 1767 ﬁdei

287 1786 621 1859 Symbolum
651 1787 730 1843 ita
775 1785 1040 1854 crederet,
1072 1796 1126 1842 et
1170 1787 1251 1842 ita
1279 1789 1427 1843 inter
1469 1803 1629 1843 sacra
1658 1786 1948 1842 Missarum

288 1876 579 1932 solemnia
635 1878 861 1932 caneret
914 1875 1096 1945 (hunc
1141 1876 1299 1931 enim
1344 1881 1590 1948 {morem
1639 1875 1950 1932 servabant

291 1965 565 2021 Moravia
592 1963 923 2034 Ecclesia);
954 1965 1101 2020 sicut
1141 1968 1388 2020 sanctam
1434 1965 1737 2020 Romanam
1766 1964 1948 2021 Eccle-

286 2056 442 2111 siam
472 2058 678 2121 tenere,
709 2058 763 2109 et
802 2055 865 2109 in
908 2055 1112 2109 sanctis
1157 2054 1411 2110 conciliis
1453 2053 1868 2125 promulgatum
1895 2054 1952 2107 et

292 2142 567 2199 traditum
592 2157 725 2213 esse,
756 2148 985 2198 constat.
1019 2144 1141 2209 Quo
1168 2142 1294 2199 loco
1326 2143 1565 2199 verbum
1599 2150 1802 2213 tenere,
1834 2157 1951 2197 non

292 2237 385 2288 est
418 2230 738 2287 Ecclesiam
786 2231 1113 2287 Romanam
1162 2236 1400 2288 cantare
1448 2230 1814 2304 Symbolum,
1853 2234 1955 2286 aut

289 2319 486 2392 legere
535 2320 690 2375 inter
737 2319 1057 2376 missarum
1096 2319 1419 2389 solemnia;
1475 2321 1578 2376 sed
1622 2319 1768 2375 illud
1799 2320 1953 2374 inte-

290 2425 466 2483 grum
498 2408 1026 2481 incorruptumque
1040 2409 1352 2474 custodire,
1372 2409 1526 2465 sicut
1544 2426 1578 2464 a
1597 2410 1802 2465 sanctis
1821 2424 1955 2463 con-

292 2499 448 2553 ciliis
506 2498 948 2570 promulgatum
1000 2502 1088 2554 est
1135 2499 1556 2570 traditumque.
1620 2497 1766 2554 Hinc
1821 2513 1955 2552 vero

292 2586 665 2643 Walafridus
692 2587 921 2652 Strabo,
955 2587 1232 2659 deceptus
1286 2604 1521 2643 rumore
1550 2587 1732 2659 vulgi,
1766 2586 1955 2658 scrip-

296 2676 377 2732 sit
412 2693 426 2730 :
460 2694 496 2731 a
528 2678 742 2733 Graecis
770 2677 846 2732 ad
874 2677 1148 2733 Romanos
1177 2677 1357 2732 ritum
1388 2677 1569 2733 istum
1599 2674 1751 2732 credi
1773 2690 1958 2748 perve-

294 2765 449 2822 nisse
479 2784 498 2820 :
544 2770 704 2821 certa
750 2781 1008 2836 namque
1054 2765 1312 2822 Historia
1363 2771 1565 2821 narrat
1610 2765 1955 2838 Hispanicas

295 2854 613 2923 Ecclesias,
645 2854 706 2910 in
737 2855 962 2928 synodo
989 2854 1273 2911 Toletana
1292 2872 1357 2911 In
1387 2871 1540 2911 anno
1569 2856 1675 2910 587
1705 2854 1959 2910 celebra-

297 2950 384 3010 ta,
416 2944 766 3007 decrevisse,
790 2948 858 2999 ut
884 2943 1185 3000 secundum
1197 2946 1438 3015 fortnam
1461 2942 1831 3000 Orientalium
1860 2944 1958 2997 Ec-

298 3034 602 3089 clesiarum
628 3032 691 3087 in
717 3032 901 3089 missa
917 3032 1256 3088 recitaretur
1272 3031 1612 3106 Symbolum
1633 3032 1959 3099 Nieanum,

308 3126 415 3178 aut
441 3119 1183 3194 Constantinopolitanum.

384 3212 471 3266 Ad
499 3212 767 3267 Romanos
814 3210 1054 3266 demum
1101 3209 1345 3277 Ordines,
1378 3226 1526 3282 quos
1566 3210 1835 3282 opponis,
1870 3226 1958 3265 re-

1979 1919 2027 1984 B

2043 632 2212 687 verba
2272 649 2285 687 :
2337 633 2654 703 Symbolum
2696 641 2816 703 post
2861 634 3207 704 evangelium
3253 652 3421 705 usque
3471 638 3539 691 ad
3579 638 3696 694 haec

2047 728 2298 792 tempora
2325 721 2464 776 divae
2506 722 2790 776 memoria
2839 724 3071 777 Henrici
3098 725 3448 790 imperatoris
3476 725 3697 798 (incep-

2045 813 2171 864 tum
2205 809 2428 864 scilicet
2457 810 2728 864 currebat
2775 810 3054 866 saculum
3088 814 3509 888 undecimum),
3541 818 3698 873 nullo

2044 897 2202 953 modo
2227 899 2547 954 cecinerunt
2579 901 2828 954 Romani.

2119 986 2182 1041 In
2214 986 2323 1042 hac
2354 985 2715 1059 Scriptorum
2749 1004 2965 1059 pugna,
2990 988 3242 1061 inquies,
3269 1007 3373 1046 cur
3403 1010 3518 1048 non
3552 1011 3697 1066 pra-

2046 1074 2239 1131 valeat
2269 1074 2619 1146 antiquioris
2638 1075 2918 1131 Amalarii
2950 1078 3266 1134 auctoritas
3287 1081 3314 1134 ?
3336 1083 3468 1147 Cur,
3492 1081 3695 1154 inquio

2050 1179 2176 1236 ego,
2233 1162 2555 1235 Micrologi,
2605 1164 2973 1236 maximeque
3022 1165 3324 1235 Bernonis,
3376 1170 3475 1242 qui
3524 1171 3595 1226 de
3638 1186 3701 1227 re

2051 1268 2170 1307 sua
2202 1252 2387 1307 atatis
2429 1251 2834 1309 testimonium
2886 1255 3096 1331 ferunt,
3131 1256 3331 1312 cedere
3377 1261 3701 1317 auctoritas

2051 1340 2305 1396 debeat?
2338 1341 2437 1396 Hic
2463 1342 2619 1397 enim
2653 1346 2917 1411 testatur,
2952 1344 3187 1399 nonnisi
3219 1346 3448 1402 Henrici
3481 1350 3506 1403 Ι
3535 1356 3702 1408 atate

2051 1431 2348 1486 Romanos
2392 1430 2452 1484 in
2501 1429 2765 1501 Liturgia
2809 1446 3036 1499 canere,
3070 1436 3172 1487 aut
3216 1432 3408 1506 legere
3454 1437 3698 1510 Symbo-

2051 1519 2175 1574 lum
2206 1518 2917 1589 ConstantinOpolitanum
2948 1520 3236 1592 incepisse
3262 1540 3274 1576 :
3309 1539 3376 1578 ac
3405 1524 3501 1581 ille
3532 1527 3698 1584 Com-

2056 1608 2343 1662 mentario
2375 1623 2482 1661 suo
2514 1605 2780 1661 Ordinem
2807 1608 3112 1663 Romanum
3141 1626 3455 1682 exponens,
3486 1616 3702 1671 decan-

2054 1695 2160 1752 tati
2189 1695 2449 1766 dictique
2494 1695 2753 1768 Symboli
2801 1696 3156 1753 mentionem
3215 1699 3425 1773 ingerit
3458 1703 3701 1778 nullam,

2056 1783 2413 1855 Antilogiam
2455 1789 2711 1840 removet
2738 1801 2973 1840 omnem
3023 1786 3258 1855 solutio,
3291 1806 3418 1860 qua
3450 1793 3707 1849 sumitur

2056 1892 2125 1931 ex
2172 1874 2398 1929 invecta
2445 1873 2505 1928 in
2557 1872 2816 1929 Ordinem
2863 1874 3352 1948 interpolatione:
3404 1881 3455 1935 si
3506 1886 3704 1939 tamen

2056 1963 2179 2019 hac
2209 1966 2362 2018 recte
2391 1960 2773 2035 intelligatur.
2808 1963 3027 2035 Nempe
3069 1966 3344 2022 Romanus
3377 1969 3517 2026 Ordo
3547 1971 3607 2025 in
3638 1988 3707 2027 ea

2057 2055 2242 2124 parte,
2276 2068 2404 2123 qua
2432 2050 2695 2122 Symboli
2724 2052 3191 2109 decantationem
3229 2056 3416 2128 offert,
3450 2060 3707 2130 sequiori

2060 2144 2225 2195 atate
2270 2138 2659 2211 interpolatus
2702 2138 2835 2206 fuit,
2867 2157 3002 2196 cum
3053 2143 3231 2198 ritum
3284 2145 3464 2202 istum
3497 2149 3708 2205 saculo

2062 2228 2371 2284 undecimo
2404 2228 2667 2284 Romana
2696 2230 2908 2300 recepit
2939 2230 3211 2288 Ecclesia.
3249 2235 3575 2293 Amalarius
3605 2255 3709 2293 au-

2060 2325 2202 2386 tem,
2235 2317 2336 2390 qui
2364 2317 2575 2373 saculo
2620 2334 2774 2373 nono
2805 2317 3063 2375 Ordinem
3108 2306 3461 2395 illustrabat,
3496 2328 3616 2399 agit
3641 2328 3712 2383 de

2065 2405 2180 2461 ritu
2211 2404 2493 2477 Symboli,
2529 2422 2642 2460 non
2676 2422 2852 2477 quem
2900 2409 2959 2461 in
2994 2410 3193 2466 eodem
3228 2410 3443 2470 Ordine
3474 2414 3711 2488 legeret,

2064 2495 2166 2550 sed
2198 2510 2375 2565 quem
2407 2494 2477 2549 ab
2508 2493 2641 2549 aliis
2673 2495 2944 2551 Ecclesiis
2987 2497 3339 2572 Hispanicis,
3373 2502 3709 2573 Gallicanis,

2065 2583 2445 2649 Germanicis,
2477 2600 2544 2638 ac
2574 2582 2789 2639 Italicis
2813 2585 2895 2654 §in
2928 2602 3105 2658 regno
3156 2587 3350 2655 Italia,
3386 2597 3623 2647 noverat
3649 2593 3711 2649 in

2064 2689 2174 2728 usu
2208 2673 2486 2744 positum.
2521 2675 2662 2727 Pars
2708 2672 2902 2744 prima
2949 2675 3164 2745 pendet
3206 2693 3272 2732 ex
3317 2677 3516 2735 altera.
3553 2681 3712 2736 Hanc

2065 2777 2170 2833 ego
2200 2760 2591 2816 certissimam
2624 2766 2790 2816 teneo
2824 2779 2838 2819 :
2871 2768 3177 2835 propterea
3199 2768 3352 2837 quod
3382 2768 3713 2826 Amalarius

2068 2850 2287 2922 passim
2320 2855 2378 2904 et
2421 2853 2757 2905 constanter
2800 2850 2860 2904 in
2894 2851 3104 2925 Ecloga
3133 2855 3298 2909 affert
3344 2861 3585 2914 Romani
3613 2861 3714 2916 Or-

2067 2939 2215 2994 dinis
2244 2939 2437 3006 verba,
2470 2938 2794 3011 eademque
2832 2940 3084 2996 subinde
3132 2945 3370 3015 exponit
3402 2964 3415 3003 :
3451 2948 3551 3003 ubi
3580 2967 3714 3007 vero

2069 3028 2140 3083 de
2169 3026 2443 3099 Symbolo
2474 3026 2613 3099 agit,
2645 3044 2719 3082 ne
2747 3028 3052 3085 verbulum
3077 3030 3271 3105 habet,
3303 3037 3458 3107 quod
3488 3054 3558 3093 ex
3587 3039 3716 3113 ipso

1968 3169 1973 3173 _
2072 3115 2277 3171 Ordine
2304 3124 2581 3187 sumptum
2611 3115 2709 3171 sit.

2149 3204 2482 3277 Utriusque,
2513 3209 2571 3260 et
2620 3204 2858 3271 Ordinis,
2894 3212 2952 3263 et
2997 3210 3243 3280 Ecloga,
3277 3214 3572 3285 specimen
3614 3234 3715 3289 po-

317 3300 459 3372 poni
483 3300 646 3372 plura
677 3303 944 3372 possunt.
970 3302 1051 3355 Ac
1081 3299 1269 3372 primo
1301 3298 1350 3355 si
1381 3299 1523 3370 quid
1567 3316 1767 3355 eorum
1798 3300 1957 3356 evin-
1990 3286 2033 3353 C
2071 3311 2208 3350 nere
2264 3294 2373 3349 sub
2423 3293 2623 3350 oculos
2670 3294 2864 3362 liceat,
2896 3300 2962 3352 ut
3008 3300 3164 3369 quod
3216 3301 3328 3370 aio,
3362 3286 3718 3375 splendidis-

319 3392 473 3445 ceret
498 3388 839 3454 auctoritas,
874 3405 991 3444 non
1037 3387 1233 3444 solum
1282 3389 1399 3461 legi
1427 3387 1772 3460 Symbolum
1805 3389 1960 3461 apud

311 3478 612 3534 Romanos
668 3478 823 3534 inter
873 3476 1188 3533 Missarum
1247 3477 1534 3534 solemnia
1589 3477 1964 3534 consuevisse

304 3568 783 3634 demonstraret;
814 3567 917 3623 sed
956 3566 1131 3623 etiam
1162 3567 1409 3639 cantari,
1443 3571 1545 3622 aut
1573 3583 1711 3623 voce
1755 3566 1963 3623 modu-

301 3654 431 3710 lata
459 3654 575 3710 dici
609 3672 622 3709 :
655 3655 815 3726 quod
867 3654 1128 3710 Martene
1177 3654 1492 3710 inﬁciatur.
1527 3655 1591 3710 In
1640 3654 1857 3711 Ordine
1887 3653 1965 3709 si-

302 3743 554 3816 quidem
580 3744 838 3800 secundo
863 3742 987 3799 hac
1011 3742 1303 3799 habentur
1327 3744 1539 3800 verba:
1574 3744 1648 3799 Ab
1678 3746 1927 3816 episcopo
1948 3761 1967 3798 :

307 3833 486 3889 Credo
534 3834 597 3888 in
643 3849 823 3888 unum
868 3834 1059 3904 Deum,
1109 3836 1386 3890 cantatur.
1439 3834 1501 3888 In
1551 3833 1806 3905 quinto:
1846 3833 1968 3888 Ele-

304 3930 427 3988 vat,
462 3921 632 3978 Credo
664 3924 728 3976 in
756 3938 933 3977 unum
961 3923 1152 3978 Deum.
1190 3923 1250 3976 In
1283 3927 1444 3978 sexto
1480 3939 1494 3978 :
1526 3922 1651 3978 Alta
1679 3938 1800 3979 voce
1827 3923 1969 3977 inci-

298 4014 396 4086 pit
423 4026 643 4067 canere.
678 4010 853 4066 Credo
884 4013 948 4065 in
976 4027 1154 4066 unum
1179 4012 1369 4067 Deum.

388 4101 548 4155 ιω
597 4099 879 4155 Amalarii
925 4099 1202 4156 Metensis
1250 4100 1585 4157 auctoritati
1643 4104 1974 4173 repugnant

305 4206 386 4245 ex
427 4189 719 4244 diametro
763 4187 1136 4260 Micrologus,
1169 4193 1227 4243 et
1270 4191 1455 4244 Berno
1500 4189 1832 4261 Augiensis.
1868 4190 1973 4245 Or-

307 4279 519 4334 dinem
546 4276 878 4332 Romanum
910 4278 1235 4333 secundum
1257 4276 1520 4333 illustrat
1547 4277 1642 4333 ille
1672 4277 1732 4332 in
1764 4278 1976 4352 Ecloga

309 4384 448 4436 sua,
481 4382 663 4439 quam
694 4365 939 4438 protulit
967 4368 1026 4422 in
1059 4366 1249 4422 lucem
1281 4366 1557 4423 Baluzius
1582 4384 1595 4422 :
1621 4383 1687 4423 ac
1717 4367 1974 4440 Symboli

308 4457 377 4512 in
407 4454 596 4511 missa
627 4455 765 4510 dicti
816 4454 1174 4511 mentionem
1219 4455 1452 4528 ingerit.
1486 4459 1562 4509 At
1612 4456 1739 4512 suis
1768 4456 1829 4511 in
1861 4456 1975 4512 Ob-

308 4543 753 4601 servationibus
801 4543 1234 4609 ecclesiasticis,
1266 4561 1414 4615 quas
1460 4544 1719 4618 vulgavit
1767 4544 1975 4601 Micro-

308 4634 490 4707 logus
523 4632 833 4689 undecimo
864 4630 1079 4688 saculo
1108 4631 1420 4703 inclinato,
1448 4650 1516 4689 ea
1546 4633 1607 4689 in
1640 4638 1822 4706 parte,
1844 4651 1975 4706 qua
2004 4657 2053 4720 Ι)

307 4723 667 4796 pradictum
715 4720 978 4777 Ordinem
1024 4721 1326 4777 secundum
1373 4722 1628 4794 exponit,
1688 4723 1972 4779 nimirum

310 4812 509 4884 capite
537 4812 573 4864 9
601 4814 658 4867 et
690 4812 778 4881 10,
813 4813 884 4866 de
915 4810 1189 4883 Symbolo
1211 4810 1271 4866 in
1304 4813 1486 4867 missa
1503 4811 1658 4867 dicto
1689 4811 1835 4867 nihil
1869 4812 1974 4867 ha-

308 4901 513 4957 betur.
540 4899 677 4972 Agit
703 4916 838 4956 vero
868 4900 940 4954 de
970 4898 1089 4971 illo,
1114 4899 1302 4972 capite
1332 4901 1422 4966 46,
1453 4898 1629 4956 veluti
1663 4901 1817 4973 quod
1838 4902 1976 4972 jux-

306 4993 371 5045 ta
400 5003 642 5045 canones
679 4990 741 5044 in
770 4990 921 5045 omni
966 4989 1276 5057 Dominica,
1302 4999 1352 5045 et
1403 4991 1464 5044 in
1512 4990 1766 5045 omnibus
1794 4989 1976 5045 Domi-

307 5079 460 5134 nicis
519 5077 995 5149 solemnitatibus,
1072 5078 1204 5133 item
1259 5080 1321 5133 in
1374 5079 1531 5149 festis
1584 5077 1810 5135 Sancta
1865 5080 1977 5133 Ma-

308 5170 445 5235 ria,
475 5170 529 5222 et
558 5167 961 5239 Apostolorum,
996 5175 1046 5222 et
1074 5167 1304 5224 Sancta
1354 5168 1574 5235 Crucis,
1608 5175 1662 5223 et
1715 5167 1976 5224 Omnium

308 5259 670 5325 Sanctorum,
703 5261 759 5311 et
796 5255 1196 5325 Dedicationis,
1228 5256 1418 5312 debeat
1462 5259 1703 5313 cantari.
1734 5257 1864 5312 Hac
1894 5257 1979 5311 in-

316 5347 477 5403 dicat
525 5345 741 5419 agendi
788 5345 962 5416 ratio,
1011 5344 1396 5419 Micrologum
1455 5346 1633 5401 ritum
1683 5350 1980 5418 spectasse

316 5434 670 5491 decantandi
700 5434 761 5490 in
813 5433 1083 5506 Liturgia
1128 5433 1498 5506 Symbolum,
1530 5434 1589 5489 in
1638 5434 1852 5490 Ordine
1878 5433 1979 5489 illo

316 5524 577 5580 secundo
608 5522 854 5579 minime
900 5521 1346 5595 prascriptum;
1382 5523 1482 5580 sed
1530 5523 1592 5578 in
1640 5523 1773 5579 aliis
1804 5522 1982 5579 eccle-

313 5612 442 5680 siis,
473 5613 736 5686 itemque
766 5613 828 5667 in
865 5611 1133 5667 Romana
1155 5628 1271 5667 avo
1292 5628 1401 5668 suo
1427 5616 1748 5685 receptum.
1773 5612 1981 5668 Berno-

316 5702 411 5761 nis
455 5701 772 5777 Augiensis
823 5700 1146 5758 auctoritas
1192 5700 1434 5773 accedit,
1482 5717 1609 5775 qua
1661 5700 1826 5759 nulla
1871 5700 1982 5759 ele-

2071 3383 2220 3438 sime
2266 3382 2613 3438 innotescat.
2667 3385 2730 3438 In
2779 3384 2995 3441 Ordine
3047 3388 3220 3444 verba
3259 3395 3399 3446 sunt
3447 3410 3461 3448 :
3513 3416 3534 3443 οι
3590 3394 3720 3465 Ipse

2069 3488 2205 3527 vero
2267 3472 2553 3527 Diaconus
2610 3477 2728 3528 stat
2775 3490 2977 3530 versus
3026 3477 3099 3532 ad
3151 3479 3524 3537 meridiem...
3585 3484 3724 3540 Post

2072 3559 2290 3616 lectum
2331 3560 2736 3633 Evangelium,
2787 3564 3039 3619 candela
3071 3566 3129 3621 in
3180 3566 3307 3624 loco
3347 3587 3453 3626 suo
3501 3572 3722 3629 exstin-

2075 3654 2359 3722 guuntur.
2413 3652 2479 3704 Et
2533 3651 2604 3705 ab
2663 3651 2812 3706 197
2877 3653 3170 3726 episcopo,
3219 3657 3386 3714 Credo
3436 3661 3499 3714 in
3548 3678 3725 3718 unum

2075 3741 2266 3805 Deum,
2300 3742 2635 3794 cantatur...
2668 3739 2889 3796 Deinde
2941 3743 3161 3799 salut-at
3190 3746 3499 3819 episcopus
3537 3766 3723 3822 popu-

2077 3828 2202 3883 lum
2247 3829 2467 3896 dicens,
2500 3829 2767 3884 Dominus
2810 3830 3162 3887 vobiscum...
3195 3834 3435 3891 Canitur
3481 3837 3722 3895 Olferto-

2080 3917 2304 3972 rium...
2334 3917 2497 3971 Tunc
2526 3918 2684 3972 venit
2722 3918 3140 3993 subdiaconus,
3174 3922 3364 3980 ferens
3396 3926 3454 3980 in
3483 3927 3724 3984 brachio

2081 4007 2282 4063 dextro
2333 4011 2627 4077 patenam,
2659 4010 2717 4061 et
2751 4006 2992 4063 sinistro
3040 4008 3304 4075 calicem,
3338 4035 3366 4061 ››
3397 4020 3506 4069 etc,
3547 4022 3727 4072 Ama-

2079 4095 2292 4152 larium
2324 4095 2448 4150 hac
2492 4101 2876 4167 exponentem
2925 4100 3208 4155 attentius
3239 4102 3678 4160 consideremus
3708 4121 3724 4161 :

2086 4208 2108 4235 α
2141 4186 2421 4240 Diaconus
2462 4186 2836 4255 pronuntians
2882 4187 3049 4242 verba
3090 4190 3402 4263 Evangelii,
3435 4192 3505 4248 ad
3549 4195 3728 4250 meri-

2081 4274 2227 4330 diem
2250 4278 2357 4329 stat
2383 4288 2575 4329 versus
2605 4291 2624 4328 :
2649 4275 2928 4345 quoniam
2961 4275 3077 4332 illis
3108 4277 3386 4350 loquitur,
3410 4281 3481 4336 de
3511 4282 3731 4353 quibus

2084 4364 2313 4420 dicebat
2340 4362 2581 4433 Paulus,
2614 4384 2643 4412 »
2673 4366 2783 4419 etc.
2820 4365 3019 4420 Priora
3058 4374 3197 4421 sunt
3228 4368 3477 4425 Romani
3507 4372 3732 4429 ordinis

2085 4453 2314 4521 verba;
2376 4468 2503 4523 qua
2559 4457 2910 4523 sequuntur,
2971 4454 3251 4510 Amalarii
3308 4460 3732 4530 expositionem

2084 4541 2387 4597 continent
2438 4556 2451 4594 :
2516 4562 2544 4591 ‹‹
2597 4547 2726 4596 Post
2781 4542 2984 4597 lectum
3040 4545 3428 4618 Evangelium,
3488 4549 3735 4607 candela

2084 4631 2516 4701 exstinguuntur
2561 4647 2578 4683 :
2634 4646 2739 4701 per
2788 4631 3061 4687 candelas
3110 4633 3423 4706 signantur
3468 4638 3736 4695 doctores

2086 4719 2374 4786 Ecclesia,
2410 4740 2439 4769 n
2490 4723 2600 4774 etc.
2654 4718 2840 4774 Verba
2892 4728 3223 4792 sequuntur
3272 4724 3332 4779 in
3365 4725 3579 4783 Ordine
3615 4745 3628 4783 :
3664 4730 3740 4782 Et

2086 4810 2154 4862 ab
2201 4809 2467 4879 episcopo,
2522 4807 2687 4862 Credo
2744 4809 2801 4863 in
2833 4825 3007 4864 unum
3056 4812 3227 4866 Deum
3275 4819 3550 4871 cantatur.
3607 4817 3739 4872 Hac

2088 4914 2200 4952 non
2235 4898 2524 4953 habentur
2552 4896 2612 4951 in
2641 4896 2955 4965 Amalario,
2987 4899 3086 4971 qui
3118 4906 3313 4957 tamen
3337 4903 3421 4959 sic
3453 4906 3534 4960 ait
3566 4923 3579 4962 :
3613 4928 3642 4957 «
3665 4906 3742 4961 De

2089 4985 2258 5041 Credo
2311 4987 2372 5039 in
2429 4987 2617 5041 Deum.
2679 4985 2993 5059 Postquam
3041 4988 3309 5047 Christus
3365 4991 3597 5051 locutus
3653 4999 3744 5050 est

2088 5074 2303 5146 populo
2334 5091 2461 5141 suo,
2494 5075 2582 5129 fas
2613 5079 2703 5130 est
2734 5079 2800 5129 ut
2820 5076 3052 5133 dulcius
3082 5083 3140 5134 et
3170 5079 3453 5138 intentius
3476 5084 3745 5154 proﬁtea-

2088 5167 2185 5218 tur
2214 5162 2512 5236 (populus)
2552 5162 2958 5219 credulitatem
3004 5183 3197 5239 suam,
3230 5190 3258 5220 ››
3294 5174 3404 5226 etc.
3437 5172 3578 5237 Quis
3625 5189 3743 5228 non

2087 5254 2281 5308 videat
2329 5252 2476 5307 nihil
2522 5252 2593 5306 de
2642 5252 2920 5325 Symbolo
2970 5255 3030 5309 in
3082 5256 3345 5314 Romano
3391 5260 3606 5317 Ordine
3654 5278 3744 5317 re-

2090 5342 2311 5414 perisse
2347 5341 2711 5396 Amalarium
2763 5359 2777 5397 :
2825 5359 3021 5414 quave
3050 5344 3111 5400 in
3160 5345 3375 5420 Ecloga
3428 5349 3743 5423 habentur,

2090 5432 2162 5486 de
2192 5447 2299 5487 suo
2332 5430 2526 5502 ipsum
2558 5430 2886 5501 adjecissc?
2914 5434 3062 5490 Hinc
3091 5437 3364 5508 sequitur
3383 5437 3478 5493 ille
3512 5457 3525 5494 :
3565 5462 3586 5491 ι
3619 5441 3748 5496 Post

2091 5520 2287 5576 lectum
2342 5520 2698 5590 Evangelium
2758 5520 2896 5592 (non
2954 5540 3088 5580 vero
3123 5567 3136 5591 ,
3194 5534 3316 5597 post
3373 5527 3589 5594 lectum,
3651 5537 3750 5585 aut

2089 5613 2367 5666 cantatum
2405 5608 2597 5681 Credo)
2646 5611 2794 5665 venit
2847 5611 3209 5670 subdiaconus
3260 5618 3446 5687 ferens
3504 5619 3566 5673 in
3621 5619 3748 5674 bra-

2089 5700 2211 5757 chio
2266 5701 2492 5756 sinistro
2540 5697 2839 5758 calicem...
2899 5702 3186 5762 Dominus
3261 5704 3436 5765 Jesus
3487 5707 3614 5787 ipse
3660 5714 3751 5772 est
