4108 6440
393 393 508 467 195

1415 386 1735 449 GEORGII
1779 383 2041 446 CYPRII
2085 383 2206 447 CP.
2251 384 2789 446 PATRIARCHJE

3684 388 3805 448 196

392 523 813 588 subdiaconus,
843 525 901 577 et
947 520 1248 589 diaconus,
1279 540 1307 573 η
1342 525 1449 575 etc.
1499 520 1585 575 Ad
1635 519 1895 575 Ordinem
1925 504 2036 573 sci-
2066 518 2121 584 Α
2154 518 2362 589 Ignatii
2411 517 2633 573 scilicet
2661 517 2761 590 qui
2812 516 3517 590 Constantinopolitanam
3563 521 3805 593 regebat

391 613 529 669 licet
557 615 835 685 spectant
877 610 1055 666 verba
1084 610 1280 681 priora
1311 610 1404 665 :ad
1454 608 1817 664 Amalarium
1865 623 2038 678 expo-

391 706 650 768 nentem,
686 700 819 755 alia.
851 699 1127 755 Csecutiat
1175 703 1421 772 Oportet,
1458 698 1557 769 qui
1601 714 1716 752 non
1747 697 1939 750 videat
1967 696 2039 750 ab

389 790 519 862 ipso
563 787 855 844 Amalario
903 788 1192 843 invectum
1256 804 1586 843 sermonem
1634 788 1706 841 de
1764 785 2035 856 Symbolo,

390 879 562 949 cujus
592 875 755 931 nulla
783 875 842 929 in
868 875 1082 930 Ordine
1105 875 1323 930 mentio
1349 879 1473 930 erat
1505 892 1517 929 :
1552 875 1814 945 adeoque
1840 873 2035 944 ipsum

390 966 665 1021 Ordinem
697 963 966 1035 aequiore
1013 968 1178 1018 aetate
1224 964 1640 1034 interpolatum
1683 960 1874 1017 verbis
1918 960 2037 1016 illis

390 1052 653 1124 adjectis,
688 1056 756 1108 Et
782 1054 853 1108 ab
881 1053 1127 1124 episcopo
1148 1051 1318 1107 Credo
1348 1053 1406 1107 in
1438 1068 1613 1107 unum
1641 1053 1811 1107 Deum
1840 1058 2034 1106 canta-

388 1146 503 1197 tur.

458 1230 869 1286 Animadverte
896 1228 957 1285 in
1001 1246 1069 1285 ea
1095 1230 1291 1295 verba,
1324 1247 1451 1301 quae
1504 1230 1797 1285 habentur
1840 1228 1899 1283 in
1930 1232 2032 1283 Ec-

384 1318 538 1391 loga,
571 1325 700 1375 Post
728 1320 924 1375 lectum
966 1320 1333 1388 Ecangelium
1359 1319 1510 1375 venit
1559 1318 1924 1374 subdiaconus
1951 1319 2033 1387 fe-

386 1424 513 1464 rens
564 1408 625 1463 in
677 1407 898 1463 brachio
939 1409 1165 1463 sinistro
1212 1408 1486 1463 calicem:
1519 1423 1647 1478 quae
1697 1406 1841 1461 satis
1884 1405 2034 1459 indi-

386 1501 540 1566 cant,
572 1496 631 1551 in
663 1497 878 1552 Ordine
925 1497 1178 1568 genuino
1209 1496 1431 1553 nullam
1479 1501 1612 1568 post
1653 1494 2031 1567 Evangelium

384 1586 784 1659 praescriptam
861 1585 1043 1640 fuisse
1098 1584 1355 1657 Symboli
1418 1585 1841 1641 recitationem.
1896 1584 2030 1639 Jam

384 1674 589 1747 collige
620 1677 1032 1747 argumentum
1066 1689 1169 1745 pro
1216 1672 1476 1746 Symboli
1508 1672 1844 1729 recitatione
1874 1673 2030 1745 apud

383 1768 674 1820 Romanos
704 1779 856 1818 nono
888 1766 944 1817 et
990 1766 1191 1818 octavo
1245 1761 1458 1818 saeculo
1490 1762 1728 1831 usitata,
1760 1778 1829 1817 ex
1858 1762 2031 1817 Ordi-

381 1852 558 1908 nibus
587 1851 991 1922 desumptum,
1025 1850 1146 1906 sive
1177 1866 1245 1905 ex
1274 1850 1392 1906 illis
1444 1867 1591 1921 quos
1620 1849 1880 1921 vulgavit
1908 1850 2027 1906 Ma-

380 1939 684 2007 billonius,
715 1939 835 1994 sive
865 1955 934 1994 ex
964 1938 1095 1995 aliis
1124 1940 1195 1994 ab
1235 1938 1522 2010 Hittorpio
1550 1937 1822 2011 vulgatis,
1868 1939 2031 1994 levis-

379 2028 597 2084 simum
648 2044 798 2093 esse,
848 2026 1195 2099 nullamque
1240 2027 1358 2082 vim
1408 2026 1623 2082 habere
1666 2044 1677 2081 ε
1726 2043 1861 2082 cum
1908 2027 2031 2083 sint

379 2117 624 2173 Ordines
653 2120 819 2171 aetate
849 2115 1158 2187 posteriori
1184 2115 1537 2187 interpolati.
1569 2120 1708 2169 Rem
1743 2115 1895 2170 hanc
1923 2115 2026 2171 Jo-

379 2205 547 2278 sepbi
578 2205 772 2259 Mariae
801 2204 1101 2259 Tbomasii
1148 2202 1341 2259 verbis
1372 2205 1608 2259 tandem
1640 2204 1899 2273 absolvo,
1931 2204 2026 2258 in-

375 2298 465 2350 ter
492 2295 621 2366 ejus
666 2293 887 2349 Scholia
916 2293 975 2347 in
1024 2292 1516 2364 Antiphonarium
1549 2293 1973 2365 Gregorianum
2008 2312 2021 2349 :

377 2405 406 2434 «
457 2383 596 2438 Ordo
642 2383 917 2438 Romanus
973 2381 1360 2453 (inquientis),
1409 2381 1736 2453 antiquitus
1785 2398 1901 2437 non
1958 2400 2025 2438 eo

377 2474 573 2537 modo,
606 2488 722 2543 quo
768 2471 923 2543 apud
956 2487 1063 2525 nos
1095 2470 1289 2526 editus
1336 2475 1444 2537 est,
1480 2470 2020 2526 circumferebatur.

373 2560 654 2616 Discretis
683 2575 940 2631 namque
969 2558 1184 2615 libellis
1215 2559 1644 2626 continebatur,
1680 2560 1895 2631 quibus
1927 2578 2025 2632 po-

371 2650 523 2705 tiora
550 2665 655 2721 per
688 2665 908 2703 annum
938 2647 1380 2720 explicabantur
1429 2647 1699 2703 Ofﬁcia...
1734 2648 2022 2705 Caeterum

372 2738 525 2794 Ordo
572 2736 670 2793 ille
714 2742 1035 2806 Romanus,
1076 2737 1270 2792 editus
1316 2738 1388 2792 ab
1436 2737 1745 2809 Hittorpio,
1791 2738 2020 2811 farrago

371 2827 569 2899 potius
621 2829 712 2882 est
768 2826 1128 2881 diversorum
1190 2826 1409 2880 rituum
1458 2826 1782 2880 secundum
1831 2828 2020 2883 varias

370 2915 828 2971 consuetudines
864 2933 878 2971 :
908 2914 992 2969 ita
1022 2919 1086 2969 ut
1115 2913 1475 2984 antiquiores
1504 2914 2021 2986 germanioresque

371 3009 648 3059 Romanos
692 3003 833 3058 ritus
881 3003 941 3057 in
988 3006 1152 3057 tanta
1191 3000 1468 3057 varietate
1513 3001 1838 3059 discernere
1894 3005 2021 3061 sine

371 3105 573 3144 eorum
605 3087 939 3144 libellorum
989 3104 1097 3160 ope
1128 3105 1274 3159 pene
1306 3088 1385 3142 sit
1424 3088 1809 3160 impossibile.
1848 3115 1868 3139 »
1906 3092 2017 3148 Sed

367 3177 521 3232 I98
554 3182 611 3232 et
638 3175 753 3249 ipsi
797 3175 1001 3245 libelli,
1036 3193 1183 3247 quos
1229 3176 1604 3233 Mabillonius
1650 3178 1853 3246 edidit,
1887 3181 2017 3235 dili-

2152 606 2488 673 Ecclesiam,
2548 606 2808 677 injustas
2874 623 2939 660 ac
3015 605 3303 663 violentus
3360 609 3615 677 invasor,
3673 610 3801 666 vin-

2146 695 2311 750 dictae
2362 695 2634 767 cupidus,
2667 696 3037 767 percitusque
3088 695 3226 767 bile,
3276 696 3473 769 plures
3522 715 3669 770 quas
3702 717 3800 771 po-

2147 784 2261 840 tuit
2290 788 2482 839 emota
2520 790 2713 839 mente
2763 784 3106 855 excogitare,
3141 786 3465 841 Romanam
3517 788 3575 842 in
3609 788 3798 844 Eccle-

2148 874 2297 929 siam
2328 874 2573 945 projecit
2621 871 2967 928 calumnias.
3001 874 3110 929 Eas
3142 875 3399 930 continet
3440 893 3646 933 omnes
3674 880 3797 933 En-

2144 964 2354 1033 cyclica
2412 963 2671 1034 Epistola,
2730 979 2909 1033 quam
2966 962 3126 1017 dedit
3181 964 3251 1019 ad
3305 966 3799 1038 archiepiscopales

2143 1051 2364 1107 thronos
2409 1068 2508 1122 per
2553 1052 2832 1108 Orientem
2879 1052 3208 1119 obtinentes,
3253 1055 3513 1109 secunda
3561 1055 3621 1109 in
3670 1055 3797 1110 edi-

2143 1141 2302 1195 tione
2358 1140 2720 1195 Montacutii.
2785 1142 2941 1196 Hanc
2994 1141 3170 1196 etiam
3238 1141 3528 1214 integram
3595 1144 3799 1200 Latine

2145 1228 2320 1283 refert
2366 1228 2674 1295 Baronius,
2735 1230 2807 1285 ad
2857 1247 2994 1284 ann.
3043 1230 3172 1297 863,
3221 1246 3277 1285 n.
3326 1231 3417 1285 34.
3469 1232 3795 1289 Dissidium

2143 1316 2382 1372 innovat
2403 1320 2605 1373 contra
2626 1317 2812 1373 sancti
2844 1317 3097 1389 Spiritus
3127 1336 3161 1373 α
3190 1319 3354 1375 Patre
3382 1320 3630 1391 Filioque
3658 1338 3795 1393 pro-

2143 1404 2426 1469 cessione,
2458 1406 2704 1477 ejusque
2740 1406 2897 1461 vocis
2926 1407 3177 1477 Filioque
3222 1408 3690 1465 additamentum
3721 1412 3794 1467 ad

2141 1492 2485 1565 Symbolum
2529 1494 2843 1565 improbat,
2896 1495 3155 1560 damnat,
3207 1501 3559 1552 exsecratur.
3602 1497 3794 1553 Verba

2140 1587 2297 1649 sunt,
2359 1599 2487 1653 quae
2539 1583 2710 1652 juxta
2757 1582 3024 1638 Latinam
3073 1583 3415 1640 Montacutii
3462 1586 3792 1643 versionem

2140 1671 2369 1741 profero
2422 1688 2435 1727 :
2486 1673 2694 1726 Praeter
2737 1676 3071 1727 memoratas
3115 1672 3510 1741 absurditates,
3538 1684 3792 1731 sanctum

2138 1768 2189 1814 et
2244 1776 2461 1815 sacrum
2505 1760 2840 1831 Symbolum,
2888 1761 3029 1832 quod
3075 1764 3144 1817 ab
3185 1763 3437 1819 omnibus
3491 1768 3791 1821 aecumeni-

2136 1865 2325 1904 corum
2352 1851 2713 1906 conciliorum
2740 1851 2970 1906 calculis
2998 1852 3379 1921 conﬁrmatur,
3410 1856 3463 1908 et
3499 1855 3613 1909 vim
3639 1856 3788 1912 obti-

2136 1948 2229 1993 net
2259 1940 2684 2007 irresistibilem,
2717 1940 2965 1997 sensibus
2994 1942 3225 2012 spuriis,
3258 1942 3438 1997 verbis
3463 1944 3616 1999 199
3646 1948 3789 2001 asci-

2136 2029 2279 2082 titiis
2310 2029 2456 2100 (quae
2496 2045 2713 2085 summa
2738 2030 2852 2100 fuit
2895 2031 3142 2100 ipsorum
3190 2032 3483 2103 audacia),
3512 2034 3793 2090 conaban-

2137 2124 2228 2172 tur
2254 2116 2600 2173 adulterare.
2645 2119 2683 2174 0
2735 2120 3171 2175 machinationes
3213 2119 3560 2177 diabolicas!
3606 2123 3787 2193 Spiri-

2136 2212 2259 2261 tum
2300 2211 2553 2261 sanctum
2589 2224 2729 2263 novo
2769 2224 2919 2263 more
2963 2210 3524 2266 comminiscebantur
3572 2228 3681 2268 non
3724 2214 3792 2269 de

2134 2296 2248 2351 solo
2270 2297 2459 2363 Patre,
2490 2297 2585 2352 sed
2614 2298 2786 2353 etiam
2813 2299 2954 2352 Filio
2980 2298 3297 2369 procedere.
3332 2300 3556 2372 Dogma
3586 2318 3785 2374 repro-

2136 2385 2234 2438 bat
2288 2384 2601 2441 levissimis
2653 2403 2719 2441 ac
2767 2385 3034 2441 futilibus
3087 2389 3473 2458 argumentis,
3528 2405 3783 2460 quorum

2134 2473 2425 2545 praecipua
2473 2475 2728 2531 refutata
2778 2474 2903 2547 lege
2940 2475 3001 2531 iu
3048 2476 3458 2533 dissertatione
3509 2479 3561 2544 1,
3593 2478 3783 2551 capite

2131 2563 2184 2632 8,
2218 2578 2380 2616 num.
2410 2562 2466 2616 7.

2202 2648 2333 2704 Haec
2353 2650 2598 2705 Pbotius
2630 2667 2764 2706 cum
2787 2651 3084 2718 scriberet,
3118 2652 3401 2724 Bulgaros
3432 2642 3621 2726 nuper
3639 2672 3780 2711 con-

2129 2756 2327 2795 versos
2356 2740 2427 2795 ad
2459 2740 2635 2795 ﬁdem
2667 2742 2967 2813 spectabat
3020 2759 3033 2797 :
3088 2758 3272 2813 eaque
3302 2741 3611 2797 incusabat
3653 2745 3783 2801 sine

2133 2827 2334 2898 dubio,
2382 2845 2509 2899 qua:
2559 2829 2679 2901 geri
2729 2830 2884 2901 apud
2933 2830 3168 2886 eosdem
3221 2828 3505 2902 Bulgaros
3550 2833 3774 2889 rescive

2130 2921 2238 2981 rat,
2270 2916 2331 2970 in
2363 2917 2475 2972 ﬁde
2505 2917 2794 2973 catholica
2824 2935 2857 2972 a
2890 2918 3112 2975 Latinis
3143 2917 3523 2990 presbyteris,
3573 2924 3629 2975 et
3657 2921 3782 2994 epi-

2130 3005 2324 3076 scopis
2358 3005 2677 3062 institutos.
2712 3006 2990 3063 Dubitare
3011 3024 3126 3063 non
3148 3007 3373 3074 sinunt,
3399 3024 3527 3079 quae
3560 3009 3781 3065 ibidem

2129 3094 2490 3165 praemiserat
2538 3096 2798 3163 Photius,
2835 3096 2956 3151 haec
2998 3097 3215 3152 verba:
3272 3118 3301 3146 «
3352 3098 3606 3153 Barbara
3646 3100 3783 3153 Bul-

2127 3199 2390 3253 garorum
2418 3201 2582 3256 gens,
2616 3190 2671 3239 et
2716 3184 2945 3241 Christo
2990 3184 3177 3241 invisa
3206 3190 3264 3241 et
3292 3186 3524 3252 infesta,
3560 3187 3620 3242 in
3652 3192 3781 3243 tan-

367 3264 629 3336 gentiore
674 3264 810 3319 crisi
859 3264 1222 3337 expendendi
1277 3270 1434 3333 sunt,
1469 3281 1540 3319 ne
1571 3266 1719 3321 ritus
1770 3284 1886 3322 aevo
1917 3267 2017 3323 illo
2048 3254 2091 3319 (ἶ
2128 3276 2249 3326 tam
2296 3254 2831 3342 mansuetudinem,
2864 3280 2921 3329 et
2970 3275 3068 3329 Dei
3100 3274 3492 3347 cognitionem
3540 3294 3783 3333 conver-

368 3353 642 3408 Romanae
674 3351 941 3408 Ecclesiae
972 3353 1327 3424 tribuamus,
1361 3370 1509 3424 quos
1554 3354 1798 3410 minime
1829 3356 2020 3411 adhuc

364 3442 650 3514 receperit
683 3458 695 3495 :
729 3457 846 3512 qua
873 3440 945 3495 de
975 3458 1049 3512 Ire
1080 3441 1271 3496 adhuc
1322 3441 1473 3496 infra
1505 3442 1797 3514 agendum
1830 3443 2021 3515 capite

365 3531 655 3602 sequenti.

1018 3636 1251 3693 CAPUT
1289 3636 1359 3692 V.

361 3725 581 3784 Saecula
638 3741 805 3793 nono,
866 3726 1135 3783 Photiano
1189 3729 1450 3798 tempore,
1509 3726 1829 3797 Symbolum
1873 3743 2017 3791 voce.

435 3798 699 3854 Filioaue.
757 3812 867 3852 non
911 3806 1151 3853 auxerat
1200 3799 1455 3853 Romana
1505 3798 1755 3853 Ecclesia
1789 3816 1801 3853 :
1835 3800 2019 3854 Photii

432 3870 677 3940 fraudes,
747 3876 800 3924 et
854 3873 1175 3925 commenta.
1232 3870 1417 3924 Altera
1468 3871 1663 3925 saeculi
1736 3871 2018 3925 undecimi

432 3940 743 4007 medietate,
804 3942 1120 4011 invectoque
1160 3958 1262 4011 per
1308 3940 1623 3995 Michaelem
1669 3940 2016 3997 Cerularium

429 4012 740 4076 schismate,
802 4012 1196 4083 interpolatum
1257 4015 1317 4066 in
1374 4012 1568 4066 eadem
1618 4013 1859 4068 Ecclesia
1909 4016 2014 4069 Ro-

429 4099 627 4138 mana.
653 4083 974 4154 Symbolum
1031 4086 1088 4139 in
1143 4100 1249 4138 usu
1300 4092 1423 4138 erat
1473 4099 1486 4137 :
1534 4085 1845 4139 schismatis
1886 4101 2014 4141 uera

428 4170 615 4209 causa.
654 4156 879 4224 [ncepta
932 4154 1115 4210 eodem
1159 4158 1382 4223 saeculo,
1412 4154 1738 4225 Symbolum
1789 4158 1910 4224 ipsa
1953 4159 2015 4212 in

425 4226 683 4294 Liturgia
738 4241 957 4293 canere,
1018 4230 1117 4281 aut
1162 4229 1400 4281 recitare
1444 4228 1626 4297 cmpit.
1689 4229 1770 4281 An
1830 4228 2015 4283 eodem

330 4310 336 4318 ‘
428 4306 670 4369 tempore
713 4296 1150 4353 additamentum
1195 4298 1498 4367 admiserit,
1524 4314 1635 4370 an
1671 4302 1854 4364 antea,
1895 4302 2011 4370 opi-

424 4370 622 4424 niones
648 4370 829 4440 variae
858 4386 876 4422 :
907 4384 1036 4439 quae
1061 4369 1471 4438 expenduntur.
1496 4369 1574 4423 An
1603 4369 1825 4423 demum
1852 4369 2010 4440 Sym-

428 4440 612 4495 bolum
653 4439 1360 4512 rConstantinOpolitanum,
1412 4440 1662 4510 illudque
1709 4439 2008 4512 interpola-

426 4518 562 4577 tum,
593 4511 914 4583 adhibuerit
964 4528 1211 4583 unquam
1240 4514 1300 4566 in
1357 4513 1707 4582 baptismatis
1738 4511 2009 4568 adminis-

420 4584 657 4638 tratione
678 4601 696 4636 :
725 4582 1094 4654 Aquileiensis
1125 4583 1376 4638 Ecclesia
1409 4584 1551 4637 ritus
1579 4584 1897 4639 exhibetur.

424 4689 469 4743 Ι.
504 4687 611 4742 Diu
645 4687 879 4754 siluere,
913 4704 1040 4759 qua:
1086 4695 1248 4744 mota
1286 4689 1518 4745 fuerant
1546 4690 1618 4745 de
1666 4691 2010 4749 Processione

355 4776 599 4848 Spiritus
626 4777 803 4831 sancti
849 4776 1118 4846 dissidia,
1151 4778 1270 4832 sive
1324 4782 1527 4833 contra
1570 4777 1762 4849 ipsam
1795 4779 2003 4834 divinae

349 4864 537 4919 tertiae
584 4880 845 4936 personze
895 4865 1180 4938 originem
1226 4883 1265 4921 α
1296 4872 1463 4921 Patre
1511 4876 1562 4921 et
1602 4884 1637 4922 a
1678 4868 1840 4938 Filio,
1887 4868 2006 4923 sive

352 4955 558 5008 contra
602 4952 759 5009 vocis
805 4952 1057 5024 Filioque
1107 4955 1467 5009 additionem
1518 4956 1589 5010 ad
1637 4955 2002 5027 Symbolum.

352 5042 416 5096 In
450 5041 564 5095 ﬁde
590 5042 883 5113 dogmatis
928 5042 1175 5097 immota
1218 5044 1577 5098 consistebat
1606 5043 1862 5099 Ecclesia
1892 5045 2004 5100 Ro—

355 5146 551 5196 mana,
584 5147 718 5184 cum
750 5131 1025 5186 omnibus
1069 5131 1401 5188 Occidentis
1433 5132 1727 5200 Ecclesiis,
1763 5135 2003 5203 perenni

352 5219 614 5286 Patrum,
637 5219 813 5275 etiam
840 5219 1193 5287 Graecorum,
1217 5220 1530 5276 traditione
1554 5222 1783 5276 munita
1810 5237 1823 5277 :
1849 5223 2003 5293 quod

353 5306 475 5362 alia:
504 5324 640 5363 vero
670 5308 937 5364 Ecclesiae
982 5309 1419 5366 additamentum
1467 5315 1826 5381 receperant,
1859 5327 2002 5365 non-

356 5397 499 5451 dum
530 5396 850 5452 admiserat
873 5402 995 5454 toto
1042 5399 1254 5454 saeculo
1300 5415 1453 5454 nono
1484 5399 1687 5454 eadem
1717 5399 2000 5454 Romana.

354 5485 497 5541 Rem
528 5485 803 5541 evincunt
832 5486 1113 5544 Pbotiana
1140 5487 1344 5561 litigia.

425 5573 692 5630 Romana
720 5574 779 5630 in
828 5577 1049 5649 synodo
1077 5594 1231 5633 anno
1275 5578 1380 5631 863
1411 5575 1701 5632 celebrata
1749 5575 2001 5648 proscri-

353 5664 493 5741 ptus
546 5662 792 5723 Photius
849 5681 884 5722 a
939 5664 1175 5725 Nicolao
1225 5666 1271 5740 Ι,
1312 5664 1493 5724 veluti
1538 5665 1695 5723 sedis
1738 5664 2000 5736 alterius,

2128 3358 2290 3426 titur,
2325 3364 2390 3414 ut
2420 3377 2452 3414 a
2484 3360 2688 3432 patriis
2739 3362 3161 3435 diabolicisque
3191 3364 3371 3437 orgiis
3418 3366 3781 3435 recedentes,

2128 3451 2184 3504 et
2243 3450 2538 3519 paganica;
2588 3450 3024 3521 superstitionis
3081 3468 3335 3508 errorem
3393 3454 3776 3524 excutientes,

2129 3540 2337 3606 praeter
2364 3552 2598 3591 omnem
2648 3538 3139 3609 exspectationem
3188 3540 3249 3595 in
3280 3541 3457 3597 ﬁdem
3497 3542 3784 3598 Christia-

2128 3641 2265 3679 nam
2298 3624 2456 3680 insiti
2490 3626 2870 3682 transierunt.
2913 3627 3024 3684 Sed
3055 3644 3088 3683 ο
3120 3629 3478 3702 improbum,
3511 3631 3786 3686 invidum

2127 3711 2265 3779 Deo,
2300 3713 2558 3769 invisum
2598 3714 2931 3783 consilium,
2967 3720 3025 3772 et
3072 3717 3431 3789 inemptum!
3473 3760 3485 3773 .
3526 3762 3538 3774 .
3577 3762 3590 3774 .
3624 3723 3786 3776 Non-

2127 3800 2266 3855 dum
2301 3801 2455 3856 enim
2488 3819 2632 3873 gens
2664 3802 2763 3858 illa
2793 3820 2896 3875 per
2938 3804 3241 3860 biennium
3277 3815 3480 3862 rectam
3512 3806 3786 3863 Christia—

2060 3926 2069 3935 -
2124 3905 2325 3946 norum
2353 3890 2679 3961 religionem
2700 3892 3055 3960 (Graecorum
3082 3895 3280 3966 opera)
3300 3895 3780 3967 amplexabatur:

2125 3997 2260 4036 cum
2291 3980 2457 4051 impii
2489 3980 2729 4051 quidam
2760 3981 3050 4051 homines,
3084 3988 3141 4039 et
3170 3985 3508 4039 exsecrandi
3543 4029 3556 4040 .
3596 4027 3607 4039 .
3637 4025 3648 4037 .
3682 4002 3783 4041 ea:-

2124 4070 2233 4124 orti
2276 4067 2343 4123 ab
2385 4069 2628 4124 occiduis
2672 4070 2923 4140 partibus
2956 4113 2969 4125 .
3007 4115 3019 4127 .
3057 4113 3068 4125 .
3103 4089 3137 4127 a
3166 4072 3328 4129 sanis
3376 4076 3434 4128 et
3477 4074 3642 4145 puris
3682 4074 3785 4129 do-

2123 4157 2422 4230 gmatibus
2449 4162 2507 4212 et
2537 4175 2571 4213 a
2600 4158 2713 4213 ﬁde
2735 4158 3037 4230 inculpata
3056 4159 3523 4217 Christianorum
3549 4178 3647 4217 eos
3679 4179 3779 4217 su-

2123 4245 2291 4302 bdole
2321 4247 2629 4314 deducere,
2662 4252 2719 4302 et
2743 4264 3119 4320 corrumpere
3149 4250 3535 4306 conabantur.
3565 4251 3781 4322 Impri-

2123 4336 2237 4391 mis
2269 4339 2471 4391 contra
2514 4336 2780 4392 Ecclesiae
2832 4353 3087 4394 canones
3138 4337 3340 4394 illicite
3389 4339 3461 4395 ad
3493 4340 3780 4395 Sabbato-

2121 4441 2252 4479 rum
2296 4423 2527 4494 jejunia
2574 4425 2961 4481 traducebant
2996 4468 3008 4480 .
3045 4468 3057 4481 .
3097 4470 3108 4481 .
3158 4426 3421 4483 Sanctum
3466 4437 3518 4484 et
3560 4444 3784 4483 sacrum

2123 4513 2447 4585 Symbolum
2475 4514 2720 4570 sensibus
2759 4516 2986 4585 spuriis,
3019 4524 3070 4571 et
3114 4516 3296 4572 verbis
3325 4519 3576 4573 ascititiis
3605 4533 3781 4573 cona-

2040 4623 2087 4687 Β
2123 4602 2325 4658 bantur
2384 4601 2757 4657 adulterare.»
2797 4602 3012 4659 Contra
3035 4607 3396 4676 processionis
3425 4606 3641 4678 dogma
3669 4606 3782 4661 im-

2121 4690 2482 4762 peritissime
2528 4696 2774 4763 pugnat,
2824 4709 2891 4747 ac
2941 4692 3185 4748 subdit:
3239 4696 3392 4750 Hanc
3440 4696 3783 4767 impietatem

2115 4781 2473 4836 tenebrarum
2504 4781 2595 4835 illi
2642 4781 2882 4852 episcopi
2908 4782 3001 4853 (ex
3043 4781 3316 4839 Occiduis
3347 4783 3634 4856 partibus)
3664 4800 3782 4840 una

2116 4886 2241 4924 cum
2267 4870 2502 4937 illicitis,
2535 4873 2588 4923 et
2630 4870 2938 4938 illegitimis
2968 4872 3102 4925 aliis
3149 4871 3296 4943 apud
3325 4874 3538 4940 gentem
3571 4873 3773 4943 Bulga-

2115 4961 2295 5014 ricam
2341 4958 2792 5014 disseminabant.
2827 4963 3047 5015 Harum
3091 4977 3279 5015 rerum
3320 4962 3481 5031 fama
3521 4963 3779 5033 pervenit

2116 5048 2193 5103 ad
2222 5065 2385 5104 aures
2431 5040 2665 5102 nostras.
2713 5047 3051 5120 Episcopos,
3098 5066 3164 5104 ac
3218 5051 3589 5122 presbyteros
3619 5048 3774 5104 Lati-

2118 5153 2243 5208 nos,
2274 5137 2373 5208 qui
2408 5136 2690 5207 Bulgaros
2734 5135 3082 5192 erudiebant
3130 5137 3190 5192 in
3241 5138 3375 5206 ﬁde,
3408 5138 3654 5194 Pbotius
3684 5137 3775 5192 in-

2114 5230 2282 5281 cusat
2328 5227 2399 5280 de
2458 5225 2658 5283 addita
2685 5241 2823 5280 voce
2869 5226 3116 5297 Filioque
3146 5227 3217 5282 ad
3250 5226 3594 5299 Symbolum
3629 5244 3643 5282 :
3680 5243 3779 5282 ne-

2114 5330 2227 5385 que
2257 5320 2453 5368 tamen
2484 5312 2732 5368 inﬁciari
2778 5314 2993 5380 ausim,
3026 5315 3166 5386 quin
3204 5316 3328 5387 ipse
3378 5315 3515 5371 inde
3543 5313 3775 5386 collige-

2113 5407 2220 5471 ret,
2278 5401 2714 5457 additamentum
2760 5402 2904 5457 illud
2967 5404 3123 5475 apud
3173 5404 3321 5460 alias
3370 5403 3774 5460 Occidentales

2112 5489 2434 5546 invaluisse
2464 5488 2775 5561 Ecclesiae,
2810 5508 2877 5547 ac
2897 5491 3074 5548 etiam
3107 5492 3453 5550 Romanam.
3484 5493 3595 5550 Sed
3618 5491 3773 5548 banc

2113 5580 2184 5635 de
2215 5579 2479 5635 Romana
2509 5579 2903 5651 suspicionem
2935 5581 3094 5638 brevi
3125 5582 3416 5654 deposuit.

2184 5668 2476 5726 Laudatos
2507 5667 2894 5743 Bulgarorum
2924 5668 3160 5728 Latinos
3203 5671 3555 5730 catecbistas
3584 5668 3768 5728 veluti
