4108 6484
306 407 418 467 197

1526 401 1735 462 VlTA.
1769 431 1846 445 —-
1877 398 2397 461 DISSERTATIO
2441 402 2517 461 II.

3605 402 3726 463 198

303 538 372 594 de
391 537 543 593 facie
573 550 929 608 cognoscere
959 533 1211 589 maxime
1244 537 1500 606 praestat.
1540 531 1794 587 Annales
1824 531 1961 587 Ber-

2087 549 2265 603 nacho
2293 549 2353 604 in
2374 548 2523 605 libro
2556 568 2613 606 ιν
2639 560 2835 606 contra
2867 551 3092 614 Grtecos,
3142 550 3419 606 Photiano
3458 557 3722 625 tempore

303 627 518 683 tiniani
559 626 633 682 ad
666 641 892 680 annum
943 624 1050 679 866
1080 623 1161 678 sic
1209 622 1431 678 habent
1464 640 1477 677 :
1512 643 1541 672 ‹‹
1586 622 1706 677 Rex
1756 620 1967 693 Bulga-

310 732 532 783 rorum,
555 712 660 786 qui
695 714 1060 785 prmeedente
1089 729 1267 768 anno.
1305 754 1318 768 .
1346 754 1358 766 .
1415 711 1784 766 Christianus
1842 708 1967 764 ﬁeri

316 806 633 862 meditatus
682 802 900 867 fuerat,
941 817 1175 857 sacrum
1230 801 1528 873 baptisma
1584 799 1864 869 suscepit.
1901 840 1912 852 .
1951 841 1963 853 .

317 896 545 951 Mittens
572 892 648 948 ad
676 890 1009 947 Ludovicum
1045 906 1230 959 regem
1250 889 1586 960 Germaniae,
1624 888 1725 959 qui
1755 887 1807 942 ei
1867 887 1968 941 fm-

318 985 448 1040 dere
476 981 637 1054 pacis
661 981 1016 1052 conjunctus
1047 983 1192 1045 erat,
1233 979 1549 1050 episcopum
1578 984 1629 1032 et
1679 977 1967 1048 presbyte-

322 1089 406 1128 ros
434 1069 778 1143 postulavit.
818 1110 831 1123 .
868 1110 880 1124 .
906 1068 1238 1124 Ludovicus
1260 1072 1457 1123 autem
1481 1067 1555 1122 ad
1574 1066 1835 1124 Carolum
1856 1067 1969 1135 fra-

320 1167 450 1217 trem
476 1176 642 1215 suum
669 1157 934 1227 mittens,
968 1159 1029 1213 in
1056 1159 1430 1212 ministerium
1444 1157 1792 1219 clericorum,
1811 1155 1967 1226 apud

316 1251 551 1306 fratrem
581 1264 760 1304 suum
791 1263 934 1303 vasa
962 1250 1193 1302 sacrata
1221 1262 1539 1317 sacrasque
1578 1250 1767 1300 vestes
1800 1259 1865 1297 ac
1898 1241 1969 1297 li-

313 1340 446 1394 bros
477 1336 674 1410 petiit.
714 1336 881 1392 Unde
910 1334 1151 1392 Carolus
1203 1334 1276 1389 ab
1334 1334 1625 1406 episcopis
1662 1332 1827 1405 regni
1876 1330 1971 1387 sui

309 1444 423 1483 non
481 1442 730 1499 parvam
788 1440 1086 1481 summam
1146 1422 1465 1495 accipiens,
1556 1422 1608 1479 ei
1693 1421 1766 1477 ad
1827 1419 1968 1475 diri-

307 1515 575 1588 gendum
605 1514 731 1587 regi
770 1513 1160 1587 Bulgarorum
1212 1513 1396 1568 misit.
1434 1533 1462 1561 »
1494 1512 1578 1567 Ex
1626 1508 1966 1578 Gallicanis,

307 1605 469 1662 200
495 1607 602 1660 aut
628 1602 996 1659 Germanicis
1025 1600 1302 1657 Ecclesiis
1360 1600 1603 1656 clericos
1635 1600 1694 1654 in
1753 1598 1965 1671 Bulga-

307 1695 462 1750 riam
497 1692 740 1759 missos,
787 1695 1038 1747 constat.
1072 1689 1423 1746 Anastasius
1480 1687 1972 1745 Bibliothecarius

307 1782 613 1839 Romanos
642 1783 819 1836 etiam
863 1780 1172 1853 episcopos
1202 1778 1343 1834 illuc
1373 1779 1627 1834 directos
1685 1780 1972 1832 memorat

308 1872 373 1927 in
403 1870 541 1925 Vita
568 1868 836 1925 Nicolai:
870 1874 1107 1941 accepta
1152 1866 1456 1924 Michaelis
1506 1866 1697 1939 gentis
1755 1863 1970 1936 Bulga-

310 1976 518 2016 rorum
578 1959 734 2030 regis
784 1957 1076 2031 legatione
1112 1973 1296 2013 mense
1350 1957 1612 2028 Augusto,
1671 1954 1972 2010 indictione

312 2053 523 2121 quarta
552 2048 791 2115 decima,
848 2046 1146 2118 inquiens,
1191 2046 1434 2101 Paulum
1493 2045 1973 2116 Populoniensem,

312 2146 371 2195 et
394 2140 721 2194 Formosum
746 2142 1130 2202 Portueusem,
1161 2152 1377 2205 magnae
1418 2135 1732 2190 sanctitatis
1777 2133 1977 2202 episco-

313 2243 435 2299 pos.
474 2269 488 2281 .
524 2268 537 2280 .
571 2225 642 2280 ad
667 2224 1083 2297 pradicandum
1111 2226 1268 2296 genti
1322 2224 1415 2279 illi
1460 2225 1570 2292 ire,
1600 2222 1837 2277 decrevit
1864 2225 1977 2273 An-

318 2315 551 2371 nalium
572 2314 963 2370 Fuldensium
994 2315 1145 2369 addo
1184 2314 1383 2381 verba,
1422 2329 1551 2385 qua
1609 2312 1790 2383 digna
1837 2312 1978 2366 sunt

315 2402 852 2474 animadversione,
887 2403 960 2458 ad
992 2419 1214 2459 annum
1269 2402 1377 2457 866
1422 2407 1479 2457 et
1525 2402 1972 2472 insequentem:

317 2514 350 2543 ‹‹
370 2492 573 2565 Legati
605 2489 994 2564 Bulgarorum
1019 2491 1427 2563 Radesponam
1470 2491 1543 2546 ad
1574 2505 1770 2562 regem
1798 2503 1975 2543 vene-

312 2586 483 2649 runt,
521 2580 785 2635 dicentes
817 2597 831 2635 :
863 2584 1078 2651 Regem
1108 2579 1345 2636 illorum
1398 2595 1534 2635 cum
1587 2577 1801 2651 populo
1859 2592 1976 2631 non

313 2670 554 2726 modico
587 2670 661 2725 ad
710 2669 1011 2725 Christum
1070 2684 1200 2726 esse
1255 2685 1622 2740 conversum,
1679 2665 1979 2737 simulque

310 2764 609 2834 petentes,
642 2764 709 2815 ut
737 2774 837 2815 rex
866 2759 1107 2815 idoneos
1170 2756 1577 2831 praedicatores
1632 2755 1978 2812 Christianae

312 2848 629 2921 religionis
660 2848 733 2904 ad
765 2865 865 2905 eos
891 2848 1123 2904 mittere
1155 2866 1271 2904 non
1302 2846 1706 2903 dill'erret.Rex
1726 2844 1979 2900 Ludovi-

311 2955 447 3007 cus,
479 2937 874 3010 Bulgarorum
890 2938 1271 3010 petitionibus
1293 2939 1982 2993 annuens.Ermenrzcum

311 3029 633 3099 episcOpum
663 3044 798 3082 cum
832 3027 1209 3100 presbyteris,
1243 3032 1301 3083 et
1330 3026 1674 3083 diaconibus
1715 3026 1785 3080 ad
1846 3040 1977 3096 pro-

316 3116 655 3188 pagandam
686 3118 864 3172 ﬁdem
895 3116 1243 3172 catholicam
1276 3116 1527 3189 praelatae
1550 3115 1709 3188 genti
1728 3114 1980 3170 destina-

323 3204 431 3258 vit.
463 3206 571 3261 Sed
601 3222 740 3261 cum
783 3205 928 3261 illuc
975 3206 1396 3279 pervenissent,
1430 3204 1688 3277 episcOpi
1721 3221 1754 3258 a
1786 3202 1976 3258 Ponti-

2025 695 2029 700 _
2078 639 2341 709 scripto:
2378 642 2515 694 Dein
2556 641 2773 696 Ariana
2818 640 3191 712 repullulante
3236 642 3461 696 vesania
3505 640 3724 712 (inqui-

2077 727 2252 798 ente),
2309 729 2628 800 volenteque
2674 730 3000 799 conﬁrmare
3048 745 3159 783 non
3206 745 3319 784 esse
3364 733 3528 786 recta:
3567 731 3722 800 ﬁdei,

2078 814 2359 886 Spiritum
2412 826 2667 873 sanctum
2723 818 2900 873 dicere
2942 835 2975 872 a
3030 819 3195 872 Patre
3242 819 3572 888 procedere;
3630 826 3730 875 hoc

2077 907 2210 974 quia
2237 905 2519 961 videretur
2560 923 2671 962 esse
2727 906 3119 978 blasphemum,
3181 908 3445 979 quoniam
3491 907 3729 963 duorum

2070 994 2423 1064 profiteretur
2466 998 2633 1050 Pater
2670 995 2818 1050 201
2890 1010 3026 1062 esse,
3058 995 3117 1049 id
3173 1004 3252 1050 est
3307 997 3461 1061 Filii,
3491 1001 3547 1051 et
3604 996 3727 1068 Spi-

2076 1083 2219 1136 ritus
2241 1084 2469 1147 sancti;
2498 1083 2639 1150 hanc
2685 1099 2892 1156 quoque
2950 1083 3349 1154 blasphemiam
3404 1084 3725 1157 propellen-

2076 1170 2203 1226 dam
2260 1172 2608 1228 decernentes
2662 1174 2921 1229 Ecclesia:
2976 1173 3243 1239 doctores,
3294 1174 3734 1245 superaddidere

2073 1260 2323 1331 symbolo
2349 1277 2369 1321 ;
2402 1260 2677 1332 szritum
2719 1269 2973 1315 sanctum
3000 1277 3035 1315 a
3063 1262 3205 1315 Filio
3264 1276 3477 1331 quoque
3539 1277 3730 1333 proce-

2076 1350 2225 1417 dere,
2258 1365 2329 1403 ne
2359 1350 2409 1403 si
2437 1348 2501 1404 de
2528 1351 2695 1406 Patre
2724 1353 2939 1404 tantum
2982 1350 3270 1421 procedere
3297 1349 3589 1417 diceretur,
3628 1366 3731 1422 pu-

2079 1439 2298 1492 taretur
2321 1438 2515 1505 Filius,
2539 1453 2636 1492 nec
2663 1438 2937 1492 diceretur
2979 1437 3218 1508 Spiritus
3277 1437 3435 1493 Filii.
3468 1440 3587 1494 Non
3625 1442 3727 1510 ait,

2079 1542 2119 1581 a
2140 1526 2384 1581 Romana
2410 1527 2648 1582 Ecclesia
2677 1526 2947 1598 Symboio
3006 1526 3445 1599 superadditam
3505 1544 3728 1597 vocem,

2076 1615 2379 1686 Filioque:
2436 1616 2536 1671 sed
2569 1615 2634 1670 ab
2691 1615 2941 1670 Ecclesia
2998 1614 3330 1682 doctoribus,
3384 1632 3533 1687 quos
3589 1616 3727 1672 hac-

2079 1707 2254 1758 tenus
2274 1719 2390 1758 non
2422 1703 2567 1759 alios
2594 1703 2847 1775 reperire
2879 1704 3083 1758 datum
3114 1708 3220 1771 est,
3268 1703 3383 1759 nisi
3442 1706 3731 1776 Hispanos,

2079 1791 2410 1857 Gallicanos,
2439 1791 2756 1857 Germanos,
2790 1796 2848 1846 et
2878 1791 3093 1846 Italicos
3122 1791 3181 1845 in
3214 1808 3392 1863 regno
3426 1792 3622 1847 Italiae.

2152 1878 2434 1935 Summus
2466 1879 2725 1935 Pontilex
2753 1878 3030 1935 Nicolaus
3069 1879 3129 1933 in
3153 1879 3401 1952 epistola
3437 1898 3588 1936 anno
3603 1882 3729 1953 867,

2085 1984 2287 2023 mense
2315 1967 2569 2035 Octobri,
2613 1969 2917 2023 indictione
2943 1970 3126 2039 prima
3156 1985 3190 2024 a
3217 1969 3533 2039 septembri
3585 1987 3730 2041 prte-

2085 2056 2312 2112 cedenti
2342 2057 2594 2129 incepta,
2656 2059 2727 2112 ad
2776 2056 3155 2113 Hincmarum
3210 2057 3365 2125 data,
3410 2061 3462 2113 et
3516 2062 3735 2115 caeteros

2083 2148 2356 2218 episcOpos
2386 2148 2447 2200 in
2477 2163 2642 2217 regno
2675 2146 2877 2212 Caroli,
2907 2147 3319 2218 reprehensam
3351 2163 3385 2201 a
3416 2146 3615 2203 Photio
3662 2149 3735 2204 de

2079 2236 2419 2305 processione
2466 2235 2707 2307 Spiritus
2748 2236 2929 2291 sancti
2956 2252 2992 2290 a
3049 2236 3215 2290 Patre
3277 2239 3329 2289 et
3359 2252 3393 2290 a
3441 2237 3582 2292 Filio
3616 2237 3730 2291 Ro-

2086 2340 2324 2379 manam
2377 2323 2695 2380 Ecclesiam
2759 2330 2978 2393 narrat,
3034 2323 3198 2379 nulla
3253 2323 3617 2381 additameuti
3660 2325 3730 2381 ad

2085 2412 2424 2486 Symbolum
2460 2413 2753 2469 mentione
2782 2413 3011 2486 ingesta
3041 2414 3303 2480 Conatur,
3366 2413 3578 2485 inquit,
3615 2423 3731 2470 tam

2084 2506 2333 2558 nostram
2358 2502 2695 2574 specialiter,
2729 2519 2896 2573 quam
2942 2517 3161 2557 omnem
3216 2503 3563 2570 generaliter
3608 2518 3736 2574 quae

2086 2592 2280 2663 lingua
2308 2592 2508 2647 Latina
2535 2592 2733 2662 utitur,
2765 2591 3070 2646 Ecclesiam
3125 2590 3519 2661 reprehendere
3551 2609 3563 2647 :
3593 2594 3735 2664 quod

2090 2720 2103 2733 .
2141 2720 2153 2732 .
2194 2721 2206 2733 .
2242 2721 2254 2733 .
2278 2679 2546 2751 Spiritum
2574 2682 2827 2734 sanctum
2848 2695 2917 2734 ea:
2953 2681 3119 2734 Patre
3147 2679 3401 2750 Filioque
3444 2684 3739 2751 procedere

2085 2767 2352 2837 dicamus,
2385 2785 2510 2823 cum
2538 2769 2646 2839 ipsi
2690 2768 2837 2823 hunc
2881 2771 3101 2823 tantum
3129 2784 3199 2823 ea:
3225 2773 3397 2823 Patre
3442 2769 3744 2839 procedere

2085 2858 2385 2927 fateantur.
2422 2857 2744 2923 Pontificis,
2777 2874 2843 2912 ac
2899 2858 3309 2929 episcoporum
3340 2856 3537 2913 Galliae
3584 2859 3735 2915 votis

2088 2962 2353 3001 annuens
2381 2946 2590 3002 zEneas
2645 2946 2745 3018 qui
2809 2946 3193 3001 Parisiensem
3253 2947 3489 3019 regebat
3539 2946 3735 3003 Eccle-

2088 3035 2259 3102 siam,
2293 3034 2506 3091 librum
2540 3035 2724 3090 edidit
2747 3035 3060 3090 adversum
3092 3035 3369 3102 Photii,et
3399 3038 3734 3092 Graecorum

2088 3123 2442 3180 calumnias:
2477 3125 2666 3195 deque
2698 3140 2779 3189 re,
2813 3140 2927 3196 que
2956 3124 3028 3179 de
3058 3124 3315 3196 agimus,
3348 3124 3469 3180 haec
3498 3128 3735 3182 tantum

2088 3212 2264 3268 habet
2347 3213 2407 3267 in
2467 3212 2802 3284 praefatione
2884 3214 3053 3283 Infert
3120 3212 3408 3285 (Photius)
3466 3215 3727 3283 Romanis

332 3292 445 3347 tice
461 3292 715 3352 Romano
738 3295 911 3351 missi
956 3300 1137 3352 totam
1163 3295 1323 3351 illam
1382 3300 1603 3350 terram
1651 3292 1974 3365 praedican-
2008 3286 2052 3353 C
2090 3302 2317 3357 auribus
2346 3320 2364 3356 :
2388 3302 2571 3370 Quare
2615 3301 2886 3372 Spiritum
2935 3310 3192 3357 sanctum
3220 3318 3254 3356 a
3293 3308 3460 3359 Patre
3496 3312 3551 3358 et
3595 3304 3735 3360 Filio

333 3380 432 3450 do,
457 3386 511 3437 et
543 3384 892 3457 baptizando
912 3386 1041 3457 jam
1079 3389 1221 3441 tunc
1266 3384 1667 3457 repleverant:
1725 3397 1977 3454 quapro-

322 3476 460 3543 pter
486 3472 589 3529 isti
617 3479 861 3547 accepta
889 3492 924 3530 a
953 3491 1087 3547 rege
1114 3474 1372 3545 licentia,
1405 3472 1707 3529 redierunt
1733 3470 1794 3525 in
1848 3485 1976 3524 sua.

429 3562 617 3619 Latini
648 3563 932 3637 episcOpi,
963 3569 1021 3620 et
1051 3563 1246 3620 clerici
1275 3564 1672 3628 innotescunt,
1705 3558 1806 3631 qui
1837 3557 1978 3613 Bul-

313 3673 499 3731 garos
528 3657 590 3711 in
647 3655 762 3710 ﬁde
800 3652 1089 3710 catholica
1145 3652 1508 3719 erudiebant,
1571 3647 1917 3723 gravissime
1948 3663 1983 3701 a

312 3747 531 3803 Photio
562 3742 901 3816 reprehensi
932 3743 1007 3798 ob
1036 3742 1314 3797 traditam
1343 3740 1669 3797 doctrinam
1727 3738 1798 3793 de
1851 3738 1983 3791 Pro-

310 3837 576 3892 cessione
610 3834 855 3907 Spiritus
907 3834 1090 3887 sancti
1117 3848 1152 3886 a
1207 3835 1368 3887 Patre
1423 3837 1475 3885 et
1503 3846 1537 3884 a
1584 3829 1738 3883 Filio
1796 3834 1855 3881 et
1908 3826 1981 3882 oh

313 3926 457 3997 ejus
494 3924 657 3980 vocis
688 3924 941 3994 Filioque
969 3920 1329 3976 additionem
1356 3920 1429 3975 ad
1460 3916 1984 3992 Symbolum.Sunt

312 4030 543 4086 nempe
575 4013 861 4069 Gallicani
888 4008 1105 4081 clerici,
1138 4014 1242 4065 aut
1292 4012 1557 4083 Germani
1607 4024 1641 4063 a
1688 4005 1982 4062 Ludovico

313 4102 656 4161 Germaniae
689 4117 843 4172 rege,
865 4104 923 4156 et
952 4098 1141 4156 Caroli
1172 4098 1311 4153 dicti
1344 4096 1499 4154 Calvi
1533 4095 1687 4169 regis
1727 4095 1981 4151 Francia;

314 4189 722 4249 Occidentalis
754 4205 819 4245 ac
852 4194 1054 4262 postea
1084 4186 1455 4260 imperatoris
1506 4186 1705 4256 fratre,
1746 4185 1807 4239 in
1844 4183 1980 4238 Bul-

316 4282 555 4354 gariam
579 4278 769 4334 missi.
803 4278 956 4333 Sunt
994 4277 1171 4332 etiam
1230 4275 1349 4346 alii,
1407 4291 1556 4347 quos
1602 4273 1664 4329 in
1713 4273 1982 4329 eamdem

319 4370 631 4442 regionem
655 4367 898 4423 miserat
954 4367 1213 4423 Nicotaus
1271 4365 1315 4431 l,
1374 4379 1648 4418 summus
1703 4361 1980 4434 pontifex.

316 4458 561 4515 Miratio
594 4457 803 4513 subeat
832 4455 1017 4522 nulla,
1050 4455 1373 4511 Germanos
1407 4453 1542 4509 illos
1574 4456 1677 4508 aut
1731 4450 1981 4507 Gallica-

314 4564 428 4604 nos
455 4546 1135 4617 Constantinopolitanum
1157 4543 1476 4616 Symbolum
1505 4541 1818 4597 tradidisse
1842 4540 1982 4596 Bul-

2088 3392 2445 3462 pro/iteamur
2494 3390 2796 3461 procedere
2847 3394 2897 3446 et
2933 3407 3045 3447 non
3073 3408 3109 3445 a
3153 3392 3267 3447 solo
3317 3392 3739 3462 Patre?Quid?

2089 3481 2244 3551 quod
2275 3479 2518 3535 Photius
2548 3479 2675 3552 ipse
2700 3478 3064 3550 adjectionem
3095 3479 3166 3535 ad
3220 3479 3543 3550 Symbolum
3590 3498 3736 3537 non-

2090 3570 2230 3623 dum
2262 3567 2485 3623 Nicolai
2516 3568 2807 3640 pontificis
2836 3572 3003 3624 aetate
3058 3573 3349 3640 receptam
3380 3569 3438 3624 in
3467 3570 3734 3626 Romana

2090 3656 2370 3725 Ecclesia,
2401 3657 2544 3713 satis
2574 3656 2796 3712 indicat
2824 3656 2886 3712 in
2932 3661 3185 3712 tractatu
3232 3657 3303 3713 de
3359 3658 3736 3729 processione

2090 3746 2344 3818 Spiritus
2384 3747 2570 3801 sancti
2605 3763 2619 3813 ;
2655 3763 2724 3801 ex
2755 3763 2872 3818 quo
2906 3747 3018 3801 Leo
3040 3745 3295 3801 Allatius
3337 3746 3737 3820 fragmentum

2092 3836 2309 3908 profert
2334 3834 2757 3891 Exercitatione
2786 3852 2882 3891 XIV
2902 3835 2962 3890 in
2993 3834 3445 3908 Creyglitonum,
3464 3853 3577 3909 pag
3604 3839 3733 3894 231.

2092 3924 2193 3980 Sed
2220 3941 2320 3981 nec
2344 3925 2691 3981 tremendum
2710 3924 2841 3995 ﬁdei
2864 3924 3339 3996 (Symbolum),in
3368 3929 3738 3982 oreommium

2088 4014 2428 4070 circumduci
2454 4014 2696 4079 solitum,
2723 4014 3015 4070 sententia
3039 4029 3150 4068 suae.
3205 4013 3301 4077 (de
3365 4014 3740 4085 processione

2092 4104 2165 4159 ab
2208 4106 2475 4174 utroque)
2519 4105 2891 4173 tegumentum
2964 4109 3293 4172 prxtexens.
3331 4144 3344 4157 .
3382 4143 3395 4155 .
3434 4144 3447 4156 .
3506 4102 3740 4160 attondit

2090 4194 2173 4249 vel
2194 4192 2340 4249 laesit
2369 4187 2708 4263 (Niccﬂaus).

2163 4281 2228 4336 In
2259 4280 2457 4337 sedem
2488 4277 3189 4350 Constantinopolitanam
3222 4280 3558 4335 restitutum
3589 4279 3739 4336 Pho-

2092 4369 2240 4425 tium
2264 4369 2549 4424 confirma
2578 4384 2730 4423 anno
2761 4369 2889 4433 8'79,
2920 4367 3180 4423 Joannes
3212 4384 3484 4423 summus
3541 4370 3737 4441 ponti-

2093 4459 2205 4525 fex,
2230 4458 2408 4529 hujus
2440 4457 2697 4511 nominis
2729 4457 2921 4512 dictus
2950 4462 3219 4513 Octavus.
3270 4456 3352 4511 Ne
3412 4457 3739 4515 Romanam

2092 4546 2407 4603 Ecclesium
2439 4545 2657 4617 injuria
2686 4544 2975 4601 lacerasse
3006 4545 3131 4618 ipse
3162 4550 3487 4617 putaretur,
3522 4547 3739 4618 episto-

307 4637 499 4709 geris,
521 4650 629 4709 pro
662 4640 728 4690 ut
755 4634 870 4708 ipsi
899 4632 1527 4705 habebant,additione
1552 4630 1710 4687 vocis
1732 4631 1980 4701 Filioque
1996 4640 2061 4718 ‘D
2092 4636 2211 4691 lam
2270 4636 2380 4692 sub
2439 4635 2705 4706 ejusdem
2758 4634 3000 4689 Joannis
3055 4634 3291 4691 nomine
3349 4634 3526 4689 veluti
3574 4636 3646 4690 ad
3679 4653 3742 4692 se

312 4724 770 4798 interpolatum.
832 4724 896 4779 In
959 4723 1111 4779 hanc
1188 4718 1545 4778 additionem
1629 4720 1978 4791 consentire,

312 4830 579 4886 pronum
637 4819 763 4869 erat
819 4812 1112 4884 episcopis
1166 4827 1199 4866 a
1244 4809 1480 4866 Nicolao
1539 4808 1775 4866 missis:
1854 4812 1983 4863 tum

314 4903 464 4976 quia
496 4902 835 4959 Occidentis
866 4900 1137 4957 Ecclesiae
1166 4901 1285 4956 fere
1314 4915 1519 4956 omnes
1564 4914 1694 4955 eam
1752 4912 1983 4969 recepe-

310 5001 477 5061 rant,
506 5000 637 5048 tum
669 4993 812 5065 quia
842 4995 909 5046 ut
930 4991 987 5045 id
1019 4990 1255 5062 Bulgari
1295 4988 1630 5061 expressius
1678 4990 1985 5047 crederent

312 5081 574 5138 maxime
598 5086 1067 5138 consentaneum
1098 5084 1243 5147 erat,
1278 5095 1531 5150 quorum
1589 5081 1766 5136 ﬁdem
1825 5082 1981 5137 schi-

312 5171 547 5228 smatici
579 5170 865 5228 Photiani
902 5168 1110 5225 vitiare
1140 5168 1525 5223 conabantur.

393 5267 542 5323 Hinc
571 5280 707 5321 vero
733 5260 901 5316 hisce
926 5257 1110 5313 Photii
1139 5255 1982 5330 litterisnimiumleviterper-

320 5364 508 5415 motus
532 5352 766 5414 Natalis
798 5346 1354 5405 Alexandersaeculo
1376 5363 1452 5412 IV,
1469 5345 1981 5414 dissert.38,art.3,

322 5448 684 5506 existimavit.
708 5439 944 5500 Νίσοιαί
967 5437 1143 5509 primi
1170 5435 1522 5508 temporibus,
1573 5435 1787 5509 factum
1813 5437 1984 5508 fuisse

318 5535 440 5599 hanc
464 5539 832 5599 additioncm
883 5529 946 5583 in
1004 5531 1252 5581 Romana
1300 5526 1566 5581 Ecclesia.
1626 5524 1786 5580 Hanc
1843 5542 1982 5598 epo-

302 5628 453 5693 cbam
486 5649 611 5692 non
640 5619 1051 5684 confirmant,
1082 5630 1273 5686 neque
1302 5613 1569 5668 indicant
1594 5614 1791 5681 verba,
1853 5628 1983 5686 quae

283 5726 497 5803 profert
526 5723 704 5782 idem
741 5710 973 5769 auctor
1003 5720 1073 5760 ex
1123 5702 1442 5760 Ratramno
1473 5702 1806 5759 Corbeiensi
1857 5704 1981 5761 Mo-

2091 4724 2371 4797 scriptarn
2404 4724 2685 4780 conﬁnxit
2711 4740 2724 4778 :
2752 4723 2812 4778 in
2843 4739 3028 4796 eaque
3049 4722 3120 4779 ab
3153 4724 3313 4779 omni
3371 4723 3739 4781 additamenta

2094 4813 2431 4886 pontificem
2457 4811 2711 4867 alienum
2763 4813 2975 4878 exibet,
3038 4816 3428 4885 paratumque
3483 4814 3555 4869 ad
3609 4815 3739 4885 ejus

2093 4902 2541 4975 expunctionem
2600 4902 2754 4974 apud
2782 4918 2882 4958 eos
2912 4902 3258 4974 urgendum,
3309 4903 3409 4973 qui
3466 4903 3621 4959 idem
3679 4903 3740 4959 in

2093 4991 2382 5064 Symbolis
2404 4989 2914 5046 admisissent.Vel
2931 4989 3053 5044 haec
3076 4990 3264 5045 Pbotii
3281 4990 3482 5047 fabula
3502 4991 3738 5062 evincit,

2094 5081 2357 5137 nondum
2418 5095 2487 5134 ea
2543 5083 2709 5134 aetate
2758 5078 3177 5151 interpolatum
3235 5080 3390 5151 apud
3443 5080 3739 5137 Romanos

2090 5170 2349 5243 viguisse
2406 5167 2772 5241 Symbolum.
2827 5169 3180 5224 Memoratas
3229 5169 3404 5224 refert
3449 5169 3740 5242 Epistolas

2092 5257 2379 5314 Baronius
2410 5258 2480 5311 ad
2522 5273 2746 5312 annum
2803 5257 2929 5322 879,
2962 5273 3127 5311 num.
3184 5257 3275 5311 54.
3302 5256 3498 5313 Verba
3552 5262 3693 5314 sunt
3724 5275 3739 5315 :

2093 5369 2122 5397 «
2145 5346 2314 5402 Novit
2342 5345 2517 5400 etiam
2541 5349 2645 5400 tua
2676 5345 3033 5415 fraternitas,
3066 5345 3220 5416 quod
3252 5362 3386 5401 cum
3418 5362 3607 5419 nuper
3634 5346 3739 5403 ad-

2092 5452 2201 5491 nos
2231 5434 2477 5491 accessit
2525 5434 2599 5499 is,
2644 5434 2804 5505 quia
2844 5438 2902 5489 te
2951 5432 3170 5489 missus
3219 5438 3327 5499 est,
3372 5434 3516 5490 etde
3554 5440 3743 5492 sancto

2099 5522 2362 5595 Symbolo
2393 5539 2500 5578 nos
2531 5521 2847 5589 consuluit,
2881 5523 3174 5593 quomodo
3206 5521 3426 5577 invenit
3454 5539 3562 5578 nos
3590 5521 3740 5580 illud

2092 5613 2534 5679 inconcussum,
2568 5610 2723 5667 sicut
2751 5611 2923 5666 nobis
2954 5612 3026 5667 ab
3059 5611 3222 5667 initio
3254 5611 3409 5667 202
3452 5612 3738 5669 traditum

2092 5706 2201 5771 est,
2229 5716 2601 5760 conservare:
2634 5717 2824 5774 neque
2847 5700 3070 5774 aliquid
3097 5699 3391 5770 addidisse,
3425 5700 3512 5759 vel
3538 5700 3736 5761 detra-
