4108 6434
420 360 537 420 199

1445 353 1767 417 GEORGII
1812 350 2076 414 CYPRII
2121 349 2241 411 ΟΡ.
2292 350 2820 413 ΡΑΤΒΙΑΒΟΗΑΞ

3719 359 3839 422 200

412 495 566 549 scisse
620 510 754 549 cum
809 497 964 549 recte
1013 492 1353 548 noverimus
1403 493 1561 564 quod
1606 509 1729 560 eos,
1781 490 1883 562 qui
1936 488 2073 545 talia
2102 489 2157 555 Α
2188 489 2365 559 atque
2394 486 2563 560 lecta,
2589 504 2692 561 per
2721 504 2851 545 eam
2881 488 3355 546 Occidentalibus
3390 489 3750 546 laudandam
3769 505 3839 546 ac

417 582 604 638 facere
636 582 871 649 audent,
922 582 1114 654 gravis
1148 582 1557 637 condemnatio
1607 584 1890 652 expectat.
1954 583 2060 633 Re-

413 672 681 726 verentia
709 670 907 743 itaque
954 676 1066 725 tua
1126 671 1335 726 iterum
1397 671 1822 742 significamus,
1884 672 1949 722 ut
1991 668 2062 722 de

411 759 521 815 hac
542 760 822 815 additione
850 760 907 813 in
942 760 1240 831 Symbolo,
1263 777 1330 814 ex
1350 761 1491 815 Filio
1515 757 1871 827 scilicet,tibi
1895 756 2061 812 satis-

413 849 700 904 faciamus
733 866 746 904 :
780 849 936 920 quod
968 865 1082 903 non
1113 847 1306 903 solum
1360 848 1464 903 hoc
1487 865 1598 903 non
1629 848 1905 915 dicimus,
1958 846 2059 900 sed

412 939 589 995 etiam
622 938 777 1009 quod
807 955 907 993 eos
935 939 1033 1009 qui
1055 938 1335 1009 principio
1360 944 1457 993 hoc
1486 936 1666 992 dicere
1717 936 1843 991 ausi
1893 938 2054 997 sunt,

412 1026 1422 1099 quasitransgressoresdiviniverbi
1463 1027 1948 1081 condemnemus.
1986 1065 1997 1077 .
2039 1065 2052 1076 .

414 1116 477 1172 Ut
505 1116 709 1186 reliqui
732 1117 917 1171 nostri
935 1118 1176 1187 episcopi
1204 1116 1512 1171 nobiscum
1560 1115 1717 1169 idem
1776 1112 2053 1177 sentiant,

408 1203 546 1259 totis
577 1204 801 1259 viribus
858 1205 1289 1260 contendimus.
1319 1246 1331 1257 .
1369 1246 1381 1258 .
1437 1203 1666 1258 Rationi
1726 1216 2055 1272 congruum

410 1291 556 1347 mihi
580 1292 770 1348 visum
803 1297 989 1359 est,ne
1003 1292 1284 1348 violenter
1296 1292 1510 1364 aliquis
1523 1296 1809 1363 cognatur
1836 1289 2053 1345 anobis

406 1381 748 1437 additionem
778 1381 944 1437 illam
973 1382 1288 1448 dimittere,
1322 1398 1500 1453 quam
1533 1381 1658 1452 ipse
1689 1379 1975 1451 adjecisse
1991 1394 2053 1433 se

404 1470 678 1542 Symbolo
721 1472 944 1526 noverit
994 1471 1125 1527 :sed
1158 1470 1354 1541 potius
1372 1468 1823 1525 mansuetudine
1855 1467 2054 1536 aliqua

404 1558 746 1630 hujusmodi
777 1560 1045 1615 homines
1084 1560 1420 1626 admonere,
1450 1563 1510 1614 et
1540 1557 1821 1630 paulatim
1854 1574 1888 1611 a
1931 1558 2052 1612 bla-

402 1648 651 1719 spbemia
676 1664 962 1704 revocare.
1000 1649 1380 1704 »Gommento
1412 1664 1519 1702 suo
1551 1648 1749 1701 firmat
1786 1644 2050 1711 Photius,

402 1753 599 1792 vocem
629 1737 876 1809 Filioque
917 1737 989 1792 ab
1031 1735 1291 1792 Ecclesia
1346 1735 1612 1791 Romana
1672 1733 1933 1789 nondum
1991 1734 2050 1788 in

402 1826 677 1899 Symbolo
728 1831 1068 1898 receptam:
1122 1824 1522 1896 invidiamque
1578 1821 1757 1879 simul
1837 1821 2053 1877 Joanni

400 1915 660 1987 pontifici
720 1915 1046 1982 creat,dum
1078 1913 1273 1986 ipsum
1297 1911 1543 1980 inducit,
1575 1910 1753 1967 veluti
1798 1910 2052 1981 blasphe-

396 2020 567 2070 mam,
625 2003 1031 2076 repudiantem
1092 2003 1471 2074 adjectionem
1520 1998 1924 2072 Antiquitatis,
1987 2004 2045 2054 et

398 2093 609 2165 rigoris
640 2092 1014 2148 tenacissima
1030 2096 1291 2147 Romana
1315 2090 1573 2146 Ecclesia
1598 2088 1952 2157 adlectionem
1982 2088 2053 2143 ad

398 2182 718 2253 Symbolum
785 2198 903 2237 non
965 2180 1352 2247 admittebat;
1430 2180 1603 2234 ﬁdem
1660 2177 2050 2250 processionis

397 2271 569 2326 etiam
595 2287 634 2325 a
655 2271 797 2325 Filio
829 2268 1307 2325 constantissime
1354 2269 1761 2339 profitebatur,
1792 2266 2050 2322 vindica-

395 2360 615 2431 batque
648 2377 661 2415 :
695 2360 958 2431 adeoque
989 2364 1046 2414 et
1076 2357 1219 2413 illud
1253 2358 1717 2412 additamentum
1734 2355 1955 2410 cateris
1985 2355 2045 2410 in

395 2447 691 2514 Ecclesiis,
717 2465 842 2519 qua
884 2446 1027 2502 illud
1053 2450 1409 2518 receperant,
1434 2462 1567 2500 cum
1626 2445 1683 2500 id
1746 2446 1816 2499 ad
1869 2443 2048 2499 eccle-

395 2538 691 2593 siasticam
724 2538 1041 2609 pertineret
1061 2535 1455 2607 disciplinam,
1488 2534 1792 2603 tolerabat,
1828 2549 2046 2604 easque

391 2628 839 2698 transgressionis
859 2630 1061 2682 contra
1089 2625 1341 2680 divinum
1369 2625 1597 2681 verbum
1637 2623 2047 2679 condemnavit

392 2733 720 2788 nunquam.
762 2716 1043 2786 LConficta
1102 2714 1398 2770 Photiana
1455 2711 1713 2786 epistola
1763 2715 2045 2767 consonat

390 2806 823 2862 conciliabulum
881 2805 1554 2875 Constantinopolitanum
1632 2802 1833 2858 eodem
1890 2818 2042 2855 anno

390 2895 498 2949 879
523 2895 976 2963 celebratum,ut
1006 2894 1191 2949 fertur
1224 2910 1236 2948 :
1266 2894 1422 2965 quod
1456 2896 1716 2947 attamen
1733 2892 1804 2946 ab
1835 2891 2039 2946 eodem

389 2984 596 3040 Photio
628 2985 846 3057 pariter
875 2984 1215 3050 confictum,
1249 2987 1350 3037 aut
1399 2985 1554 3037 certe
1602 2981 1902 3050 falsatum,
1954 2980 2038 3034 in-

388 3074 536 3129 victe
561 3074 927 3129 demonstrat
947 3071 1298 3144 singulariin
1322 3074 1505 3143 Opere
1517 3069 2035 3140 Allatius.Legato-

389 3179 517 3218 ram
548 3162 779 3218 concilii
804 3160 1298 3233 Aquisgranensis
1337 3159 1700 3216 collationem
1727 3176 1862 3215 cum
1896 3159 2037 3213 Leo-

2178 576 2613 647 pradicandam
2645 577 2905 633 divinam
2937 583 3322 649 sanctamque
3355 579 3706 635 Trinitatem
3721 583 3835 634 tra-

2177 666 2343 720 didit.
2368 666 2563 736 Neque
2594 666 2651 721 id
2686 667 2859 723 verbo
2914 667 3106 723 solum
3165 685 3232 723 ac
3275 669 3569 739 jussione,
3624 684 3831 724 verum

2177 754 2353 809 etiam
2374 756 2729 827 quibusdam
2760 755 3043 813 ancilibus
3064 756 3222 813 velut
3266 758 3476 825 titulis,
3529 759 3835 815 columna-

2177 859 2308 898 rum
2333 860 2512 912 more,
2545 844 2876 901 inscribens
2908 846 2980 901 ad
3004 846 3156 902 fores
3188 847 3454 903 Ecclesia
3514 848 3719 904 aﬂ‘ixit.
3760 890 3773 903 .
3810 889 3825 903 .

2177 948 2248 986 ne
2306 949 2567 1004 unquam
2626 934 2718 988 via
2753 938 2927 989 esset.
2960 975 2975 990 .
3011 977 3023 989 .
3057 934 3301 991 alteram
3337 941 3545 1007 prater
3574 937 3831 1003 Patrem,

2176 1020 2430 1092 Spiritus
2462 1038 2726 1089 causam,
2769 1022 2979 1079 Filium
3038 1023 3372 1080 invehendi.
3410 1046 3438 1075 ››
3496 1026 3656 1081 Nova
3712 1043 3831 1082 non

2176 1126 2272 1165 ere
2329 1116 2497 1166 atate
2564 1111 2751 1168 Photii
2805 1112 3031 1169 invecta
3090 1114 3162 1168 ab
3221 1113 3694 1170 Occidentalibus
3757 1115 3834 1172 de

2171 1199 2416 1270 Spiritus
2443 1202 2624 1255 sancti
2666 1218 2701 1256 a
2730 1202 2893 1258 Patre
2921 1205 2973 1257 et
3004 1220 3038 1257 a
3089 1203 3236 1259 Filio
3291 1206 3638 1274 processione
3694 1221 3831 1261 seno

2173 1288 2357 1343 tentia
2386 1306 2398 1343 :
2424 1287 2544 1344 imo
2574 1290 2789 1362 dogma
2819 1296 2909 1346 est
2938 1290 3073 1347 fidei
3121 1291 3442 1362 catholica,
3502 1292 3825 1364 Spiritura-

2172 1393 2302 1432 rum
2333 1377 2678 1434 auctoritate
2708 1380 3026 1447 munitum,
3055 1397 3121 1436 ac
3153 1381 3395 1452 perenni
3428 1385 3671 1438 Patrum
3700 1386 3829 1438 tra-

2170 1465 2411 1521 ditione.
2446 1467 2554 1522 Leo
2579 1467 2676 1535 III,
2711 1469 2867 1539 quod
2890 1485 2925 1523 a
2947 1469 3274 1539 majoribus
3331 1476 3655 1542 acceperat,
3700 1472 3822 1527 sine

2165 1554 2533 1610 additamenta
2616 1556 2957 1628 Symbolum
3009 1558 3421 1615 custodiebat:
3485 1559 3824 1631 ferebatque

2168 1660 2319 1713 agro
2352 1644 2569 1714 animo,
2591 1662 2729 1701 voce
2758 1646 2861 1702 illa
2889 1648 3117 1719 adjecta
3145 1647 3490 1720 Symbolum
3521 1648 3823 1704 decantari

2181 1752 2214 1786 ει
2244 1732 2563 1790 Gallicanis
2590 1735 2881 1807 episcopis
2913 1757 2928 1806 ;
2970 1752 3159 1808 neque
3189 1741 3388 1792 tamen
3428 1736 3585 1806 illos,
3617 1754 3683 1793 ac
3710 1738 3822 1793 Hi-

2166 1837 2405 1892 spanos.
2439 1822 2790 1895 Italicosque
2846 1824 2908 1879 in
2966 1841 3145 1897 regno
3206 1824 3389 1881 Italia
3446 1826 3825 1898 reprehendit

2164 1926 2449 1983 unquam,
2481 1911 2657 1966 veluti
2684 1913 3035 1971 intemerata
3060 1922 3269 1972 nostra
3298 1914 3432 1984 ﬁdei
3457 1916 3661 1984 regula
3688 1932 3808 1971 cor-

2164 2003 2436 2071 ruptores.
2460 2002 2545 2055 Ad
2572 2000 3028 2059 ecclesiasticam
3052 2002 3428 2076 disciplinam
3477 2020 3572 2061 res
3602 2006 3815 2077 ,perti-

2166 2096 2264 2143 net
2300 2107 2310 2142 :
2340 2088 2777 2163 placuissetque
2807 2091 3096 2162 Pontifici,
3132 2097 3198 2147 ut
3229 2093 3387 2163 rigor
3415 2092 3583 2166 legis,
3640 2109 3817 2166 quem

2163 2177 2427 2233 Romana
2456 2179 2808 2250 sequebatur
2845 2180 3124 2247 Ecclesia,
3174 2186 3236 2237 in
3259 2181 3390 2237 aliis
3447 2198 3683 2255 quoque
3730 2183 3814 2239 vi-

2160 2271 2342 2337 geret.

2233 2355 2307 2409 De
2341 2355 2681 2411 memoratis
2709 2373 2743 2412 a
2773 2356 2977 2413 Photio
3016 2358 3300 2415 ancilibus
3331 2360 3639 2415 certiorem
3662 2377 3809 2433 sup-

2157 2443 2377 2514 peditat
2404 2445 2672 2500 notitiam
2705 2446 3051 2503 Anastasius
3078 2447 3565 2504 Bibliothecarius
3594 2448 3657 2504 in
3679 2450 3807 2506 Vita

2155 2531 2363 2587 Leonis
2396 2532 2488 2587 Ill.
2526 2550 2690 2588 num.
2726 2536 2850 2602 410,
2882 2535 2941 2591 in
2967 2536 3224 2592 editione
3283 2537 3575 2593 Francisci
3634 2536 3809 2595 Blan-

2155 2619 2374 2675 cbinii:
2409 2622 2514 2677 Hic
2545 2640 2678 2678 vero
2738 2624 3075 2696 (inquiens),
3128 2642 3229 2697 pro
3269 2643 3458 2683 amore
3503 2632 3557 2683 et
3612 2638 3804 2684 caute-

2154 2709 2212 2764 la
2242 2710 2565 2768 orthodoxa
2592 2711 2741 2781 ﬁdei,
2775 2712 2912 2767 fecit
2939 2719 3107 2769 scuta
3135 2720 3412 2788 argentea
3441 2715 3806 2789 duo,scripta

2153 2804 2401 2870 utraque
2430 2799 2727 2871 Symbolo,
2754 2819 2937 2857 unum
2969 2803 3209 2874 quidem
3243 2805 3449 2860 litteris
3490 2804 3715 2877 Graecis,
3748 2811 3808 2862 et

2150 2888 2308 2944 aliud
2380 2892 2616 2946 Latinis.
2653 2914 2680 2940 ››
2748 2892 3025 2964 Magister
3080 2894 3518 2950 Sententiarum
3606 2900 3803 2951 Petrus

2150 2979 2507 3047 Lombardus,
2530 2997 2703 3051 quem
2753 2981 3039 3037 Baronius
3092 2981 3296 3039 laudat
3351 2984 3425 3039 ad
3484 3001 3621 3040 ann.
3671 2984 3802 3055 809,

2147 3085 2311 3122 num.
2342 3070 2433 3135 6‘3,
2466 3085 2588 3124 rem
2620 3070 2771 3125 hanc
2801 3069 2893 3125 his
2922 3070 3114 3127 verbis
3176 3077 3376 3127 narrat
3417 3072 3568 3129 libro
3590 3091 3610 3128 ι
3657 3073 3800 3129 Sen-

2147 3159 2471 3227 tentiarum,
2508 3158 2643 3213 dist.
2684 3159 2745 3213 ll
2777 3175 2789 3212 :
2829 3159 3122 3215 «Addunt
3166 3160 3345 3216 Graci
3380 3162 3452 3217 ad
3512 3163 3800 3219 assertio-

388 3270 460 3308 ne
491 3252 564 3306 ΙΙΙ
618 3232 891 3323 pontifice
949 3249 1136 3305 recole
1191 3249 1381 3321 capite
1440 3248 1740 3320 superiore
1797 3264 1962 3302 num.
1996 3248 2027 3300 4
2060 3232 2103 3297 C
2142 3263 2275 3302 nem
2300 3263 2417 3301 sua
2440 3247 2754 3318 Opinionis.
2783 3291 2795 3303 .
2825 3291 2838 3304 .
2877 3290 2889 3304 .
2917 3250 3071 3320 quod
3115 3250 3227 3306 Leo
3257 3253 3335 3306 IlI
3385 3251 3583 3307 Roma
3629 3257 3791 3308 tran-

386 3341 688 3484 atfudum
722 3427 994 3483 eumdem
1035 3427 1278 3483 Photius
1334 3425 1486 3483 ludit
1535 3426 1592 3480 in
1654 3425 1903 3497 epistola
1959 3426 2030 3479 ad

385 3518 891 3590 archiepiscopum
922 3518 1346 3588 Aquileiensem,
1380 3533 1497 3587 qua
1525 3516 1598 3571 ad
1637 3515 1821 3571 aliam
1852 3513 2031 3570 veluti

384 3607 500 3664 sibi
530 3607 602 3663 ab
633 3623 700 3662 eo
724 3607 923 3662 datam
952 3607 1285 3678 respondet.
1319 3606 1514 3661 Refert
1543 3621 1671 3660 eam
1697 3604 1900 3659 Latine
1925 3609 2029 3658 Ba-

382 3695 608 3766 ronius,
637 3696 705 3751 ad
750 3712 970 3751 annum
1002 3696 1129 3760 883,
1189 3712 1353 3750 num.
1386 3697 1453 3762 5;
1513 3693 1712 3749 Latine
1752 3698 1810 3749 et
1840 3697 2031 3749 Grace

380 3776 749 3832 Conbeﬁsius
809 3775 867 3831 in
910 3777 1167 3832 Auctario
1218 3777 1537 3832 novissimo.
1593 3790 1725 3847 pag.
1759 3775 1886 3841 527,
1928 3775 2031 3829 La-

378 3866 527 3922 tiore
557 3883 662 3922 nos
694 3867 926 3939 egimus
984 3867 1055 3921 de
1113 3882 1182 3921 ea
1246 3880 1517 3920 sermone
1564 3864 1622 3918 in
1663 3865 2031 3922 Monumentis

377 3956 627 4011 Ecclesia
680 3956 1073 4027 Aquileiensis,
1133 3955 1322 4026 capite
1378 3955 1469 4020 50,
1531 3969 1697 4009 num.
1752 3955 1808 4021 5,
1843 3954 2031 4025 deque

380 4043 568 4100 Photii
600 4043 892 4099 vaferrimi
927 4042 1185 4099 hominis
1217 4043 1421 4097 fraude
1479 4042 1879 4113 suspicionem
1934 4042 2030 4096 in-

376 4134 691 4206 gessimus.
722 4133 794 4189 Ut
826 4137 888 4187 ut
909 4149 1039 4188 sese
1062 4148 1153 4187 res
1188 4131 1424 4199 habeat,
1464 4131 1772 4202 pontifices
1816 4131 2026 4186 Roma-

378 4239 486 4278 nos
530 4223 612 4278 ita
668 4223 742 4278 ab
790 4221 1160 4277 additamento
1208 4219 1430 4275 alienos
1505 4220 1759 4291 exhibet,
1819 4226 1883 4275 ut
1929 4237 2029 4275 eos

376 4312 553 4368 etiam
610 4310 1004 4383 processionis
1035 4328 1070 4365 a
1101 4307 1224 4365 solo
1283 4309 1453 4364 Patre
1509 4309 1769 4365 vindices
1810 4310 2028 4377 faciat;

375 4400 640 4473 aliosque
685 4400 894 4455 Latina
946 4398 1215 4454 Ecclesia
1258 4398 1564 4470 episcopos
1622 4399 1844 4453 indicat
1897 4405 2025 4454 tum

374 4480 766 4553 processionis
800 4497 835 4534 a
884 4483 1049 4535 Patre
1078 4486 1130 4534 et
1158 4496 1193 4533 a
1252 4480 1397 4533 Filio
1455 4479 1837 4551 professores,
1897 4485 2024 4534 tum

2143 3335 2429 3407 scriptum
2481 3335 2869 3408 (Symbolum)
2926 3337 2987 3394 in
3032 3338 3234 3395 tabula
3288 3345 3583 3412 argentea,
3654 3347 3792 3414 post

2143 3423 2325 3479 altare
2353 3425 2507 3479 beati
2539 3424 2702 3480 Pauli
2760 3427 2949 3497 posita
2994 3428 3135 3499 (imo
3183 3428 3244 3484 in
3297 3428 3548 3486 Basilica
3603 3433 3795 3488 sancti

2142 3512 2340 3583 Petri),
2374 3513 2621 3585 posteris
2653 3513 2890 3587 reliquit
2910 3534 3013 3588 pro
3044 3534 3259 3585 amore,
3289 3522 3355 3574 ut
3403 3518 3531 3592 ipse
3574 3521 3676 3593 ait,
3734 3531 3795 3577 et

2140 3603 2363 3656 cautela
2392 3602 2523 3671 ﬁdei
2551 3603 2889 3660 hortodoxa.
2924 3608 2989 3661 In
3042 3623 3156 3678 quo
3204 3608 3444 3679 quidem
3494 3609 3796 3683 Symbolo,

2140 3691 2200 3744 in
2212 3692 2557 3761 processione
2586 3691 3016 3763 Spiritus,solus
3030 3702 3527 3753 commemoratur
3554 3701 3743 3755 Pater.
3765 3722 3801 3750 ››

2139 3778 2441 3834 Cautelam
2467 3780 2598 3835 fidei
2629 3782 2959 3838 orthodoxa
3007 3801 3121 3840 non
3164 3784 3247 3841 ita
3286 3786 3603 3860 intelligas,
3652 3805 3720 3844 ac
3741 3790 3799 3845 si

2141 3868 2255 3923 Leo
2286 3869 2538 3940 pontifex
2566 3871 2827 3942 dogmati
2850 3872 3136 3929 catholico
3168 3874 3473 3931 dissonam
3530 3876 3800 3934 crederet

2140 3957 2572 4028 processionem
2605 3976 2638 4014 a
2666 3960 2835 4016 Patre
2855 3966 2911 4017 et
2939 3979 2974 4017 a
3004 3962 3167 4018 Filio.
3190 3962 3341 4027 Quin
3373 3964 3491 4021 imo
3541 3965 3600 4020 in
3659 3964 3795 4022 Col-

2137 4045 2354 4101 latione
2375 4063 2510 4102 cum
2542 4049 2749 4120 synodi
2782 4050 3281 4123 Aquisgranensis
3315 4053 3523 4127 legatis
3554 4055 3794 4126 profite-

2140 4136 2313 4191 batur
2343 4153 2356 4191 :
2382 4138 2466 4192 Ita
2494 4139 2668 4193 sentio
2698 4138 2982 4210 Spiritum
3008 4158 3043 4195 a
3073 4140 3242 4197 Patre
3276 4146 3333 4197 et
3362 4159 3397 4197 a
3450 4142 3592 4198 Filio
3649 4159 3792 4214 pro-

2138 4224 2648 4297 cedere,inquiens
2680 4244 2694 4294 ;
2726 4229 2805 4281 ita
2836 4233 2992 4284 teneo
3014 4247 3137 4285 cum
3168 4231 3423 4287 omnibus
3446 4231 3791 4303 auctoribus,

2135 4320 2191 4368 et
2216 4328 2398 4369 sacra
2425 4314 2735 4385 Scriptura
2763 4319 3204 4375 auctoritatibus.
3238 4319 3299 4375 Si
3353 4322 3477 4392 quis
3521 4322 3687 4376 aliter
3725 4320 3799 4377 de

2136 4401 2238 4456 hac
2260 4418 2319 4456 re
2345 4404 2547 4458 sentire
2574 4404 2657 4458 vel
2686 4404 2879 4461 docere
2904 4407 3158 4474 voluerit,
3215 4408 3447 4479 defendo
3504 4408 3795 4480 (inhibeo)

2135 4491 2196 4544 Et
2227 4492 2342 4546 nisi
2368 4506 2660 4547 conversus
2688 4494 2881 4565 fuerit,
2912 4498 2963 4550 et
3017 4498 3323 4553 secundum
3370 4502 3516 4553 hunc
3571 4513 3797 4553 sensum

376 4574 645 4625 auctores
666 4568 1049 4623 additamenti.
1085 4568 1146 4661 Id
1177 4584 1311 4661 vero
1341 4566 1636 4639 colligitur
1690 4568 1848 4661 inde,
1912 4569 2022 4623 ΗΟ·
2055 4597 2103 4661 D
2132 4582 2323 4634 tenere
2352 4582 2895 4647 voluerit,contraria
2923 4588 3249 4641 sentientem
3287 4586 3538 4657 funditus
3559 4588 3786 4659 abjicio.

376 4674 613 4713 manem
640 4656 1334 4747 ΕοοιθῗίβπλβΥτΠδοῘυῖΠ
1364 4672 1499 4711 cum
1529 4673 1665 4747 V909
1684 4659 1930 4728 Ρίίίοίιιιθ
1957 4674 2024 4713 ea
2055 4656 2094 4661 —
2135 4668 2289 4724 204
2321 4669 2391 4724 Se
2421 4670 2678 4740 funditus
2730 4673 3003 4744 abjectum
3050 4656 3568 4745 noveritPhotius,
3590 4656 3782 4747 fundi-

373 4750 560 4812 atate,
621 4747 749 4818 ipso
812 4745 1015 4800 Photio
1065 4749 1232 4813 teste,
1294 4762 1410 4800 non
1477 4745 1773 4801 recitasse.
1830 4747 2021 4802 Photii

373 4835 549 4890 verba
577 4836 807 4890 refero:
844 4856 872 4885 «
904 4836 1171 4890 Pervenit
1222 4835 1292 4889 ad
1352 4839 1585 4891 nostras
1630 4853 1823 4902 aures,
1866 4837 2021 4907 quod

374 4922 641 4979 nonnulli
672 4922 1159 4988 Occidentalium,
1191 4922 1458 4979 divinum
1490 4941 1557 4980 ac
1594 4925 2021 4981 sanetissimun

371 5011 653 5083 Spiritum
685 5029 794 5068 non
819 5013 999 5068 solum
1027 5029 1099 5068 ex
1126 5013 1231 5067 Deo
1260 5022 1314 5068 et
1345 5018 1532 5078 Patre,
1580 5030 1783 5068 verum
1843 5015 2020 5070 etiam

374 5101 527 5156 203
557 5117 630 5156 es:
655 5103 797 5157 Filio
828 5102 1135 5173 procedere
1165 5118 1300 5158 novo
1329 5102 1585 5173 dogmate
1612 5103 2020 5173 introducunt,

370 5189 480 5260 (Ita
508 5189 730 5245 scilicet
762 5190 844 5245 ait
873 5190 1360 5246 mendacissimus
1390 5191 1614 5260 homo.)
1645 5192 1779 5257 Leo,
1815 5192 2020 5249 Roma-

369 5294 484 5334 nus
515 5280 795 5350 pontifex,
832 5283 960 5335 tum
992 5280 1187 5335 senior
1231 5280 1323 5349 (Il)
1378 5284 1623 5353 tumque
1681 5299 1887 5338 rursus
1919 5283 2020 5354 qui

369 5365 537 5423 illum
571 5373 807 5424 secutus
839 5372 929 5424 est
981 5369 1092 5424 Leo
1143 5370 1347 5440 junior
1392 5370 1586 5442 (111)...
1626 5371 1725 5426 Hie
1786 5371 2019 5442 pietatis

370 5456 599 5512 fervens
631 5457 952 5525 amulator,
988 5462 1053 5513 ut
1101 5457 1262 5513 nullo
1321 5465 1510 5531 pacto,
1576 5460 1824 5516 barbaro
1870 5461 2018 5516 idio-

370 5545 917 5611 mate,intemerata
937 5551 1150 5602 nostra
1185 5547 1319 5602 ﬁdei
1370 5548 1572 5621 regula
1623 5565 2021 5621 corrumpere-

366 5636 485 5709 tur,
505 5635 701 5694 Graca
728 5635 951 5716 lingua,
986 5641 1051 5693 ut
1078 5639 1135 5693 et
1164 5652 1199 5693 a
1226 5636 1517 5724 principio
1549 5638 1770 5697 dictata
1827 5639 2021 5699 fuerat

2136 4765 2333 4828 tusque
2363 4759 2604 4830 abjectos
2636 4762 2901 4817 noverint
2945 4780 3074 4819 sese
3117 4763 3298 4819 Graci
3356 4764 3652 4830 Photiani,
3708 4765 3783 4821 ab

2133 4846 2261 4917 ipso
2297 4847 2483 4902 Leone
2510 4848 2609 4913 III,
2642 4865 2816 4918 quem
2868 4850 3045 4906 veluti
3106 4853 3215 4908 sibi
3276 4855 3564 4909 faventem
3617 4853 3791 4910 nobis

2132 4942 2456 5007 opponunt.
2491 4938 2566 4993 Eo
2597 4954 2772 4993 sensu
2803 4940 3089 4997 cautelam
3117 4942 3246 5012 ﬁdei
3301 4942 3624 5000 orthodoxa
3680 4958 3778 4999 ex-

2132 5024 2349 5094 pressit
2376 5026 2742 5093 Anastasius,
2766 5034 2829 5082 ut
2848 5029 3057 5084 Leonis
3109 5047 3274 5086 mens
3306 5032 3477 5098 foret,
3532 5032 3786 5087 liberum

2130 5113 2341 5185 cuique
2380 5132 2494 5170 non
2524 5132 2651 5172 esse
2682 5117 2753 5171 ad
2815 5118 3158 5190 Symbolum
3191 5121 3404 5177 addere
3455 5121 3785 5194 quidpiam,

2129 5200 2216 5257 vel
2251 5201 2556 5274 quidpiam
2583 5220 2653 5259 ex
2682 5221 2748 5260 eo
2771 5205 3074 5276 minuere;
3121 5225 3193 5265 ne
3246 5209 3591 5281 hujusmodi
3623 5210 3787 5265 addi-

2128 5290 2410 5359 tionibus,
2431 5296 2535 5347 aut
2555 5292 2982 5352 minationibus
3011 5297 3317 5370 quidpiam
3355 5302 3459 5353 aut
3487 5298 3789 5370 irreperet,

2130 5383 2235 5433 aut
2273 5378 2592 5450 tolleretur,
2647 5384 2800 5453 quod
2831 5384 2994 5455 ﬁdem
3023 5385 3397 5443 arthodoxam
3444 5386 3701 5457 laederet,
3731 5392 3792 5444 et

2129 5474 2549 5539 corrumperet.

2200 5556 2269 5612 Ιῐ.
2301 5560 2350 5611 Α
2380 5558 2589 5615 saeculo
2625 5577 2778 5617 nono
2792 5562 2864 5617 ad
2888 5562 3136 5619 alteram
3190 5568 3427 5622 transeo
3490 5566 3788 5622 undecimi

2129 5644 2325 5704 seaculi
2355 5646 2732 5709 medietatem
2766 5652 3137 5726 :interpolato
3180 5652 3448 5729 Symbolo
3507 5654 3785 5715 Constan-
