4108 6440
295 368 426 429 201

292 503 689 574 tmopotitano,

296 591 486 646 dubio
546 589 826 646 utebatur
884 591 993 646 hoc
1044 595 1304 663 tempore
1360 591 1618 647 Ecclesia
1670 592 1968 647 Romana:

297 680 562 751 indeque
592 679 940 736 schismatis
977 680 1295 736 innovandi
1345 685 1689 752 praetextum
1721 678 1977 750 sumpsit

308 768 557 824 Michael
575 767 1249 825 Cerularius.Thronum
1278 769 1329 824 is
1352 767 1798 841 patriarchalem
1822 768 1972 823 Con-

315 857 831 914 stantinolitanum
881 874 1034 914 anno
1092 858 1233 913 1043
1287 857 1646 913 conscendit.
1715 857 1972 922 Dissidii,

315 947 471 1018 quod
502 946 846 1002 incenderat
873 947 1140 1013 Photius,
1175 947 1494 1002 manebant
1522 945 1790 1002 scintillae
1823 946 1977 1001 inter

316 1034 576 1091 Graecos:
611 1035 1078 1106 erumpebatque
1122 1035 1278 1107 ignis
1335 1035 1488 1091 datis
1544 1034 1972 1090 occasionibus.

315 1123 397 1179 De
423 1122 675 1195 Spiritus
705 1124 896 1178 sancti
927 1123 1299 1195 processione
1347 1125 1738 1195 disceptatum
1795 1121 1977 1178 fuisse

313 1212 538 1267 decimo
567 1211 785 1267 saeculo
815 1211 1114 1284 inchoato,
1149 1214 1318 1268 docet
1368 1229 1477 1268 nos
1508 1211 1806 1277 Heriveus,
1867 1212 1976 1266 Re-

308 1301 534 1356 mensis
592 1301 1112 1374 archiepiscopus;
1198 1302 1259 1356 in
1333 1301 1672 1373 provinciali
1733 1300 1976 1357 concilio

306 1388 658 1445 Trosleiano
690 1406 846 1445 anno
874 1391 980 1444 909
1009 1389 1322 1460 celebrato,
1355 1389 1542 1462 capite
1565 1390 1629 1444 14
1687 1389 1808 1444 htec
1875 1388 1978 1444 ha—

302 1479 563 1534 bentur:
595 1477 1278 1550 Innotuit(signiﬁcavit)
1320 1478 1493 1534 nobis
1550 1481 1755 1533 sancta
1810 1477 1978 1532 sedes

299 1567 657 1640 apostolica,
694 1567 890 1623 adhuc
949 1583 1174 1623 errores
1213 1565 1732 1638 blasphemiasque
1789 1567 1982 1637 cujus-

302 1657 447 1711 dam
480 1655 678 1728 vigere
705 1654 899 1711 Photii
932 1654 991 1710 in
1019 1655 1285 1727 partibus
1317 1654 1568 1710 Orientis
1599 1656 1659 1710 in
1711 1655 1982 1726 Spiritum

303 1752 590 1802 sanctum.
625 1745 777 1816 quod
839 1760 953 1800 non
996 1761 1030 1798 a
1085 1744 1244 1807 Filio.
1295 1743 1410 1799 nisi
1465 1761 1500 1799 a
1541 1746 1710 1799 Patre
1765 1746 1981 1798 tantum

1545 370 1728 431 VlTA
1773 401 1852 415 —
1895 369 2420 432 DISSERTATIO
2464 373 2538 432 ll.

783 503 906 558 sive
964 502 1255 574 particula
1300 504 1546 574 Filioque
1605 506 1796 573 aucto,
1853 503 1980 558 sine
2009 505 2057 570 Α
2093 503 2405 558 Achridani
2481 503 2741 574 Epistola
2810 505 2882 559 ad
2935 506 3199 560 Joannem
3269 506 3594 563 Tranensem
3655 509 3746 580 (in

3627 377 3745 436 202

2083 591 2313 662 Apulia)
2339 596 2654 665 episcopum
2683 592 3011 664 calumniae,
3045 610 3173 664 quze
3207 595 3532 652 Romanam
3559 598 3618 652 in
3640 597 3746 652 Ec-

2083 679 2322 735 clesiam
2357 683 2643 753 feruntur,
2677 698 2840 737 usum
2875 684 3065 754 azymi
3095 687 3382 755 spectant,
3401 690 3458 740 et
3464 686 3748 758 jejunium

2084 767 2310 824 Sabbati
2339 769 2592 840 itemque
2633 771 3020 842 su/focatorum
3075 773 3485 844 comestionem,
3522 779 3579 829 et
3607 775 3749 831 Alle-

2085 859 2202 912 luia
2231 860 2293 912 in
2343 859 2769 930 Quadragesima
2824 877 2934 915 non
3000 861 3380 917 deeantatum.
3451 866 3747 936 Integram

2085 944 2370 1002 Baronius
2399 947 2703 1018 epistolam
2738 949 2914 1003 refert
2946 949 3017 1004 ad
3045 966 3264 1004 annum
3299 950 3457 1018 1053,
3484 951 3746 1006 num.23.

2085 1034 2382 1105 Scriptum
2404 1037 2585 1104 etiam
2617 1036 2881 1092 ediderat
2905 1037 3108 1093 Niceta
3137 1039 3486 1110 monachus,
3519 1039 3580 1094 in
3631 1055 3746 1110 quo

2084 1123 2266 1179 sedem
2293 1125 2644 1195 apostolicam
2692 1125 3002 1180 incusabat
3057 1128 3131 1182 de
3173 1143 3398 1198 azyma,
3419 1127 3485 1183 de
3514 1127 3748 1183 Sabbato

2085 1216 2137 1268 et
2165 1212 2228 1268 de
2257 1215 2470 1285 nuptiis
2512 1213 2868 1269 sacerdotum.
2926 1215 3173 1270 Consule
3229 1216 3749 1272 Commemoratio-

2088 1318 2221 1356 nem
2253 1319 2450 1357 rerum
2481 1319 2516 1358 a
2544 1301 2751 1374 legatis
2783 1304 3116 1374 apostolicae
3146 1305 3303 1361 sedis
3335 1305 3752 1362 Constantino-

2087 1390 2204 1462 poli
2236 1396 2534 1463 gestarum
2566 1391 2624 1446 in
2640 1392 2951 1448 Labbeana
2971 1392 3366 1450 Conciliorum
3387 1394 3750 1451 collectione.

2086 1478 2234 1534 Hinc
2266 1480 2586 1536 Wilbertus
2616 1480 2676 1535 in
2708 1480 2840 1536 Vita
2869 1482 3074 1538 Leonis
3108 1483 3194 1552 IX,
3256 1484 3412 1554 apud
3490 1482 3756 1539 Mabillo-

2090 1567 2256 1623 nium
2314 1569 2470 1624 inter
2523 1569 2660 1626 Acta
2716 1570 3040 1625 Sanctorum
3096 1571 3322 1627 ordinis
3394 1571 3759 1628 Benedictini

2091 1661 2252 1712 mota
2284 1657 2354 1712 ab
2387 1656 2549 1713 hisce
2587 1658 2802 1713 Graecis
2863 1659 3111 1714 dissidia
3168 1676 3440 1726 narrans,
3495 1660 3645 1716 libro
3694 1677 3758 1726 II,

2091 1745 2278 1816 capite
2308 1745 2363 1814 9,
2398 1744 2482 1800 sic
2541 1747 2659 1800 ait:
2720 1748 2798 1800 Ea
2846 1750 3159 1818 tempestate
3217 1751 3338 1803 orta
3405 1752 3487 1804 est
3536 1748 3760 1805 haeresis

306 1833 593 1906 procedat,
622 1832 1111 1905 blasphemantis.
1141 1832 1460 1888 Hortamur
1487 1837 1742 1888 vestram
1775 1832 1977 1887 frater-
2011 1864 2060 1929 B
2089 1835 2619 1900 Fermentaceorum,
2652 1851 2770 1906 quae
2815 1836 3192 1891 calumniatur
3247 1845 3494 1894 sanctam
3567 1839 3763 1894 Roma-

311 1925 592 1989 nitatem,
637 1927 704 1976 ut
753 1922 1082 1977 secundum
1131 1921 1593 1976 admonitionem
1645 1920 1858 1976 domini
1887 1921 1986 1975 Ro-

310 2025 507 2068 mane
532 2009 676 2066 sedis
733 2009 967 2082 (Sergii)
1025 2008 1244 2081 singuli
1305 2014 1597 2077 nostrum,
1660 2009 1985 2081 perspectis

309 2105 560 2155 Patrum
591 2098 1015 2155 catholicorum
1060 2098 1389 2165 sententiis,
1448 2099 1520 2153 de
1580 2097 1790 2153 divinas
1840 2097 1988 2153 Scri-

318 2194 423 2262 ptu
433 2206 509 2243 rae
524 2187 814 2260 pharetris
829 2191 1032 2243 acutas
1053 2187 1424 2259 proferamus
1447 2187 1693 2258 sagittas
1709 2185 1986 2258 potentis,

315 2279 392 2333 ad
425 2276 879 2333 confodiendam
911 2275 1170 2331 belluam
1214 2276 1462 2331 monstri
1519 2275 1903 2343 renascentis,
1935 2279 1992 2330 et

323 2367 398 2423 ad
431 2365 858 2421 conterendum
890 2367 1073 2434 caput
1101 2362 1458 2434 nequissimi
1490 2362 1800 2433 serpentis.
1829 2382 1858 2411 »

396 2454 612 2510 Sedem
641 2451 1351 2523 Constantinopolitanam
1387 2467 1539 2506 anno
1575 2451 1712 2505 1024
1758 2450 1996 2522 regebat

320 2542 715 2600 Eustathius:
745 2541 1100 2612 tenebatque
1129 2556 1434 2596 summum
1467 2540 1738 2596 Ecclesiae
1799 2538 1994 2611 ponti-

321 2632 570 2687 ﬁcatum
600 2631 863 2686 Joannes
898 2628 1041 2684 XIX.
1075 2627 1342 2684 Titulum
1373 2629 1708 2684 universalis
1751 2628 1998 2699 patriar-

329 2719 458 2780 chz
488 2718 826 2791 requirebat
858 2716 1172 2787 ille,erecto
1203 2717 1400 2773 animo
1433 2717 1665 2790 negavit
1693 2717 1998 2789 iste.Hugo

331 2808 525 2866 abbas
553 2807 1010 2864 Flaviniacensis
1040 2805 1162 2862 haec
1210 2805 1388 2862 habet
1444 2806 1505 2861 in
1562 2806 1829 2863 Chronico
1882 2807 2000 2860 Vir-

329 2898 576 2954 dunensi
605 2897 676 2951 ad
710 2896 984 2952 eumdem
1012 2911 1232 2951 annum
1261 2895 1415 2967 apud
1439 2895 1736 2951 Labbeum
1766 2895 1824 2950 in
1855 2897 2004 2951 Nova

336 2985 697 3051 Bibliotheca,
750 2990 912 3040 tomo
943 2985 1005 3040 l:
1062 2989 1304 3040 Joannes
1343 2983 1512 3052 (XIX)
1569 2984 1853 3040 ordinatus
1899 2987 2000 3039 est.

333 3078 376 3131 A
435 3092 539 3147 quo
591 3088 726 3132 cum
782 3074 1096 3144 requisisset
1152 3073 1694 3144 Constinopolitanus
1750 3075 2000 3140 antistes,

339 3171 400 3218 ut
429 3181 531 3220 sua
558 3163 824 3229 Ecclesia,
855 3164 998 3218 sicut
1024 3166 1079 3218 et
1107 3167 1372 3229 Romana,
1414 3162 1747 3218 universalis
1799 3161 2003 3217 dicere-

2091 1939 2224 1978 nam
2274 1923 2471 1992 sedem,
2528 1925 2640 1980 imo
2677 1939 2891 1980 omnem
2949 1926 3203 1980 Latinam
3256 1934 3310 1981 et
3357 1926 3764 1985 Occidentatem

2094 2013 2413 2079 Ecctesiam,
2447 2014 2516 2067 de
2545 2015 2760 2084 azymis
2801 2014 3082 2083 vivi/lcum
3127 2016 3232 2070 Deo
3288 2017 3488 2088 offerre
3546 2017 3762 2087 sacriﬁ-

2095 2095 2258 2148 ciam.
2304 2093 2495 2178 .Quam
2550 2094 2890 2149 calumniam
2963 2096 3133 2150 etiam
3211 2097 3413 2168 scripto
3473 2096 3768 2153 ediderunt

2096 2182 2357 2252 episwpi,
2389 2180 2619 2236 Michael
2674 2180 3333 2254 Gonstantinopolitanus,
3364 2189 3419 2240 et
3447 2185 3549 2240 Leo
3601 2185 3767 2240 Acri-

2100 2269 2276 2325 danus
2311 2310 2322 2323 .
2370 2313 2382 2322 .
2429 2312 2440 2324 .
2475 2269 2545 2325 ad
2575 2271 2901 2326 Tranensem
2927 2273 3240 2343 episc0pum
3290 2273 3517 2329 directo.

2176 2359 2449 2414 Romanae
2481 2360 2638 2415 sedis
2667 2359 2881 2432 legatio
2913 2361 2971 2415 in
3003 2361 3209 2417 urbem
3242 2363 3461 2434 regiam
3488 2364 3772 2420 Constan-

2104 2447 2415 2519 tinopolim
2471 2449 2691 2504 directa
2748 2453 2855 2504 est.
2917 2450 3110 2522 Legati
3190 2450 3349 2508 fuere
3403 2453 3768 2520 Humbertus,

2104 2536 2409 2592 eardinalis
2439 2537 2718 2608 episcopus
2765 2537 2933 2594 Silvae
2966 2538 3264 2608 Candidas;
3316 2541 3534 2607 Petrus,
3591 2541 3776 2596 Amal-

2104 2626 2465 2696 phitanorum
2494 2624 2964 2696 archiepiscopus:
3015 2634 3070 2682 et
3119 2628 3449 2697 Fridericus,
3509 2627 3774 2684 diaconus

2109 2721 2158 2768 et
2190 2713 2598 2768 cancettarius.
2632 2712 2832 2768 Niceta
2863 2713 3187 2771 monachus
3201 2717 3274 2771 ad
3305 2716 3532 2789 frugem
3556 2716 3729 2772 rediit
3755 2733 3769 2771 :

2110 2801 2271 2857 stetit
2299 2817 2407 2856 sua
2436 2801 2760 2856 obduratus
2791 2801 2852 2856 in
2880 2801 3200 2874 pervicacia
3227 2802 3584 2859 Cerularius.
3617 2805 3774 2860 Ana-

2110 2891 2311 2946 thema
2340 2889 2401 2944 in
2428 2889 2625 2962 ipsum
2659 2889 2866 2944 latum.
2901 2891 3057 2961 quod
3087 2891 3147 2946 in
3207 2891 3449 2947 laudata
3503 2891 3772 2949 Comme-

2114 2979 2436 3034 moratione
2468 2978 2782 3050 prostat.In
2796 2995 2862 3034 eo
2892 2979 3044 3034 inter
3071 2979 3184 3034 alia
3215 2981 3465 3036 crimina
3486 2982 3768 3038 refertur:

2113 3067 2274 3140 quod,
2301 3069 2444 3122 sicut
2499 3069 2990 3123 Pneumatomachi
3046 3069 3126 3124 vel
3185 3070 3533 3139 Theomachi,
3591 3071 3772 3127 absci-

2114 3157 2316 3212 derunt
2374 3173 2409 3210 a
2467 3155 2721 3227 Symbolo
2769 3157 3018 3228 Spiritus
3072 3160 3256 3213 sancti
3300 3175 3706 3228 processwnem
3737 3178 3772 3215 a

345 3258 438 3308 tur
456 3269 476 3315 ;
505 3263 553 3308 et
570 3253 734 3309 donis
758 3268 907 3321 eum,
939 3253 1313 3323 Romanosque
1345 3252 1444 3324 qui
1496 3253 1672 3308 curiae
1695 3254 1997 3323 praeerant,
2032 3231 2074 3298 C
2112 3247 2271 3301 Filio.
2305 3249 2435 3300 Haec
2461 3262 2614 3300 anno
2646 3245 2785 3300 1054
2816 3243 3096 3314 accidere,
3141 3263 3339 3302 mense
3367 3247 3546 3305 Julio.

346 3343 648 3398 innumeris
677 3342 934 3411 ﬂecteret,
968 3343 1050 3396 ita
1074 3345 1136 3395 ut
1163 3340 1415 3396 clanculo
1480 3344 1756 3395 tentarent
1813 3355 2002 3395 conce-

343 3432 472 3489 dere
499 3432 640 3503 quod
671 3431 1013 3502 rogabatur:
1044 3446 1226 3485 omnis
1273 3431 1338 3486 ob
1390 3430 1488 3485 hoc
1539 3429 2007 3486 vehementissims

331 3529 601 3577 commota
630 3524 713 3576 est
739 3521 931 3576 Italia.
973 3519 1076 3576 Sed
1105 3517 1426 3576 Galliarum
1454 3519 1693 3590 episcopi
1714 3525 1765 3574 et
1784 3518 2007 3573 abbates

329 3610 420 3665 his
448 3610 672 3665 obviare
695 3611 882 3666 conati
907 3617 1036 3664 sunt
1070 3650 1082 3664 .
1130 3650 1144 3664 .
1191 3650 1204 3662 .
1235 3606 1323 3662 Sic
1352 3611 1641 3679 confutata
1686 3611 2009 3664 Graecorum

322 3699 697 3770 praesumptio
726 3705 826 3754 est.
851 3697 1066 3753 Eadem
1100 3713 1169 3752 ex
1200 3695 1413 3752 Glabro
1457 3700 1656 3751 narrat
1715 3695 2004 3751 Baronius

329 3803 506 3841 num.
539 3786 595 3841 5.
621 3785 1035 3840 Animadverte
1070 3783 1387 3840 Ecclesiam
1419 3783 1590 3855 regize
1641 3782 1805 3837 urbis
1856 3783 2008 3838 Con-

331 3873 809 3946 stantinopoleos
866 3890 933 3929 eo
992 3877 1256 3944 tempore
1312 3872 1562 3928 divisam
1623 3872 1695 3927 ab
1751 3869 2009 3926 Ecclesia

331 3965 609 4019 Romana
640 3979 758 4019 non
790 3962 992 4030 fuisse,
1045 3961 1172 4018 sine
1228 3961 1397 4031 cujus
1449 3977 1736 4017 consensu
1776 3975 2010 4015 sumere

323 4052 586 4109 antistes
614 4050 715 4107 ille
747 4050 988 4107 titulum
1020 4051 1344 4106 (ecumenici
1361 4049 1698 4121 patriarchae
1728 4066 1842 4105 non
1903 4066 2006 4104 au-

329 4142 535 4197 debat.

402 4231 559 4288 205
598 4234 958 4303 Denegatum
993 4227 1233 4284 titulum
1266 4228 1470 4300 iniquo
1531 4227 1752 4283 terebat
1808 4226 2006 4282 animo

319 4320 686 4384 Cerularius,
738 4320 839 4392 qui
913 4324 1120 4392 postea
1176 4319 1498 4374 successit:
1567 4317 2006 4388 Ecclesiamque

323 4425 527 4475 suam,
555 4413 613 4463 et
641 4408 789 4464 alias
818 4407 1144 4464 Orientales
1176 4425 1210 4463 a
1243 4411 1500 4463 Romana
1531 4407 1867 4478 disjungere
1911 4423 2004 4462 sa-

321 4499 491 4571 tegit.
527 4497 728 4554 Socios
758 4497 970 4552 habuit
1001 4501 1250 4552 Leonem
1297 4495 1560 4552 Achridte
1620 4494 2006 4568 archiepisco-

2187 3334 2308 3389 Bile
2339 3335 2595 3406 percitus
2647 3334 2908 3401 Michael,
2968 3353 3210 3392 suorum
3270 3337 3494 3408 synodo
3549 3343 3772 3407 coacta,

2117 3423 2448 3479 calumnias
2489 3424 2548 3478 in
2608 3424 2990 3495 apostolicam
3049 3425 3248 3482 sedem
3304 3427 3615 3498 instaurat,
3675 3427 3780 3483 do-

2117 3513 2487 3583 ctrinamque
2509 3512 2579 3567 de
2604 3512 2854 3583 Spiritus
2882 3521 3088 3582 sancto,
3130 3530 3196 3569 ac
3257 3516 3585 3586 praesertim
3631 3516 3786 3572 206

2116 3601 2363 3673 Symboli
2390 3599 2882 3672 interpolationem
2911 3601 3086 3674 coepit
3127 3602 3495 3676 impugnare,
3558 3605 3777 3677 Synodi

2118 3695 2246 3745 acta
2273 3690 2446 3745 refert
2466 3689 2736 3756 Allatius,
2770 3689 3182 3748 dissertatione
3212 3693 3259 3747 Il
3290 3693 3364 3748 De
3395 3693 3561 3750 libris
3606 3695 3781 3750 eccle-

2117 3781 2356 3835 siasticis
2401 3783 2734 3845 Graecorum,
2779 3780 2881 3834 ubi
2937 3779 3060 3835 haec
3116 3780 3429 3850 habentur,
3465 3798 3598 3855 pag.
3634 3784 3776 3841 172:

2118 3869 2262 3923 «Ad
2323 3868 2465 3939 haec,
2526 3869 2681 3940 quod
2749 3873 3164 3925 sacrosanctum
3243 3870 3560 3942 Symbolum
3617 3874 3774 3944 quod

2118 3956 2389 4013 omnibus
2445 3955 2829 4028 synodalibus
2886 3961 2944 4012 et
2999 3960 3376 4016 moumenicis
3433 3960 3682 4018 decretis
3711 3961 3771 4018 in

2116 4063 2470 4104 concussum
2488 4046 3128 4118 atqueinexpugnabile
3150 4048 3328 4104 robur
3349 4049 3772 4123 habet,spuriis

2117 4135 2406 4209 cogitatis,
2437 4139 2494 4190 et
2519 4136 2926 4190 sermoninibus
2941 4135 3278 4192 adulterinis
3305 4141 3362 4193 et
3383 4139 3644 4195 audaciae
3674 4157 3772 4196 ex-

2116 4241 2286 4281 cessu
2316 4223 2631 4279 adulterare
2663 4222 2978 4290 nolumus;
3012 4241 3117 4280 nec
3149 4231 3215 4280 ut
3241 4224 3346 4294 illi,
3387 4241 3458 4282 ex
3512 4233 3684 4283 Patre
3718 4232 3772 4285 et

2114 4314 2256 4369 Filio
2285 4312 2592 4385 Spiritum,
2625 4312 2726 4368 sed
2758 4328 2828 4367 ea:
2855 4313 3022 4368 Patre
3076 4312 3326 4370 dicimus
3377 4317 3708 4386 procedere.
3743 4337 3772 4368 ››

2116 4401 2436 4473 Hujumodi
2486 4418 2682 4456 rerum
2731 4401 2935 4456 eodem
2989 4419 3142 4457 anno
3212 4403 3344 4458 1051
3408 4403 3677 4460 notitiam
3701 4407 3774 4462 ad

2116 4492 2352 4546 Petrum
2386 4489 2810 4545 Antiochenam
2844 4491 3238 4562 patriarcham
3260 4494 3610 4550 transmittit
3638 4495 3776 4551 data

324 4603 497 4660 pum,
533 4602 599 4642 ac
627 4585 890 4642 Nicetam
923 4585 1280 4653 Stethatum,
1313 4602 1413 4641 seu
1455 4585 1822 4640 Pectoratum
1882 4599 2002 4638 mo-
2028 4599 2076 4664 D
2115 4578 2390 4650 Epistola,
2425 4595 2603 4651 quam
2635 4578 2922 4635 Baronius
2953 4579 3159 4635 recitat
3189 4579 3411 4648 Latine,
3459 4599 3624 4639 num.
3657 4585 3729 4638 28
3756 4604 3768 4654 ;

324 4676 614 4732 nachum.
649 4675 1000 4730 Praedictum
1030 4675 1352 4730 meumenici
1379 4673 1618 4728 titulum
1659 4672 1896 4744 propria
1925 4673 1998 4728 ab

323 4766 460 4836 ipso
489 4763 834 4820 auctoritate
865 4767 1262 4833 assumptum,
1296 4761 1566 4818 novimus
1597 4777 1665 4816 ex
1715 4765 1897 4816 Leone
1928 4760 2000 4815 IX

319 4853 387 4908 in
423 4853 674 4925 epistola
703 4853 773 4908 ad
803 4851 1001 4924 ipsum
1032 4850 1396 4906 Cecularium
1427 4850 1586 4916 data,
1619 4866 1795 4920 quam
1829 4849 2000 4905 Baro-

323 4942 474 4998 nius
511 4943 718 4997 recitat
751 4941 824 4996 ad
860 4956 1085 4995 annum
1124 4940 1456 5009 1054,num.
1492 4940 1597 5004 12;
1636 4939 1831 5006 Qualis
1850 4954 1996 5006 vero,

319 5039 379 5087 et
423 5047 599 5101 quam
658 5029 1015 5084 detestabilis
1089 5037 1266 5099 atque
1321 5027 1702 5083 lamentabilis
1757 5031 1837 5082 est
1893 5027 1999 5081 illa

316 5122 604 5188 sacrilega
659 5119 977 5188 usurpatio,
1009 5126 1190 5190 quate
1228 5117 1598 5172 uniuersalem
1621 5115 1999 5186 patriarcham

322 5211 507 5268 iactas
535 5209 762 5279 ubique,
794 5215 850 5263 et
879 5207 1108 5276 scripto,
1143 5211 1196 5261 et
1241 5208 1434 5262 verbo!
1481 5203 1793 5261 Scissionis
1849 5221 1994 5276 prai-

320 5303 555 5355 textum
587 5297 780 5369 primo
809 5299 1074 5368 tempore
1125 5311 1316 5367 neque
1373 5295 1590 5366 dogma
1638 5295 1996 5365 processionis

316 5391 532 5444 aPatre
561 5390 617 5441 et
639 5403 673 5440 a
702 5386 864 5451 Filio,
909 5400 1099 5456 neque
1151 5385 1296 5440 vocis
1350 5384 1594 5455 Filioque
1629 5383 1992 5452 adjectionem

317 5480 385 5532 ad
422 5474 780 5550 Symbolum
805 5474 1199 5540 obtendit,sed
1233 5472 1377 5528 alios
1414 5471 1689 5528 Romanae
1721 5469 1992 5526 Ecclesiae

311 5567 483 5622 ritus.
525 5563 904 5634 maximeque
935 5578 1096 5616 usum
1124 5563 1310 5631 ang/mi
1351 5561 1514 5632 panis
1569 5559 1628 5615 in
1689 5575 1990 5614 consecra-

307 5658 466 5714 tione
504 5651 775 5726 corporis
805 5651 1063 5707 Domini.
1097 5650 1160 5705 ln
1191 5651 1319 5720 ejus
1379 5647 1662 5705 Cerularii
1720 5652 1777 5705 ct
1835 5647 1991 5705 Petri

643 5781 912 5842 ParaOL.
963 5777 1073 5838 Gs.
1121 5777 1352 5839 CXLII.

2110 4669 2311 4724 Latine
2341 4674 2396 4723 ct
2425 4668 2621 4724 Graece
2651 4666 2969 4723 Cotelerius
3011 4668 3070 4722 in
3111 4669 3355 4724 Ecclesih
3411 4675 3617 4728 Graeca?
3647 4678 3775 4730 Μο-

2109 4760 2602 4826 numentis,tomo
2632 4757 2679 4811 Il
2741 4757 2895 4812 Inter
2941 4755 3057 4812 alia
3115 4757 3321 4823 multa,
3382 4759 3452 4813 de
3508 4763 3769 4831 symbolo

2109 4848 2444 4919 interpolato
2491 4845 2924 4901 accusationem
2977 4845 3218 4911 invehit,
3275 4847 3340 4901 In
3366 4853 3556 4905 sancto
3612 4850 3769 4922 Sym-

2110 4938 2248 5004 bolo,
2280 4935 2574 5006 inquiens,
2604 4935 2715 4990 tale
2744 4935 3188 4989 additamentum
3234 4938 3467 4992 recitant
3493 4955 3562 4992 ea:
3620 4942 3767 4996 male

2104 5025 2517 5096 periculosaque
2539 5024 2833 5078 sententia.
2867 5024 2993 5078 Iam
3054 5028 3212 5095 patet
3267 5025 3527 5098 Symboli
3585 5028 3768 5085 inter-

2107 5113 2284 5186 polati
2343 5129 2520 5168 usum
2580 5112 2689 5167 hac
2735 5115 2903 5167 aetate
2955 5112 3016 5168 in
3068 5111 3327 5168 Romaea
3382 5114 3637 5173 Ecclesia
3680 5120 3767 5176 vi-

2107 5204 2328 5276 guisse.

2179 5290 2534 5364 Dignissima
2563 5294 2703 5345 sunt
2721 5290 3244 5348 animadversione
3261 5292 3418 5348 Petri
3440 5295 3766 5355 Antiochea

2104 5381 2260 5436 dicta
2289 5381 2349 5434 in
2379 5396 2486 5434 sua
2516 5378 2939 5451 Responsione,
2973 5396 3100 5452 quae
3133 5382 3290 5453 apud
3322 5380 3630 5442 laudatum
3662 5390 3766 5443 Co-

2102 5469 2371 5525 telerium
2405 5471 2628 5540 prostat
2651 5468 2845 5524 Graece
2875 5472 2932 5523 et
2967 5469 3208 5524 Latine:
3263 5493 3290 5521 ‹‹
3351 5471 3570 5528 Malum
3629 5493 3761 5532 vero

2102 5558 2446 5630 [inquientis
2513 5574 2677 5612 num.
2744 5557 2852 5628 11].
2915 5563 2972 5612 et
3004 5557 3295 5613 malorum
3331 5561 3658 5630 pessimum
3692 5582 3755 5622 es

2102 5647 2348 5720 adjectio
2379 5646 2450 5704 ad
2479 5645 2820 5720 Symbolum
2839 5647 2962 5703 haec
2987 5651 3084 5716 ;Et
3105 5649 3162 5702 in
3187 5648 3456 5722 Spiritum
3479 5658 3752 5725 sanctum,

3388 5777 3425 5849 ’1
