4108 6456
407 355 528 416 203

1440 355 1753 416 GEORGII
1803 355 2066 415 CYPRII
2112 354 2227 415 ΟΡ.
2273 354 2806 416 ΡΑΤΒΙΑΗΟΗΑΞ

3716 356 3836 417 204

400 488 720 554 Dominum,
778 495 831 541 et
888 485 1274 555 viviﬁcantem,
1331 487 1428 556 qui
1482 502 1552 541 ea:
1605 487 1767 541 Patre
1804 486 2047 557 Filioque
2077 487 2127 551 Α
2160 485 2333 539 fuerit
2351 485 2509 541 vocis
2532 487 2777 557 Filioque
2798 485 3837 545 additamentum?Verisimillimum

394 574 642 648 procedit
668 575 833 647 [num
865 574 978 645 22],
1008 578 1073 628 ut
1102 575 1373 646 equidem
1408 591 1597 629 meam
1629 590 1893 646 promam
1927 591 2053 629 sen-

399 665 682 733 tentiam;
716 663 765 719 si
797 663 856 718 in
888 662 1169 719 additione
1208 661 1452 733 Symboli
1496 664 1853 732 corrigantur
1906 662 2048 717 nihil

398 757 677 828 praterea
706 751 1142 826 postulaverim.
1176 774 1205 801 ››
1238 751 1367 807 Hac
1392 752 1652 808 Joannes
1683 753 1900 808 Beccus
1947 768 2051 825 pro

398 841 695 898 animisni
722 841 968 897 candore
997 841 1353 913 expendens,
1411 840 1671 896 oratione
1725 842 1780 895 2-
1840 841 1911 896 de
1966 841 2051 895 in-

390 932 556 1004 juste
586 930 680 987 sui
710 929 1090 1003 depositione,
1111 946 1276 984 num.
1301 930 1333 984 4
1359 948 1371 997 ;
1409 951 1437 979 ‹‹
1472 932 1696 985 Attente
1721 929 2047 995 considera,

397 1019 615 1092 inquit,
645 1019 955 1085 dictionem,
983 1018 1085 1090 qui
1116 1018 1237 1073 hac
1267 1034 1429 1089 aquo
1462 1017 1657 1075 animo
1715 1017 2003 1088 dijudicas
2032 1034 2044 1071 :

393 1111 447 1167 si
471 1111 531 1165 in
561 1116 747 1165 saneto
771 1107 1025 1181 Symbolo
1064 1108 1272 1178 factam
1312 1105 1648 1162 additionem
1704 1109 2050 1163 correxerint

394 1197 522 1255 Non
552 1214 707 1268 vero,
742 1198 790 1253 si
831 1198 967 1251 inde
1023 1197 1381 1267 impietatem
1439 1194 1914 1265 oblitteraverint,
1948 1200 2047 1250 aut

394 1286 532 1344 inde
555 1288 837 1343 adversus
870 1288 1049 1342 Deum
1064 1284 1806 1357 blasphemiam_ejecerint.
1832 1307 1859 1334 ››
1894 1290 2046 1340 Inta-

393 1381 548 1433 ctam
580 1393 717 1449 ergo
746 1375 1147 1431 Antiochenus
1176 1373 1542 1445 relinquebat
1589 1374 1661 1431 de
1708 1375 2047 1446 processione

391 1481 428 1521 a
452 1465 600 1523 Filio
654 1464 1004 1520 doctrinam.
1038 1467 1112 1518 At
1137 1464 1349 1518 malum
1377 1464 1426 1517 el
1446 1464 1722 1518 malorum
1749 1466 2047 1534 pessimum

2174 574 2231 628 id
2262 575 2513 630 videtur.
2549 580 2664 630 Cur
2692 575 2849 630 enim
2882 581 3053 630 antea
3079 577 3311 630 tametsi
3347 592 3381 629 a
3411 581 3572 631 sexto
3620 578 3835 634 saculo

2167 662 2470 719 desinente
2501 664 2768 721 Ecclesia
2829 663 3183 736 Hispanica,
3218 669 3275 718 et
3302 681 3336 719 a
3360 664 3572 720 saculo
3632 670 3833 722 octavo

2162 751 2492 820 Gallicana,
2524 758 2582 809 et
2612 753 3063 822 Germanica,ac
3095 751 3309 808 Italica
3344 753 3400 807 in
3432 770 3612 826 regno
3647 754 3833 812 Italia

2162 840 2395 911 publice
2425 841 2765 913 Symbolum
2797 842 2953 897 idem
2983 841 3044 896 in
3074 841 3341 914 Liturgia
3382 842 3830 911 recitarent,aut

2159 935 2454 995 canerent,
2488 947 2710 986 morem
2744 931 2919 986 istum
2969 930 3231 985 Romana
3288 930 3547 987 Ecclesia
3605 932 3826 1005 recepit

2159 1034 2464 1090 nunquam
2488 1020 2515 1074 ‘t
2544 1019 2825 1075 Videlicet
2854 1019 2994 1091 quod
3022 1021 3269 1075 Romana
3289 1020 3529 1075 Ecclesia
3546 1021 3823 1094 (Henrico

2157 1106 2493 1179 imperatori
2553 1110 2915 1179 reponebant
2968 1108 3237 1176 Romani)
3303 1126 3415 1165 non
3468 1112 3663 1180 fuisset
3717 1112 3822 1167 ali-

2155 1196 2372 1265 quando
2401 1197 2520 1251 ulla
2552 1198 2819 1254 haereseos
2846 1199 2984 1268 face
3014 1200 3236 1269 infecta,
3273 1198 3366 1254 sed
3424 1200 3483 1254 in
3513 1200 3825 1269 {soliditate

2154 1286 2437 1341 catholicae
2488 1286 2628 1358 ﬁdei
2681 1291 3032 1357 permaneret
3088 1289 3431 1343 inconcussa.
3464 1289 3642 1360 Atqui
3698 1289 3821 1345 hac

2156 1374 2304 1428 ratio
2338 1391 2452 1429 non
2486 1374 2677 1430 solum
2710 1374 3542 1449 Symbolicantum,quiprius
3575 1377 3634 1432 in
3658 1394 3822 1435 more

2154 1461 2352 1529 fuerit,
2384 1464 2483 1518 sed
2502 1465 2638 1534 jure
2669 1464 2879 1535 potiori
2922 1464 3171 1537 Symboli
3212 1466 3703 1537 interpolationem
3735 1484 3821 1523 re-

392 1554 657 1627 [inquis),
690 1553 883 1625 ipsam
938 1557 1104 1608 vocat
1152 1551 1515 1619 adiectionem
1570 1551 1641 1605 ad
1698 1552 2041 1622 Symbolum.
2144 1552 2297 1623 jicit.
2361 1554 2515 1608 Hanc
2572 1554 2746 1607 etiam
2799 1570 2905 1608 suo
2954 1558 3214 1624 tempore
3270 1571 3508 1610 causam
3567 1555 3819 1613 Ruﬁnus

385 1646 636 1699 Beccum
668 1642 868 1698 audire
899 1644 1137 1713 prastat
1168 1639 1391 1696 Ibidem
1411 1657 1433 1702 ;
1465 1663 1493 1691 «
1543 1644 1662 1713 Ego
1694 1639 1865 1711 plane
1907 1655 2041 1694 eum
2153 1641 2452 1708 reddebat,
2481 1656 2586 1696 cur
2615 1641 2958 1714 Symbolum
2991 1642 3381 1714 apostolicum
3412 1660 3547 1698 cum
3601 1644 3815 1716 aliqui-

386 1730 648 1803 [Petrum
678 1729 1147 1800 Antiochenum],
1182 1729 1337 1801 quod
1368 1729 1658 1785 videbatur
1686 1730 1746 1783 in
1766 1728 2045 1783 additione
2154 1730 2266 1785 bus
2299 1730 2719 1786 additamentis
2748 1735 2967 1787 catera
2992 1731 3264 1788 Ecclesia
3313 1731 3648 1801 recitarent,
3684 1732 3816 1790 sine

384 1820 671 1892 delictum,
703 1818 858 1877 facili
913 1817 1145 1891 negotio
1187 1816 1590 1890 neglecturum
1647 1816 1955 1872 existimo:
1990 1817 2039 1872 si
2074 1853 2123 1918 B
2153 1817 2271 1874 illis
2298 1818 2729 1881 [intemeratum
2783 1820 3102 1875 custodiret
3152 1820 3455 1876 Romana:
3508 1821 3663 1890 Quod
3715 1838 3814 1891 ego

380 1908 471 1965 vel
501 1908 785 1982 pusillum
843 1908 1006 1982 pacis
1063 1906 1336 1979 spiritum
1393 1905 1452 1960 in
1505 1922 1573 1961 eo
1605 1904 1905 1975 (Michaele
1944 1910 2045 1960 Ce-
2074 1904 2122 1918 "
2152 1911 2445 1979 propterea
2471 1924 2587 1963 esse
2613 1909 2874 1978 arbitror,
2906 1908 3204 1980 inquiens,
3233 1908 3561 1982 quodneque
3582 1909 3812 1968 haeresis

382 1997 646 2070 rulario),
706 1997 779 2053 ad
837 2012 1015 2069 quem
1072 1995 1296 2049 litteras
1340 1994 1539 2062 dabat,
1580 1993 2047 2069 contineripro-
2153 1998 2273 2051 ulla
2303 1998 2421 2052 illic
2468 2000 2700 2068 sumpsit
2754 1997 3066 2062 exordium,
3122 1998 3321 2069 Itaque
3375 2015 3511 2054 cum
3568 2000 3810 2057 demum

382 2087 691 2159 spexisset.
726 2085 906 2156 quue
937 2082 1168 2154 colligo,
1201 2099 1307 2138 nec
1335 2081 1508 2149 male,
1542 2099 1610 2137 ex
1656 2082 1773 2137 illis
1825 2099 1952 2154 qua
1984 2082 2043 2136 in
2152 2086 2531 2141 Benedictum
2590 2085 2711 2140 VIII
2741 2086 3005 2158 petitioni
3041 2086 3271 2143 Henrici
3300 2088 3570 2159 Augusti,
3606 2087 3808 2145 habito

380 2175 497 2232 alia
526 2173 797 2247 Epistola
828 2177 991 2246 parte
1021 2179 1208 2243 (num.
1245 2172 1332 2243 14)
1361 2172 1554 2227 verbis
1584 2171 1745 2227 hisce
1790 2172 2045 2243 digerit:
2148 2177 2403 2232 omnium
2446 2191 2730 2240 consensu,
2794 2175 3220 2247 indulgendum
3305 2192 3434 2232 esse
3491 2178 3807 2249 censuerit,

378 2267 595 2323 Bonum
649 2265 799 2320 enim
851 2270 935 2320 est
983 2277 1081 2317 nos
1133 2261 1211 2317 ad
1246 2262 1566 2333 aequitatem
1618 2276 1936 2332 propensos,
1988 2271 2045 2317 et
2150 2262 2411 2336 Symboli
2442 2263 3072 2335 Constantinopolitani
3105 2269 3278 2319 cantu
3309 2264 3463 2320 inter
3490 2264 3808 2322 Missarum

372 2353 729 2428 potissimum
784 2352 883 2408 ubi
933 2366 1107 2423 neque
1134 2351 1296 2418 Deus,
1325 2365 1501 2421 neque
1528 2349 1659 2420 ﬁdes
1688 2350 1750 2405 in
1791 2351 2038 2421 periculo
2147 2352 2431 2409 solemnia
2460 2357 2710 2425 recepto,
2765 2352 3110 2425 Symbolum
3168 2353 3348 2409 etiam
3404 2354 3694 2425 recepisse
3722 2355 3810 2410 vi-

374 2440 1153 2515 vertitur(cujusmodiapud
1177 2439 1607 2494 Antiochenum
1632 2442 1756 2494 erat
1782 2439 2036 2511 Spiritus
2145 2443 2317 2497 detur
2345 2441 2498 2498 208
2528 2458 2661 2496 cum
2694 2440 3158 2514 interpolatione,
3213 2459 3391 2514 quam
3444 2446 3807 2515 caterajam

377 2529 568 2589 sancti
596 2529 893 2604 processio
924 2528 1101 2584 etiam
1136 2544 1170 2584 a
1198 2526 1341 2583 Filio
1397 2543 1430 2581 a
1488 2526 1709 2582 Latinis
1765 2533 2031 2598 asserta),
2142 2531 2325 2586 totius
2354 2531 2685 2586 Occidentis
2717 2530 2987 2586 Ecclesia
3016 2530 3358 2602 amplexata
3389 2532 3642 2599 fuerant,
3694 2549 3804 2605 pu-

375 2637 589 2695 semper
614 2619 686 2676 ad
711 2635 903 2693 pacem
930 2622 981 2674 et
1006 2619 1249 2689 fratrum
1276 2631 1524 2673 amorem
1565 2616 1859 2671 inclinari.
1897 2640 1925 2667 ››

447 2711 545 2768 ΙΙΙ.
580 2710 767 2767 Hocce
794 2708 1078 2781 temporis
1107 2705 1431 2769 intervallo,
1466 2706 1622 2777 quod
1673 2722 1707 2760 a
1764 2705 2033 2763 Photiano

374 2800 667 2858 schismate
687 2798 944 2855 excurrit
970 2797 1043 2853 ad
1073 2795 1415 2853 Michaelem
1446 2794 1810 2851 Cerularium
1874 2796 2030 2853 scbio

375 2890 583 2948 smatis
641 2889 1116 2957 instauratorem,
1176 2884 1398 2957 epocba
1457 2884 1603 2940 207
1689 2884 2030 2956 diligentius

370 2977 767 3052 perquirenda
813 2983 904 3032 est
956 2973 1201 3031 admissi
1244 2973 1576 3045 receptique
1656 2972 1717 3028 in
1774 2974 2032 3031 Ecclesia

374 3068 640 3124 Romana
691 3082 818 3121 cum
871 3063 1296 3135 interpolatione
1364 3061 1644 3134 Symboli.
1713 3064 1793 3117 Ac
1840 3063 2029 3134 primo

374 3154 719 3229 Symbolum
766 3150 1480 3223 Constantinopolitanum
1529 3150 1775 3222 capisse
1832 3152 2028 3208 Roma

372 3218 526 3301 inter
580 3243 895 3300 Missarum
949 3218 1236 3296 solemnia
1316 3218 1637 3294 decantari—
1672 3257 1826 3295 anno
1891 3242 2028 3296 1014
2059 3218 2102 3285 C

373 3334 573 3390 sedem
604 3329 984 3405 apostolicam
1010 3332 1242 3385 tenente
1273 3327 1579 3382 Benedicto
1608 3327 1759 3395 VIII,
1810 3345 1876 3383 ac
1916 3329 2025 3385 im-

375 3426 616 3496 perante
644 3419 889 3476 Henrico
921 3418 965 3489 Ι,
1010 3421 1172 3472 extra
1227 3416 1477 3471 dubium
1529 3416 1694 3488 ponit
1744 3419 2027 3473 Bernonis

376 3511 608 3568 abbatis
637 3508 951 3582 Augiensis
1001 3505 1336 3562 auctoritas.
1393 3507 1583 3561 Roma
1640 3506 1905 3562 interfuit
1932 3508 2029 3564 ille

375 3601 567 3676 ipsius
597 3597 827 3657 Henrici
858 3595 1217 3654 coronationi
1249 3596 1454 3651 eodem
1504 3612 1656 3651 anno
1712 3597 1849 3651 1014
1881 3596 2027 3653 cele-

372 3692 576 3749 brata.

448 3783 511 3837 In
540 3778 761 3847 libello,
791 3794 967 3851 quem
996 3777 1068 3832 de
1098 3775 1455 3848 quibusdam
1488 3774 1661 3830 rebus
1709 3775 1780 3829 ad
1838 3775 2029 3830 Missa

375 3870 636 3927 ofﬁcium
695 3866 1121 3942 pertinentibus
1177 3864 1529 3935 composuit,
1575 3863 1695 3918 hac
1727 3864 1901 3919 habet
1931 3881 2029 3919 ca-

372 3959 493 4032 pite
518 3959 595 4015 2:
630 3980 658 4009 ‹‹
690 3957 936 4013 Romani
966 3971 1155 4026 usque
1179 3954 1253 4008 ad
1280 3953 1390 4008 hac
1419 3961 1665 4023 tempora
1715 3953 1860 4009 divae
1914 3970 2027 4008 me.

370 4049 570 4105 moria
598 4046 818 4103 Henrici
874 4043 1220 4117 imperatoris
1246 4042 1403 4098 nullo
1448 4041 1604 4098 modo
1685 4044 2024 4098 cecinerunt.

372 4138 484 4194 Sed
516 4137 590 4194 ab
633 4136 835 4202 eodem
894 4133 1257 4204 interrogati,
1318 4149 1423 4187 cur
1477 4132 1558 4186 ita
1612 4136 1876 4204 agerent,
1933 4147 2027 4187 me

373 4243 571 4283 coram
607 4224 938 4289 assistente,
972 4221 1168 4277 audivi
1224 4237 1324 4275 eos
1382 4220 1727 4292 hujusmodi
1783 4237 2025 4292 respon-

373 4332 507 4373 sum
539 4315 818 4382 reddere;
849 4310 1121 4367 videlicet
1147 4311 1301 4382 quod
1337 4310 1601 4365 Romana
1621 4309 1880 4365 Ecclesia
1911 4327 2025 4366 non

371 4404 581 4461 fuisset
610 4401 926 4475 aliquando
963 4399 1083 4456 ulla
1129 4399 1416 4455 hareseos
1474 4398 1610 4454 face
1658 4399 1892 4466 infecta,
1924 4399 2026 4454 sed

372 4493 700 4550 secundum
731 4490 915 4547 sancti
947 4489 1100 4545 Petri
1131 4486 1459 4543 doctrinam
1492 4488 1550 4542 in
1610 4487 1901 4544 soliditate
1931 4505 2025 4543 ca-

2142 2620 2408 2692 bliceque
2436 2620 2496 2675 in
2525 2619 2782 2692 Symboli
2812 2623 2989 2675 cantu
3018 2620 3461 2691 profitebantur.

2212 2708 2305 2763 IV.
2338 2709 2455 2764 Hac
2484 2714 2684 2764 tamen
2715 2709 2788 2764 de
2808 2726 2869 2764 re
2910 2709 3082 2764 varia
3128 2713 3270 2765 sunt
3325 2709 3642 2782 vigentque
3695 2711 3803 2767 ad-

2140 2797 2256 2854 huc
2287 2798 2643 2869 scriptorum
2673 2797 2997 2869 opiniones,
3028 2814 3175 2870 quas
3198 2798 3413 2855 referre
3471 2803 3710 2871 prastat
3740 2803 3801 2856 et

2138 2887 2481 2959 expendere.
2537 2891 2785 2942 Sanctus
2842 2885 3154 2943 Thomasl
3210 2892 3383 2958 part.,
3442 2891 3646 2959 quast.
3705 2888 3798 2955 36,

2141 2980 2250 3031 art.
2280 2976 2336 3042 2,
2369 2976 2440 3031 ad
2471 2976 2528 3041 2,
2561 2975 2643 3030 ait
2668 2993 2681 3030 :
2713 2976 2910 3030 Postea
2939 2976 3262 3045 insurgente
3290 2992 3482 3032 errore
3531 2993 3800 3048 quorum-

2139 3067 2297 3136 dam,
2330 3067 2392 3119 in
2419 3064 2654 3137 quodam
2673 3066 2910 3121 concilio
2966 3064 3026 3119 in
3072 3064 3512 3124 Occidentalibus
3569 3081 3797 3138 congre-

2138 3158 2287 3223 gato,
2323 3169 2637 3224 expressum
2667 3156 2779 3225 fuit
2805 3154 2982 3226 (quod
3017 3156 3195 3209 etiam
3226 3170 3260 3208 a
3291 3152 3436 3209 Filio
3459 3154 3801 3226 procederet

2139 3241 2392 3313 Spiritus
2440 3246 2723 3311 sanctus).
2804 3244 3141 3298 auctoritate
3196 3244 3433 3299 Romani
3478 3243 3797 3314 Pontiﬁcis:

2137 3332 2295 3402 cujus
2331 3333 2663 3387 auctoritate
2704 3333 2876 3386 etiam
2921 3334 3153 3403 antiqua
3210 3332 3449 3387 concilia
3501 3348 3798 3403 congrega-

2140 3418 2340 3475 bantur
2384 3426 2437 3475 et
2507 3419 2994 3490 conﬁrmabantur.
3067 3420 3235 3475 Paria
3317 3420 3523 3476 scribit
3591 3427 3800 3478 contra

2139 3513 2363 3580 gentes,
2395 3507 2545 3563 libro
2578 3525 2652 3579 IV,
2685 3508 2871 3580 capite
2900 3510 2970 3564 23
2995 3526 3008 3563 :
3035 3509 3316 3565 Processio
3347 3508 3590 3580 Spiritus
3617 3516 3799 3567 sancti

2138 3614 2172 3651 a
2198 3598 2342 3651 Filio
2391 3596 2657 3667 implicito
2705 3599 3013 3653 continetur
3058 3599 3121 3653 in
3187 3597 3799 3671 Constantinopolitano

2136 3685 2342 3758 synodo
2372 3688 2433 3740 in
2462 3685 2561 3742 hoc
2584 3686 2725 3757 quod
2754 3687 2835 3742 ibi
2860 3687 3234 3759 dicitur,quod
3260 3688 3506 3759 procedit
3531 3705 3567 3742 a
3594 3688 3792 3746 Patre:

2139 3777 2271 3847 quia
2318 3774 2459 3847 quod
2509 3775 2576 3830 de
2619 3777 2783 3831 Patre
2838 3776 3199 3845 intelligitur,
3244 3780 3452 3848 oportet
3477 3777 3609 3833 etde
3635 3776 3796 3835 Filio

2139 3865 2394 3935 intelligi.
2445 3866 2511 3919 Et
2564 3864 2638 3919 ad
2684 3865 2782 3918 hoc
2836 3864 3153 3921 addendum
3223 3865 3429 3937 sufﬁcit
3498 3869 3809 3924 auctoritas

2142 3955 2370 4009 Romani
2397 3954 2693 4023 pontiﬁcis,
2725 3969 2826 4024 per
2853 3970 3020 4024 quam
3074 3954 3244 4009 etiam
3309 3955 3676 4010 inveniuntur
3707 3974 3815 4011 an-

2139 4044 2296 4114 tiqua
2326 4043 2560 4098 concilia
2625 4058 2743 4098 esse
2787 4042 3129 4112 conﬁrmata.
3189 4042 3586 4112 Occidentale,
3646 4046 3813 4117 quod

2141 4132 2407 4203 Aquinas
2438 4136 2743 4198 memorat,
2807 4148 2841 4186 a
2876 4132 3141 4186 Romano
3173 4132 3449 4203 pontifice
3482 4149 3809 4206 congrega-

2138 4226 2289 4285 tum,
2329 4218 2644 4275 concilium
2676 4220 2834 4275 latet.
2869 4219 3083 4284 Quidni
3125 4237 3258 4276 vero
3317 4238 3419 4294 pro
3462 4221 3809 4293 Occidentali

2136 4309 2370 4364 concilio
2399 4307 2647 4380 intelligi
2680 4312 2875 4380 queat,
2907 4308 3140 4364 Henrici
3171 4309 3545 4382 imperatoris
3569 4311 3799 4383 petitio,

2138 4399 2471 4468 omniunque
2509 4388 2763 4453 maxime
2810 4414 3141 4467 consensus;
3199 4415 3314 4471 quo
3370 4399 3574 4456 habito
3631 4400 3820 4456 Bene'

2140 4487 2332 4542 dictus
2359 4486 2487 4541 VIII
2520 4485 2851 4554 indulserit,
2886 4487 3119 4559 publice
3159 4487 3288 4543 cani
3337 4487 3688 4561 Symbolum
3743 4488 3816 4547 in

373 4581 598 4639 tholica
630 4580 765 4636 fidei
791 4582 1158 4652 permaneret
1184 4576 1566 4631 inconcussa:
1602 4581 1660 4632 et
1680 4576 1810 4631 ideo
1843 4576 2031 4650 magis
2060 4586 2109 4652 ι)
2138 4576 2342 4641 missa,
2377 4578 2553 4647 prout
2571 4574 2918 4647 Hispanicae,
2951 4579 3007 4631 et
3063 4575 3397 4647 Gallicana,
3455 4581 3515 4634 et
3567 4577 3815 4635 Germa-

371 4671 466 4727 his
497 4668 895 4726 necessarium
926 4682 1055 4722 esse
1082 4664 1227 4720 illud
1249 4664 1590 4739 Symbolum
1650 4665 1863 4737 sapius
1896 4682 2029 4722 can-

370 4760 548 4816 tando
575 4754 1073 4831 frequentare,qui
1104 4753 1419 4826 aliquando
1441 4753 1563 4809 ulla
1591 4754 1795 4810 baresi
1829 4768 2028 4827 potue-

370 4852 509 4904 runt
539 4845 838 4903 maculari.
888 4845 955 4901 At
995 4844 1272 4899 dominus
1322 4843 1641 4914 imperator
1690 4860 1805 4900 non
1860 4848 2031 4900 antea

369 4936 563 5001 desiit,
597 4952 776 5008 quam
809 4934 1056 4989 omnium
1074 4948 1340 4988 consensu
1377 4930 1435 4985 id
1484 4931 1722 4987 domino
1784 4932 2028 4989 Benedi-

370 5030 461 5083 cto
503 5024 838 5097 Apostolico
898 5022 1211 5096 persuasit,
1268 5025 1333 5076 ut
1379 5020 1448 5076 ad
1490 5021 1772 5092 publicam
1808 5021 2026 5078 Miszam

367 5115 521 5172 illud
547 5114 928 5171 decantarent.
960 5112 1067 5167 Sed
1098 5116 1297 5167 utrum
1336 5109 1489 5165 hanc
1538 5110 2025 5167 consuetudinem

367 5209 600 5262 servent
628 5204 844 5271 adhuc,
875 5202 1170 5259 afﬁrmare
1200 5217 1314 5256 non
1347 5216 1687 5272 possumus,
1736 5199 1877 5271 quia
1908 5218 2028 5258 cer-

384 5310 486 5350 um
519 5311 633 5351 non
662 5297 954 5350 tenemus.
993 5315 1014 5341 ι
1051 5290 1209 5347 Obiit
1238 5290 1426 5345 Berno
1462 5305 1614 5344 anno
1652 5289 1812 5344 1045.

437 5382 592 5439 Num
616 5398 752 5455 ergo
784 5380 907 5438 hac
936 5380 1072 5435 data
1092 5376 1417 5448 occasione,
1451 5393 1569 5449 qua
1598 5379 1849 5433 omnium
1896 5394 2024 5434 con-

364 5485 531 5530 sensu
561 5469 769 5527 annuit
797 5485 1069 5526 summus
1118 5466 1380 5541 pontifex
1432 5464 1782 5521 Benedictus
1808 5464 1937 5521 VIII
1960 5469 2030 5521 ut

365 5559 520 5616 inter
549 5559 862 5617 Missarum
912 5556 1201 5615 solemnia
1236 5554 1582 5629 Symbolum
1612 5553 2027 5612 Constantino-

365 5648 692 5725 politanum
719 5652 1047 5721 caneretur,
1084 5643 1416 5705 admissum
1448 5644 1624 5701 etiam
1656 5644 1849 5718 prima
1902 5643 2028 5701 vice

2136 4665 2279 4720 nica
2306 4667 2363 4719 et
2382 4662 2593 4718 Italica
2624 4662 2685 4718 in
2717 4681 2895 4737 regno
2926 4664 3103 4720 Italia
3135 4664 3282 4721 illud
3324 4666 3634 4737 canebant,
3665 4682 3813 4725 cum

2137 4752 2293 4809 vocis
2320 4750 2573 4824 Filioque
2604 4750 3052 4824 interpolatione
3074 4755 3101 4809 ‘I

2215 4842 2376 4914 Hugo
2407 4840 2738 4908 Eterianus,
2775 4841 2835 4897 in
2907 4859 3104 4914 opere,
3161 4844 3320 4915 quod
3370 4843 3697 4901 Alexandro
3728 4844 3814 4904 III

2139 4931 2402 4986 Romano
2434 4929 2694 5002 pontiﬁci
2748 4932 3129 5003 nuncupavit,
3162 4934 3239 4988 De
3281 4933 3611 5003 haresibus,
3670 4950 3814 5007 quas

2138 5021 2201 5075 in
2240 5020 2465 5075 Latinos
2523 5018 2700 5075 Graeci
2754 5021 3070 5092 devolvunt,
3122 5020 3270 5077 libro
3329 5039 3416 5091 m,
3477 5022 3666 5096 capite
3714 5024 3811 5097 16,

2139 5109 2260 5164 hac
2274 5108 2449 5164 habet
2472 5126 2531 5164 :«
2546 5108 2720 5164 Nulla
2735 5109 3029 5166 calumnia
3045 5112 3336 5167 notandus
3349 5115 3440 5168 est
3454 5111 3813 5185 antiquioris

2138 5198 2333 5253 Roma
2359 5198 2625 5263 antistes,
2661 5199 2815 5271 quod
2840 5215 3006 5255 causa
3054 5201 3541 5273 interpretationis
3596 5201 3813 5258 dictio-

2138 5304 2275 5342 nem
2320 5302 2521 5356 unam,
2541 5285 2670 5342 dico
2686 5292 2883 5343 autem
2900 5306 2968 5344 etc
2980 5290 3121 5345 Filio
3161 5290 3475 5362 procedere
3494 5289 3809 5362 Spiritum,

2134 5386 2453 5432 sanctorum
2475 5376 2731 5446 plurium
2758 5379 3158 5451 episcoporum,
3201 5373 3812 5450 scientissimorum'que

2135 5463 2507 5521 cardinalium
2525 5480 2792 5522 consensu
2822 5466 3028 5523 habito.
3062 5468 3423 5540 apposuerit.
3457 5489 3486 5519 »
3508 5466 3639 5525 Hac
3658 5468 3813 5526 mihi

2133 5554 2406 5609 videntur
2431 5554 2608 5610 verba
2635 5553 2803 5612 illum
2852 5557 3102 5612 omnium
3150 5572 3477 5616 consensum
3501 5556 3804 5617 indicare:

2135 5659 2254 5717 quo
2285 5642 2486 5701 habito
2517 5644 2895 5702 Benedictum
2924 5645 3051 5704 VIII
3076 5647 3345 5721 petitioni
3405 5646 3638 5706 Henrici
3684 5645 3797 5706 im-
