4108 6448
263 440 388 502 205

1500 440 1709 503 VlTA.
1741 475 1818 485 —
1848 437 2370 501 DlSSEitTATIO
2416 438 2493 498 II.

3580 441 3702 498 206

272 569 568 643 peratoris
616 568 919 641 annuisse,
967 572 1218 624 testatur
1264 569 1452 627 Berno
1489 572 1798 644 Augiensis
1839 571 1937 627 ab-
1968 572 2023 636 Α
2053 586 2168 638 nes,
2212 568 2552 634 Benedictus,
2612 570 2734 633 Leo,
2791 583 3119 623 successores
3171 583 3328 624 novm
3385 567 3700 639 hujusmodz

272 661 407 715 bas.

347 747 717 804 Humbertus
748 746 1080 810 cardinalis,
1105 748 1417 820 episcopus
1440 748 1935 813 Silvae-Candidm,

281 853 417 892 cum
457 834 657 904 sociis,
708 835 769 889 in
819 834 1110 890 sententia
1159 835 1553 892 anathematis
1605 844 1807 893 contra
1832 838 1935 892 Mi-

286 923 540 981 chaelem
570 923 940 980 Cerularium
978 922 1121 990 lata,
1167 923 1365 995 ipsum
1421 942 1679 997 suosque
1709 925 1937 981 Graecos

288 1018 538 1080 accusat,
567 1011 713 1083 quod
740 1011 1089 1067 absciderunt
1119 1029 1153 1067 a
1180 1012 1442 1084 Symbolo
1486 1015 1735 1085 Spiritus
1764 1015 1940 1070 sancti

286 1102 711 1174 procationem.
740 1101 803 1155 In
830 1116 1031 1157 eorum
1055 1099 1277 1156 scilicet
1298 1103 1527 1157 videtur
1548 1102 1643 1159 ille
1668 1103 1939 1173 opinione

289 1190 485 1256 fuisse,
520 1190 623 1262 qui
655 1194 792 1245 ante
842 1189 1340 1245 Monotheliticam
1387 1191 1679 1258 haeresim,
1713 1209 1779 1247 ac
1829 1193 1940 1247 for-

284 1285 438 1336 tasse
468 1280 530 1334 in
587 1278 1235 1350 Constantinopolitana
1290 1285 1492 1333 contra
1536 1280 1939 1335 Macedoniam

278 1368 529 1442 synodo,
563 1368 851 1439 adjectam
910 1383 1108 1422 vocem
1169 1367 1414 1437 Filioque
1469 1368 1542 1424 ad
1597 1368 1937 1440 Symbolum

275 1458 595 1531 putabant.
629 1456 930 1520 Quomodo
978 1472 1113 1511 vero
1162 1455 1352 1511 eidem
1402 1456 1683 1512 cardinali
1714 1461 1773 1513 et
1818 1457 1940 1527 epi-

274 1561 460 1618 scopo
488 1543 989 1614 Silvae-Candidas,
1040 1544 1319 1616 praedicta
1365 1561 1519 1601 anno
1568 1546 1708 1599 1054
1747 1547 1944 1618 profe-

274 1634 458 1701 renti,
492 1650 612 1689 non
636 1633 977 1702 innotuerit,
1002 1633 1155 1704 quod
1182 1637 1318 1687 ante
1342 1634 1736 1706 quadraginta
1758 1651 1943 1690 annos

277 1724 396 1779 sub
425 1722 679 1778 Henrico
711 1722 1061 1793 imperatore
1109 1721 1330 1777 factum
1379 1723 1841 1778 constituimus?
1872 1729 1946 1778 At

276 1812 671 1879 Humbertus,
701 1811 763 1865 in
795 1810 1059 1866 Tullensi
1083 1811 1319 1867 dioecesi
1343 1812 1667 1868 monachus
1692 1812 1942 1868 Mediani

279 1900 638 1958 monasterii
667 1900 819 1995 πρε)
849 1899 909 1954 in
954 1899 1348 1995 Lotharingia,
1381 1899 1719 1973 Symbolum
1764 1900 1945 1956 inter-
1973 1930 2022 1995 B

280 1988 557 2062 polatum
583 1987 850 2059 canebat,
882 1987 1274 2060 audiebatque
1303 1988 1433 2044 cani
1466 1989 1592 2043 suis
1623 1989 1682 2044 in
1720 1989 1947 2061 provin-

280 2077 396 2134 ciis
447 2078 623 2149 juxta
700 2093 924 2132 morem
978 2076 1049 2131 ab
1103 2076 1345 2149 antiquo
1411 2077 1793 2144 obtinentem,
1850 2095 1946 2134 ve-

280 2181 539 2238 ramque
592 2165 901 2238 ignorabat
957 2166 1084 2236 ejus
1142 2164 1448 2238 originem.
1506 2165 1768 2238 Vulgari,
1820 2183 1946 2238 quas

283 2256 449 2328 apud
480 2271 619 2311 suos
666 2254 982 2320 ferebatur,
1032 2260 1469 2325 praeoccupatus
1510 2254 1803 2326 opinione.
1837 2255 1945 2310 Ro-

286 2361 453 2400 mam
484 2343 783 2415 profectus
829 2346 921 2398 est
971 2359 1105 2397 cum
1154 2348 1339 2398 Leone
1385 2360 1536 2414 papa
1569 2343 1631 2398 lX
1664 2344 1737 2399 ab
1761 2360 1948 2416 eoque

285 2437 525 2489 creatus
555 2430 872 2487 cardinalis
904 2434 961 2485 et
1006 2430 1316 2503 episcopus
1366 2431 1848 2489 Silvae-Candidas.
1880 2434 1948 2489 In

287 2537 380 2593 eo,
413 2520 575 2592 quod
605 2518 942 2575 Cerularius
986 2517 1299 2574 dissidium
1346 2526 1605 2576 moverat
1632 2538 1736 2592 pro
1767 2520 1948 2577 semel

283 2610 508 2666 hausta
537 2606 832 2680 opinione,
866 2607 1096 2664 Graecos
1127 2609 1370 2680 putabat
1393 2609 1739 2680 particulam
1773 2609 1948 2665 Filio-

284 2714 395 2771 que
424 2697 749 2753 detraxisse
806 2696 1101 2769 Symbolo,
1152 2713 1300 2768 quos
1360 2698 1675 2754 acerrimos
1713 2704 1952 2755 noverat

277 2787 655 2861 processionis
698 2787 769 2842 ab
822 2791 1057 2856 utroque
1106 2785 1322 2842 hostes.
1357 2786 1420 2841 In
1460 2786 1583 2842 viro
1638 2788 1951 2860 caeteroqui

286 2874 643 2932 doctissimo
674 2873 1003 2930 accuratior
1029 2872 1138 2929 hac
1170 2873 1230 2929 in
1260 2890 1321 2929 re
1352 2874 1699 2947 perquisitio
1731 2877 1953 2932 frustra

285 2962 642 3038 expetenda.

365 3052 565 3108 Minus
622 3056 956 3108 accuratam
1014 3055 1369 3124 temporum,
1428 3053 1645 3124 quibus
1689 3053 1955 3109 Romana

292 3140 555 3197 Ecclesia
584 3140 1098 3212 interpolationem
1130 3141 1454 3209 admiserit,
1487 3141 1756 3197 notitiam
1789 3142 1950 3197 exhi-

298 3232 405 3285 bet
435 3232 693 3286 Andreas
723 3228 1074 3286 Rhodiensis
1105 3230 1415 3302 episcopus
1436 3230 1502 3309 in
1535 3232 1697 3286 Actis
1727 3231 1952 3287 Graeco-

2045 658 2312 713 doctrim'c
2343 659 2605 724 Formosi,
2666 659 2727 712 in
2783 657 3036 711 omnibus
3091 660 3317 727 fuerunt
3350 658 3457 727 ipsi
3491 658 3700 714 discor-

2045 749 2139 802 des
2172 766 2190 801 :
2221 749 2315 820 qui
2342 755 2564 813 secreto,
2616 763 2649 799 a
2696 745 2839 800 Filio
2890 762 3124 815 quoque
3174 746 3481 808 procedere
3517 746 3697 818 Spiri-

2045 841 2172 891 tum
2201 840 2472 890 sanctum
2507 836 2825 900 asserebat,
2857 851 2986 889 cum
3014 836 3197 889 tamen
3254 837 3316 889 in
3358 836 3587 905 epistola
3616 838 3695 892 ad

2044 925 2193 980 sedes
2219 924 2619 996 patriarchales
2656 926 2825 978 missa
2874 924 2942 978 de
2988 924 3098 977 solo
3130 928 3301 977 Patre
3319 926 3513 994 fecerit
3540 941 3695 980 men-

2048 1017 2272 1070 tionem.
2304 1015 2427 1068 Post
2456 1030 2588 1084 quos
2617 1030 2743 1068 cum
2773 1012 3197 1082 Christophorus
3224 1029 3368 1083 papa
3418 1014 3697 1069 Romanus

2046 1107 2261 1159 creatus
2316 1104 2529 1174 fuisset,
2577 1104 2638 1157 in
2693 1101 2821 1171 ﬁdei
2878 1102 3404 1172 confessione,quam
3450 1103 3602 1157 misit
3628 1102 3699 1157 ad

2049 1190 2725 1262 Constantinopolitanum
2762 1189 3166 1261 patriarcham,
3211 1205 3403 1261 nempe
3443 1192 3508 1245 in
3538 1190 3697 1263 Sym-

2051 1279 2199 1352 bolo,
2233 1281 2387 1336 210
2420 1297 2454 1334 a
2483 1279 2625 1335 Filio
2667 1295 2901 1351 quoque
2949 1278 3234 1351 Spiritum
3265 1283 3534 1334 sanctum
3566 1296 3699 1351 pro-

2049 1369 2272 1438 cedere,
2323 1385 2494 1423 ausus
2544 1376 2622 1423 est
2678 1367 2876 1423 dicere.
2935 1372 3058 1437 Qua
3114 1366 3179 1422 de
3228 1384 3396 1422 causa
3448 1378 3704 1439 postcaa

2052 1456 2243 1528 Sergio
2261 1457 2618 1529 patriarcha,
2668 1458 2765 1529 qui
2811 1458 3087 1528 przecessit
3131 1455 3512 1524 Cerularium,
3546 1473 3576 1512 e
3603 1457 3694 1511 di—

2047 1546 2269 1618 ptychis
2316 1548 2433 1617 ipse
2485 1546 2907 1615 Christophorus
2953 1554 3256 1617 expunctus
3304 1550 3399 1600 est.
3431 1567 3459 1598 »
3507 1546 3701 1601 Graeco

2053 1652 2343 1707 anonymo
2383 1636 2431 1689 si
2465 1634 2780 1703 credimus,
2835 1650 3021 1706 neque
3066 1636 3423 1705 processionis
3450 1635 3519 1690 ab
3548 1638 3703 1690 utro-

2053 1739 2155 1794 que
2193 1724 2409 1795 dogma
2464 1727 2722 1789 tenuere,
2782 1739 2971 1793 neque
3024 1723 3347 1793 Symbolum
3400 1724 3703 1795 interpola-

2052 1814 2186 1866 runt
2216 1810 2463 1867 Romani
2512 1811 2817 1882 pontiﬁces
2875 1828 3064 1883 usque
3110 1812 3182 1866 ad
3230 1813 3566 1881 Formosum,
3600 1811 3704 1883 qui

2054 1901 2124 1955 ab
2158 1917 2310 1956 anno
2339 1902 2441 1957 891
2476 1901 2627 1956 sedit
2672 1902 2744 1955 ad
2794 1917 3017 1956 annum
3061 1917 3250 1972 usque
3278 1901 3405 1958 896.
3438 1902 3541 1957 Hic
3570 1918 3704 1959 vero

2053 1991 2342 2046 Formosus
2401 1989 2529 2059 fuit,
2588 1989 2690 2060 qui
2744 2006 2949 2045 novam
3001 1989 3310 2045 doctrinam
3364 1990 3602 2059 invexit,
3655 1991 3706 2046 si

2056 2079 2201 2135 fides
2256 2095 2568 2151 anonymo,
2652 2083 2964 2149 secretoque
3040 2079 3359 2150 asserebat,
3421 2079 3704 2151 Spiritum

2056 2172 2327 2224 sanctum
2380 2186 2415 2224 a
2470 2167 2614 2223 Filio
2674 2184 2907 2246 quoque
2964 2167 3295 2239 procedere.
3366 2169 3533 2224 Haud
3592 2168 3706 2241 ipsi

2056 2260 2501 2327 consenserunt,
2535 2254 2637 2327 qui
2669 2256 2991 2311 Romanam
3022 2260 3260 2311 tenuere
3290 2257 3488 2311 sedem
3520 2274 3710 2329 usque

2057 2345 2128 2401 ad
2170 2344 2675 2416 Christophorum.
2727 2344 3138 2400 Pontiﬁcatum
3186 2343 3400 2401 invasit
3446 2345 3558 2401 iste
3605 2363 3707 2400 an-

2059 2450 2134 2488 no
2174 2434 2300 2503 903,
2333 2432 2488 2488 circa
2526 2433 2702 2488 ﬁnem
2743 2432 3111 2500 Novembris,
3142 2433 3525 2504 dejectusque
3555 2450 3709 2489 anno

2058 2522 2401 2593 insequente
2423 2520 2532 2575 fuit
2552 2520 2706 2576 circa
2733 2520 2968 2576 initium
3003 2524 3222 2577 mensis
3247 2521 3407 2577 Junii
3441 2539 3476 2578 a
3505 2523 3709 2594 Sergio

2058 2611 2240 2682 hujus
2300 2610 2556 2666 nominis
2622 2610 2818 2665 tertio.
2896 2609 3239 2683 Symbolum
3292 2611 3518 2682 adjecta
3573 2627 3711 2667 voce

2059 2700 2304 2772 Filioque
2362 2699 2487 2771 ipse
2564 2698 3015 2771 Christophorus
3094 2699 3479 2771 interpolasse
3565 2700 3710 2755 dici-

2058 2794 2176 2856 tur,
2236 2804 2365 2844 eam
2418 2788 2493 2842 ob
2551 2803 2792 2843 causam
2850 2804 2884 2842 a
2938 2787 3138 2860 Sergio
3197 2788 3532 2859 patriarcha
3560 2788 3710 2845 Con-

2061 2874 2583 2947 stantinopolitano
2631 2879 2958 2947 expunctus
3004 2892 3036 2931 e
3084 2875 3398 2948 diptychis.
3431 2876 3562 2932 Haec
3590 2876 3709 2933 ille.

2133 2965 2335 3022 Rimas
2394 2965 2517 3038 agit
2570 2981 3045 3037 quaquaversum
3105 2965 3429 3038 excogitata
3477 2965 3709 3023 fabella.

2061 3054 2315 3126 Spiritus
2370 3053 2555 3110 sancti
2612 3053 3006 3125 processionem
3044 3070 3078 3109 a
3126 3055 3287 3109 Patre
3316 3055 3567 3127 Filioque
3594 3072 3713 3111 non

2060 3143 2277 3198 invexit
2308 3143 2533 3214 primus
2565 3142 2917 3198 Formosus:
2952 3158 3129 3213 quam
3179 3159 3559 3213 praecessores
3598 3143 3712 3200 Ro-

2064 3249 2271 3287 manos
2302 3230 2607 3303 pontifices
2640 3247 2845 3286 omnes
2872 3231 3155 3299 tenuisse,
3188 3232 3537 3287 seculorum
3587 3250 3713 3289 om-

309 3318 531 3374 Latinis
562 3319 910 3376 Florentius;
967 3296 1173 3392 synodi
1233 3296 1495 3376 sessione
1523 3321 1597 3377 7:
1635 3341 1663 3370 «
1694 3322 1952 3377 Instante
1983 3296 2026 3363 α
2065 3320 2229 3375 nium
2261 3296 2594 3387 traditione,
2626 3319 2953 3392 Graecaeque
2982 3336 3048 3375 ac
3079 3296 3293 3375 Latinae
3340 3320 3554 3394 linguae
3586 3339 3711 3378 om-

308 3408 650 3464 necsssitate
698 3407 967 3464 additum
990 3412 1079 3464 est
1127 3414 1364 3480 propter
1408 3409 1697 3480 quosdam
1747 3409 1950 3465 Nesto-

300 3497 524 3563 rianos,
552 3497 708 3570 apud
743 3496 1172 3554 Occidentalem
1212 3497 1526 3553 Ecclesiam
1560 3498 1952 3554 disseminan-

294 3592 412 3655 tes,
440 3586 715 3658 Spiritum
744 3590 995 3642 sanctum
1048 3602 1159 3641 non
1195 3602 1310 3642 esse
1367 3604 1440 3642 ea:
1497 3588 1613 3657 ipso
1652 3586 1826 3656 Filio,
1861 3602 1956 3643 nec

288 3692 463 3731 suum
492 3692 610 3731 esse
639 3676 708 3731 ab
756 3676 858 3731 illo
907 3675 1172 3744 accipere.
1211 3674 1395 3743 (Quod
1444 3674 1570 3748 ipse
1617 3675 1840 3748 colligit
1888 3693 1955 3731 ex

290 3764 648 3821 Nestoriano
678 3762 969 3837 symbolo,
1001 3780 1069 3819 ac
1100 3764 1531 3820 Theodoretum
1584 3765 1736 3820 inter
1766 3769 1823 3820 et
1852 3768 1955 3837 Cy-

290 3853 503 3908 rillum
551 3851 1010 3907 Alexandrinum
1060 3850 1291 3924 litigio.)
1338 3853 1456 3908 Hac
1506 3852 1729 3908 ratione
1759 3857 1960 3909 coacta

290 3941 415 3997 fuit
447 3941 715 3997 Romana
744 3940 1018 4009 Ecclesia,
1043 3958 1176 3996 cum
1210 3958 1489 4012 magnum
1521 3942 1741 3997 videret
1768 3942 1961 3997 immi-

294 4046 442 4085 nere
490 4029 853 4102 periculum:
910 4031 1034 4086 1am
1086 4031 1234 4086 enim
1289 4031 1592 4085 cauebatur
1643 4032 1703 4085 in
1761 4030 1962 4087 Galliis

291 4124 349 4175 et
381 4119 698 4191 Hispaniis.
733 4140 763 4167 ››
792 4118 1110 4174 Miscentur
1138 4118 1357 4173 omnia.
1386 4120 1509 4174 Lux
1535 4124 1793 4175 attamen
1821 4120 1959 4174 sub-

295 4207 467 4263 lucet
496 4206 701 4279 aliqua
746 4206 807 4262 in
857 4207 1173 4279 postremis
1219 4208 1434 4275 verbis,
1477 4225 1604 4280 quas
1636 4209 1780 4264 satis
1810 4208 1962 4263 indi-

300 4300 446 4352 cant
504 4296 833 4352 Romanam
864 4295 1180 4352 Ecclesiam
1212 4297 1497 4368 adjectam
1534 4296 1695 4352 illam
1730 4314 1841 4353 non
1875 4314 1965 4353 re-

244 4430 247 4431 ν
301 4385 539 4458 cepisse
571 4384 1043 4457 explicationem,
1077 4383 1191 4440 nisi
1219 4384 1392 4457 longe
1424 4390 1557 4458 post
1585 4386 1966 4442 consuetudi-

304 4490 466 4542 nem,
530 4474 875 4546 Symbolum
934 4473 995 4528 in
1053 4473 1239 4529 missa
1289 4473 1555 4543 canendi,
1590 4475 1665 4530 ab
1693 4473 1968 4531 Ecclesiis

301 4562 650 4637 Hispanicis
677 4567 841 4619 sexto
870 4565 929 4618 et
958 4562 1208 4634 septimo
1238 4562 1472 4635 saeculo,
1504 4566 1563 4619 et
1582 4580 1616 4618 a
1653 4563 1968 4620 Gallicanis

302 4658 517 4709 octavo
548 4656 609 4707 et
638 4667 790 4707 nono
821 4651 1133 4707 invectam.

380 4741 762 4798 Accuratiora
806 4740 920 4813 ipsi
967 4739 1151 4797 Graeci
1198 4758 1312 4796 non
1354 4740 1595 4811 habent,
1627 4758 1756 4813 quas
1788 4742 1977 4814 profe-

303 4835 446 4888 rant
471 4848 484 4886 :
512 4851 542 4881 α
573 4836 925 4902 Anonymus
956 4828 1192 4885 Graecus
1223 4833 1427 4885 auctor
1459 4830 1658 4901 (verba
1700 4833 1839 4885 sunt
1869 4831 1975 4886 Ba-

304 4919 490 4984 ronii,
542 4919 616 4974 ad
675 4935 900 4975 annum
955 4918 1081 4986 883,
1142 4935 1307 4975 num.
1351 4919 1463 4989 35),
1523 4918 1626 4987 qui
1684 4918 1836 4973 inter
1864 4918 1979 4974 alia

312 5011 663 5067 Graecorum
720 5012 1107 5063 monumenta
1164 4996 1395 5079 positus
1454 5007 1706 5063 habetur
1736 5007 1796 5063 in
1842 5007 1976 5063 Val-

310 5097 597 5155 licellana
626 5096 1003 5168 bibliotheca,
1035 5095 1093 5151 id
1142 5095 1403 5167 primum
1462 5095 1680 5151 factum
1730 5114 1766 5151 a
1819 5097 1979 5153 Chri-

316 5186 590 5261 stophoro
644 5201 789 5258 papa
847 5184 1063 5240 tradit:
1126 5190 1302 5256 atque
1349 5184 1628 5251 afﬁrmat,
1688 5201 1877 5256 usque
1908 5185 1981 5239 ad

311 5274 461 5332 illud
496 5280 744 5346 tempus
790 5288 998 5329 omnes
1056 5271 1157 5344 qui
1214 5275 1637 5343 praecesserunt
1688 5276 1983 5328 Romanos

316 5364 652 5437 pontiﬁces,
685 5361 746 5418 in
796 5360 1064 5434 ipsorum
1107 5360 1239 5430 ﬁdei
1280 5361 1616 5432 professione
1662 5362 1986 5417 asseruisse

321 5454 542 5528 absque
579 5451 704 5510 ullo
734 5450 1157 5518 additamento,
1180 5450 1453 5521 Spiritum
1482 5457 1732 5505 sanctum
1759 5467 1795 5505 a
1823 5451 1988 5506 Patre

320 5544 625 5617 procedere.
687 5540 904 5612 Aitque
965 5542 1099 5611 post
1152 5538 1468 5595 recensitos
1531 5539 1989 5610 praedecessores

321 5635 670 5703 pontifices:
709 5631 816 5699 Qui
853 5644 982 5684 vero
1037 5628 1219 5700 ipsum
1270 5629 1446 5684 secuti
1491 5632 1618 5683 sunt
1649 5630 1988 5700 Formosum,

320 5722 661 5799 Bonifacius,
725 5718 1058 5792 Stephanus,
1111 5721 1413 5787 Romanus,
1467 5715 1796 5787 Theodorus,
1826 5720 1993 5777 Joan-

2063 3410 2227 3464 nium
2262 3408 2500 3463 Patrum
2553 3408 2899 3463 auctoritate
2954 3408 3237 3476 munitos,
3288 3409 3416 3480 jam
3456 3411 3711 3466 ostendi-

2065 3514 2216 3552 mus.
2252 3497 2400 3565 Haac,
2436 3513 2470 3550 a
2500 3497 2824 3567 majoribus
2847 3502 3103 3568 accepta,
3136 3498 3280 3553 fides
3302 3500 3427 3553 erat
3451 3497 3711 3554 Christo-

2065 3585 2253 3658 phori,
2315 3589 2373 3640 et
2424 3585 2605 3657 Sergii
2663 3587 3038 3653 successoris,
3073 3586 3171 3658 qui
3226 3586 3513 3642 Herveum
3554 3588 3711 3643 Rbe-

2067 3690 2329 3730 mensem
2361 3673 2887 3745 archiepiscopum,
2928 3675 3175 3746 ejusque
3217 3675 3505 3747 synodum
3535 3676 3709 3732 Tros-

2063 3763 2316 3818 leianam
2349 3779 2501 3817 anno
2528 3763 2635 3815 909
2672 3761 3020 3818 celebratam
3067 3754 3385 3829 admonuit,
3409 3768 3477 3819 ut
3503 3764 3713 3837 singuli

2066 3856 2316 3907 nostrum
2372 3850 2583 3923 (ipsius
2640 3851 2841 3906 Hervei
2922 3852 3097 3907 verba
3182 3852 3361 3924 sunt),
3418 3856 3716 3926 perspectis

2075 3945 2301 3997 Patrum
2319 3940 2718 3995 catholicorum
2744 3941 3050 4008 sententiis,
3086 3941 3150 3996 de
3177 3942 3390 3998 divina
3419 3943 3723 4014 Scriptura?

2066 4031 2345 4102 pharetris
2396 4026 2586 4084 acidas
2635 4030 2985 4101 proferamus
3048 4032 3280 4101 sagittas
3333 4034 3588 4102 potentis,
3646 4032 3725 4087 ad

2074 4117 2470 4191 confodiendas
2500 4117 2870 4188 blasphemias
2905 4118 3191 4189 cujusdam
3246 4118 3452 4188 Photii,
3488 4122 3729 4191 vigentes

2079 4210 2142 4262 in
2169 4207 2430 4277 partibus
2461 4205 2707 4261 Orientis
2739 4207 2799 4260 in
2835 4206 3105 4277 Spiritum
3147 4216 3417 4275 sanctum,
3449 4208 3592 4279 quod
3620 4225 3732 4264 non

2078 4313 2114 4352 a
2142 4295 2309 4367 Filio,
2343 4296 2456 4350 nisi
2482 4312 2517 4349 a
2545 4299 2716 4350 Patre
2761 4298 2978 4349 tantum
3021 4297 3305 4366 procedat,
3342 4297 3732 4368 blaspheman-

2077 4386 2169 4439 tis.
2203 4384 2309 4439 Sed
2341 4384 2492 4438 hanc
2524 4384 2721 4449 fidem,
2772 4382 3119 4456 interpolato
3167 4384 3459 4457 Symbolo,
3512 4387 3738 4457 profes-

2082 4490 2215 4530 sum
2248 4489 2376 4529 esse
2404 4472 2601 4544 palam
2631 4489 2945 4544 coramque
2975 4473 3459 4547 Christophorum
3500 4475 3741 4547 pontifi-

2082 4578 2233 4630 cem,
2264 4560 2531 4616 indicant
2558 4556 2720 4616 nulla
2751 4566 2977 4617 vetusta
3018 4563 3265 4634 probata
3312 4567 3735 4621 monumenta:

2011 4659 2058 4724 D
2088 4666 2278 4722 neque
2327 4666 2467 4705 sane
2509 4649 2690 4704 tribui
2732 4651 2849 4706 ista
2910 4656 3179 4723 possunt,
3224 4669 3353 4724 quae
3402 4657 3735 4719 narrantur,

2089 4739 2278 4795 eidem
2304 4737 2742 4810 Christophoro,
2768 4743 2834 4794 ut
2859 4739 2942 4795 ait
2959 4739 3276 4797 Baronius:
3303 4745 3501 4813 utpote
3522 4742 3621 4813 qui
3647 4742 3737 4796 in-

2084 4843 2256 4883 vasor
2284 4826 2613 4899 apostolicae
2670 4828 2847 4895 sedis,
2902 4845 3037 4883 mox
3086 4829 3224 4884 sede
3271 4829 3576 4902 depulsus,
3609 4847 3737 4902 per-

2086 4915 2242 4971 brevi
2276 4919 2537 4987 tempore
2583 4933 2713 4970 eam
2760 4916 2949 4971 tenuit
2991 4921 3372 4974 tumultuose.
3424 4920 3737 4975 Enormem

2089 5004 2342 5076 denique
2363 5004 2497 5075 quis
2531 5004 2679 5059 ferat
2709 5004 2986 5076 anonymi
3010 5005 3191 5061 Graeci
3217 5006 3738 5063 anachronismum

2091 5094 2427 5151 asserentis.
2462 5108 2493 5147 e
2526 5092 2708 5148 sacris
2737 5093 3031 5165 diptychis
3065 5094 3509 5167 Christophorum
3539 5097 3741 5151 Roma-

2090 5199 2225 5238 num
2270 5182 2589 5253 pontiﬁcem
2661 5188 3017 5254 expunctum
3076 5200 3110 5238 a
3164 5183 3361 5257 Sergio
3418 5184 3744 5253 patriarcha

2095 5272 2713 5342 Constantinopolitano,
2749 5270 3051 5328 Michaelis
3090 5272 3372 5329 Gerularii
3420 5274 3745 5345 decessore,

2098 5361 2170 5415 ad
2204 5360 2470 5416 eamdem
2503 5361 2665 5417 urbis
2727 5361 2899 5433 regia:
2953 5363 3151 5418 sedem
3211 5381 3364 5419 anno
3392 5363 3501 5418 999
3529 5368 3748 5430 evecto,

2100 5449 2363 5520 adeoque
2393 5449 2618 5522 integro
2649 5450 2767 5506 fere
2798 5450 3009 5507 saeculo
3039 5456 3173 5524 post
3220 5452 3706 5525 Christophorum
3728 5451 3759 5509 ?

2100 5538 2299 5602 Quid?
2351 5538 2505 5609 quod
2568 5538 2771 5594 Petrus
2826 5541 3224 5598 Antiochenus
3283 5542 3341 5598 in
3384 5541 3639 5615 Epistola
3688 5542 3761 5598 ad

2103 5626 2447 5683 Michaelem
2492 5626 2853 5683 Cerularium
2886 5631 3042 5701 apud
3088 5629 3438 5687 Gotelerium
3475 5629 3533 5683 in
3565 5630 3756 5686 Monu-

2101 5719 2302 5773 mentis
2328 5715 2588 5774 Ecclesia
2618 5715 2847 5789 Graece,
2891 5722 3052 5777 torno
3101 5717 3170 5788 II,
3221 5736 3385 5777 num.
3418 5707 3758 5792 5,'testatur
