4108 6448
453 413 567 471 207
1485 409 1797 468 GEORGII
1845 407 2108 469 CYPRII
2153 408 2269 468 CP.
2319 406 2849 468 PATRIARCH/E
3740 410 3851 495 208

450 560 513 599 se
541 553 673 598 ante
701 544 795 598 hos
823 556 997 597 annos
1025 540 1403 612 quadraginta
1431 543 1672 613 quinque
1703 540 2097 596 Coustantino-
2130 542 2185 607 Α
2214 544 2325 606 est,
2356 538 2725 594 dilectissimi
2785 539 2976 607 nobis,
3029 538 3165 595 ﬁdei
3220 543 3433 595 nostris
3461 557 3477 595 :
3537 541 3655 597 haec
3689 544 3855 600 verba

446 634 624 705 potim
684 633 999 702 ingressum
1052 632 1341 701 reperisse,
1398 631 1498 685 sub
1555 637 1761 685 sancta
1816 630 2104 684 memoria
2214 633 2354 683 sunt
2401 628 2688 700 Symboli,
2742 646 2858 684 non
2908 629 3210 701 sapientiae
3268 629 3545 684 humanae
3601 628 3855 689 sermone

451 721 775 789 patriarcha
810 720 1009 776 domno
1067 720 1215 775 211
1278 718 1467 790 Sergio
1524 718 1853 788 praedic/um
1904 733 2106 790 papam
2216 718 2392 787 facta,
2424 716 2526 772 sed
2551 733 2696 772 verae
2723 716 3045 773 divinitatis
3066 718 3293 773 ratione
3318 716 3620 789 disposita.
3645 719 3852 786 Quibus

456 808 767 881 (Joannem
825 807 970 863 XVII
1018 806 1105 863 vel
1157 807 1357 880 XVIII)
1418 824 1475 862 ιη
1542 824 1704 863 sacra
1768 807 1929 862 Missa
1983 823 2108 862 cum
2218 804 2787 876 comprehendendis
2856 808 3033 877 atque
3119 805 3419 862 servandis
3504 822 3674 863 nemo
3746 811 3856 865 non

458 899 589 954 aliis
612 899 953 970 patriarchis
980 898 1206 967 referri.
2216 892 2486 960 idoneus,
2518 910 2690 950 nemo
2720 911 2835 951 non
2869 899 3064 967 aptus.
3125 895 3231 951 Hic
3291 896 3391 951 Dei
3438 898 3623 952 Patris
3650 901 3707 954 et
3736 899 3860 954 Filii

535 987 923 1044 Memoratum
950 986 1135 1058 Sergii
1169 986 1244 1040 III
1278 984 1567 1057 pontiﬁcis
1598 988 1701 1041 aut
1731 989 2106 1057 praeceptum,
2226 1000 2345 1038 una
2405 981 2713 1054 aequalitas
2763 984 3180 1054 pronuntiatur
3236 988 3408 1059 atque
3461 988 3739 1056 potestas.
3767 986 3864 1042 Hic

465 1079 568 1132 aut
597 1076 908 1139 monitum,
959 1091 1075 1146 quo
1124 1073 1458 1129 Gallicanos
1506 1073 1810 1146 episcopos
1849 1073 1909 1127 in
1939 1074 2109 1128 Tros-
2219 1073 2539 1143 unigenitus
2568 1073 2664 1127 Dei
2690 1073 2758 1127 de
2812 1073 2989 1128 Maria
3048 1073 3272 1140 Virgine
3327 1080 3377 1128 et
3433 1071 3651 1143 Spiritu
3677 1079 3861 1131 saneto

464 1163 658 1221 leiana
685 1170 1067 1237 congregatos
1125 1162 1389 1236 urgebat,
1451 1167 1517 1217 ut
1574 1162 1758 1218 solide
1802 1162 2110 1218 adversum
2219 1160 2517 1215 secundum
2545 1176 2765 1217 carnem
2822 1164 2992 1221 natus
3043 1161 3395 1217 ostenditur.
3450 1161 3553 1217 Hic
3608 1163 3863 1234 ejusdem

466 1253 697 1309 Graecos
751 1253 1148 1309 vindicaretur
1216 1253 1485 1323 processio
1553 1252 1796 1322 Spiritus
1852 1251 2027 1307 sancti
2081 1268 2113 1307 a
2223 1250 2532 1320 cruciﬁgeio,
2562 1253 2615 1304 et
2641 1249 2947 1321 sepultura,
2969 1266 3034 1305 ac
3050 1249 3141 1305 die
3158 1251 3325 1306 tertia
3345 1253 3707 1308 ressurrectio
3737 1269 3864 1324 prae-

464 1344 626 1409 Filio,
686 1341 1052 1414 conjectandi
1109 1342 1270 1396 dedit
1326 1357 1532 1396 ansam
1596 1341 1851 1397 Gerardo
1902 1339 2115 1395 Joanni
2225 1339 2473 1394 dicatur.
2503 1338 2608 1393 Hic
2655 1340 2905 1409 ascensio.
2947 1339 3120 1411 ipsius
3166 1355 3333 1411 super
3368 1340 3549 1407 celos,
3572 1344 3635 1396 et
3661 1355 3866 1399 conces-

466 1431 676 1487 Vossio
733 1430 795 1486 in
852 1429 1268 1485 dissertatione
1324 1431 1399 1486 III
1455 1431 1529 1486 De
1588 1432 1767 1486 tribus
1816 1429 2113 1502 Symbolis,
2223 1429 2303 1483 sio
2331 1428 2391 1483 in
2420 1427 2648 1483 dextera
2674 1436 2920 1495 paternae
2939 1429 3244 1494 maiestatis
3264 1428 3609 1501 agnoscitur
3641 1445 3655 1485 :
3687 1435 3866 1486 ventu-

466 1535 634 1576 num.
668 1521 756 1586 41,
789 1518 1052 1574 additam
1101 1520 1173 1574 ab
1232 1518 1438 1574 eodem
1498 1518 1699 1591 Sergio
1732 1518 1916 1574 fuisse
1946 1518 2116 1590 Sym—
2224 1532 2429 1589 rusque
2457 1516 2529 1571 ad
2547 1515 2885 1588 judicandos
2938 1518 3086 1573 vivos
3139 1519 3191 1573 et
3247 1520 3489 1574 mortuos
3526 1517 3869 1578 declaratur.

468 1607 600 1663 bolo
650 1624 851 1663 vocem
905 1606 1175 1679 Filioque.
1232 1606 1533 1662 Judicium
1592 1607 1700 1663 hoc
1753 1607 1970 1679 (inquit
1997 1605 2116 1678 ille)
2227 1605 2329 1660 Hic
2358 1604 2598 1677 Spiritus
2624 1609 2848 1661 sanctus
2877 1604 2937 1660 in
2969 1605 3196 1675 eadem,
3227 1622 3345 1678 qua
3384 1605 3561 1662 Pater
3589 1610 3647 1661 et
3677 1606 3869 1679 Filius,

471 1696 723 1753 timidius
769 1694 1016 1769 profero,
1070 1696 1203 1767 quia
1251 1696 1499 1767 priorem
1553 1699 1831 1751 auctorem
1886 1696 2119 1751 laudare
2228 1693 2454 1749 Deitate
2481 1693 2831 1749 indiscretus
2860 1693 3164 1766 accipitur.
3214 1693 3317 1749 Hic
3367 1700 3666 1766 postremo
3697 1697 3870 1753 Eccle-

467 1788 678 1859 possim
704 1786 1000 1840 neminem.
1059 1783 1393 1840 Gallicanos
1449 1786 1654 1857 utique
1710 1802 1810 1841 eos
1840 1784 2119 1855 praesules
2228 1786 2326 1839 sim
2356 1783 2604 1848 vocatio,
2634 1791 2984 1854 peccatorum
3038 1785 3297 1840 remissio
3352 1789 3408 1840 et
3468 1788 3664 1842 carnis
3698 1802 3874 1843 resur-

472 1874 846 1930 vehementer
873 1872 1093 1928 hortari
1141 1872 1331 1945 potuit
1359 1874 1430 1928 ad
1462 1874 1953 1946 propugnandum
1986 1872 2120 1929 ﬁdei
2149 1906 2200 1971 Β
2230 1873 2395 1928 rectio
2419 1870 2765 1971 perdocetur:
2785 1893 2813 1921 »

474 1963 709 2035 dogma,
741 1961 880 2034 quin
910 1961 1094 2017 ullam
1123 1962 1248 2034 ipse
1286 1962 1359 2017 ad
1408 1961 1747 2034 Symbolum
1796 1962 1999 2018 fecerit
2027 1978 2122 2017 ac-
2151 1959 2198 1971 “’
2304 1961 2468 2015 Haud
2499 1959 2702 2016 iverim
2751 1959 2993 2026 inﬁtias,
3052 1960 3203 2016 hanc
3252 1960 3513 2032 Symbolo
3572 1962 3877 2021 Constanti-

473 2052 821 2108 cessionem.
859 2050 935 2106 Ea
961 2050 1143 2123 igitur
1186 2050 1556 2107 verisimilior
1613 2051 1849 2106 tandem
1880 2055 2124 2123 apparet
2228 2049 2546 2121 nopolitano
2603 2048 2792 2121 aptari
2851 2049 3115 2121 potuisse
3170 2050 3654 2122 expositionem:
3710 2056 3769 2108 at
3819 2068 3881 2107 ea

472 2138 785 2206 sententia,
844 2156 971 2211 quae
1030 2140 1102 2195 ad
1153 2137 1300 2194 illud
1358 2144 1593 2212 tempus
1642 2140 2029 2210 adjectionem
2061 2139 2120 2194 in
2229 2136 2572 2210 Symbolum
2619 2137 2812 2210 potius
2881 2137 3125 2193 indicari
3198 2139 3564 2210 apostolicum
3623 2138 3881 2213 simplex,

471 2228 739 2284 Romana
793 2227 1049 2283 Ecclesia
1104 2227 1428 2283 admissam
1487 2228 1679 2294 refert,
1730 2245 1845 2300 quo
1877 2228 2120 2284 Benedi-
2231 2224 2433 2282 nullus
2465 2225 2874 2282 dubitaverim.
2906 2226 3099 2282 Codex
3141 2232 3482 2284 asservatur
3510 2229 3574 2285 in
3601 2228 3882 2285 tabulario

469 2319 604 2373 ctus
633 2315 762 2371 VIII
793 2315 1028 2389 publice
1060 2317 1189 2372 cani
1221 2315 1562 2386 Symbolum
1607 2316 1761 2373 inter
1810 2318 2122 2373 Missarum
2233 2314 2473 2387 capituli
2505 2314 2919 2371 canonicorum
2972 2315 3422 2387 Forojuliensis,
3474 2317 3539 2374 in
3588 2335 3704 2391 quo
3731 2323 3885 2375 vetu-

468 2403 756 2461 solemnia
784 2404 1105 2460 consensit.
1133 2405 1302 2460 Dicta
1331 2404 1518 2460 recole
1551 2421 1716 2460 num.
1745 2405 1799 2460 3.
2234 2408 2361 2459 stus
2392 2404 2723 2460 continetur
2777 2404 2951 2470 ritus,
3011 2404 3579 2463 catechumenorum
3613 2405 3888 2464 scrutinia

541 2493 610 2548 V.
641 2512 662 2542 ι
693 2492 978 2549 Caeterum
1038 2494 1205 2548 fateri
1261 2494 1506 2549 interest
1563 2494 1762 2563 (verba
1819 2498 1960 2550 sunt
2015 2494 2123 2549 Mi-
2236 2493 2571 2565 peragendi.
2602 2494 2848 2549 ditatem
2881 2493 3003 2548 haec
3057 2497 3233 2550 verba
3289 2495 3725 2553 subindicant:
3757 2498 3891 2554 Huic

472 2580 691 2638 chaelis
718 2581 999 2653 Lequieni
1033 2581 1091 2636 in
1122 2580 1402 2653 Panoplia
1432 2586 1637 2638 contra
1675 2582 1936 2638 schisma
1967 2582 2126 2639 Grze-
2235 2584 2494 2655 mysterio
2518 2584 2768 2654 ponti/ea:
2796 2584 3057 2638 interesse
3083 2582 3253 2654 debet,
3282 2586 3429 2640 sicut
3483 2587 3636 2643 mihi
3684 2587 3893 2660 Luponi

477 2688 685 2728 corum
717 2670 929 2726 saeculo
984 2688 1086 2741 ιιι,
1145 2670 1334 2743 capite
1390 2672 1443 2738 4,
1506 2689 1670 2726 num.
1723 2673 1836 2743 24),
1894 2671 2129 2728 tametsi
2234 2674 2416 2727 visum
2470 2675 2568 2740 est,
2625 2672 2882 2727 Ecclesiae
2933 2676 3135 2729 sanctae
3183 2672 3574 2745 Aquileiensis
3631 2676 3892 2747 pontiﬁci.

480 2760 717 2816 nonnisi
744 2759 913 2816 initio
943 2759 1139 2816 saeculi
1187 2777 1262 2827 v1,
1314 2760 1623 2817 Benedicto
1672 2759 1799 2816 VIII
1829 2762 2127 2834 pontiﬁce,
2236 2760 2584 2817 Patriarcha:
2617 2761 2753 2829 duo,
2785 2762 2930 2833 Lupi
2974 2778 3078 2818 seu
3126 2762 3368 2833 Luponis
3423 2765 3673 2822 nomine
3703 2764 3896 2840 appel-

481 2848 830 2921 Symbolum
851 2849 1046 2905 Romae
1070 2849 1130 2903 in
1150 2850 1320 2905 Missa
1344 2849 1474 2904 cani
1496 2858 1747 2921 emplum
1770 2850 2127 2918 sit;dudum
2238 2850 2364 2922 lati,
2449 2856 2826 2906 recensentur
2901 2850 2959 2904 in
3039 2849 3330 2924 Catalogis
3388 2855 3898 2926 Aquileiensibns.

482 2942 680 2993 tamen
739 2942 913 2994 antea
991 2937 1336 3011 Symbolum
1394 2937 2125 3011 Constantinopolitanum,
2239 2939 2471 2995 Primus
2555 2941 2863 2995 Teutimaro
2931 2938 3214 2995 successit
3290 2946 3434 3011 post
3493 2960 3725 3000 annum
3780 2944 3899 3011 $5,

485 3030 692 3098 quarta
720 3026 885 3082 Feria
932 3026 1319 3082 hebdomadis
1367 3032 1587 3099 quarta:
1637 3027 2126 3104 Quadragesimaa,
2236 3029 2500 3101 rexitque
2556 3027 2874 3084 Ecclesiam
2926 3028 3036 3083 sub
3096 3027 3386 3085 Ludovico
3420 3030 3472 3087 II
3531 3049 3670 3105 rege
3699 3036 3758 3090 et
3796 3032 3901 3088 im-

482 3129 709 3169 necnon
762 3114 1018 3170 Sabbato
1074 3118 1298 3183 sancto,
1358 3115 1416 3170 in
1475 3115 1717 3172 ecclesia
1745 3133 1911 3188 super
1938 3120 2128 3177 electos
2234 3124 2521 3193 peratore.
2577 3116 2826 3173 Sedebat
2879 3115 3028 3172 alter
3072 3131 3225 3172 anno
3277 3117 3412 3185 944,
3470 3121 3587 3176 sub
3626 3137 3763 3195 rege
3791 3121 3902 3177 Hu-

480 3203 894 3259 catechumenos
924 3204 1153 3259 recitari
1184 3203 1447 3269 solitum,
1479 3204 1672 3261 Graece
1720 3206 1958 3278 quidem
2000 3226 2125 3265 ma-
2165 3272 2198 3281 _
2238 3224 2387 3281 gone
2417 3211 2475 3262 et
2503 3205 2772 3262 Lothario
2829 3203 2950 3261 ﬁlio
3008 3205 3158 3276 ejus.
3220 3206 3487 3271 Quinam
3540 3213 3903 3267 memoratus

481 3288 683 3357 sculis,
716 3291 920 3347 Latine
942 3309 1076 3348 vero
1129 3293 1386 3359 feminis,
1447 3298 1513 3348 ut
1572 3272 1823 3351 habetur
1850 3297 1910 3351 in
1944 3297 2125 3355 altero
2156 3272 2198 3340 C
2236 3272 2297 3351 in
2328 3295 2526 3351 codice
2556 3299 2756 3350 nostro
2788 3293 2901 3349 dici
2934 3272 3144 3350 debeat
3197 3296 3374 3367 Lupo,
3439 3314 3518 3354 an
3552 3300 3811 3373 primus,
3836 3315 3905 3355 an

478 3378 688 3438 Ordine
732 3381 991 3452 Romano,
1023 3380 1124 3453 qui
1182 3382 1242 3437 in
1300 3383 1643 3440 Bibliotheca
1682 3387 1916 3440 Patrum
1941 3386 2128 3458 (scili-
2236 3383 2578 3455 alter,'non
2636 3387 2887 3439 constat.
2949 3382 3011 3439 Id
3068 3399 3208 3439 vero
3254 3392 3678 3459 compertum,
3733 3389 3907 3445 ritum

478 3472 572 3523 cet
631 3469 1026 3541 Lugdunensi,
1085 3474 1244 3526 torno
1301 3471 1452 3540 XIII,
1510 3488 1644 3545 pag.
1700 3474 1828 3546 677)
1876 3461 2128 3533 excusus
2234 3472 2643 3529 Scrutiniorum
2672 3487 2738 3527 eo
2786 3470 3046 3528 exhiberi
3094 3471 3155 3527 in
3204 3473 3436 3542 codice,
3470 3478 3579 3549 qui
3614 3494 3773 3535 nono
3803 3488 3907 3534 sat-

478 3556 634 3628 typis
666 3556 795 3611 fuit.
857 3561 1073 3614 Verum
1131 3559 1190 3614 in
1251 3560 1444 3616 Graeco
1497 3561 1769 3633 Symbolo
1811 3562 1937 3618 sine
1968 3565 2127 3635 adje-
2235 3560 2366 3617 culo
2397 3566 2498 3617 aut
2525 3561 2753 3616 decimo
2804 3561 2865 3615 in
2921 3576 3033 3616 usu
3089 3564 3217 3617 erat
3268 3564 3432 3634 apud
3465 3567 3902 3639 Aquileienses.

477 3644 670 3700 ctione
700 3646 771 3701 de
796 3647 1015 3717 Spiritu
1046 3651 1230 3704 sancto
1259 3647 1491 3721 legitur,
1535 3648 1598 3702 τὸ
1657 3647 1716 3702 ἐκ
1772 3648 1980 3725 Πατρός
2040 3649 2125 3705 ἐκ·
2235 3648 2634 3722 Apostolicum
2661 3648 3005 3721 Symbolum
3028 3664 3199 3721 porro
3227 3648 3433 3708 electis
3455 3652 3906 3712 oatechumcnis

474 3731 838 3807 πορευόμενον
872 3753 884 3804 ;
919 3736 978 3791 in
1029 3735 1233 3793 Latino
1278 3754 1433 3806 vero,
1467 3741 1566 3811 qui
1617 3755 1687 3795 ea:
1738 3741 1903 3796 Patre
1956 3742 2125 3798 Filio-
2236 3738 2543 3807 traditum,
2598 3738 2766 3794 docet
2813 3738 3029 3794 codex:
3081 3738 3393 3810 eidemque
3441 3742 3737 3816 Symbolo
3766 3756 3906 3817 pra-

476 3838 580 3895 que
601 3825 871 3894 procedit.
904 3826 1066 3891 Quod
1118 3825 1435 3882 discrimen
1491 3828 1825 3884 Latinorum
1857 3828 2125 3886 librario-
2238 3829 2357 3884 fata
2385 3826 2694 3901 explicatio
2721 3826 3122 3900 subjungitur.
3173 3827 3344 3884 Ritus
3376 3829 3649 3904 hujusce
3680 3837 3907 3908 partem

474 3929 607 3967 rum
638 3912 958 3969 oscitantis:
989 3914 1230 3971 attribui
1263 3916 1484 3987 possit:
1522 3917 1636 3973 nisi
1670 3918 1862 3975 forsan
1886 3920 2127 3992 Symbo-
2230 3916 2446 3989 accipe,
2480 3933 2608 3988 quae
2631 3915 2916 3987 sequitur.

472 3999 598 4055 lum
648 4005 1001 4073 Graecorum,
1061 4007 1127 4059 ut
1184 4022 1218 4060 a
1273 4006 1541 4060 secundae
1599 4007 1802 4078 synodi
1855 4007 2124 4065 Patribus
2303 4029 2331 4056 ‹‹
2352 4008 2549 4077 Incipit
2568 4006 2845 4076 Praelatio
2863 4004 3130 4077 Symboli.
3153 4005 3473 4077 Antequam
3494 4010 3663 4069 dicas
3688 4011 3910 4085 Symbo-

473 4089 696 4145 editum
753 4096 896 4160 erat,
956 4093 1027 4147 ab
1084 4092 1246 4148 omni
1303 4093 1702 4151 additamento
1739 4114 1975 4168 purum,
2011 4098 2123 4154 Ro-
2233 4095 2461 4163 lum,his
2479 4095 2658 4151 verbis
2674 4109 3032 4166 prosequere:
3054 4093 3439 4153 Dilectissimi
3462 4101 3732 4157 nobisin
3751 4100 3909 4156 Chri-

473 4179 633 4233 mani
665 4181 1015 4236 servandum
1073 4182 1444 4252 censuerint;
1504 4200 1636 4239 cum
1697 4185 1935 4241 interim
1992 4187 2122 4259 ejus
2230 4189 2340 4252 sto,
2375 4188 2485 4240 etc.
2515 4184 2643 4240 Post
2670 4184 2784 4239 haec
2811 4184 3089 4253 accipiens
3114 4183 3404 4256 acolythus
3435 4204 3631 4246 unum
3659 4206 3734 4247 ex
3775 4189 3915 4263 ipsis

472 4267 738 4322 Latinam
792 4267 1236 4325 translationem
1296 4287 1416 4326 una
1466 4272 1674 4328 vocula
1719 4275 1920 4345 augeri
1951 4292 2123 4347 posse
2229 4273 2537 4344 infantibus
2564 4275 2894 4339 masculum,
2916 4280 3105 4328 tenens
3132 4274 3191 4327 in
3239 4274 3480 4333 sinistro
3528 4280 3787 4351 brachio,
3815 4292 3914 4351 po-

473 4355 717 4411 minime
772 4356 1131 4413 dubitarent.
1199 4359 1362 4424 Quod
1447 4367 1645 4416 tamen
1707 4363 1932 4419 dudum
1989 4370 2123 4436 post
2226 4362 2402 4419 uendo
2430 4378 2663 4417 manum
2690 4378 2857 4434 super
2883 4367 3051 4431 caput
3069 4362 3301 4434 ejus:et
3327 4365 3657 4441 interroget
3680 4369 3918 4442 presby-

473 4442 683 4498 Leonis
717 4442 788 4498 III
809 4448 1075 4516 tempora
1098 4445 1318 4501 factum
1345 4447 1474 4502 erit.
1503 4449 1850 4521 Quanquam
1875 4452 2122 4508 minime
2227 4460 2309 4508 ter
2328 4473 2348 4507 :
2379 4452 2503 4516 Qua
2532 4450 2734 4523 lingua
2754 4449 3106 4505 conﬁtentur
3125 4450 3455 4510 Dominum
3487 4456 3714 4514 Jesum
3746 4455 3916 4515 Chri-

471 4530 933 4621 praetermittam,
967 4533 1233 4589 ordinem
1264 4535 1422 4590 hunc
1455 4536 1784 4593 Romanum
1815 4540 1887 4595 De
1914 4540 2120 4597 divinis
2227 4544 2380 4597 stum
2401 4541 2428 4595 ?
2448 4539 3390 4613 Respondetacolythus.Latina.Et
3408 4543 3575 4603 dicat
3598 4547 3921 4621 presbyter:

469 4617 665 4690 ofﬁciis
695 4621 767 4675 ad
802 4637 946 4676 usus
1002 4626 1059 4676 et
1115 4639 1309 4678 mores
1366 4623 1677 4681 Gallicanae
1717 4627 1983 4684 Ecclesia:
2017 4647 2117 4685 ac-
2154 4642 2202 4707 D
2233 4630 2532 4686 Annuntia
2561 4629 2735 4685 ﬁdem
2766 4628 3050 4700 ipsorum,
3103 4628 3354 4701 qualiter
3404 4617 3698 4694 credunt.
3734 4617 3806 4694 Et
3829 4636 3926 4692 ille

469 4708 906 4764 commodatum
939 4709 1140 4765 videri.
1178 4733 1198 4759 ιι
1234 4711 1404 4767 Hisce
1432 4713 1541 4768 viri
1571 4715 1894 4772 doctissimi
1928 4718 2116 4774 anim-
2225 4725 2411 4777 cantat
2440 4719 2797 4791 Symbolum:
2857 4718 3040 4774 Credo
3086 4718 3145 4774 in
3190 4719 3377 4775 Deum
3431 4723 3689 4783 Patrem
3729 4725 3924 4784 omni-

468 4796 910 4852 adversionibus
966 4799 1109 4853 satis
1160 4799 1463 4868 evincitur,
1508 4802 1656 4859 nihil
1689 4804 1881 4861 inesse
1910 4806 1968 4862 in
2003 4806 2113 4862 hu-
2225 4814 2518 4883 potentem
2550 4806 2913 4880 (Symbolum
2945 4812 3035 4864 est
3064 4809 3527 4884 apostolorum).
3565 4815 3636 4872 Et
3666 4816 3806 4872 dum
3830 4814 3929 4872 hoc

459 4884 744 4978 jusmodi.
778 4884 1208 4978 (:rdinesolidae
1249 4888 1633 4958 auctoritatis,
1666 4909 1793 4963 quae
1824 4898 2111 4951 vetustam
2221 4902 2435 4963 cantat,
2465 4912 2697 4952 manum
2726 4912 2891 4968 super
2912 4899 3077 4968 caput
3105 4901 3309 4953 teneat.
3344 4900 3463 4957 Hoc
3514 4905 3686 4962 213
3736 4900 3924 4978 ﬁnito,

467 4972 669 5067 probet
698 4972 757 5067 in
785 4972 1048 5067 Pecunia
1093 4979 1357 5033 Romana
1405 4979 1805 5037 accessionem
1837 4982 1995 5039 vocis
2021 4985 2113 5040 Fi-
2222 4988 2425 5043 iterum
2441 4985 2680 5057 accipiat
2695 4986 2835 5040 alter
2850 4985 3134 5057 acolythus
3155 5002 3225 5042 ea:
3244 4989 3383 5058 ipsis
3401 4972 3755 5062 infantibus
3768 4972 3930 5067 femi-

466 5060 651 5150 lioque
678 5061 749 5150 ad
781 5061 1147 5133 Symbolum.
2218 5094 2371 5146 nam,
2406 5076 2550 5132 sicut
2577 5090 2765 5146 supra.
2798 5074 2865 5129 Et
2885 5074 3185 5147 interroget
3209 5060 3515 5150 presbyter
3543 5085 3707 5139 sicut
3733 5060 3925 5141 antea.

535 5148 1115 5245 Dixerimpraeterea,
1144 5171 1332 5245 neque
1362 5155 1706 5245 Symbolum
1737 5157 1933 5231 ipsum
1968 5160 2107 5217 Con-
2219 5167 2283 5221 Et
2310 5168 2427 5238 ipse
2472 5163 2760 5236 acolythus
2815 5172 2997 5219 cantet
3028 5148 3391 5237 Symbolum,
3435 5173 3507 5225 ut
3553 5189 3755 5245 supra
3782 5175 3927 5231 scri-

458 5238 1009 5329 stantinqpolitanum
1036 5243 1187 5299 tradi
1239 5243 1438 5300 electis
1497 5248 1873 5304 consuevisse
1906 5248 1965 5304 in
2000 5252 2107 5307 Ec-
2213 5258 2371 5327 ptum
2397 5262 2494 5310 est.
2526 5254 2634 5309 Hoc
2664 5253 2907 5324 expleto,
2950 5255 3199 5324 sequitur
3241 5256 3552 5329 presbyter
3585 5238 3685 5318 his
3715 5263 3924 5320 verbis.

461 5326 960 5419 clcsiai’tomana,
996 5332 1096 5419 sed
1130 5332 1380 5405 simplex
1408 5351 1475 5389 ac
1529 5352 1745 5406 purum
1803 5337 2108 5410 vulgatum
2216 5326 2344 5399 Filii
2374 5341 2729 5410 charissimi,
2761 5341 3013 5400 audistis
3041 5358 3240 5398 vocem
3282 5326 3509 5419 Patris,
3546 5356 3670 5408 etc.
3864 5358 3873 5365 “

458 5416 834 5511 apostolicum.
866 5418 942 5511 Id_
962 5418 1157 5511 colligi
1202 5437 1375 5493 posse
1423 5438 1492 5478 ex
1537 5422 1718 5493 brevi,
1752 5440 1880 5496 quae
1912 5429 2107 5500 sequi-
2288 5454 2318 5483 «
2348 5434 2415 5487 Et
2447 5432 2749 5486 annuntiat
2798 5431 3082 5498 diaconus,
3155 5431 3340 5488 dicens
3369 5449 3393 5487 :
3444 5416 3721 5511 Signata
3802 5454 3914 5498 vos

456 5507 574 5593 tur,
633 5504 785 5593 2S2
840 5507 1044 5563 eodem
1097 5509 1157 5563 in
1213 5511 1405 5565 ordine
1449 5511 1809 5583 expositione
1848 5516 2108 5587 Symboli
2216 5536 2442 5589 omnes,
2471 5524 2528 5577 et
2559 5518 2758 5577 audite
2786 5519 3150 5593 Symbolum.
3187 5525 3254 5578 Et
3290 5520 3501 5583 dicunt
3520 5504 3768 5588 Excelsa
3797 5544 3929 5589 voce

454 5592 599 5649 mihi
630 5592 898 5687 videtur:
929 5593 989 5687 in
1037 5612 1156 5687 qua
1201 5599 1466 5671 ejusdem
1508 5599 1806 5672 apostolici
1839 5602 2103 5675 Symboli
2212 5611 2517 5684 presbyter,
2575 5613 2628 5665 et
2687 5608 2949 5664 diaconus
3025 5614 3075 5667 et
3129 5610 3278 5668 idem
3356 5619 3582 5686 repetit
3660 5620 3923 5678 chorus:

450 5682 683 5753 tantum
736 5682 914 5741 verba
968 5685 1212 5743 indicari
1271 5688 1579 5745 videntur:
1648 5710 1673 5743 σι
1710 5689 1841 5746 Haec
1871 5708 2108 5753 summa
2213 5682 2392 5756 Credo
2449 5700 2509 5755 in
2567 5699 2752 5755 Deum
2812 5697 3042 5755 Patrem
3102 5742 3118 5757 .
3181 5741 3195 5756 .
3258 5743 3271 5757 .
3329 5682 3535 5762 vitam
3600 5713 3927 5768 aeternam.
