4108 6430
282 452 403 515 209

1474 398 1477 399 ν
1519 449 1725 511 Vl'l‘A.
1761 481 1837 496 —
1868 448 2397 512 DISSERTATIO
2440 448 2518 510 ll.

3602 442 3723 504 210

284 587 473 644 Amen
502 583 886 659 (Symbolum
932 588 1022 641 est
1067 581 1508 656 apostolorum:
1564 582 1720 655 quod
1768 581 1927 637 etian

2060 598 2273 655 verbis:
2302 598 2430 654 Haec
2462 613 2697 654 summa
2725 601 2815 653 est
2847 594 2983 652 fidei
3029 600 3262 665 nostrai,
3323 591 3716 651 dilectissimi.

290 677 588 749 integrum
646 674 1004 747 exponitur).
1054 674 1312 745 Sequitur
1352 674 1615 745 expositio
1682 670 1945 743 Symboli.

297 765 463 822 Credo
488 768 552 821 in
580 766 755 821 Deum
789 769 1012 821 Patrem
1040 766 1479 835 omnipotentem.
1521 762 1580 816 Si
1620 759 1945 831 credidisti,

294 856 416 912 noli
444 855 732 912 dubitare.
761 854 895 911 Noli
918 854 1105 909 facere
1124 853 1197 909 de
1227 851 1572 907 credulitate
1612 850 1941 923 perfidiam.

2058 692 2190 743 Haec
2210 689 2385 744 verba
2415 693 2556 742 sunt
2586 686 2869 760 Symboli,
2900 708 2927 736 n
2961 685 3354 742 etc.Eamdem
3377 689 3463 740 est
3489 685 3718 755 exposi-

2057 777 2139 831 tio
2164 783 2339 849 prout
2368 777 2427 831 in
2458 775 2658 832 Ordine
2689 777 2927 831 Romano
2958 773 3214 846 legitur;
3273 790 3400 845 qua}
3451 773 3717 844 superio-

2056 882 2175 920 rem
2241 865 2499 937 Symboli
2557 866 2861 937 apostolici,
2919 881 3031 919 non
3095 863 3711 933 Constantinopolitani,

293 945 425 1002 Noli
449 945 655 1000 vitium
688 943 914 1000 sociare
933 942 1156 998 virtuti.
1183 942 1390 998 Dixisti
1418 959 1431 998 :
1466 940 1632 996 Credo
1662 941 1723 995 in
1774 940 1945 995 Deum
2053 954 2473 1025 expositionem
2501 955 2848 1027 compendio
2875 953 3179 1009 collectam
3213 951 3465 1007 exhibet.

294 1038 531 1091 Patrem.
565 1035 626 1089 In
658 1049 849 1088 unum
879 1032 1063 1088 Deum
1092 1034 1276 1087 totam
1310 1029 1616 1085 confessus
1645 1044 1708 1083 es
1750 1027 1942 1083 Trini-

294 1126 488 1179 tatem.
537 1125 606 1179 Et
652 1124 717 1178 in
770 1124 956 1179 Jesum
1021 1121 1325 1190 Christum,
1408 1120 1577 1175 Jesus
1649 1115 1937 1183 Salvator,

290 1212 552 1269 Christus
611 1215 831 1268 unctus
915 1209 1160 1283 mystice
1224 1211 1616 1280 nuncupatur.
1675 1204 1941 1261 Salvator

284 1301 520 1368 dicitur,
555 1300 701 1373 quia
726 1301 855 1373 ipse
886 1317 1005 1356 suae
1026 1299 1293 1356 Salvator
1316 1297 1502 1352 factus
1525 1300 1613 1352 est
1633 1300 1934 1350 creatura.

274 1391 441 1446 Sicut
470 1391 653 1446 etiam
703 1405 872 1461 reges
899 1388 1049 1456 oleo,
1089 1388 1173 1444 ita
1203 1385 1570 1460 plenitudine
1600 1389 1690 1440 est
1722 1383 1934 1438 divini-

271 1479 414 1535 tatis
439 1479 702 1535 infusus.
726 1480 932 1534 Filium
954 1479 1071 1550 ejus
1096 1478 1330 1533 unicum
1354 1477 1644 1532 Dominum
1661 1476 1931 1529 nostrum.

268 1568 423 1634 Quia
446 1585 584 1625 esse
614 1568 744 1637 ﬁlii,
801 1584 931 1624 esse
986 1566 1211 1623 domini
1267 1569 1620 1637 acceperunt
1675 1562 1772 1618 alii
1831 1576 1934 1634 per

267 1658 573 1730 gratiam:
632 1658 760 1730 ipse
816 1659 1039 1723 autem,
1096 1655 1255 1729 quod
1314 1658 1405 1710 est
1486 1652 1692 1722 Filius,
1775 1651 1929 1723 quod

267 1752 366 1803 est
408 1747 724 1815 Dominus,
783 1746 896 1802 hoc
944 1762 1117 1802 suam
1165 1743 1429 1817 possidet
1481 1759 1583 1815 per
1631 1745 1927 1796 naturam.

268 1836 384 1906 Qui
437 1845 607 1892 natus
653 1843 734 1892 est
785 1836 853 1891 de
908 1834 1120 1907 Spiritu
1173 1835 1365 1890 sancto
1419 1849 1492 1889 ea:
1564 1832 1748 1890 Maria
1819 1831 1930 1885 Vir—

2123 1042 2336 1099 Praater
2363 1044 2607 1100 Ordines
2667 1044 2986 1107 Romanos,
3044 1042 3266 1096 editum
3328 1039 3577 1095 alterum
3635 1039 3707 1096 ab

2049 1130 2358 1204 Hittorpio,
2418 1132 2782 1203 alterumque
2832 1129 3252 1197 aMabillonio,
3314 1145 3457 1184 num
3531 1129 3587 1193 7,
3646 1127 3707 1182 in

2048 1219 2267 1290 quibus
2297 1222 2579 1275 traditum
2611 1220 3049 1275 catechumenis
3099 1218 3316 1289 legitur
3361 1216 3707 1290 Symbolum

2046 1309 2755 1381 Constantinopolitunum:
2809 1307 3152 1381 Symbolum
3208 1308 3348 1362 item
3411 1308 3604 1361 Graece
3648 1307 3706 1360 et

2047 1396 2248 1452 Latine
2279 1403 2501 1470 prostat
2527 1398 2586 1453 in
2632 1397 3100 1454 Sacramentario
3156 1396 3484 1464 Gelasiano,
3558 1410 3703 1449 num

2042 1486 2130 1555 35,
2163 1487 2315 1557 apud
2351 1487 2735 1542 Muratorium
2766 1486 2824 1541 in
2881 1486 3143 1558 Liturgia
3198 1486 3462 1540 Romana
3517 1482 3697 1540 veteri

2040 1577 2199 1629 tomo
2229 1574 2272 1629 Ι.
2302 1580 2374 1629 At
2405 1574 2593 1631 brevis
2623 1575 2725 1631 illa
2773 1575 3027 1632 occurrit
3059 1575 3362 1647 expositio,
3415 1590 3542 1646 quae
3592 1589 3699 1645 po-

2041 1661 2161 1717 tius
2190 1663 2521 1734 apotolicum
2549 1664 2769 1720 indicat
2798 1663 3139 1737 Symbolum
3172 1679 3183 1718 :
3219 1679 3285 1717 ac
3334 1662 3389 1717 in
3452 1666 3701 1732 utroque

2038 1755 2339 1821 praeterea,
2370 1753 2565 1809 Graeco
2597 1758 2656 1809 et
2686 1753 2913 1817 Latino,
2951 1768 3060 1808 vox
3107 1752 3354 1824 Filioque
3408 1749 3701 1817 desidera-

2038 1844 2155 1894 tur.
2189 1839 2471 1913 Scriptum
2501 1840 2759 1896 codicem
2791 1842 2848 1896 in
2882 1841 3146 1906 Francia,
3180 1856 3282 1911 pro
3314 1841 3469 1894 certo
3526 1837 3705 1893 habet

456 1925 635 2026 Virgo
662 1929 720 2026 et
747 1924 1003 2026 Spiritus
1049 1928 1294 2026 sanctus
1342 1920 1782 2026 commercium.
1812 1917 1927 1972 νίτ-
1964 1960 2010 2025 Β
2040 1926 2257 2026 doseph
2337 1929 2517 1984 Maria
2583 1929 2958 1995 Thomasius,
3007 1927 3106 2000 qui
3165 1926 3700 1983 Sacramentarium
3793 1944 3802 1953 ·

262 2016 420 2072 tutis
448 2019 542 2071 est
576 2014 812 2071 cmleste
869 2012 1227 2071 consortium
1295 2009 1623 2081 majestatis
1671 2006 1922 2078 insigne.

265 2104 438 2173 Quod
469 2120 610 2177 ergo
638 2107 878 2177 generat
904 2102 1102 2176 Virgo,
1133 2100 1398 2157 divinum
1430 2104 1538 2167 est,
1562 2115 1679 2154 non
1710 2098 1924 2153 huma—

266 2210 439 2250 num.
463 2193 724 2249 Mundus
745 2209 859 2267 non
875 2191 1202 2264 capit,ratio
1217 2207 1331 2245 non
1353 2188 1557 2244 habet:
1580 2187 1735 2259 sapit
1755 2186 1921 2253 ﬁdes,

263 2300 384 2340 non
417 2282 577 2357 sapit
605 2281 802 2338 saeculi
834 2281 1170 2355 inquisitor.
1204 2278 1453 2335 Dicitur:
1474 2276 1591 2333 Sub
1614 2277 1807 2332 Pontio
1829 2276 1922 2330 Pi-

261 2374 378 2429 lato
407 2374 715 2442 cruciﬁxus
742 2374 842 2437 est,
871 2380 925 2427 et
952 2371 1217 2443 sepultus.
1259 2367 1493 2424 Audisti
1524 2383 1737 2422 nomen
1763 2364 1924 2437 judi-

259 2462 371 2530 eis,
406 2478 480 2517 ne
510 2465 749 2534 tempus
779 2458 1206 2532 persecutionis
1233 2458 1489 2531 ignores.
1523 2454 1757 2512 Audisti
1790 2472 1922 2510 cru-

258 2552 532 2621 ciﬁxum,
590 2554 659 2606 ut
714 2548 870 2606 scias
929 2549 1110 2604 vitam
1171 2546 1418 2603 rediisse
1491 2562 1595 2618 per
1669 2544 1919 2617 lignum.

254 2640 497 2697 Audisti
531 2639 855 2712 sepultum,
887 2653 959 2693 ne
981 2642 1228 2693 mortem
1255 2635 1712 2708 perfunctoriam
1735 2634 1924 2706 suspi-

254 2731 438 2787 ceris.
472 2729 721 2785 Mortem
755 2726 978 2801 fugisse
1006 2724 1237 2782 timoris
1273 2729 1381 2791 est,
1412 2724 1623 2780 vicisse
1667 2723 1919 2779 virtutis.

258 2819 450 2876 Tertia
479 2817 571 2875 die
621 2818 932 2873 resurrexit
976 2818 1163 2872 vivens
1191 2832 1227 2870 a
1252 2815 1504 2870 mortuis.
1565 2813 1712 2877 Quia
1763 2815 1920 2883 quod

249 2924 481 2982 passus
501 2905 809 2974 est,solius
826 2908 917 2962 est
936 2905 1130 2961 carnis
1153 2903 1329 2976 ;quod
1347 2901 1725 2958 resurrexerit
1741 2901 1922 2956 totius

246 2996 451 3072 gloria
478 2994 816 3051 Trinitatis.
875 2993 1130 3050 Ascendit
1174 2994 1236 3048 in
1282 2993 1496 3049 acetum.
1542 2992 1658 3047 Nos
1707 2991 1918 3055 ferens,

251 3102 379 3142 non
411 3101 475 3141 se
505 3085 791 3151 referens,
825 3082 928 3156 qui
980 3099 1095 3138 non
1153 3082 1353 3138 deerat
1399 3080 1564 3137 cmlo.
1633 3080 1798 3136 Sedet
1852 3078 1923 3133 ad

259 3176 551 3231 dexteram
576 3173 784 3229 Patris.
846 3172 1061 3228 Totum
1106 3172 1359 3227 tenendo
1409 3171 1564 3243 quod
1616 3168 1921 3242 potestatis

268 3268 365 3319 est
396 3269 456 3318 et
481 3262 741 3319 honoris.
774 3260 907 3317 Inde
932 3264 1198 3317 venturus
1253 3268 1332 3317 est
1377 3261 1635 3333 judicare
1680 3261 1831 3314 vivos
1867 3263 1922 3313 et

2040 2016 2198 2072 istud
2255 2017 2616 2073 Gelasianum
2704 2019 2932 2090 primus
2986 2017 3279 2089 vulgavit:
3336 2016 3534 2088 ibique
3593 2033 3699 2089 pro

2036 2122 2197 2161 more
2245 2106 2554 2162 Gallicanae
2640 2106 2891 2179 alicujus
2954 2106 3222 2162 Ecclesiae
3278 2104 3695 2178 interpolatum

2036 2194 2237 2262 fuisse,
2273 2193 2422 2251 nihil
2453 2212 2559 2268 ego
2592 2195 3000 2252 dubitaverim.
3034 2195 3430 2250 Christianum
3470 2194 3698 2266 Lupum

2034 2301 2267 2356 sequor,
2300 2284 2401 2358 qui
2432 2286 2493 2340 in
2553 2285 2962 2341 dissertatione
3004 2286 3075 2339 de
3132 2284 3407 2356 Symbolo
3457 2287 3697 2356 aposto-

2032 2372 2146 2429 lico
2176 2378 2234 2429 et
2261 2373 2514 2445 Nicaeno,
2549 2375 2735 2445 capite
2762 2375 2815 2440 3,
2867 2374 3191 2446 quaestione
3218 2374 3272 2439 3,
3334 2373 3418 2429 sic
3476 2373 3655 2428 habet
3684 2391 3697 2431 :

2032 2484 2061 2512 «
2092 2464 2436 2534 Respondeo
2468 2461 2810 2534 hujusmodi
2846 2462 3073 2519 Ordines
3104 2479 3219 2517 non
3280 2477 3409 2517 esse
3466 2477 3597 2516 vere
3628 2476 3696 2516 ac

2032 2566 2178 2621 pure
2210 2555 2523 2619 Romanos,
2558 2552 2659 2607 sed
2690 2549 2896 2607 multis
2931 2552 3288 2607 Francorum
3337 2549 3694 2605 addimentis

2034 2640 2503 2695 transformatos.
2551 2682 2563 2693 .
2610 2681 2622 2694 .
2684 2640 3047 2711 Quapropter
3120 2656 3237 2693 non
3296 2643 3438 2694 sunt
3488 2636 3692 2693 Carolo

2034 2730 2241 2800 Magno
2275 2728 2660 2800 antiquiores.
2686 2729 2806 2784 Sub
2854 2726 3016 2782 illius
3073 2727 3233 2783 enim
3277 2726 3528 2799 imperio
3592 2728 3696 2782 aut

2032 2833 2209 2889 regno
2269 2818 2624 2872 Francorum
2684 2817 2939 2889 episcopi
3000 2820 3296 2888 cmperunt
3350 2814 3693 2888 Symbolum

2033 2910 2273 2962 cantare
2306 2908 2381 2961 ad
2415 2905 2681 2973 missam,
2714 2912 2775 2961 et
2819 2905 2933 2977 ipsi
2989 2905 3247 2961 inserere
3307 2903 3452 2959 illud
3513 2904 3699 2976 Hispa

2031 2994 2228 3050 nicum
2289 2995 2469 3067 (vocis
2519 2996 2784 3067 Filioque)
2815 2995 3305 3061 additamentum,
3364 2993 3565 3065 Neque
3602 2996 3693 3048 ta-

2033 3101 2168 3139 men
2200 3085 2577 3156 baptizarunt
2604 3083 2663 3138 in
2695 3084 2794 3139 illo
2826 3084 3125 3155 Symbolo.
3169 3084 3346 3138 Lucet
3372 3098 3442 3137 ex
3488 3080 3695 3152 hujus-

2033 3173 2190 3229 modi
2225 3172 2508 3229 Ordinum
2542 3173 2759 3229 ibidem
2792 3174 2863 3228 ad
2883 3171 3696 3242 catechumenosverbis,qum

2031 3263 2092 3318 in
2123 3262 2505 3335 Alequileinsi
2537 3262 2714 3318 etiam
2746 3263 2864 3317 ritu
2896 3262 3190 3317 habentur
3219 3276 3232 3316 :
3264 3262 3496 3316 Intentis
3515 3261 3700 3330 itaque

264 3354 533 3409 mortuos.
563 3353 721 3418 Quos
747 3354 851 3406 aut
875 3350 1074 3406 mittat
1103 3350 1173 3404 ad
1201 3327 1471 3422 gloriam,
1532 3353 1634 3404 aut
1679 3348 1921 3403 damnet
1952 3327 1995 3393 Ο
2032 3327 2585 3423 animisSymbolum
2614 3353 2846 3407 discite:
2876 3356 2929 3407 et
2970 3350 3110 3423 quod
3155 3350 3305 3406 vobis
3353 3350 3498 3405 sicut
3550 3327 3699 3404 acce-

259 3442 337 3497 ad
367 3457 623 3514 paruam.
655 3439 830 3497 Credo
859 3441 923 3495 in
953 3438 1225 3511 Spiritum
1252 3447 1528 3495 sanctum.
1586 3437 1751 3493 Sicut
1802 3453 1920 3491 cre-

2022 3442 2229 3514 pimus,
2265 3442 2554 3511 tradimus,
2577 3457 2685 3496 non
2717 3442 2893 3497 alicui
2926 3441 3182 3497 materia:
3226 3454 3353 3511 qua?
3406 3455 3465 3494 co
3479 3426 3702 3510 rrumpi

250 3531 459 3587 dimus
489 3529 554 3585 in
580 3529 768 3586 Deum
801 3528 1052 3595 Patrem,
1087 3528 1169 3582 ita
1199 3528 1496 3582 credimus
1538 3526 1598 3581 in
1630 3525 1917 3597 Spiritum
2022 3534 2215 3603 potest,
2252 3530 2401 3587 215
2436 3530 2531 3584 sed
2558 3532 2777 3601 paginis
2834 3530 3004 3584 vestri
3048 3527 3232 3583 cordis
3289 3526 3601 3583 inseribite.
3629 3528 3698 3581 At

248 3623 541 3677 sanctum
572 3618 833 3691 Spiritus
865 3620 1106 3673 sanctus
1138 3616 1432 3688 quomodo
1474 3614 1780 3687 putabitur
1808 3613 1919 3667 mi-

250 3726 368 3767 nor
396 3725 533 3766 esse
565 3706 921 3763 divinitate?
958 3710 1215 3772 Patrem,
1262 3709 1320 3761 et
1374 3704 1589 3761 Filium
1637 3707 1694 3759 et
1735 3702 1918 3775 Spiri-

248 3804 385 3855 tum
417 3802 698 3853 sanctum
730 3795 1137 3852 manifestatos
1164 3794 1484 3862 vocabulis,
1534 3810 1649 3848 non
1700 3792 1920 3847 divisos

250 3883 603 3941 substantia
631 3882 961 3940 sentiamus
996 3898 1010 3937 :
1040 3885 1099 3938 et
1129 3883 1414 3954 perfectos
1454 3881 1741 3955 personis,
1804 3898 1919 3937 non

251 3975 595 4031 minoratos
654 3972 862 4027 ordine
919 3972 1229 4027 fateamur.
1290 3971 1548 4027 Sanctam
1625 3971 1921 4027 Ecclesiam

249 4063 622 4121 catholicam.
656 4061 806 4127 Quia
832 4060 963 4134 ipsa
992 4064 1083 4116 est
1110 4076 1324 4132 corpus
1353 4058 1588 4125 Christi,
1621 4064 1678 4115 et
1733 4058 1922 4132 ipsius

254 4155 442 4224 caput
470 4154 567 4205 est
593 4149 883 4205 Christus.
915 4148 1212 4205 Christum
1234 4165 1372 4221 ergo
1401 4148 1462 4205 in
1493 4152 1697 4204 sancta
1725 4148 1921 4204 Eccle-

256 4241 347 4297 sia
370 4239 751 4296 conﬁtemur.
783 4240 942 4295 214
972 4239 1359 4294 Remissionem
1386 4242 1757 4310 peccatorum.
1811 4238 1920 4302 Qui

255 4328 371 4385 sibi
401 4328 596 4384 credit
624 4328 754 4383 dari
782 4344 1029 4399 regnum
1064 4327 1216 4397 coeli,
1244 4328 1537 4398 quomodo
1562 4326 1674 4383 sibi
1701 4327 1921 4381 dimitti

254 4420 501 4491 peccata
530 4433 650 4473 non
673 4416 915 4472 credat?
937 4415 1160 4471 Casium
1189 4416 1529 4472 innocentes
1561 4416 1786 4487 recipit,
1806 4432 1921 4471 non

258 4511 565 4563 nocentes.
596 4505 903 4561 Credimus
933 4505 1111 4573 enim,
1136 4504 1306 4560 nobis
1335 4504 1535 4559 omnia
1574 4504 1925 4560 remittenda

258 4610 395 4651 esse
423 4596 703 4666 peccata;
731 4592 870 4664 quia
897 4592 1012 4648 nisi
1033 4593 1450 4653 sancti,sancta
1467 4609 1580 4647 non
1605 4610 1923 4665 possumus

2030 3620 2328 3690 quodnam
2386 3619 2495 3674 hoc
2571 3617 2963 3691 Symbolum?
3043 3617 3371 3684 Evangelici
3442 3612 3704 3686 Symboli

2028 3716 2437 3763 sacramentum
2487 3725 2521 3762 a
2586 3708 2817 3762 Domino
2888 3708 3253 3777 inspiratam,
3322 3705 3389 3760 ab
3442 3703 3702 3776 apostolis

2032 3798 2303 3852 institum.
2339 3796 2508 3868 Cujus
2536 3813 2727 3868 pauca
2754 3796 2975 3868 quidem
3003 3796 3167 3850 verba
3188 3802 3333 3861 sunt,
3356 3794 3453 3850 sed
3497 3808 3706 3864 magna

2029 3887 2317 3957 mysteria.
2351 3889 2586 3941 Sanctus
2613 3887 2761 3941 enim
2807 3885 3063 3956 Spiritus,
3124 3885 3220 3956 qui
3274 3883 3556 3954 magistris
3603 3883 3703 3937 Ec-

2029 3975 2217 4032 clesia:
2274 3977 2387 4030 ista
2435 3975 2685 4040 dictavit,
2735 3975 2843 4029 tali
2900 3974 3133 4046 eloquio,
3195 3972 3403 4045 talique
3447 3971 3707 4027 brevitate

2027 4064 2386 4135 saluti/eram
2412 4063 2661 4119 condidit
2687 4061 2872 4133 ﬁdem,
2903 4066 2965 4116 ut
2995 4062 3135 4133 quod
3170 4060 3497 4117 credendum
3551 4060 3707 4115 vobis

2029 4162 2134 4223 est,
2164 4168 2484 4225 semperque
2506 4151 2903 4224 profitendum,
2935 4167 3036 4206 nec
3065 4150 3491 4221 intelligentigm
3531 4150 3706 4220 possit

2033 4241 2229 4305 latere,
2286 4257 2387 4296 nec
2442 4241 2775 4295 memoriam
2830 4240 3092 4310 fatigare,
3153 4237 3354 4293 Palam
3429 4237 3709 4292 laudatur

2030 4330 2390 4402 apostolicum
2463 4328 3303 4402 Symbolum,al‘ﬁrmaturque
3359 4332 3598 4381 cunctos
3644 4325 3706 4380 in

2032 4419 2161 4491 ipso
2187 4419 2494 4491 baptizari.
2540 4417 3166 4488 (Animadvertendum
3200 4419 3313 4484 est)
3383 4414 3704 4470 Constanti-

2032 4510 2419 4580 nopolitanum
2478 4507 2819 4578 Symbolum
2873 4523 2987 4560 non
3029 4522 3133 4577 per
3163 4507 3309 4576 ipsos
3341 4503 3709 4559 catechume-

2034 4614 2163 4663 nos,
2198 4599 2299 4653 sed
2330 4614 2493 4668 super
2522 4598 2664 4668 ipsos
2686 4597 2881 4667 juberi
2917 4596 2998 4665 (in
3032 4594 3360 4650 Ordinibus
3409 4609 3704 4650 memora-

257 4683 594 4757 possidcre.
667 4680 865 4738 Carnis
916 4683 1398 4738 resurrectionem.
1455 4683 1741 4755 Resurget
1794 4700 1929 4756 ergo
1959 4688 2007 4751 D
2043 4686 2135 4753 tis)
2168 4702 2270 4758 per
2299 4686 2635 4758 acolythum
2668 4685 2917 4740 recitari.
2943 4685 3051 4750 Qui
3117 4684 3264 4739 ritus
3299 4699 3405 4738 nec
3450 4684 3707 4754 apostoli-

257 4789 401 4829 caro
427 4775 653 4839 nostra,
685 4776 751 4827 ut
781 4787 911 4843 quas
940 4770 1051 4826 fuit
1080 4771 1373 4843 particeps
1403 4776 1507 4826 aut
1543 4772 1800 4837 virtutis,
1834 4778 1936 4828 aut

2042 4792 2138 4831 cus
2194 4780 2302 4845 est,
2336 4793 2441 4831 nec
2472 4776 2769 4840 Romanus,
2829 4790 2935 4828 nec
2959 4771 3240 4843 antiquus
3271 4772 3426 4844 apud
3467 4771 3705 4828 Gallos:

258 4861 563 4927 criminis,
593 4860 680 4917 vel
711 4859 934 4932 prmmii
962 4859 1256 4933 particeps
1286 4876 1415 4916 esse
1444 4859 1632 4932 possit
1651 4861 1742 4917 vel
1766 4879 1943 4933 paenae
2054 4866 2150 4919 sed
2202 4864 2425 4919 noviter
2478 4863 2734 4921 indictus
2790 4879 2894 4934 per
2946 4862 3198 4916 Francos
3256 4860 3454 4933 magni
3523 4859 3714 4916 Caroli

261 4950 589 5009 Credimus
615 4953 673 5005 et
698 4951 878 5005 vitam
907 4948 1351 5013 aetornam.Quia
1382 4949 1558 5005 homo
1586 4954 1726 5006 tunc
1754 4950 1947 5007 vivere
2058 4953 2385 5025 episcopos.
2421 4952 2505 5007 Ob
2537 4952 2772 5007 easdem
2805 4967 3033 5013 causas,
3066 4966 3135 5005 ex
3164 4949 3378 5021 quibus
3407 4948 3717 5005 voluerunt

263 5040 508 5114 incipit,
539 5039 780 5111 quando
809 5054 873 5094 se
904 5038 1126 5094 nesciet
1150 5037 1319 5093 mori.

345 5153 368 5179 ι
401 5132 617 5187 Iterum
647 5128 950 5183 annuntiat
979 5126 1284 5182 diaconus:
1317 5125 1556 5199 Signata
1594 5144 1695 5183 vos
1716 5145 1945 5185 omnes,

264 5226 326 5278 et
354 5219 538 5276 dicite
568 5214 941 5290 Symbolum.
975 5217 1040 5271 Et
1067 5215 1254 5273 dicent
1276 5214 1621 5287 Symbolum,
1653 5231 1715 5271 ut
1752 5233 1940 5288 supra.

267 5309 451 5365 Credo
484 5307 545 5363 in
575 5305 786 5362 Deum.
818 5304 1110 5373 (Occurrit
1146 5321 1379 5377 semper
1419 5305 1760 5377 Symbolum
1794 5307 1939 5360 sim-

274 5398 394 5472 plex
425 5394 872 5472 apostolicum.)
896 5395 960 5449 Et
997 5397 1199 5450 tractat
1248 5394 1528 5467 presbyter
1580 5396 1666 5449 his
1718 5395 1936 5451 verbis:

244 5546 249 5549 _
275 5487 489 5545 Idcirco
519 5486 708 5558 hujus
738 5481 982 5557 Symbol
1011 5484 1159 5539 ratio
1180 5483 1340 5539 omni
1380 5482 1658 5539 brevitate
1678 5501 1938 5541 connexa

269 5582 374 5636 est.
403 5583 519 5637 etc.
553 5577 695 5633 Item
712 5573 983 5629 diacanus
1011 5572 1195 5628 dicat:
1256 5572 1495 5644 Signata
1548 5589 1650 5627 vos
1707 5590 1932 5643 omnes,

266 5673 326 5725 et
351 5667 557 5726 audite
585 5660 935 5739 Symbolum
967 5660 1239 5733 (simplex
1269 5660 1702 5733 apostolicum.)
1731 5663 1796 5717 Et
1848 5663 1932 5718 di-

270 5768 431 5816 cant:
496 5756 694 5814 Credo
762 5753 823 5807 in
885 5750 1091 5807 Deum.
1153 5753 1218 5807 Et
1262 5755 1463 5807 tractat
1508 5753 1795 5822 presbyter
1850 5754 1936 5808 his

2056 5041 2279 5096 cantari
2312 5043 2382 5095 ad
2418 5041 2685 5108 missam,
2717 5037 2948 5094 recitari
2978 5038 3135 5093 istud
3156 5037 3498 5111 Symbolum
3519 5036 3719 5093 volue-

2056 5134 2197 5186 runt
2226 5146 2405 5202 super
2435 5128 2908 5184 catechumenos.
2945 5151 2965 5176 1

2125 5216 2637 5273 Verisimillimum
2660 5218 2785 5287 jam
2817 5231 2974 5281 vero,
3005 5214 3247 5286 nihique
3289 5214 3408 5270 fere
3450 5229 3719 5286 comper-

2052 5311 2182 5361 tum
2214 5306 2460 5373 videtur,
2495 5306 2818 5361 Romanam
2854 5302 3169 5360 Ecclesiam
3222 5319 3411 5375 neque
3464 5302 3717 5375 Symbolo

2051 5396 2659 5456 Constantinopolitano
2692 5411 2881 5465 neque
2901 5393 3316 5464 vocisFttioque
3344 5393 3716 5448 additamen-

2046 5489 2126 5553 to,
2160 5485 2279 5539 ullo
2307 5500 2612 5555 nunquam
2642 5488 3100 5553 temporc,usam
3122 5498 3250 5537 esse
3270 5482 3328 5535 in
3343 5480 3716 5554 baptismatis

2045 5572 2550 5629 administratione
2573 5589 2586 5639 ;
2617 5571 2677 5626 id
2702 5576 2956 5626 attamen
2978 5569 3037 5623 in
3061 5569 3225 5625 Galia
3246 5573 3302 5625 et
3324 5569 3385 5624 in
3407 5568 3721 5626 Germania

2046 5663 2266 5717 factum
2300 5660 2600 5732 aliquibus
2629 5660 2688 5714 in
2717 5659 3012 5714 Ecclesiis.
3048 5659 3397 5714 Edmundus
3430 5658 3721 5719 ,Martene

2049 5753 2124 5807 De
2171 5751 2424 5822 Antiquis
2482 5750 2738 5806 Ecclesiae
2786 5749 2989 5803 ritibus
3050 5748 3255 5814 libror,
3286 5748 3477 5820 capite
3510 5750 3560 5817 1,
3588 5749 3721 5805 atti-
