4108 6426
399 434 513 495 SH
1426 435 1743 497 GEORGII
1788 434 2055 497 CYPRII
2097 435 2214 497 ΟΡ.
2262 435 2809 499 PATRIARCI-LE
3702 447 3813 508 212

400 566 532 623 culo
579 567 668 634 11,
724 582 889 622 num.
951 568 1038 637 10,
1092 568 1263 624 docet
1300 585 1313 623 :
1386 568 2063 641 Constantinopolitanum
2091 570 2147 635 Α
2176 569 2706 642 tentionem,quam
2729 570 3086 628 habuitcum
3107 572 3483 631 sanctissimo
3506 576 3817 647 patriarcha

399 658 590 712 notari
618 658 678 712 in
723 656 1037 726 Pontiﬁcali
1092 656 1524 727 Salisburgensi,
1582 660 1641 713 in
1688 660 2060 713 vetustissimo
2177 658 2409 725 Menna,
2442 662 2715 731 quodque
2747 660 2905 716 hunc
2926 661 3335 733 deposuisset:
3369 663 3550 720 donec
3592 665 3816 737 iterum,

398 745 577 802 codice
605 747 859 801 Remensi
905 762 1181 801 annorum
1235 746 1361 813 900,
1417 752 1468 802 et
1517 750 1576 802 in
1622 750 1806 819 primo
1875 747 2068 803 ordine
2172 754 2305 809 pace
2334 740 2486 793 inter
2508 743 2655 808 ipsos
2674 743 2994 808 constituta,
3046 742 3404 797 reconciliati
3449 749 3589 800 sunt
3638 746 3818 818 ponti-

398 834 669 890 Scrulinii
713 833 915 889 codicis
993 835 1351 890 Gellonensis.
1412 835 1768 892 Orientalem
1825 836 2063 890 demum
2178 826 2337 880 6098-
2370 829 2441 882 Αἵ
2468 832 2677 885 sanae?
2705 832 2880 886 δθιτίεῗ
2907 830 3109 900 signa“
3135 831 3501 904 temporibus
3532 850 3680 906 ρδρει
3707 838 3824 890 erat

398 922 555 995 quod
587 922 794 978 attinet
823 923 896 977 ad
927 923 1265 990 Ecclesiam,
1301 925 1447 997 Lupi
1504 924 1934 980 animadversio
1980 928 2070 979 est,
2178 929 2341 969 sacer
2367 917 2612 988 Agatho,
2644 918 2732 972 vir
2759 918 3109 973 venerabilis
3134 935 3201 975 ac
3225 918 3283 974 in
3335 919 3545 976 divinis
3601 921 3827 994 sapiens

402 1009 528 1067 loco
558 1011 755 1081 citato,
786 1011 1109 1082 quaestione
1150 1013 1201 1083 1,
1258 1012 1320 1066 in
1379 1029 1447 1068 ea
1502 1016 1696 1068 statim
1752 1030 1786 1068 a
1842 1014 2068 1069 Nicamo
2179 1002 2328 1074 Lege
2356 1005 2503 1059 sexti
2532 1005 2712 1077 hujus
2742 1006 2973 1062 concilii
3004 1011 3153 1075 acta,
3191 1025 3320 1080 quis
3374 1009 3605 1065 recitari
3653 1010 3831 1067 solent

402 1101 711 1164 Nicaenum,
769 1108 823 1155 et
866 1102 1059 1155 statim
1114 1118 1149 1156 a
1197 1102 1802 1172 Constantinopolitano
1831 1102 2071 1156 concilio

403 1190 622 1259 cepisse
651 1188 995 1259 baptizandis
1039 1190 1189 1244 tradi
1242 1190 1561 1260 Symbolum
1612 1191 2070 1261 Constantinopo-

410 1276 668 1332 litanum.
702 1278 836 1340 Quae
867 1277 947 1332 ibi
980 1277 1216 1349 cOpiosa
1247 1279 1483 1333 disserit
1529 1295 1662 1335 eum
1723 1278 2069 1347 eruditione,

406 1365 653 1438 legenda
685 1371 849 1422 sunt.

2181 1095 2380 1148 Domin
2390 1096 2475 1149 ica
2502 1105 2857 1167 consequente
2879 1097 3278 1153 exultationem
3290 1099 3613 1156 venerandae
3636 1101 3830 1171 pretio-

2179 1199 2364 1255 szeque
2395 1187 2594 1251 crucis,
2625 1184 2888 1241 invenies
2918 1185 3144 1242 dictum
3173 1186 3542 1259 Agathonem
3565 1204 3599 1242 a
3640 1192 3836 1244 sancta

2184 1290 2252 1328 ea
2280 1276 2504 1345 synodo
2544 1274 2798 1346 gloriose
2852 1274 3180 1347 praedicari.
3216 1297 3245 1324 »
3277 1276 3340 1330 In
3396 1275 3632 1349 Typico,
3688 1277 3836 1349 quod

2185 1362 2373 1417 sancti
2404 1362 2562 1417 Saba;
2594 1362 2829 1430 dicitur,
2862 1363 2984 1418 hiec
3014 1363 3311 1419 habentur
3337 1364 3529 1436 capite
3570 1366 3638 1420 12
3692 1366 3837 1437 apud

978 1482 1131 1537 ,ιθ
1180 1482 1411 1537 CAPUT
1442 1482 1537 1536 γι,
2184 1449 2554 1522 Ducangium
2588 1452 2647 1507 in
2681 1450 2954 1507 Glossario
2982 1452 3175 1507 mediae
3216 1457 3267 1508 et
3322 1454 3535 1523 inﬁma
3591 1453 3837 1510 Graecita-

415 1561 590 1615 Vanus
656 1560 973 1617 (ἓν-«τεθναίη
1030 1562 1313 1616 scissionis
1372 1564 1441 1616 ab
1520 1565 1757 1618 Ecclesia
1835 1566 2076 1619 Romana

2211 1541 2257 1593 is
2304 1556 2316 1593 :
2372 1543 2612 1613 Κυριακῇ
2681 1539 2814 1611 μετᾶ
2863 1541 2962 1607 τὴν
3036 1539 3242 1613 ὕψωσιν
3321 1540 3738 1617 ἀναγινώσκεται
3785 1539 3841 1594 τό

480 1648 551 1686 ea:
576 1632 949 1705 additamenlo
1002 1637 1166 1701 vocis,
1223 1634 1485 1705 Filioque
1521 1639 1831 1704 prateattus
1861 1636 2074 1690 desum-

478 1708 627 1774 plus.
662 1704 879 1775 Objecta
910 1707 1251 1773 refutantur.

481 1802 531 1855 1.
566 1805 643 1855 Ex
672 1801 778 1856 hac
821 1803 978 1857 vocis
1010 1804 1255 1873 Filioque
1284 1804 1608 1869 additione,
1651 1804 1819 1874 cujus
1877 1804 2079 1859 hacte-

344 1928 356 1940 .
409 1906 521 1944 nus
537 1889 843 1945 historiam
865 1892 1608 1963 narravimus,prmtextum
1630 1892 1889 1964 sumpsit
1906 1892 2079 1949 Ceru-

410 1940 518 1944 ηπ
537 1940 843 1945 ---τ----κ---
866 1940 1608 1963 ---ην---ηηΓ---κηω
1630 1940 1888 1964 --.Ἵμη
1912 1940 2001 1947 η-
2019 1940 2050 1949 ..

410 1978 615 2049 larius,
648 1996 762 2050 quo
794 1979 945 2034 inter
973 1986 1287 2052 utramque
1319 1981 1660 2051 Ecclesiam,
1728 1981 1993 2037 Latinam
2026 1980 2084 2029 et
2114 1940 2163 2004 B

413 2068 691 2133 Graecam,
722 2068 982 2124 schisma
1014 2069 1328 2132 inveheret,
1362 2069 1635 2141 illudque
1666 2071 1951 2127 ﬁrmaret.
1976 2071 2083 2126 Ve‘

416 2173 542 2212 ram
573 2173 813 2213 causam
846 2158 1145 2228 superiore
1171 2159 1361 2229 capite
1381 2159 1877 2230 aperuimus,tum
1894 2177 2084 2231 repre-

418 2245 664 2301 hensam
732 2247 1188 2318 damnatamque
1275 2247 1452 2315 tituli,
1529 2265 1645 2319 quo
1701 2251 2089 2320 patriarcham

418 2337 815 2390 cecumenicum
868 2336 1114 2391 vocabat
1172 2353 1319 2401 sese,
1412 2338 1875 2408 usurpationem,
1960 2343 2085 2393 tum

421 2432 606 2488 latum
638 2432 697 2487 in
729 2431 924 2505 ipsum
955 2450 989 2488 a
1014 2432 1224 2505 legatis
1257 2435 1571 2505 pontificiis
1599 2436 1932 2491 anathema.
1968 2436 2090 2492 Bile

436 2521 712 2593 percitus,
768 2522 1084 2577 vindictam
1152 2523 1429 2595 sumpsit,
1490 2525 1735 2579 Romani
1798 2527 2090 2597 pontiﬁcis

434 2611 673 2666 nomine
703 2626 733 2665 e
758 2611 938 2666 sacris
969 2612 1261 2684 diptychis
1291 2618 1603 2684 expuncto.
1640 2615 1798 2669 Idem
1833 2620 1896 2669 ut
1950 2632 2091 2687 age-

435 2705 583 2765 rent,
646 2704 788 2755 Data
842 2701 1135 2773 encyclica
1210 2702 1479 2772 epistola,
1547 2704 1798 2774 urgebat
1854 2704 2089 2759 Petrum

434 2789 861 2845 Antiochenum
894 2789 1157 2861 aliosque
1189 2792 1572 2861 patriarchas.
1606 2796 1915 2847 Prostatea
1934 2795 2092 2866 apud

432 2879 751 2935 Baronium
780 2879 851 2933 ad
882 2896 1100 2934 annum
1138 2881 1295 2939 1054.
1331 2897 1472 2935 num
1493 2882 1584 2944 28,
1616 2888 1672 2936 et
1694 2883 1846 2952 apud
1871 2882 2092 2937 Cotele-

434 2968 588 3023 rium
643 2968 836 3023 Graece
885 2973 943 3021 et
1000 2968 1196 3023 Latius
1280 2969 1337 3023 in
1398 2971 1760 3041 Monumentis
1818 2973 2088 3029 Ecclesiae

435 3056 635 3112 Grmcae
665 3060 809 3111 tomo
843 3058 910 3111 ΙΙ.
938 3056 1183 3111 Consilii
1216 3057 1307 3111 sui
1341 3059 1602 3129 pudebat
1638 3059 1835 3129 ipsum
1863 3078 1877 3115 :
1938 3062 2095 3117 unde

433 3146 780 3217 ﬁgmentum
812 3145 1146 3217 excogitans
1194 3145 1275 3200 ait
1323 3163 1486 3201 num.
1518 3147 1573 3216 9,
1634 3149 1919 3204 Rumorem
1948 3151 2096 3206 inso-

432 3235 623 3290 nuisse
646 3234 876 3288 auribus
902 3235 1036 3300 suis,
1068 3234 1205 3306 quod
1231 3251 1429 3305 papam
1464 3236 1703 3309 [Romae]
1736 3238 1861 3309 ipse
1893 3238 2097 3295 Petrus

2189 1624 2470 1681 συνοδικὸν
2501 1630 2600 1696 τῆς
2634 1630 2677 1691 ς’
2709 1626 2955 1684 συνόδου.

2262 1739 2290 1766 ‹‹
2322 1718 2407 1772 Ad
2435 1718 2558 1774 haec
2590 1734 2695 1791 ego
2726 1735 2960 1791 quoque
2982 1720 3149 1775 testis
3181 1737 3313 1776 sum
3336 1720 3839 1793 omniexceptione

2192 1806 2381 1876 major
2412 1805 2631 1878 aliique
2663 1824 2894 1862 mecum
2928 1806 3127 1879 plures
3158 1825 3363 1864 eorum
3395 1809 3495 1881 qui
3519 1810 3579 1863 in
3596 1808 3844 1864 Ecclesia

2195 1894 2569 1965 praecellunt:
2607 1899 2762 1968 quod
2798 1896 2907 1950 sub
2952 1897 3133 1952 beatas
3175 1898 3473 1953 memoriae
3530 1899 3850 1970 patriarcha:

2192 1985 2506 2041 Antiochia?
2540 1985 2739 2040 domno
2794 1990 3009 2041 Joanne
3041 1986 3137 2054 (ΙΙΙ
3181 1987 3333 2056 apud
3364 1986 3633 2043 Bollandi
3663 1985 3847 2042 Conti-

2197 2077 2440 2128 nuatore
2462 2079 2526 2128 ut
2582 2073 2965 2145 Lequienum,
3046 2076 3259 2131 saeculo
3308 2080 3559 2132 exeunte
3613 2074 3848 2144 decimo,

2195 2146 2587 2233 inchoatoque
2616 2162 2973 2234 undecimo),
3007 2180 3160 2236 papa
3184 2164 3513 2233 Romanus,
3548 2165 3664 2236 ipse
3692 2166 3851 2219 etiam

2193 2252 2433 2307 Joannes
2484 2252 2679 2323 (XVII)
2738 2252 3097 2319 nominatus,
3139 2253 3200 2308 in
3232 2252 3417 2309 sacris
3454 2252 3741 2326 diptychis
3770 2268 3850 2307 re-

2199 2340 2463 2396 ferretur.
2502 2364 2523 2391 ι
2560 2345 2682 2396 Vox
2710 2341 2814 2396 illa
2837 2342 3148 2399 Antiochiae
3178 2342 3334 2413 apud
3367 2342 3686 2398 Baronium
3709 2340 3852 2397 desi-

2198 2430 2477 2485 deratur:
2514 2430 2728 2502 legitur
2757 2448 2890 2486 vero
2921 2431 2979 2485 in
3020 2435 3184 2486 textu
3227 2431 3422 2487 Graeco
3488 2436 3548 2487 et
3602 2429 3858 2486 versione

2200 2518 2404 2573 Latina
2431 2520 2823 2574 emendatiore
2848 2520 3003 2590 apud
3035 2519 3716 2593 Cotelerium.Deceptus
3767 2523 3862 2573 Ba-

2199 2607 2404 2662 ronius
2432 2610 2703 2663 Joannem
2743 2608 2910 2664 illum
2945 2608 3340 2680 patriarcham
3357 2609 3593 2681 putavit
3608 2608 3861 2665 Constan-

2198 2696 2648 2768 tinopolitanum,
2710 2698 3150 2768 numeravitque
3221 2696 3560 2753 Sisinnium
3613 2699 3761 2753 inter
3787 2711 3865 2768 ,ιο

2203 2786 2470 2856 Sergium
2501 2802 2513 2839 :
2550 2786 2652 2840 sed
2684 2784 2846 2840 hunc:
2886 2786 3220 2840 binominem
3251 2784 3432 2841 fuisse
3492 2785 3720 2843 censuit
3770 2784 3867 2839 Pa-

2202 2873 2334 2945 gius
2366 2874 2436 2927 ad
2457 2890 2677 2928 annum
2714 2874 2870 2939 1019,
2900 2874 3178 2945 deceptus
3203 2878 3261 2929 et
3289 2874 3437 2945 ipse.
3482 2879 3689 2932 Veram
3720 2872 3868 2930 exhi—

2204 2963 2302 3017 bet
2357 2962 2665 3018 historiam
2724 2962 2958 3018 Graecus
2990 2963 3136 3017 Petri
3185 2963 3537 3020 Antiocheni
3597 2968 3801 3032 textus,
3831 2978 3863 3017 a

2204 3050 2485 3106 Cotelerio
2542 3049 2854 3120 vulgatus:
2888 3073 2915 3100 ‹‹
2945 3067 2958 3105 :
2992 3051 3537 3124 Contantinopolim
3600 3056 3864 3125 praeterea

2206 3148 2331 3196 ante
2385 3139 2481 3196 hos
2538 3156 2712 3195 annos
2769 3140 3142 3212 quadraginta
3173 3142 3415 3212 quinque
3447 3149 3625 3212 (anno
3657 3141 3865 3198 scilicet

2211 3247 2333 3285 aera:
2357 3228 2613 3301 vulgaris
2646 3230 2806 3299 1009)
2857 3230 3184 3301 ingressus,
3233 3231 3425 3301 reperi
3494 3231 3606 3287 sub
3665 3232 3863 3286 sanctae

435 3323 497 3378 in
549 3324 724 3377 sacris
778 3299 1339 3393 diptyehis-referat,
1396 3299 1632 3394 ite-mque
1680 3299 2095 3383 Alexandrinus
2130 3299 2172 3365 C
2212 3299 2505 3374 memoria—8
2566 3319 2895 3390 patriaI‘Cha
2930 3299 3599 3392 *(Οοηεὶειιιῐίιᾶοροὶθοε)
3655 3320 3865 3375 dmino

437 3417 488 3468 et
521 3412 1051 3482 Hierosolymitanus
1106 3414 1332 3466 antistes
1362 3413 1519 3482 (cum
1562 3412 1619 3466 id
1679 3419 1937 3469 attamen
1997 3417 2103 3469 mi-

440 3500 600 3555 nime
627 3500 791 3554 ﬁeret
819 3500 1469 3571 Constantinopolitana
1502 3501 1557 3555 in
1591 3501 1891 3574 Ecclesia).
1948 3506 2106 3561 Nosti

437 3590 605 3654 enim,
638 3604 671 3643 a
700 3596 939 3659 tempore
964 3592 1170 3645 sancta?
1198 3593 1250 3643 et
1295 3592 1651 3645 aecumenicaz
1696 3597 1871 3649 sentix
1907 3583 2105 3664 synodi

439 3694 506 3733 ac
536 3676 806 3747 deinceps,
839 3678 1164 3733 relationem
1192 3694 1352 3748 papa
1384 3680 1443 3733 in
1462 3695 1635 3733 sacris
1653 3680 2104 3754 diptychis,apud

434 3769 652 3821 nostras
710 3765 960 3821 videlicet
1015 3774 1237 3821 sanctas
1284 3765 1566 3833 ecclesias,
1610 3771 1857 3824 excisam
1884 3772 2098 3843 fuisse:

433 3862 725 3926 propterea
779 3854 923 3926 quod
987 3856 1214 3925 Vigilius
1263 3864 1395 3910 tunc
1452 3857 1634 3913 Rom
1684 3874 1833 3929 papa
1875 3860 1950 3913 ad
1982 3877 2104 3915 eam

438 3943 710 4015 synodum
740 3948 925 3999 venire
953 3946 1217 4009 noluerit,
1246 3961 1347 4000 nec
1387 3948 1683 4000 anathema
1730 3947 1910 4002 dicere
1968 3950 2103 4004 Theo

437 4033 613 4089 doriti
638 4034 876 4104 scriptis,
910 4049 974 4086 ac
1002 4034 1244 4103 epistolae
1270 4034 1414 4093 Ibae;
1445 4036 1608 4104 atque
1634 4050 1704 4089 ex
1747 4051 1806 4089 eo
1868 4045 2105 4109 tempore

434 4135 606 4190 usque
660 4119 731 4173 ad
782 4134 1026 4189 praesens
1081 4121 1382 4175 abscissum
1434 4136 1546 4175 esse
1598 4139 1802 4193 papam
1848 4142 1881 4177 a
1917 4130 2104 4181 nostra

436 4210 782 4263 sanctissima
873 4216 925 4263 et
995 4209 1267 4264 catholica
1323 4210 1582 4265 Ecclesia.
1645 4212 2101 4269 Schismaticum

440 4297 668 4352 facinus
705 4303 767 4352 ut
796 4297 1196 4369 persuaderet,
1239 4315 1465 4354 errores
1496 4303 1598 4354 aut
1648 4301 1882 4370 penitus
1930 4307 2106 4357 conli-

439 4390 588 4455 ctos,
617 4390 719 4439 aut
765 4385 1088 4441 certissime
1128 4386 1329 4451 falsos,
1382 4403 1530 4457 quos
1602 4392 1773 4442 antea
1829 4389 2103 4445 Romanae

439 4473 765 4545 impegerat
810 4473 1101 4540 Ecclesiae,
1187 4475 1396 4529 iterum
1458 4482 1766 4532 numerat:
1826 4478 2105 4549 additque

440 4578 598 4617 nunc
629 4561 886 4633 primum
919 4578 1083 4616 num.
1121 4564 1206 4631 12,
1230 4564 1568 4618 additiouam
1596 4564 1667 4618 ad
1694 4581 1914 4620 sacrum
1943 4568 2101 4639 Sym-

442 4650 649 4707 bolum.
810 4655 815 4661 ”

513 4739 791 4794 Cerularii
826 4739 1119 4797 inscitiam
1158 4740 1503 4811 invectaque
1541 4747 1894 4813 commenta,
1945 4746 2101 4815 quod

440 4828 649 4884 attinet
678 4828 748 4882 ad
794 4830 1038 4883 nominis
1091 4845 1246 4900 papae
1302 4830 1654 4885 excisionem
1707 4848 1737 4885 e
1789 4832 2106 4905 diptycbis,

440 4916 592 4971 ferre
650 4932 766 4972 non
820 4917 1008 4988 potuit
1064 4918 1400 4988 patriarcha
1437 4919 1857 4976 Antiochenus.
1915 4921 2109 4978 Verba

443 5012 586 5061 sunt
614 5006 740 5077 ejus
766 5006 823 5061 in
858 5006 1107 5077 epistola
1136 5008 1290 5078 apud
1324 5008 1641 5062 Baronium
1672 5014 1730 5064 et
1754 5009 2103 5067 Cotelerium

443 5111 608 5149 num.
644 5095 675 5147 4
706 5111 718 5148 :
760 5096 990 5163 Vigilius
1020 5100 1282 5168 tempore
1312 5098 1519 5166 quintae
1546 5097 1748 5169 synodi
1774 5099 2021 5167 vivebat,
2047 5099 2105 5154 in

444 5200 560 5255 qua
590 5183 750 5254 agite
780 5184 1017 5239 fuerunt
1064 5201 1190 5255 quae
1222 5186 1293 5239 ad
1346 5185 1653 5257 Origenem
1710 5187 2103 5257 pertinebant,

442 5273 777 5343 Evagrium,
816 5272 1143 5344 Didymum,
1177 5272 1461 5344 aliosque,
1524 5275 1780 5343 Petrum,
1828 5276 2106 5332 Severum

442 5361 706 5428 Zooram,
779 5378 1003 5416 necnon
1063 5362 1283 5433 scripta
1352 5364 1730 5419 Theodoriti:
1791 5381 1907 5419 non
1971 5382 2107 5421 vero

440 5453 705 5520 tempore
732 5454 903 5504 sexta:
929 5451 1144 5521 synodi.
1181 5452 1338 5505 Inter
1393 5468 1540 5522 quas
1599 5454 1855 5525 synodos
1924 5453 2105 5507 inter-

444 5553 670 5592 cessere
730 5539 863 5592 anni
930 5540 1029 5592 129
1086 5540 1181 5610 (ab
1239 5556 1392 5594 anno
1451 5541 1664 5596 Christi
1722 5543 1828 5597 533
1887 5543 1957 5596 ad
2002 5558 2105 5596 an-

445 5641 587 5679 num
618 5628 764 5695 (δι-τυ),
791 5629 939 5683 217
972 5628 1227 5697 Contigit
1256 5634 1474 5695 autem,
1510 5635 1573 5683 ut
1625 5630 1695 5685 ad
1754 5632 1911 5685 breve
1969 5640 2105 5685 tem-

440 5729 545 5785 pus
600 5714 847 5787 Vigilius
878 5733 911 5771 a
941 5719 1221 5772 Relatione
1274 5724 1638 5774 resecaretur
1690 5725 1925 5791 propter
1974 5736 2106 5775 con-

2211 3408 2410 3479 Sergio
2441 3407 2721 3475 (secundo
2752 3406 2930 3477 hujus
2962 3406 3244 3479 nominis)
3275 3409 3627 3479 praedictum
3661 3421 3866 3481 papam

2211 3496 2566 3567 (Romanum
2596 3496 2883 3550 Joannem
2914 3496 3118 3563 XVIII)
3155 3495 3215 3550 in
3275 3513 3445 3553 sacra
3506 3500 3691 3555 missa
3740 3511 3865 3552 cum

2176 3632 2177 3635 η
2212 3584 2344 3640 aliis
2376 3584 2725 3657 patriarchis
2755 3584 2976 3640 referri.
3011 3607 3038 3634 ν
3071 3585 3341 3640 Refutata
3371 3587 3461 3643 sic
3495 3586 3676 3643 habes
3714 3600 3871 3658 aper-

2210 3674 2444 3729 tissima
2473 3673 2798 3744 mendacia,
2858 3691 2985 3745 quas
3044 3673 3378 3729 Cerularius
3439 3676 3772 3743 invehebat,
3813 3677 3872 3729 ut

2213 3763 2482 3819 scissioni
2514 3780 2633 3818 suae
2666 3768 3005 3834 praetextum
3037 3764 3225 3818 daret.

2284 3853 2432 3908 Dare
2464 3851 2882 3923 posterioribus
2912 3852 3122 3907 Graecis
3153 3852 3460 3910 nonnullis
3518 3854 3699 3910 liceat
3752 3852 3870 3909 Ser-

2211 3943 2366 4011 gium
2419 3942 3095 4011 Constantinopolitanum
3152 3941 3308 4012 (post
3363 3958 3595 3999 annum
3657 3940 3874 3998 scilicet

2216 4031 2396 4102 1009),
2430 4030 2677 4085 Romani
2708 4030 2999 4101 pontiﬁcis
3029 4029 3380 4101 expunxisse
3426 4049 3648 4088 nomen
3704 4048 3735 4086 e
3786 4045 3873 4084 sa-

2212 4119 2325 4174 cris
2357 4118 2669 4189 diptychis.
2728 4120 2800 4172 At
2856 4118 3115 4189 primum
3182 4134 3361 4174 causa
3418 4120 3740 4192 quaerenda
3791 4119 3880 4173 est

2214 4207 2552 4263 schismatis
2610 4207 2859 4262 invecti:
2919 4206 3129 4262 deinde
3188 4207 3678 4279 perquirendum,
3738 4222 3875 4263 num

2214 4296 2369 4351 idem
2401 4296 2661 4351 schisma
2692 4295 3113 4363 perduraverit.
3148 4296 3503 4368 Euthymius
3552 4297 3878 4371 Zigabenus

2214 4386 2274 4441 in
2306 4386 2502 4441 Graeco
2534 4389 2695 4439 textu
2728 4383 3017 4457 Panopliaa
3050 4385 3206 4455 apud
3238 4384 3614 4457 Lequienum
3665 4386 3880 4442 disser-

2212 4476 2429 4531 tatione
2459 4476 2481 4530 Ι
2513 4474 2944 4543 Damascenica,
2989 4490 3154 4528 num.
3212 4476 3302 4542 25,
3364 4476 3626 4532 missum
3685 4472 3884 4531 scribit

2214 4583 2245 4618 a
2306 4563 2584 4620 Romanis
2641 4562 3022 4633 pontiﬁcibus
3078 4563 3149 4617 ad
3210 4562 3471 4619 Orientis
3519 4562 3882 4637 patriarchas

2138 4667 2179 4728 [)
2213 4652 2886 4722 Constantinopolitanum
2931 4650 3276 4722 Symbolum.
3334 4651 3505 4708 nulla
3560 4653 3880 4709 admistum

2214 4741 2684 4813 interpolatione,
2718 4757 2905 4810 usque
2936 4742 3006 4795 ad
3041 4740 3226 4812 Sergii
3252 4744 3564 4812 tempora:
3612 4745 3680 4796 ut
3728 4738 3881 4797 scili-

2217 4835 2307 4885 cet
2331 4831 2563 4894 innuat,
2589 4830 2904 4885 dissidium
2936 4829 3139 4884 eodem
3171 4829 3283 4884 sub
3312 4829 3520 4902 Sergio
3551 4826 3882 4885 Constanti-

2218 4919 2550 4990 nopolitano
2581 4919 2869 4989 incepisse
2896 4920 2969 4973 ob
2999 4918 3156 4974 vocis
3197 4919 3445 4990 Filioque
3494 4919 3883 4974 additionem.

2217 5013 2378 5064 Hanc
2409 5008 2669 5080 Sergiani
2706 5009 2859 5063 218
2893 5007 3251 5074 scbismatis,
3284 5005 3331 5062 si
3374 5008 3538 5079 quod
3571 5012 3733 5064 certe
3782 5005 3888 5061 fuit

2216 5115 2457 5153 causam
2491 5099 2800 5169 ignorabat
2829 5096 3061 5151 Nicetas
3102 5096 3373 5151 Nicaanus
3432 5094 3887 5169 chartophylax,

2217 5186 2318 5258 qui
2350 5188 2504 5258 apud
2534 5186 2813 5241 Allatium
2846 5186 2920 5240 De
2962 5184 3169 5255 synodo
3226 5184 3511 5241 Photiana
3568 5185 3766 5258 capite
3822 5184 3888 5239 10

2217 5276 2300 5330 sic
2332 5277 2452 5330 ait:
2506 5275 2615 5330 Sub
2672 5275 2928 5343 Sergio...
2986 5276 3226 5330 schisma
3262 5273 3473 5329 dicitur
3515 5282 3883 5331 renovatum:

2218 5361 2383 5416 Ποίαν
2417 5359 2473 5416 δὲ
2504 5361 2700 5430 αἰτίαν,
2735 5362 2948 5436 ἀγνοῶ·
3006 5358 3159 5415 δοκεῖ
3202 5361 3385 5434 μέντοι
3439 5357 3533 5415 διὰ
3585 5360 3717 5424 τοὺς
3766 5358 3886 5436 θρό-

2214 5468 2369 5511 νους·
2431 5469 2599 5523 quam
2656 5454 2720 5507 ob
2778 5468 3001 5507 causam
3047 5453 3261 5522 ignoro,
3318 5453 3449 5521 puto
3496 5455 3691 5506 tamen
3719 5465 3887 5506 causa

2212 5541 2445 5596 sedium.
2479 5541 2646 5596 Paria
2674 5541 2880 5596 scribit
2903 5540 3137 5596 Graecus
3168 5539 3320 5593 alius
3352 5555 3693 5612 anonymus
3725 5538 3881 5611 apud

2215 5630 2485 5685 eumdem
2518 5630 2794 5685 Allatium
2822 5648 2834 5685 :
2860 5629 3086 5685 nescire
3116 5644 3197 5697 se,
3229 5645 3371 5682 num
3401 5626 3656 5699 Sergius
3700 5644 3736 5682 a
3764 5627 3879 5681 Ro-

2217 5717 2408 5774 manis
2437 5719 2709 5775 defecerit
2733 5723 2961 5791 propter
2987 5732 3212 5785 er-ores,
3244 5734 3326 5773 an
3368 5720 3608 5788 propter
3648 5717 3881 5789 jurium
