4108 6456
366 487 492 548 213

1596 481 1808 543 VITA.
1838 513 1916 524 —
1957 477 2479 544 DISSERTATIO
2524 483 2603 544 II.

3689 487 3812 548 214

366 624 420 677 et
449 619 884 693 privilegiroum
911 617 1334 688 subreptionem.
1371 616 1479 672 Sed
1516 615 1712 685 hocce,
1733 615 1889 688 quod
1941 614 2042 669 ad-
2077 614 2132 679 Α
2160 632 2348 672 versus
2377 634 2593 674 omnem
2621 619 2877 676 haresem
2905 621 2993 692 (ut
3032 620 3114 677 ait
3144 619 3408 679 Gelasius
3447 623 3811 698 Cyzicenus),

372 711 696 774 mittimus,
721 707 991 763 sebisma
1022 706 1207 777 Sergii
1239 705 1340 760 diu
1375 722 1490 760 non
1523 705 1900 776 perduravit:
1926 719 2039 774 quo

376 802 616 866 factum,
650 798 737 852 uti
792 796 1031 851 Graecus
1080 811 1409 866 anonymus
1471 799 1673 850 auctor
1725 793 1928 848 libelli.
1965 797 2042 847 De

378 887 838 945 translationibus
868 886 1242 955 episcoporum
1275 889 1498 939 asserat
1529 884 1681 955 apud
1733 882 2037 937 laudatum

377 979 676 1044 Allatium,
709 973 1091 1046 septemdecim
1118 973 1487 1044 patriarchas,
1525 972 1624 1044 qui
1659 971 1866 1026 Photio
1899 987 2038 1025 suc-

378 1082 598 1123 cessere
628 1065 702 1120 ad
735 1062 1101 1120 Cerularium
1149 1079 1360 1133 usque,
1392 1078 1517 1116 cum
1571 1061 1736 1116 Italis
1795 1075 2042 1114 commu-

373 1159 592 1212 nionem
619 1154 902 1218 habuisse,
934 1149 1234 1210 κοινωνοὺς
1279 1149 1432 1224 εἶχον
1481 1148 1610 1210 τοὺς
1662 1146 1904 1208 Ἰτάλους
1930 1169 1940 1180 ·
1976 1147 2038 1202 ni

373 1246 590 1300 mirum
639 1244 922 1314 Ignalium
981 1241 1214 1306 iterum,
1268 1241 1602 1310 Stephanum
1653 1243 1700 1304 I,
1731 1239 2040 1293 Antonium

364 1335 433 1401 II,
482 1333 787 1389 Nicolaum
851 1332 894 1394 Ι,
929 1329 1288 1400 Euthymium
1346 1333 1394 1397 Ι,
1440 1329 1735 1383 Nicolaum
1799 1326 2036 1396 iterum,

360 1421 720 1493 Stephanum
770 1421 841 1483 II,
871 1419 1232 1491 Tryphonem,
1279 1417 1749 1488 TheOphylactu-m,
1799 1415 2036 1486 Polyeu-

355 1515 534 1579 ctum,
583 1509 868 1565 Basiliam
916 1509 958 1562 ι.
1009 1507 1302 1561 Antonium
1365 1506 1458 1571 111,
1505 1506 1801 1560 Nicolaum
1847 1506 1915 1571 II,
1953 1503 2034 1558 Si-

353 1601 622 1654 sinnium
669 1600 735 1666 II,
788 1597 1042 1667 Sergium
1096 1597 1165 1662 II,
1217 1594 1882 1659 Eustathium,Ale:cium.
1923 1593 2031 1646 Eo-

354 1705 497 1743 rum
531 1691 701 1759 gesta
730 1691 788 1741 et
809 1683 1246 1756 chronologiam
1275 1683 1534 1755 expende
1564 1683 1718 1753 apud
1760 1681 2036 1736 Bollandi

355 1777 840 1840 Continuatores,
894 1778 951 1829 et
1004 1771 1341 1828 Michaelem
1391 1772 1748 1842 Lequienum
1804 1775 1860 1825 et
1912 1774 2033 1825 An-

358 1866 626 1922 selmum
655 1863 1041 1919 Bandurium.

2150 723 2276 778 quae
2304 717 2423 765 orta
2451 713 2636 780 fuerat
2689 712 2750 765 in
2795 710 3063 766 catholica
3103 719 3156 767 et
3203 714 3498 783 apostolica
3545 714 3804 770 Ecclesia.

2150 797 2441 852 Nicaenam
2473 798 2623 853 hanc
2653 799 2784 854 ﬁdei
2812 799 3121 854 formulam
3146 802 3500 872 adoptarunt
3521 802 3580 857 in
3611 804 3810 875 bapti-

2152 879 2359 932 smatis
2382 879 2894 934 administratione
2923 879 3249 935 Orientales
3295 881 3566 938 Ecclesiae
3595 899 3608 936 :
3645 883 3810 940 stetit

2150 967 2210 1021 in
2243 968 2548 1038 apostolica
2573 969 2826 1040 simplici
2859 986 2924 1024 ac
2968 970 3213 1026 breviori
3255 970 3681 1028 Occidentalis:
3718 973 3808 1044 ip-

2156 1073 2403 1124 samque
2431 1056 2722 1112 Nicamam
2759 1075 2875 1112 non
2909 1059 3114 1114 eodem
3147 1076 3389 1129 prorsus
3409 1061 3582 1115 modo
3603 1061 3810 1116 Orien-

2148 1135 2225 1191 tis
2276 1135 2544 1192 Ecclesiae
2599 1142 2981 1209 usurparunt.
3030 1138 3182 1193 Num
3238 1139 3409 1194 variae
3458 1139 3802 1211 hujusmodi

2149 1227 2624 1293 consuetudines,
2676 1243 2824 1298 quas
2845 1227 3018 1282 citato
3039 1227 3229 1298 capite
3261 1229 3311 1298 1,
3358 1244 3521 1284 num.
3550 1231 3604 1296 3,
3646 1229 3802 1285 indi-

2149 1314 2430 1385 cavimus,
2465 1331 2667 1386 pacem
2699 1321 2755 1371 et
2799 1315 3086 1372 unitatem
3134 1317 3646 1387 perturbaverint?
3677 1319 3792 1375 Mi-

2149 1403 2306 1458 nime
2329 1403 2618 1476 gentium.

2220 1493 2400 1548 Fuere
2430 1493 2568 1548 certi
2599 1492 2866 1549 homines
2897 1493 2955 1548 in
2979 1495 3306 1551 Sardicensi
3338 1497 3601 1561 concilio,
3636 1499 3796 1570 quod

2148 1599 2301 1637 anno
2330 1583 2431 1636 347
2482 1582 2835 1638 celebratum
2885 1583 3118 1652 dicitur,
3153 1585 3253 1655 qui
3303 1587 3595 1654 nonnulla,
3628 1590 3792 1659 quasi

2144 1686 2271 1742 quae
2294 1671 2551 1742 deessent,
2573 1673 2796 1728 Nicaeno
2841 1673 3073 1728 concilio
3114 1673 3202 1744 (ac
3252 1675 3548 1748 Symbolo)
3591 1679 3797 1734 ascribi

2146 1760 2544 1831 postulabant.
2579 1766 2652 1815 At
2682 1778 2753 1816 ne
2781 1762 2913 1834 quid
2949 1763 3183 1818 utterius
3211 1763 3282 1819 de
3300 1763 3412 1833 ﬁde
3439 1766 3793 1837 scriberetur,

2143 1855 2313 1905 etsese
2338 1856 2620 1905 contentos
2662 1867 2776 1906 esse
2827 1851 3052 1906 Nicena
3097 1852 3222 1923 ﬁde,
3253 1853 3636 1910 decreverunt
3678 1860 3794 1910 Pa-

432 1955 556 2010 Hoc
593 1960 923 2025 temporum
975 1951 1298 2017 intervallo,
1331 1950 1496 2006 nulla
1537 1967 1606 2006 ex
1635 1951 1910 2028 dogmate
1959 1950 2029 2005 de
2059 1981 2107 2045 B
2135 1942 2284 2045 Εἶεν,
2315 1939 2814 2045 Αἱῐῒξειηεξείοῄῒθεῐθ
2844 1940 2904 2045 in
2935 1941 3156 2040 synodo
3199 1941 3589 2045 {alexandrina
3635 1961 3790 2000 anno

358 2044 556 2100 sancti
588 2043 846 2114 Spiritus
878 2041 1250 2113 processione
1278 2057 1347 2096 ex
1377 2047 1543 2094 Patre
1571 2040 1824 2110 Filioque
1861 2055 2023 2093 sum-

357 2138 465 2204 pta
497 2131 836 2187 scindendaa
868 2129 1136 2185 Ecclesiae
1171 2129 1419 2185 occasio.
1453 2128 1740 2184 Sisinnius
1771 2127 2023 2199 patriar-

357 2220 474 2276 cha
506 2219 772 2275 accusari
802 2218 950 2274 solet
983 2217 1081 2289 qui
1112 2216 1464 2290 encyclicam
1489 2216 1818 2288 epistolam,
1842 2233 2020 2287 quam

355 2301 419 2355 in
453 2301 696 2356 Latinos
728 2300 955 2354 Pholius
984 2303 1321 2353 exaraverat
1352 2298 1609 2352 audaciae
1657 2297 1910 2368 plenam,
1947 2295 2018 2350 ti-

355 2389 486 2445 tulo
514 2389 930 2444 tantummodo
962 2387 1298 2450 immutato,
1334 2403 1561 2458 suoque
1608 2386 1846 2440 nomine
1875 2402 2017 2456 sup-

355 2479 575 2551 posito,
607 2479 679 2532 ad
714 2476 974 2549 reliquos
1007 2474 1374 2547 patriarchas
1420 2474 1835 2530 transmiserit.
1865 2474 1928 2529 In
1953 2491 2020 2528 ea

354 2569 648 2624 Processio
677 2566 920 2638 Spiritus
958 2567 1135 2620 sancti
1164 2583 1199 2619 a
1227 2569 1393 2619 Patre
1423 2573 1475 2620 et
1511 2581 1546 2618 a
1582 2564 1721 2618 Filio
1781 2563 2021 2634 ineptis-

351 2656 530 2712 simis
552 2656 922 2728 argumentis
943 2654 1428 2725 oppugnabatur:
1451 2668 1698 2724 eamque
1720 2652 2021 2721 réjiciebat

346 2745 587 2801 Michael
621 2745 944 2800 Cerularius
993 2759 1126 2797 cum
1179 2741 1325 2806 suis,
1355 2741 1464 2796 hac
1511 2741 1686 2796 etiam
1717 2743 1788 2796 de
1841 2757 2018 2795 causa

345 2836 788 2891 condemnatus
819 2850 853 2888 a
884 2831 1095 2904 legatis
1125 2830 1458 2902 pontiﬁciis.
1491 2831 1764 2886 Schisma
1791 2830 2015 2884 instau-

345 2924 501 2979 ravit
531 2923 660 2995 ipse
684 2940 698 2976 :
733 2922 1046 2993 primoque
1075 2926 1338 2992 tempore
1367 2936 1592 2975 errores
1620 2919 1793 2991 longe
1831 2918 2018 2973 diver-

345 3029 449 3069 sos
480 3015 762 3067 Romanae
795 3009 1065 3065 Ecclesia;
1110 3008 1449 3080 efﬁngebat,
1493 3008 1866 3079 sumpsitque
1914 3008 2014 3062 de-

350 3117 520 3155 mum
551 3117 622 3155 ex
649 3099 952 3154 additioue
982 3098 1229 3169 Filioque
1284 3101 1653 3167 praetoxtum.

427 3189 748 3243 Praetextus
781 3186 1096 3242 vanitatem
1141 3185 1493 3256 quamplura
1534 3183 1830 3250 evincunt,
1885 3201 2012 3255 quae

356 3277 756 3346 superioribus
777 3274 1071 3346 capitibus
1090 3273 1400 3345 posuimus
1424 3278 1792 3344 argumenta.
1821 3272 2011 3327 Simul

2135 2029 2241 2082 362
2289 2028 2597 2084 celebrata.
2633 2029 2815 2083 Fuere
2868 2033 3066 2084 tamen
3117 2030 3174 2084 in
3209 2030 3464 2086 Ecclesia
3511 2032 3791 2090 Orientali

2133 2117 2494 2173 sanctissimi
2559 2117 2860 2189 praesules,
2914 2118 3014 2190 qui
3085 2119 3377 2176 Nicienam
3446 2121 3784 2193 formulam,

2131 2206 2343 2262 saeculo
2393 2211 2603 2278 quarto
2665 2207 2915 2271 labente,
2949 2207 3335 2280 amplissimis
3383 2210 3784 2268 additionibus

2131 2300 2421 2351 auxerunt
2474 2297 2728 2353 advessus
2793 2297 3116 2368 prodeuntes
3176 2299 3471 2354 identidem
3529 2300 3776 2374 haereses,

2129 2385 2692 2458 mandaveruntque,
2725 2389 2789 2440 ut
2856 2389 2952 2457 qui
2999 2387 3261 2458 baptismo
3309 2389 3584 2444 initiandi
3628 2398 3776 2456 sunt,

2129 2474 2510 2546 interpolatas
2541 2474 2826 2530 formulas
2857 2492 2954 2530 eas
3002 2477 3406 2546 proﬁterentur.
3442 2478 3584 2532 Rem
3633 2495 3776 2534 nar-

2129 2566 2218 2616 rat
2250 2568 2490 2618 sanctus
2522 2563 2904 2635 Epiphanius,
2936 2563 2996 2618 in
3045 2566 3332 2637 Ancorato,
3368 2583 3530 2622 num.
3557 2567 3668 2621 120
3713 2571 3774 2624 et

2129 2652 2250 2715 121,
2293 2651 2489 2722 ibique
2537 2652 2822 2707 formulas
2862 2653 2996 2708 ﬁdei
3044 2653 3190 2709 duas
3241 2655 3478 2726 profert,
3529 2656 3771 2713 alteram

2127 2739 2310 2795 altera
2341 2740 2732 2812 prolixiorem,
2763 2745 3077 2814 utramque
3097 2742 3224 2798 sine
3255 2744 3432 2799 dubio
3453 2745 3769 2816 Nicaanam,

2127 2832 2227 2885 sed
2257 2830 2496 2886 vocibus
2530 2829 2798 2901 pluribus
2837 2836 3091 2886 auctam.
3125 2835 3244 2887 Hac
3265 2833 3336 2888 de
3362 2850 3421 2889 re
3442 2833 3568 2890 loco
3597 2835 3771 2892 citato

2126 2935 2232 2974 nos
2264 2919 2494 2991 egimus
2521 2937 2532 2974 :
2566 2919 2743 2990 idque
2775 2920 3026 2976 maxime
3061 2925 3312 2987 constat,
3344 2922 3649 2980 scissionis
3680 2925 3770 2980 in-

2125 3013 2211 3063 ter
2258 3007 2546 3063 Ecclesias
2597 3007 2826 3063 nullum
2870 3008 3006 3064 inde
3063 3013 3408 3080 praetextum
3465 3017 3770 3084 sumptum

2123 3098 2343 3153 fuisse:
2369 3097 2645 3170 ipsasque
2675 3114 2854 3152 novas
2884 3097 3170 3154 formulas
3200 3115 3306 3171 pro
3353 3100 3595 3168 Nicano,
3619 3102 3770 3159 imo-

2123 3187 2298 3241 etiam
2318 3185 2627 3258 apostolico
2647 3184 2923 3258 Symbolo
2945 3185 3178 3242 habitas
3199 3203 3346 3252 esse,
3375 3191 3576 3261 utpote
3599 3191 3768 3247 addi-

2122 3277 2400 3331 tamentis
2473 3279 2696 3347 auctas,
2719 3275 2951 3330 Nicaeno
2999 3279 3057 3332 et
3105 3276 3424 3347 apostolico
3491 3279 3765 3352 Symbolo

350 3363 589 3420 collecta
619 3365 745 3419 haec
777 3369 937 3418 sunt.
961 3362 1174 3418 Primis
1207 3360 1473 3416 Ecclesiae
1505 3362 1847 3416 Christianae
1898 3379 2004 3417 sae-
2038 3350 2080 3416 C
2117 3368 2523 3421 consentaneis.
2555 3364 2852 3437 Insignem
2881 3363 3075 3420 locum
3124 3365 3435 3438 Epiphanii
3479 3350 3665 3425 recole
3709 3374 3768 3426 et

340 3455 494 3510 culis
521 3455 737 3520 tribus,
771 3470 960 3508 unum
1015 3456 1140 3507 erat
1190 3451 1249 3505 in
1301 3468 1399 3507 ore
1439 3468 1676 3523 praeque
1727 3452 2005 3507 manibus

333 3544 686 3616 Symbolum
722 3541 880 3612 ﬁdei,
913 3542 1070 3612 quod
1119 3541 1497 3611 Apostolorum
1549 3541 1876 3596 dicebatur.
1909 3540 2007 3595 In.-

330 3637 698 3689 temeratum
734 3631 882 3686 illud
919 3631 1193 3686 servabat
1224 3630 1490 3685 Romana
1523 3629 1799 3697 Ecclesia,
1832 3634 2008 3700 prout

332 3723 412 3778 ab
443 3721 618 3777 initio
647 3721 934 3776 traditum
960 3722 1186 3774 fuerat:
1214 3719 1528 3790 ipsumque
1560 3718 1882 3773 Orientales
1912 3735 2011 3772 an-

331 3811 560 3866 tistites
590 3815 882 3865 auxerunt
912 3807 1358 3873 additamentis,
1392 3807 1610 3878 quibus
1641 3807 1756 3862 alia
1797 3804 2009 3877 adjecit

327 3901 644 3973 Aquileisis
683 3899 746 3952 in
780 3898 946 3953 Italia
998 3896 1274 3952 Ecclesia.
1308 3896 1470 3951 Hanc
1523 3900 1836 3964 vetustam,
1879 3913 2006 3967 quae

329 3988 536 4061 primo
568 3987 839 4043 Ecclesias
870 3986 1216 4042 Christiana
1253 3989 1517 4057 tempore
1561 3985 1882 4052 obtinebat,
1916 3984 2004 4038 la-

331 4079 494 4132 tiore
525 4092 798 4131 sermone
828 4074 1320 4130 consuetudinem
1351 4075 1730 4145 exposuimus
1743 4075 1930 4145 capite
1951 4075 2002 4141 1,

331 4183 510 4221 num.
543 4168 580 4219 2
613 4164 757 4236 quin
791 4163 911 4219 ulla
931 4167 1130 4218 tamen
1165 4163 1470 4218 scissionis
1497 4163 1724 4218 occasio
1746 4167 1849 4218 aut
1869 4164 2006 4218 data

333 4255 539 4321 fuerit,
575 4258 680 4308 aut
709 4258 947 4325 accepta
976 4249 1332 4307 Orientalem
1376 4251 1529 4307 inter
1558 4257 1614 4306 et
1661 4252 2002 4307 Occidenta-

331 4344 453 4398 lem
482 4342 834 4408 Ecclesium,
866 4341 1126 4410 itemque
1159 4340 1311 4395 inter
1335 4340 1766 4411 Aquileiensem
1806 4358 1871 4396 ac
1899 4341 2004 4395 Ro-

331 4448 605 4498 manam,
638 4435 994 4500 ceterasque
1027 4428 1227 4484 Italiae.

407 4521 570 4577 219
605 4519 1022 4573 Additamenta
1051 4516 1272 4572 scilicet
1304 4522 1490 4582 erant,
1525 4534 1652 4588 qua
1685 4518 1771 4572 vel
1793 4517 2000 4572 clario-

331 4626 463 4665 rem
497 4609 789 4662 duntaxat
819 4605 1152 4661 communis
1183 4609 1355 4661 rectae
1385 4606 1518 4661 ﬁdei
1545 4606 1999 4661 declarationem

332 4695 906 4768 complectebantur,
937 4692 1023 4749 vel
1055 4694 1349 4766 dogmatis
1382 4694 1804 4766 professionem
1851 4711 2002 4766 praa-
2033 4719 2078 4783 Ι)

332 4787 585 4842 stabant
615 4788 824 4840 contra
854 4786 1161 4853 surgentes
1194 4799 1374 4837 novas
1404 4783 1679 4849 haereses,
1713 4800 1858 4852 quas
1895 4784 2000 4838 ali-

331 4875 566 4946 quibus
595 4873 655 4927 in
691 4871 833 4927 locis
863 4870 1064 4942 procul
1097 4871 1280 4925 arceri
1312 4888 1346 4926 a
1387 4873 1688 4927 mentibus
1737 4872 1996 4926 ﬁdelium

329 4963 744 5021 necessarium
771 4960 1117 5016 ducebatur.
1144 4961 1426 5015 Prmvium
1453 4979 1672 5016 morem
1695 4961 1878 5016 istum
1903 4963 1998 5016 Ec-

328 5054 653 5111 clesiarum
686 5055 896 5106 secuta
923 5054 1015 5104 est
1043 5054 1252 5120 quarto
1277 5049 1509 5120 incepto
1541 5050 1749 5105 saeculo
1771 5065 1999 5107 secume-

329 5147 462 5200 nica
491 5145 736 5200 Nicaena
765 5140 956 5211 prima
1010 5139 1291 5210 synodus,
1328 5155 1456 5210 quin
1513 5138 1769 5210 primum
1801 5144 1859 5194 et
1915 5139 2000 5194 al-

328 5237 521 5290 terum
553 5226 829 5305 Symboli
891 5225 1196 5297 apostolici
1256 5226 1555 5298 articulos,
1589 5227 1804 5298 quibus
1853 5228 2000 5284 ﬁdes

333 5322 684 5397 proponitur
743 5319 808 5373 in
868 5316 1043 5371 Deum
1095 5319 1321 5371 Patrem
1366 5319 1809 5388 omnipotentem,
1841 5326 1893 5372 et
1938 5321 2000 5373 in

337 5413 606 5472 Christum
635 5413 836 5469 Iesum
887 5405 1120 5459 unicum
1164 5405 1370 5460 Filium
1410 5406 1528 5476 ejus
1556 5407 1853 5461 Dominum
1900 5423 2000 5463 no-

335 5508 510 5579 strum,
544 5498 848 5578 pluribus
900 5493 1148 5563 adjectis
1185 5493 1428 5549 vocibus
1479 5494 1641 5549 auxit
1688 5496 1759 5550 ad
1808 5496 2000 5567 ipsam

321 5595 484 5656 ﬁdem
535 5585 933 5652 luculentius
988 5581 1414 5653 explicandam,
1463 5600 1647 5654 eoque
1691 5585 2000 5640 tutandam

308 5688 578 5764 prasidio
611 5681 958 5739 adversum
995 5670 1252 5764 haereses
1275 5674 1437 5764 iArii,
1469 5673 1722 5738 Sabellii,
1757 5674 2000 5739 Photz‘ni,

296 5761 456 5841 Pauli
506 5764 938 5837 Samosateni,
988 5761 1283 5820 Manicha’i
1331 5767 1386 5819 et
1448 5763 1761 5830 Marcionis,
1801 5773 1852 5819 et
1902 5765 2000 5819 ad-

2117 3455 2393 3525 expende.

2189 3543 2532 3598 Sardicense
2580 3543 2732 3613 quod
2806 3542 3262 3598 memoravimus
3327 3543 3646 3612 decretum,
3697 3561 3764 3602 eo

2117 3649 2294 3687 sensu
2326 3631 2710 3696 intellectum,
2744 3631 2898 3702 quod
2933 3631 3172 3687 Nicwnw
3199 3632 3462 3702 formulae
3491 3633 3638 3688 nihil
3669 3635 3766 3690 ad-

2108 3722 2213 3792 jici
2253 3725 2471 3776 temere
2522 3721 2730 3775 debeat
2777 3720 2933 3790 quod
2972 3719 3266 3775 Nicaenam
3315 3721 3491 3777 ﬁdem
3542 3722 3762 3780 labefa-

2117 3814 2250 3877 ctet,
2283 3810 2559 3864 ﬁrmitate
2589 3808 2768 3880 pollet
2798 3825 2928 3879 quae
2953 3807 3143 3880 ipsius
3176 3808 3312 3864 ﬁdei
3342 3810 3608 3866 ﬁrmitati
3657 3829 3764 3885 par

2115 3903 2223 3953 est.
2256 3898 2337 3952 De
2367 3898 2496 3968 ipsa
2527 3896 2798 3963 formula,
2821 3896 2986 3967 fidem
3005 3899 3294 3954 Nicaenam
3316 3898 3760 3972 complectente,

2115 3987 2164 4043 si
2195 3988 2492 4042 decretum
2518 3986 2675 4041 idem
2709 3987 2863 4042 220
2895 3985 3276 4058 intelligatur,
3309 3988 3380 4042 ad
3411 3987 3763 4046 ecclesiasti-

2113 4093 2241 4132 cam
2274 4075 2525 4148 pertinet
2553 4074 2951 4146 disciplinam,
2983 4091 3110 4146 quae
3143 4076 3526 4132 mutationem
3559 4079 3762 4136 subire

2113 4170 2322 4238 potest.
2357 4165 2501 4220 Hinc
2547 4163 2860 4220 formulam
2889 4164 3157 4220 eamdem
3206 4164 3499 4221 Nicenam
3551 4167 3759 4224 adver-

2113 4271 2245 4309 sum
2280 4254 2632 4325 prodeuntes
2662 4252 2913 4307 haereses
2944 4268 3158 4324 augere
3187 4253 3512 4310 Orientales
3549 4254 3757 4328 aliquae

2113 4343 2375 4398 Ecclesia:
2409 4342 2806 4398 necessarium
2838 4342 3148 4406 duxerunt,
3177 4342 3583 4412 Epiphanianis
3612 4362 3758 4416 pra:-

2112 4433 2285 4487 dictis
2315 4433 2571 4503 formulis
2602 4431 2831 4484 duabus
2863 4430 3125 4500 invectis,
3159 4448 3287 4502 quae
3331 4431 3403 4487 iis
3450 4433 3758 4489 traderen-

2113 4525 2210 4575 tur
2238 4520 2338 4591 qui
2369 4518 2702 4590 baptizandi
2736 4523 2893 4574 sunt.
2921 4518 3385 4590 Epiphanianam
3417 4520 3752 4593 formulam,

2110 4625 2238 4681 quae
2271 4609 2468 4664 minus
2500 4607 2725 4679 prolixa
2768 4613 2876 4676 est,
2911 4607 3265 4679 quibusdam
3296 4609 3553 4681 exceptis
3597 4611 3754 4667 voci-

2113 4700 2246 4762 bus,
2288 4699 2643 4769 adoptarunt
2689 4703 2909 4751 centum
2951 4700 3004 4751 et
3050 4699 3453 4768 quinquaginta
3510 4698 3758 4756 Orienta-

2113 4788 2255 4842 lium
2287 4786 2648 4840 Ecclesiarum
2680 4786 2875 4838 Patres
2906 4799 3058 4837 anno
3101 4783 3202 4836 381
3237 4782 3296 4837 in
3328 4785 3550 4854 synodo
3606 4785 3758 4842 Con-

2111 4875 2598 4945 stantinoplitaua
2669 4872 3024 4943 congregati,
3085 4887 3212 4941 qua:
3279 4876 3479 4943 postea
3549 4875 3756 4946 synodi

2111 4966 2480 5019 mcumenica:
2513 4961 2919 5016 auctoritatem
2959 4959 3386 5016 obtinuit.Hinc
3415 4961 3754 5033 Symbolum,

2109 5053 2336 5108 dictum
2387 5051 3078 5121 Constantinopolitanum,
3110 5048 3373 5120 invaluit,
3407 5050 3571 5108 nullo
3617 5052 3754 5110 inde

2108 5141 2412 5197 scissionis
2442 5143 2721 5211 praetextu
2753 5139 3083 5209 desumpto.

2182 5231 2304 5284 Imo
2335 5245 2445 5284 sua
2464 5244 2582 5282 aevo
2613 5227 2713 5282 illo
2744 5225 3116 5298 potiebantur
3142 5226 3409 5284 libertate
3435 5229 3754 5302 particula-

2110 5334 2203 5373 res
2235 5317 2500 5372 Ecclesiae
2521 5316 2582 5370 in
2607 5315 2840 5371 Oriente
2865 5332 2877 5370 :
2903 5313 3147 5386 aliaeque
3166 5315 3228 5372 in
3251 5316 3608 5390 baptismate
3627 5324 3753 5375 ute-

2109 5409 2328 5464 bantur
2358 5404 2965 5476 Constantinopolitano
3014 5403 3312 5476 Symbolo,
3354 5405 3610 5480 simplici
3650 5409 3756 5464 Ni-

2109 5513 2260 5552 caeno
2282 5495 2429 5566 alia},
2461 5499 2519 5549 et
2550 5493 2676 5548 aliae
2709 5509 2932 5565 proprio
2978 5493 3232 5566 quodam,
3274 5497 3432 5566 quod
3463 5513 3498 5552 a
3523 5496 3754 5553 Nicseno

2111 5592 2167 5641 et
2196 5581 2863 5654 ConstantinOpolitauo,
2889 5583 2962 5637 ad
2985 5600 3156 5639 voces
3186 5584 3416 5656 aliquas
3447 5587 3602 5656 quod
3629 5588 3760 5642 atti-

2113 5680 2231 5740 net,
2295 5673 2615 5727 dill‘erebat.
2674 5671 3008 5726 Antiochena
3065 5672 3305 5728 scilicet.
3369 5675 3757 5748 Hierosolymi-

2114 5770 2264 5832 tana,
2315 5761 2831 5834 Philadelphiensis,
2864 5767 3037 5833 caput
3081 5763 3134 5817 2.
3169 5761 3314 5818 Vide
3364 5780 3527 5819 num.
3555 5765 3612 5822 3.
3638 5766 3758 5821 Hac
