4108 6434
417 445 537 506 215
1447 447 1766 509 GEORGII
1810 443 2070 509 CYPRII
2116 444 2230 508 CP.
2278 445 2813 509 PATRIARCHIE
3711 450 3823 512 216

417 576 684 634 libertate
714 575 946 634 scelesti
975 576 1216 649 quidam
1247 578 1516 637 homines
1548 581 1718 637 abusi
1742 584 1903 647 sunt,
1932 599 2066 653 par-
2095 582 2151 649 Α
2180 580 2382 635 stianaa
2414 596 2587 635 usum
2618 580 2821 636 eadem
2854 582 3057 636 sancta
3090 578 3356 649 synodus
3402 579 3653 646 deducit,
3703 596 3824 639 sese

413 665 690 723 ticulares
720 682 869 738 quae
905 668 1290 739 usurpabant,
1323 668 1557 739 injectis
1606 670 1921 739 erroribus,
1950 671 2064 727 for-
2173 668 2555 741 Entychianis
2576 685 2899 741 opponens,
2938 668 3061 740 qui.
3093 668 3468 725 additionibus
3530 670 3827 727 Constanti-

418 754 1501 828 mulasinterpolantes.Depravatum
1541 758 1790 830 hujusce
1838 759 2069 832 generis
2174 758 2519 828 nopolilanis
2579 758 2831 829 rejectis,
2897 756 3131 813 Niceno
3190 757 3443 830 simplici
3500 759 3826 815 utebantur.

414 843 757 918 Symbolum
789 844 861 900 ad
914 845 1206 917 synodum
1238 846 1596 918 Ephesinam
1646 849 2067 904 moumenicam
2178 845 2479 901 Vindicias
2509 845 2749 913 habent,
2782 844 3001 918 quibus
3031 845 3142 901 hoc
3171 846 3349 901 etiam
3396 862 3465 902 ex
3504 844 3629 902 loco
3673 863 3826 902 sum-

419 950 572 990 anno
595 934 693 989 431
726 931 939 988 detulit
956 932 1254 990 Charisius
1287 934 1834 1008 Philadelphiensis.
1860 939 2072 994 Reme-
2180 935 2297 1009 ptis
2327 951 2527 991 vocem
2581 933 2767 1004 illam,
2800 936 3073 1007 Filioque,
3107 933 3386 1008 Symbolo
3427 934 3825 992 Constantino-

423 1023 585 1078 dium
618 1026 684 1078 ut
723 1022 953 1078 afferret
1002 1021 1156 1078 malo
1205 1024 1581 1081 sanctissima
1627 1028 1909 1099 synodus,
1957 1027 2073 1083 lato

424 1112 654 1168 decreto
712 1111 955 1166 statuit:
988 1112 1234 1168 Alteram
1281 1113 1445 1184 ﬁdem
1491 1117 1709 1171 nemini
1751 1117 1914 1173 licere
1948 1133 2073 1187 pro-

427 1202 591 1268 ferre,
626 1209 723 1256 aut
759 1201 1116 1267 conscribere,
1147 1211 1245 1258 aut
1269 1219 1613 1274 componere,
1641 1215 1844 1277 praeter
1886 1206 2078 1276 deﬁni-

2184 1023 2440 1095 politano
2487 1023 2802 1094 adjectam,
2862 1022 3227 1079 validissime
3291 1027 3569 1079 tueantur
3623 1023 3829 1079 Latina

2183 1111 2582 1169 Occidentales
2613 1112 2904 1169 Ecclesia.
3226 1163 3230 1167 .

2256 1206 2501 1258 Summa
2540 1206 2670 1274 post
2718 1201 3194 1258 Cbalcedonense
3251 1202 3551 1259 decretum
3596 1216 3827 1257 venera-

425 1292 540 1345 tam
568 1306 602 1343 a
644 1291 843 1345 sanctis
890 1290 1169 1362 Patribus,
1204 1294 1300 1363 qui
1345 1294 1405 1346 in
1447 1293 1640 1351 Nicma
1684 1311 1807 1350 cum
1856 1295 2079 1367 Spiritu

428 1387 614 1435 sancto
642 1381 962 1452 congregati
1004 1383 1251 1451 luerunt.
1279 1381 1628 1453 Legitimum
1674 1384 1888 1439 decreti
1945 1401 2079 1439 sen-

431 1484 565 1523 sum
595 1471 661 1522 ut
690 1467 928 1536 habeas,
962 1469 1360 1525 animadverte
1412 1470 1731 1527 inhibitum
1777 1474 1889 1529 sibi
1923 1473 2079 1528 haud

432 1556 750 1612 credidisse
780 1556 1085 1627 Ecclesiae,
1120 1559 1439 1630 quominus
1475 1561 1602 1632 jam
1635 1568 1900 1634 receptas
1946 1562 2081 1617 ﬁdei

432 1644 717 1702 formulas
754 1646 1101 1703 adhiberent
1144 1648 1204 1701 in
1252 1648 1625 1721 baptismate,
1679 1655 1781 1707 aut
1835 1652 2083 1707 Niaenam

432 1734 758 1804 simplicem,
783 1739 887 1789 aut
938 1735 1624 1809 Constantinopolitanam,
1672 1745 1775 1794 aut
1818 1742 1964 1795 alias
2012 1741 2084 1795 ab

435 1825 686 1895 utraque
727 1823 1083 1890 differentes,
1106 1824 1292 1881 illaesa
1339 1825 1491 1882 inter
1520 1843 1617 1882 eas
1666 1844 1808 1900 pace
1849 1845 1913 1884 ac
1962 1828 2089 1883 uni-

434 1915 593 1967 tate:
627 1928 744 1982 quo
787 1912 965 1967 etiam
1021 1917 1282 1985 tempore
1325 1915 1766 1973 catechumenis
1811 1917 1873 1972 in
1921 1918 2089 1974 Occi-

439 2000 615 2056 dente
641 1999 986 2056 tradebatur
1032 2001 1351 2075 Symbolum
1388 2005 1774 2075 apostolorum,
1803 2008 1959 2077 quod
1986 2005 2089 2062 ali-

441 2088 659 2161 quibus
717 2089 1138 2145 additamentis
1203 2091 1263 2146 in
1315 2090 1445 2147 aliis
1494 2093 1752 2164 primum
1815 2095 2094 2152 Ecclesiis

441 2182 703 2246 auctum,
728 2194 905 2233 suum
937 2178 1190 2251 denique
1220 2180 1355 2237 fecit
1374 2181 1550 2237 etiam
1597 2183 1878 2240 Romana.

511 2266 699 2323 Fidem
728 2268 991 2336 alteram,
1042 2284 1221 2339 quam
1266 2272 1514 2342 proferri
1564 2277 1774 2343 praeter
1817 2276 2092 2342 Niamam,

437 2360 537 2411 aut
563 2357 855 2422 conscribi,
903 2365 1000 2412 aut
1045 2359 1314 2428 componi,
1356 2364 1511 2415 vetat
1561 2362 1837 2419 decretum
1878 2363 2098 2435 Ephesi-

435 2461 591 2513 num,
641 2443 977 2500 intellexere
1020 2444 1284 2518 plerique
1328 2448 1639 2505 doctrinam
1690 2450 1825 2507 ﬁdei
1855 2451 2098 2508 Nicaeum

437 2532 746 2588 adversam.
800 2533 993 2605 Ipsam
1042 2536 1373 2605 formulam,
1423 2553 1550 2607 quas
1602 2539 1679 2594 sit
1724 2540 1840 2596 alia
1896 2546 2103 2612 praeter

443 2620 761 2676 formulam
793 2621 928 2677 fidei
981 2622 1248 2691 Nicaeum,
1280 2624 1721 2697 intelligendam
1753 2644 1883 2685 esse
1932 2634 2102 2703 puta-

446 2713 587 2764 runt
616 2709 737 2765 alii.
771 2711 1027 2767 Sensum
1076 2712 1331 2784 priorem
1380 2715 1582 2771 addita
1623 2734 1782 2788 voce,
1832 2720 2101 2791 Filioque,

451 2802 553 2855 aut
581 2798 697 2854 alio
753 2798 934 2855 simili
984 2810 1150 2857 rectm
1205 2802 1339 2857 ﬁdei
1373 2820 1630 2860 consono
1681 2806 2103 2871 additamenta,

452 2886 660 2942 violari
690 2886 901 2943 dixerit
948 2906 1142 2957 nemo,
1178 2891 1293 2946 nisi
1340 2892 1440 2964 qui
1489 2893 1773 2967 vertigine
1818 2895 2106 2954 haereseos

453 2980 622 3032 actus
649 2978 1048 3048 processionem
1076 2978 1318 3050 Spiritus
1356 2984 1539 3037 sancti
1581 3000 1616 3038 a
1644 2985 1811 3041 Patre
1856 2990 1909 3041 et
1936 3004 1971 3042 α
2014 2988 2108 3042 Fi-

460 3064 558 3134 lio,
592 3065 712 3120 sive
736 3081 838 3136 per
875 3067 1104 3135 Filium,
1130 3070 1491 3140 pertinacius
1540 3072 1806 3146 abneget.
1853 3075 2111 3148 Hujusce

458 3153 660 3208 farinae,
708 3153 1097 3212 heterodoxos
1145 3156 1414 3214 homines
1461 3159 1873 3220 dissertatione
1920 3166 2113 3236 prima

457 3240 706 3297 insecuti
739 3259 969 3299 sumus.

2185 1291 2346 1347 tione
2374 1291 2697 1363 Symbolum
2737 1290 3411 1363 Constantinopolitanum
3459 1292 3834 1362 susceperunt

2187 1380 2459 1437 Ecclesiae
2514 1380 2807 1436 Orientis:
2850 1380 3004 1452 quod
3069 1380 3247 1436 etiam
3279 1381 3570 1436 Nicatnum
3620 1378 3832 1433 dictum

2189 1476 2298 1527 est.
2332 1469 2667 1525 Tradehant
2698 1468 2845 1523 illud
2874 1470 2933 1524 in
2963 1469 3318 1542 baptismate
3347 1467 3547 1525 electis
3572 1465 3832 1535 catechu-

2194 1557 2810 1630 menis,peculiaribus
2825 1557 3235 1630 praetermissis
3250 1556 3697 1628 formulis,quas
3719 1553 3838 1608 hac-

2192 1651 2364 1703 tenus
2394 1646 2825 1702 adhibuerant:
2861 1646 3182 1720 ipeumque
3220 1647 3408 1703 fecere
3458 1661 3634 1701 sacra:
3673 1644 3841 1699 Litur-

2193 1738 2298 1809 gim
2328 1739 2574 1809 partem.
2604 1735 2878 1807 Antiquis
2909 1736 3175 1792 moribus
3210 1736 3477 1792 Romana
3515 1737 3837 1803 caateraaque

2196 1823 2599 1881 Occidentales
2628 1823 2898 1881 Ecclesiae
2930 1824 3249 1889 haerebant,
3289 1823 3662 1895 apostolorum
3686 1820 3837 1893 Sym-

2201 1914 2317 1971 bolo
2335 1912 2706 1985 baptizandis
2727 1914 2970 1980 tradito,
2991 1913 3510 1985 praetermissaque
3538 1911 3686 1966 inter
3708 1906 3833 1964 mis-

2202 1987 2402 2059 sarum
2424 2000 2712 2057 solemnia
2732 2001 2867 2056 ﬁdei
2890 2000 3311 2058 formula.Cum
3331 2001 3498 2057 varia
3517 1997 3837 2070 disciplina,

2201 2091 2322 2146 sive
2352 2091 2619 2146 brevioris
2647 2089 2708 2145 in
2739 2089 3051 2146 Occidente
3072 2089 3357 2162 Symboli,
3393 2090 3519 2145 sive
3542 2088 3601 2143 in
3622 2086 3841 2142 Oriente

2199 2179 2543 2253 prolixioris,
2577 2179 2696 2235 sive
2726 2178 2858 2235 lecti
2893 2178 3304 2251 decantatique
3331 2178 3393 2234 in
3423 2175 3703 2249 Liturgia,
3731 2172 3841 2229 sive

2205 2268 2434 2336 omissi,
2467 2285 2586 2324 una
2627 2268 2989 2325 consistebat
3031 2268 3178 2324 ﬁdes
3225 2267 3497 2324 omnium
3529 2283 3595 2322 ac
3642 2260 3843 2319 ﬁrmis-

2206 2357 2355 2414 sima
2385 2374 2514 2430 pax.

2277 2447 2473 2516 Legem
2518 2447 2846 2517 Ephesinam
2884 2445 3236 2502 instauravit
3278 2446 3530 2518 synodus
3570 2438 3847 2502 Chalcedo-

2206 2537 2415 2601 nensis,
2446 2533 2673 2590 actione
2700 2535 2734 2589 5
2765 2533 3031 2605 definiens
3063 2551 3076 2590 :
3109 2535 3349 2591 atteram
3394 2534 3567 2605 fidem
3594 2531 3737 2588 nulli
3777 2527 3846 2583 li-

2210 2640 2333 2681 cere
2368 2629 2634 2696 proferre,
2689 2632 2789 2679 aut
2831 2623 3189 2692 conscribere,
3240 2624 3327 2680 vel
3371 2636 3714 2697 componere,
3764 2618 3853 2673 aut

2211 2715 2441 2783 sentire,
2473 2716 2572 2767 aut
2616 2713 2761 2768 alios
2800 2712 3008 2768 docere.
3048 2712 3322 2768 Invexere
3359 2718 3565 2770 tamen
3613 2709 3849 2767 audaces

2213 2802 2485 2859 homines
2515 2800 2774 2873 plurium
2822 2801 3118 2858 haereseon
3164 2809 3456 2872 monstra,
3500 2797 3848 2858 Monothelitte

2215 2895 2274 2949 et
2312 2890 2678 2948 lconomachi.
2737 2890 2848 2946 Eos
2900 2894 2971 2946 ut
3033 2889 3315 2955 cohibert,
3375 2892 3567 2964 deque
3619 2887 3848 2944 aliorum

2218 2985 2412 3036 mente
2467 2979 2540 3035 ab
2587 2979 2886 3035 erroribus
2917 2978 3109 3035 aliena
3140 2983 3209 3035 ut
3252 2980 3469 3036 certior
3515 2978 3666 3036 222
3702 2972 3852 3029 ﬁeret

2219 3069 2496 3135 Ecclesia,
2529 3068 2649 3124 sive
2689 3068 2749 3123 in
2800 3068 3042 3140 synodis
3092 3073 3473 3142 congregata,
3526 3068 3645 3124 sive
3691 3061 3853 3120 etiam

2217 3162 2379 3215 extra
2406 3157 2680 3231 synodos,
2715 3156 3055 3213 methodum
3085 3157 3352 3225 servavit,
3386 3175 3509 3231 qua
3531 3157 3664 3228 legis
3692 3149 3855 3249 Epito-

2220 3248 2364 3304 sinz
2393 3250 2567 3317 atque
2599 3245 3054 3301 Chalcedonensis
3098 3245 3353 3319 rigorem
3397 3262 3590 3318 neque
3636 3245 3855 3298 omnino

528 3329 681 3385 Num
711 3346 845 3387 vero
868 3332 1113 3402 formula
1155 3334 1291 3391 ﬁdei
1338 3335 1606 3405 Nicena,
1654 3344 1720 3395 ut
1764 3341 2023 3413 primum
2073 3360 2109 3399 ε,
2138 3322 2182 3389 C
2221 3339 2583 3407 sequeretur,
2617 3351 2806 3405 neque
2838 3335 2911 3391 ab
2941 3350 3010 3389 ea
3039 3335 3282 3391 omnino
3316 3333 3674 3392 abscederet.
3706 3330 3855 3413 Sym-

378 3422 383 3429 '
454 3419 730 3475 Patribus
760 3419 1048 3477 instructa
1078 3422 1207 3492 fuit,
1240 3424 1507 3482 debuerit
1543 3426 1892 3486 intemerata
1938 3432 2102 3489 dein-

452 3520 591 3578 ceps
629 3507 887 3576 retineri,
910 3526 983 3564 an
1016 3526 1145 3566 eam
1179 3511 1380 3585 augeri
1411 3515 1770 3585 quibusdam
1819 3519 1967 3577 221
2004 3537 2103 3576 vo-

452 3595 621 3652 cibus
650 3594 839 3664 liceat,
872 3597 991 3653 sive
1021 3600 1265 3669 majoris
1296 3600 1707 3661 declarationis
1749 3622 1947 3676 causa,
1982 3608 2104 3665 sive

452 3688 692 3756 propter
720 3684 970 3742 haereses
993 3688 1366 3759 prodeuntes,
1394 3694 1606 3758 totum,
1639 3698 1730 3750 est
1777 3696 2105 3769 disciplinas

449 3772 825 3828 ecclesiastica
858 3774 1180 3846 negotium.
1215 3781 1325 3833 Pro
1354 3778 1765 3854 additamentis,
1812 3801 1939 3856 quae
1970 3801 2104 3858 gra-

449 3859 701 3917 vissimae
729 3862 1028 3934 postulent
1057 3872 1424 3938 emergentes
1455 3868 1930 3944 circumstantiae,
1964 3874 2105 3931 insi-

449 3965 564 4023 gne
592 3950 921 4027 exemplum
953 3954 1170 4024 praebet
1199 3958 1561 4013 mcumenica
1584 3961 1843 4032 synodus
1874 3962 2108 4021 Chalce-

451 4039 751 4124 donensis,
812 4057 965 4124 anno
996 4042 1093 4097 451
1158 4042 1469 4101 celebrata.
1529 4047 1780 4105 Cilatum
1838 4058 2015 4124 caput
2070 4056 2106 4110 2

450 4120 658 4187 recole,
695 4137 860 4191 num,
892 4123 925 4176 4
955 4126 1014 4178 et
1039 4124 1093 4178 5.
1117 4124 1486 4182 Admonente
1524 4127 1780 4201 Diogene
1826 4120 2104 4205 Cyniceno

449 4208 745 4280 episcopo,
776 4209 1318 4268 animadverterunt
1363 4214 1583 4283 Patres,
1616 4218 1836 4275 Nicseno
1859 4223 2107 4294 simplici

450 4296 614 4351 abuti
667 4298 945 4371 Symbolo
996 4299 1413 4374 Eutychianos,
1449 4303 1521 4359 ab
1569 4305 1771 4378 eisque
1818 4310 2106 4367 catholica

448 4386 612 4455 rejici
645 4387 1069 4460 additamenta,
1103 4404 1231 4461 quae
1262 4391 1321 4445 in
1357 4393 1630 4465 Symbolo
1661 4396 2108 4472 Constantinopo-

448 4473 620 4530 litano
646 4476 1115 4532 continebantur.
1147 4477 1305 4549 Opus
1336 4496 1465 4536 esse
1494 4492 1819 4541 censurunt
1847 4488 1981 4559 ipsi,
2014 4493 2100 4556 ut,

446 4562 912 4621 machinationem
965 4581 1180 4622 omnem
1208 4569 1594 4626 haereticorum
1650 4583 1841 4630 contra
1898 4580 2103 4634 verita-

2210 3423 2413 3480 bolum
2444 3422 2667 3479 scilicet
2697 3424 3394 3493 Constantinopolitanum
3424 3424 3485 3480 in
3505 3412 3857 3494 baptismatis

2213 3511 2724 3568 administratione
2755 3517 2813 3567 et
2843 3528 2909 3567 ea
2922 3528 3020 3567 cra
3048 3511 3109 3567 in
3141 3511 3411 3584 Liturgia
3432 3513 3716 3568 intactum
3743 3518 3853 3559 ser-

2211 3605 2411 3655 vatum
2441 3604 2569 3655 est:
2613 3617 2726 3655 usu
2756 3616 2892 3657 vero
2925 3604 3250 3672 receptum,
3284 3606 3349 3656 ut
3376 3618 3517 3659 cum
3549 3597 3679 3655 novi
3703 3607 3847 3651 erro-

2215 3706 2307 3746 res
2336 3690 2765 3745 condemnandi
2799 3690 3011 3760 forent,
3045 3694 3148 3759 aut
3175 3689 3310 3746 ﬁdei
3341 3688 3628 3762 professio
3648 3680 3856 3742 edenda

2213 3783 2387 3845 esset,
2418 3778 2507 3835 vel
2537 3779 2734 3850 ipsum
2768 3778 3113 3851 Symbolum
3142 3775 3853 3850 Conetantinopolitanum

2213 3866 2670 3924 additenmentis
2701 3869 3152 3938 augeretur,aut
3183 3864 3422 3937 prolixae
3445 3859 3859 3921 instruerentur

2214 3956 2350 4013 ﬁdei
2380 3954 2772 4029 professiones
2811 3954 3000 4011 instar
3047 3954 3329 4027 Symboli.
3355 3955 3630 4013 Prostant
3673 3947 3862 4042 hujus:

2214 4045 2374 4102 modi
2418 4043 2688 4117 formula
2731 4044 2788 4099 in
2841 4044 3203 4100 oecumenica
3249 4046 3478 4117 synodo
3529 4044 3689 4099 sexta
3732 4046 3860 4091 cum

2211 4136 2339 4203 680,
2372 4134 2433 4190 in
2483 4134 2711 4190 actione
2741 4134 2775 4187 4
2812 4137 2872 4189 et
2902 4134 2990 4198 10,
3022 4136 3080 4188 et
3119 4134 3183 4188 in
3233 4135 3461 4206 synodo
3518 4122 3864 4187 mcumenica

2210 4239 2314 4289 vn,
2346 4223 2579 4279 Nicena
2611 4239 2675 4286 ιι,
2722 4222 2859 4277 anni
2907 4221 3034 4291 787,
3069 4221 3128 4276 in
3177 4221 3406 4279 actione
3439 4223 3465 4278 1
3507 4224 3565 4277 et
3610 4219 3661 4273 3.
3694 4210 3856 4272 Moris

2212 4313 2460 4385 hujusce
2492 4329 2556 4367 ac
2587 4310 2912 4383 disciplinae
2955 4311 3080 4381 jam
3139 4310 3368 4382 pridem
3417 4306 3683 4381 exempla
3707 4314 3861 4398 Apr?

2212 4404 2475 4459 buerunt
2506 4400 2863 4456 Athanasius
2893 4400 2954 4455 in
2987 4406 3096 4455 sua
3122 4399 3254 4470 ﬁdei
3297 4401 3663 4473 expositione,
3694 4386 3857 4463 Cyril-

2211 4489 2305 4545 lus
2336 4488 2767 4545 Alexandrinus
2813 4487 2872 4542 in
2932 4504 3001 4543 ea
3058 4503 3236 4560 quam
3282 4488 3536 4544 inseruit
3590 4477 3857 4556 Synodtcz

2211 4579 2465 4651 Epistolas
2494 4578 2552 4633 in
2584 4577 2808 4651 synodo
2838 4574 3237 4632 Alexandrina
3272 4576 3424 4631 datas
3455 4591 3608 4632 anno
3647 4570 3769 4636 430,
3800 4565 3857 4618 et

446 4659 554 4707 tem
607 4653 863 4708 claudere
907 4656 1164 4724 volentes,
1196 4658 1302 4712 abs
1359 4659 1550 4731 rigore
1601 4661 1748 4736 legis
1794 4665 2102 4736 Ephesium
2132 4683 2178 4747 Β
2209 4668 2465 4724 Joannes
2512 4666 2913 4723 Antiochenus
2957 4665 3013 4719 in
3066 4682 3136 4720 ea
3182 4682 3359 4738 quam
3395 4682 3498 4737 per
3546 4661 3854 4719 Emisenum

446 4739 874 4797 abscederent:
927 4747 1290 4802 Decernentes
1336 4757 1466 4803 ante
1510 4753 1718 4820 omnia,
1749 4753 1912 4823 ﬁdem
1965 4758 2101 4813 inte-

444 4844 603 4899 gram
631 4833 683 4885 et
720 4831 1109 4888 intemeratum
1151 4851 1474 4906 permanere
1512 4842 1875 4898 trecentorum
1919 4844 2101 4902 decem

446 4925 498 4972 et
525 4922 644 4973 octo
671 4923 987 4975 sanctorum
1014 4923 1245 4978 Patrum
1274 4923 1352 4996 (id
1386 4930 1477 4981 est
1514 4928 1868 5003 Nicaanam):
1903 4949 1970 4988 ac
1999 4933 2099 4990 do-

447 5008 694 5062 ctrinam
747 5011 1154 5080 conﬁrmantes,
1183 5029 1323 5083 quae,
1383 5014 1447 5071 de
1496 5018 1813 5075 substantia
1858 5021 2105 5093 Spiritus

446 5098 630 5150 sancti
658 5099 974 5153 aPatribus
1020 5109 1238 5156 centum
1285 5104 1697 5175 quinquaginta
1739 5119 1924 5177 postea
1969 5129 2101 5168 con-

447 5187 685 5255 gregalis
758 5187 819 5240 in
872 5188 1027 5258 regia
1097 5192 1319 5246 civitate
1376 5192 1932 5270 (Constantinopoli)
1985 5204 2100 5256 tra-

444 5271 565 5327 dita
583 5282 662 5329 est
687 5283 910 5345 propter
938 5277 1062 5333 illos
1090 5281 1189 5349 qui
1216 5279 1453 5350 Spiritui
1479 5287 1664 5339 sancto
1697 5289 2096 5357 repugnabant.

447 5361 574 5416 Haec
607 5362 900 5419 habentur
936 5367 1162 5422 actione
1187 5369 1224 5422 5
1269 5372 1950 5445 Constantinopolitanae
1998 5378 2100 5434 Pa-

441 5452 563 5505 tres
628 5455 1002 5510 commendat
1062 5457 1321 5528 synodus
1378 5458 1866 5519 Chalcedonensie
1915 5465 1988 5520 ob
2030 5482 2100 5521 ea

442 5539 659 5608 quibus
717 5541 1016 5599 Nicaenum
1072 5561 1280 5602 auxere
1326 5547 1664 5619 Symbolum
1701 5552 2101 5612 additamenta

439 5633 660 5697 propter
688 5631 811 5687 illos
841 5634 938 5704 qui
959 5632 1199 5705 Spiritui
1220 5641 1407 5692 sancto
1436 5639 1818 5710 repugnabant
1838 5661 1856 5708 ;
1877 5642 2097 5714 ipsum-

442 5732 554 5787 que
585 5720 929 5789 Symbolum
954 5722 1012 5777 in
1034 5739 1410 5781 communem
1434 5726 1598 5784 titius
1632 5729 1902 5786 Ecclesiae
1933 5732 2094 5788 Chri-

2207 4759 2516 4829 episcopum
2547 4756 2788 4812 Paulum
2845 4770 2997 4810 anno
3055 4754 3161 4809 432
3219 4754 3291 4810 ad
3340 4752 3622 4827 Cyrillum
3670 4753 3854 4803 trans-

2210 4846 2393 4902 misit.
2424 4845 2706 4918 Sequiore
2759 4848 3026 4915 tempore
3082 4843 3142 4897 in
3175 4842 3443 4900 conciliis
3489 4846 3547 4898 et
3577 4837 3721 4895 actis
3749 4833 3848 4889 Ec-

2214 4934 2405 4991 clesiae
2464 4938 2779 4991 occurrunt
2830 4933 3153 4988 innumerae
3204 4930 3394 4988 instar
3432 4925 3694 5004 Symboli
3749 4921 3859 5018 for-

2214 5026 2411 5090 mulae,
2443 5023 2611 5096 queis
2639 5021 2728 5079 vel
2758 5022 2931 5077 ﬁdem
2965 5021 3254 5076 sinceram
3297 5021 3714 5093 proﬁterentur
3739 5008 3854 5096 alii,

2212 5112 2301 5169 vel
2346 5095 2594 5183 injectas
2642 5111 3028 5168 amolirentur
3085 5109 3180 5165 alii
3228 5109 3618 5183 suspiciones.
3661 5095 3859 5159 Recole

2213 5218 2339 5274 quae
2381 5203 2589 5258 latiore
2646 5201 2874 5257 calamo
2924 5198 3317 5254 disseruimus
3376 5196 3564 5270 capite
3616 5195 3653 5248 2
3699 5195 3756 5245 et
3806 5186 3856 5241 3.

2210 5292 2503 5356 Quorsum
2550 5307 2684 5347 vero
2739 5289 2862 5344 haec
2922 5286 3170 5343 omnia?
3200 5286 3495 5342 Nimirum
3544 5285 3610 5339 ut
3656 5282 3854 5335 notum

2208 5383 2694 5450 compertumque
2720 5378 2840 5448 ﬁat,
2875 5391 3207 5449 perperam,
3239 5392 3305 5431 ac
3335 5390 3485 5432 vano
3517 5372 3749 5433 conatu,
3781 5364 3859 5417 ir-

2210 5466 2439 5539 ritoque
2466 5473 2621 5524 certe
2653 5472 2803 5535 voto,
2836 5469 3044 5522 contra
3091 5463 3391 5537 particulae
3412 5463 3669 5533 Filioque
3710 5450 3855 5523 adje-

2207 5556 2457 5611 ctionem
2491 5558 2703 5630 opponi
2736 5574 2769 5612 a
2799 5554 3014 5613 Graecis
3058 5551 3362 5626 Ephesinaa
3402 5551 3549 5623 legis
3587 5546 3848 5619 rigorem.

2276 5643 2526 5716 Symbolo
2549 5644 3144 5715 Constantinopolitano
3175 5657 3290 5697 non
3342 5639 3635 5704 utebatur,
3666 5638 3846 5726 neque

2203 5750 2467 5807 unquam
2498 5737 2641 5794 illud
2670 5735 2978 5809 usurpavit
3006 5731 3267 5790 Ecclesia
3288 5734 3548 5789 Romana
3577 5728 3635 5782 in
3666 5721 3844 5791 bapti-
