4108 6480
328 446 453 508 3η
1553 448 1766 513 VITA.
1795 479 1874 493 —
1915 446 2006 508 D11

2120 444 2435 508 lRTATlO
2476 444 2557 507 ΙΙ.
3638 439 3759 504 218

338 583 528 636 smate
553 594 574 634 :
620 576 943 653 ipsumque
992 580 1254 636 nondum
1306 582 1622 638 admiserat
1651 582 1803 638 inter
1829 598 1999 637 sacra
2028 582 2083 646 Α
2114 579 2351 634 demum
2374 577 2568 634 delata
2590 578 2662 633 ad
2691 577 2940 634 Leonem
2971 576 3046 632 III
3068 592 3371 633 summum
3394 574 3761 648 pontiﬁcem.

338 670 615 740 Liturgia
646 674 867 740 partes.
900 669 1087 725 Mores
1119 671 1434 726 orientales
1475 672 1676 743 prima
1729 672 1788 726 in
1838 671 1997 727 Occi-
2113 668 2377 723 Romana
2411 668 2682 737 Ecclesia,
2708 684 2834 738 qua
2867 666 3142 721 doctrina
3178 664 3506 737 depositum
3543 664 3615 719 ab
3646 665 3761 720 ini-

346 760 523 815 dente
576 758 822 812 imitata
876 763 1016 814 sunt
1079 760 1478 830 Hispaniarum
1536 760 1812 827 Ecclesiae,
1874 776 1999 832 qua
2111 754 2192 811 tio
2246 762 2549 828 acceptum
2599 758 2865 811 servabat
2912 756 3349 821 intemeratum,
3395 753 3765 824 harebatque

350 846 695 922 Symbolum
724 846 882 903 idem
913 852 1073 904 sexto
1098 848 1402 904 desinente
1433 848 1642 905 saculo
1675 849 1825 903 inter
1855 847 2002 903 mis-
2110 844 2483 901 tenacissime
2514 846 2780 901 moribus
2824 844 3107 917 antiquis,
3141 844 3200 898 in
3234 861 3299 899 eo
3331 843 3482 914 quod
3518 847 3643 897 erat
3672 842 3765 897 do-

353 953 555 992 sarum
604 936 895 992 solemnia
944 953 1150 992 canere
1189 943 1507 1009 caperunt,
1543 936 1839 1009 simulque
1867 953 2003 992 voce
2110 951 2238 1006 gma
2264 934 2414 1005 ﬁdei,
2446 934 2690 990 immota
2723 938 3046 1007 permansit
3080 950 3091 988 :
3146 934 3206 988 in
3252 949 3455 1005 eoque,
3489 932 3642 1004 quod
3675 947 3765 986 ec-

354 1024 555 1080 addita
598 1024 850 1096 Filioque
898 1042 1126 1081 auxere.
1160 1028 1377 1082 Ansam
1427 1028 1635 1084 dedere
1679 1026 1870 1093 Gothi,
1904 1024 2001 1097 qui
2113 1024 2483 1080 clesiasticam
2540 1025 2611 1080 ad
2666 1024 3023 1094 disciplinam
3078 1023 3400 1095 spectabat,
3461 1020 3764 1093 publicum

351 1112 663 1184 Hispanias
695 1114 1110 1184 subjugarunt.
1146 1120 1226 1171 Ex
1257 1115 1488 1172 Oriente
1529 1133 1728 1172 secum
1762 1115 1872 1188 ipsi
1905 1116 2004 1170 de-

351 1201 607 1257 tulerant
636 1202 852 1258 Ariana
895 1204 1193 1276 dogmata,
1227 1209 1284 1260 et
1332 1205 1773 1273 Macedoniana,
1805 1210 1863 1261 et
1891 1205 2005 1259 Eu-

348 1290 633 1346 nomiana
661 1308 675 1347 :
707 1292 915 1347 Filium
942 1295 1214 1350 minorem
1244 1298 1440 1362 Patre,
1469 1312 1535 1349 ac
1564 1296 1704 1350 Filio
1732 1298 2008 1351 minorem

343 1378 628 1451 Spiritum
671 1384 953 1447 sanctum,
1002 1384 1321 1455 factumque
1365 1400 1398 1437 a
1448 1384 1594 1440 Filio
1645 1385 2003 1455 proﬁtentes.

342 1467 611 1537 Ejuratis
658 1469 770 1524 sub
821 1469 1147 1526 Reccaredo
1201 1488 1332 1545 rege
1382 1473 1582 1545 impiis
1633 1473 2005 1539 commentis,

340 1556 581 1614 Nicana
632 1557 767 1613 ﬁdei
821 1557 1075 1615 formula
1123 1565 1396 1633 suscepta
1440 1567 1547 1627 est,
1580 1562 1837 1634 itemque
1869 1562 2005 1619 Con-

342 1647 871 1718 stantinopolitano.
910 1647 1074 1704 Fides
1122 1649 1350 1722 integra
1398 1650 1783 1707 sanctissima
1813 1651 2008 1707 Trini-

343 1732 493 1789 tatis
527 1739 592 1789 ut
622 1752 820 1791 coram
854 1736 1165 1809 palamque
1195 1739 1607 1811 proﬁterentur
1631 1756 1855 1813 omnes,
1880 1744 2007 1795 tum

342 1822 506 1879 inter
537 1823 855 1881 Missarum
887 1825 1174 1883 solemnia
1223 1828 1353 1883 cani
1403 1834 1659 1900 coeptum
1692 1829 2010 1901 Symbolum

2114 1112 2267 1168 inter
2314 1114 2629 1169 missarum
2681 1113 2967 1169 solemnia
3016 1112 3281 1182 permisit
3326 1110 3579 1184 Symboli
3612 1110 3766 1166 Con-

2116 1196 2618 1274 stantinopolitani
2650 1206 2911 1268 cantum,
2940 1202 3354 1273 invectumque
3380 1198 3506 1255 tolli
3540 1200 3764 1254 addita-

2116 1296 2380 1345 mentum
2423 1292 2679 1363 optabat.
2713 1294 2785 1347 At
2834 1290 2981 1346 illud
3030 1290 3444 1361 Hispaniarum
3497 1288 3766 1344 Ecclesia

2118 1383 2278 1435 sexto
2325 1397 2452 1434 ara
2504 1380 2847 1435 Christiana
2901 1378 3116 1435 saculo
3166 1382 3502 1450 receperant
3549 1377 3767 1434 retine-

2117 1469 2412 1539 bantque:
2446 1468 2761 1539 ipsumque
2785 1468 3125 1540 amplexata
3157 1472 3297 1523 sunt
3319 1466 3530 1523 saculo
3564 1471 3768 1521 octavo

2117 1561 2174 1612 et
2203 1574 2356 1612 nono
2386 1556 2721 1625 Gallicana,
2752 1559 3013 1629 itemque
3045 1558 3425 1623 Germanicae,
3457 1573 3523 1612 ac
3555 1555 3772 1612 Italica

2117 1645 2176 1701 in
2232 1663 2410 1720 regno
2450 1646 2648 1717 Italia,
2682 1648 2753 1702 ad
2789 1652 3007 1702 rectam
3040 1648 3217 1703 ﬁdem
3246 1647 3529 1702 tuendam
3561 1646 3769 1701 adver-

2118 1751 2248 1791 sum
2285 1736 2613 1791 Graecorum
2648 1736 2979 1792 molitiones
3010 1736 3348 1809 praesidium
3386 1735 3524 1791 inde
3573 1750 3766 1791 arces-

2119 1828 2333 1880 sentes.

345 1911 1050 1986 Constantinopolitanum,
1082 1920 1210 1972 tum
1240 1918 1438 1989 ipsum
1472 1935 1591 1974 una
1620 1918 1720 1975 illa
1749 1936 1886 1974 voce
1916 1920 2009 1975 Fi-
2040 1949 2089 2014 B
2192 1915 2318 1969 Hac
2366 1913 2527 1969 varia
2574 1914 2634 1968 in
2687 1914 2996 1973 Occidente
3047 1913 3378 1987 disciplina,
3434 1914 3506 1969 ad
3556 1912 3767 1986 rigoris

347 2001 542 2072 lioque
586 2003 925 2060 adauctum.
977 2005 1095 2061 Cur
1146 2005 1296 2061 hanc
1351 2007 1482 2062 ﬁdei
1535 2012 1782 2078 partem,
1832 2024 2011 2079 quam

349 2089 639 2147 hactenus
668 2091 843 2148 Gothi
873 2094 1264 2167 denegabant,
1297 2094 1532 2167 publico
1572 2096 1848 2170 Symbolo
1893 2114 2011 2152 non

349 2178 729 2236 addidissent
759 2182 1179 2254 Hispaniarum
1212 2184 1502 2253 Ecclesia,
1538 2186 1812 2242 cordibus
1863 2186 2010 2242 ﬁde-

349 2267 502 2324 lium
527 2270 609 2324 uti
638 2270 1027 2343 frequentius,
1056 2274 1136 2328 ita
1158 2274 1506 2344 profundius
1528 2275 1962 2331 inscribendum
1985 2276 2013 2330 ‘I

349 2356 722 2429 Jampridem
743 2362 1013 2433 episcopis
1040 2362 1558 2434 Tarraconensibus,
1586 2363 2014 2434 Carthaginien-

348 2446 529 2514 sibus,
562 2449 845 2505 Lusitanis
874 2453 1037 2522 atque
1078 2449 1301 2507 Gallicis
1350 2469 1503 2508 anno
1550 2454 1653 2508 447
1701 2452 2011 2525 epistolam

351 2535 599 2591 dederat
627 2542 869 2593 sanctus
900 2542 1009 2595 Leo
1040 2539 1287 2612 Magnus
1316 2558 1329 2596 :
1360 2539 1639 2614 ipsosque
1669 2558 1797 2613 cap.
1849 2543 1900 2608 1,
1940 2543 2012 2597 de

350 2642 563 2681 eorum
612 2627 767 2684 228
818 2628 1119 2699 impietate
1166 2629 1443 2685 admonet
1500 2631 1598 2702 qui
1657 2632 2009 2699 sentiebant,

349 2731 467 2771 non
495 2716 680 2771 alium
716 2732 830 2773 esse
876 2719 974 2788 qui
1011 2720 1223 2786 genuit,
1257 2720 1432 2774 alium
1462 2722 1558 2791 qui
1585 2723 1803 2789 genitus
1831 2724 1928 2788 est,
1962 2728 2013 2776 et

348 2804 537 2860 alium
574 2806 673 2876 qui
718 2804 787 2861 de
832 2810 1063 2878 utroque
1091 2810 1374 2877 processit.
1407 2810 1620 2865 Eodem
1651 2827 1803 2865 anno
1835 2811 2010 2880 Regu-

350 2893 468 2948 lam
495 2892 631 2963 ﬁdei
660 2893 949 2965 scripsere
978 2895 1157 2950 instar
1184 2896 1439 2969 Symboli
1468 2898 1710 2970 Hispani
1758 2900 1959 2954 Patres
1993 2916 2007 2953 :

352 2981 752 3054 dicebantque
801 2983 861 3038 in
917 2984 1160 3041 articulo
1190 2985 1440 3057 Spiritus
1490 2987 1698 3055 sancti,
1729 2986 1925 3060 ipsum
1975 3005 2010 3045 a

352 3074 528 3127 Patre
559 3072 813 3143 Filioque
836 3073 1154 3144 procedere.
1190 3075 1543 3131 Decretalem
1590 3076 1661 3131 ad
1706 3077 2008 3133 Justinum

354 3158 645 3216 seniorem
681 3166 1038 3233 Augustum,
1072 3179 1225 3218 anno
1270 3165 1395 3227 521,
1428 3164 1836 3221 transmiserat
1875 3167 2009 3238 Epi-

2121 2003 2376 2074 aspicem
2428 2003 2488 2058 in
2512 2003 2774 2059 Romana
2819 2004 3072 2059 Ecclesia
3102 2002 3416 2073 custodita,
3450 2003 3509 2057 in
3542 2003 3767 2059 cateris

2120 2108 2224 2164 pro
2238 2091 2413 2147 variis
2432 2092 2733 2163 regionum
2748 2092 3209 2149 circumstantiis
3228 2091 3534 2165 paululum
3554 2091 3767 2157 laxata,

2122 2180 2460 2237 schismatis
2482 2182 2637 2238 inter
2657 2198 2756 2238 eas
2786 2182 3038 2254 prabuit
3067 2199 3270 2237 ansam
3303 2181 3549 2237 nullam.
3574 2180 3766 2236 Flore-

2121 2270 2222 2324 bat
2252 2271 2407 2327 224
2438 2287 2673 2327 summa
2711 2288 2841 2343 pax,
2874 2272 3223 2344 vigebatque
3250 2272 3479 2343 integra
3506 2287 3771 2326 commu-

2122 2358 2235 2415 nio.
2270 2359 2418 2424 Quin
2468 2360 2586 2416 imo
2638 2364 2899 2416 Romana
2946 2361 3185 2416 demum
3223 2360 3480 2415 Ecclesia
3508 2358 3772 2432 Symboli

2121 2446 2772 2520 Constantinopolitani,
2807 2450 3193 2521 ejusdemque
3246 2447 3580 2520 interpolati
3630 2465 3769 2504 can-

2121 2539 2251 2590 tum
2284 2536 2523 2592 admisit
2554 2537 2763 2593 saculo
2796 2539 3107 2594 undecimo
3139 2537 3292 2593 inter
3321 2537 3639 2593 missarum
3673 2553 3766 2593 so-

2120 2624 2355 2695 lemnia,
2391 2627 2657 2682 moribus
2689 2626 2936 2682 aliarum
2972 2644 3099 2683 sese
3131 2627 3506 2682 conformans
3553 2642 3657 2698 pro
3706 2642 3775 2680 ea

2122 2729 2240 2785 qua
2269 2714 2601 2785 potiebatur
2637 2714 2697 2769 in
2748 2713 3153 2771 ecclesiastica
3183 2713 3507 2787 disciplina
3542 2714 3771 2787 negotio

2122 2802 2416 2859 facultate.
2442 2804 2690 2860 Consule
2713 2804 2902 2876 capita
2931 2803 3234 2875 superiora
3264 2804 3400 2873 duo,
3434 2805 3467 2859 4
3496 2806 3553 2858 et
3579 2803 3633 2858 5.
3665 2805 3771 2857 Ar-

2119 2898 2399 2963 gumenta
2448 2910 2579 2948 vero
2622 2895 2749 2965 jam
2799 2893 3041 2948 collecta
3088 2897 3246 2960 sunt,
3280 2910 3407 2964 qua
3439 2893 3769 2949 Graecorum

2120 2979 2421 3037 scissionis
2478 2985 2821 3053 pratextum
2880 2982 3147 3038 funditus
3204 2985 3470 3037 evertunt
3530 2997 3595 3036 ac
3660 2997 3766 3052 pro

2119 3068 2344 3141 ﬂigant.

2191 3159 2259 3214 ΙΙ.
2292 3159 2399 3214 Sed
2453 3159 2604 3215 hanc
2651 3160 2830 3227 vocis,
2874 3160 3136 3233 Filioque,
3170 3160 3552 3231 adjectionem
3586 3158 3765 3215 veluti

361 3247 566 3304 stolam
614 3249 962 3306 Hormisdas
1009 3268 1182 3323 papa,
1212 3252 1311 3307 ubi
1366 3252 1618 3326 legimus
1651 3270 1663 3308 :
1712 3256 2010 3327 Proprium
2047 3318 2079 3327 _
2116 3247 2381 3304 illicitam
2431 3248 2707 3305 incusant
2758 3248 2861 3317 illi,
2897 3266 3145 3322 eamque
3186 3249 3552 3322 ingeminant
3584 3248 3763 3321 Ephe-

365 3335 598 3408 Spiritus
627 3340 819 3395 sancti
846 3354 978 3406 esse,
1000 3318 1065 3394 ut
1087 3318 1350 3397 dePatre
1376 3318 1600 3397 etvFilio
1623 3318 1880 3414 procedat
1907 3346 2007 3402 sub
2038 3318 2080 3385 (ἶ
2120 3338 2256 3392 εἰηκ
2284 3338 2480 3410 synodi
2509 3339 2736 3394 decreto
2769 3318 3095 3396 adversam.
3127 3318 3397 3411 IpseiLeo
3430 3339 3525 3406 ΙΙΙ,
3560 3318 3768 3395 Roma-

357 3442 472 3481 una
516 3427 839 3484 substantia
884 3429 1132 3485 Deitatis.
1165 3428 1307 3485 Vide
1355 3437 1527 3502 caput
1573 3431 1627 3498 3,
1670 3449 1833 3488 num.
1864 3434 1920 3505 5,
1953 3439 2010 3490 et

350 3516 527 3587 caput
554 3517 610 3585 4,
642 3534 809 3573 num.
848 3518 896 3572 1.
934 3518 1142 3575 Vocem
1176 3518 1349 3586 hanc,
1384 3521 1656 3593 Filioque,
1682 3522 2007 3593 prolixiori-

347 3604 460 3660 bus
512 3605 652 3661 ﬁdei
700 3605 972 3663 formulis
1016 3608 1143 3677 jam
1198 3607 1502 3676 insertam,
1536 3610 1607 3665 ad
1663 3611 2006 3683 Symbolum

342 3693 1084 3767 Constantinopolitanum,
1137 3697 1293 3767 quod
1340 3697 1492 3753 inter
1541 3698 1861 3756 missarum
1913 3718 2005 3756 so-

343 3782 571 3838 lemnia
599 3784 911 3852 canebant,
946 3783 1059 3839 sibi
1099 3785 1417 3841 transferre
1448 3792 1734 3858 putarunt
1763 3789 1851 3844 fas
1882 3806 2008 3845 esse

342 3870 766 3943 Hispaniarum
800 3872 1096 3939 Ecclesia,
1128 3873 1507 3945 disciplinam
1539 3880 1830 3933 sectantes
1878 3894 2006 3949 qua

340 3959 787 4016 oonvenientior
813 3959 939 4017 visa
968 3961 1156 4017 fuerat
1201 3963 1273 4017 ad
1322 3964 1498 4018 tidem
1547 3970 1764 4020 rectam
1795 3967 2007 4023 docen-

340 4048 508 4119 dam,
560 4064 628 4105 ιο
675 4050 1006 4118 tutandam,
1058 4052 1545 4124 servandamque.
1579 4054 1750 4109 Fides
1802 4073 2004 4112 earum

338 4153 463 4192 non
494 4140 621 4192 erat
648 4138 855 4210 altera,
882 4139 992 4195 hoc
1025 4143 1116 4195 est
1142 4140 1387 4196 Nicana
1419 4142 1553 4197 ﬁdei
1588 4148 1644 4198 et
1670 4144 2006 4201 Constanti-

339 4224 698 4298 nopolitana
746 4229 995 4284 adversa
1053 4244 1237 4299 neque
1296 4230 1441 4286 ﬁdes
1497 4232 1696 4302 altera,
1748 4232 1860 4289 hoc
1918 4244 2008 4291 est

338 4314 603 4371 formula
631 4316 765 4372 ﬁdei
796 4316 1075 4372 articulos
1125 4317 1450 4388 continens,
1487 4336 1614 4391 qua
1665 4338 1699 4376 a
1750 4322 2007 4378 formula

342 4403 581 4460 Nicana
609 4409 666 4460 et
693 4405 1343 4478 Constantinopolitana
1373 4408 1633 4464 differret
1666 4428 1678 4465 :
1738 4412 1841 4467 sed
1881 4411 2003 4467 hac

340 4494 551 4549 eadem
583 4510 848 4566 prorsus,
871 4511 1007 4550 cum
1031 4495 1207 4551 unius
1236 4497 1396 4551 vocis
1418 4497 1754 4553 orthodoxa
1782 4501 2005 4557 addita-

340 4586 565 4651 mento,
600 4583 673 4638 ad
703 4584 1057 4639 Arianorum
1089 4583 1359 4640 haresim
1410 4586 1858 4645 eliminandam.

2119 3443 2231 3482 nus
2262 3428 2521 3498 pontifex
2551 3428 2897 3501 (inquiunt),
2923 3428 2982 3483 in
3014 3428 3333 3484 Collatione
3362 3444 3495 3484 cum
3520 3427 3765 3484 Gallica-

2117 3516 2209 3571 nis
2266 3517 2556 3589 episcopis
2616 3517 2858 3573 aiebat:
2911 3521 3059 3573 Licet
3114 3517 3349 3574 docendo
3407 3526 3656 3585 cantare,
3716 3525 3770 3574 et

2116 3606 2385 3662 cantando
2414 3607 2615 3664 docere
2643 3625 2662 3661 :
2710 3607 2802 3662 sed
2846 3608 3041 3663 illicite
3071 3608 3131 3662 in
3158 3607 3469 3680 prohibitis,
3499 3624 3601 3663 nec
3629 3608 3764 3663 scri-

2119 3694 2293 3749 bendo
2340 3711 2438 3750 nec
2486 3695 2754 3751 cantando
2807 3696 2932 3751 licet
2982 3698 3245 3753 inserere.
3284 3697 3450 3769 Legis
3479 3695 3760 3752 nimirum

2116 3783 2421 3855 Ephesina
2452 3784 2631 3856 rigori
2661 3784 2917 3841 harebat
2957 3802 3022 3841 eo
3071 3787 3335 3856 tempore
3370 3784 3624 3840 Ecclesia
3651 3785 3765 3840 Ro-

2118 3888 2294 3927 mana
2327 3890 2340 3929 :
2373 3873 2474 3927 sed
2506 3874 2702 3945 ipsum
2735 3873 2987 3945 rigorem
3019 3873 3164 3945 legis
3196 3891 3299 3946 pro
3329 3873 3507 3929 variis
3537 3880 3763 3946 tempo-

2117 3977 2249 4015 rum
2280 3962 2761 4029 circumstantiis,
2786 3966 2985 4035 utpote
3014 3961 3168 4017 intra
3197 3961 3415 4018 limites
3444 3962 3765 4035 disciplina

2117 4049 2520 4107 ecclesiastica
2571 4050 3010 4119 consistentem,
3061 4051 3373 4124 temperari
3419 4068 3593 4124 posse
3639 4053 3768 4123 jam

2117 4144 2373 4194 noverat.
2408 4139 2676 4211 Optabat,
2709 4139 3147 4195 additamentum
3193 4139 3314 4195 tolli
3370 4157 3404 4197 a
3448 4140 3768 4197 Gallicanis

2116 4226 2405 4299 episcopis
2439 4245 2451 4284 :
2485 4228 2672 4300 deque
2703 4228 2875 4285 modo
2906 4228 3195 4285 consilum
3228 4229 3423 4301 dabat,
3455 4246 3563 4285 non
3594 4230 3764 4303 afﬁr-

2113 4316 2334 4388 mando,
2396 4316 2487 4373 sed
2545 4318 2850 4373 tractando.
2910 4319 3193 4375 Gaterum
3251 4335 3383 4374 vero
3440 4318 3763 4375 Orientales

2114 4406 2290 4461 etiam
2321 4406 2459 4478 ipsa
2487 4406 2749 4463 Ecclesia
2781 4407 2854 4462 ab
2885 4408 3149 4477 ejusdem
3170 4407 3477 4479 Ephesina
3507 4407 3653 4480 legis
3684 4409 3763 4463 ri-

2113 4510 2251 4567 gore
2301 4507 2679 4563 recesserant,
2722 4513 2850 4567 qua
2900 4495 3038 4552 licet
3083 4496 3144 4551 in
3192 4497 3567 4568 baptismate,
3602 4502 3659 4553 et
3701 4497 3762 4552 in

2117 4599 2285 4639 sacra
2330 4583 2591 4656 Liturgia
2620 4586 3223 4658 Constantimpolitano
3250 4586 3498 4657 symbolo
3531 4603 3645 4641 non
3678 4586 3768 4641 in-

414 4670 544 4726 Alio
590 4672 815 4728 invecto
845 4672 1102 4743 Spiritus
1153 4674 1339 4729 sancti
1392 4674 1677 4747 originem
1728 4677 2012 4734 vitiarunt
2041 4686 2087 4751 D
2120 4672 2406 4745 terpolato
2438 4678 2773 4741 uterentur;
2807 4675 2866 4729 in
2900 4691 3061 4731 more
3091 4691 3322 4747 semper
3352 4674 3627 4743 habuere,
3654 4675 3770 4731 for-

338 4759 708 4816 lonothelita:
735 4778 953 4829 errore,
989 4779 1165 4833 quem
1216 4761 1387 4835 longe
1438 4763 1671 4836 lateque
1718 4783 2009 4839 propaga-

340 4852 490 4904 runt
514 4851 862 4906 Iconomachi
904 4850 965 4906 in
1005 4850 1259 4907 Oriente.
1295 4851 1507 4908 Filium
1541 4853 1927 4911 excludebant
1975 4874 2011 4913 a

341 4938 639 4995 consortio
670 4938 961 5011 spirativa
988 4956 1124 4995 cum
1147 4939 1315 4996 Patre
1344 4941 1577 4998 virtutis
1611 4960 1624 4997 :
1669 4945 1855 5016 deque
1887 4945 2005 5001 ha-

337 5026 460 5083 resi
518 5026 871 5084 incusabant
928 5028 1191 5099 Latinos,
1215 5029 1595 5100 procedentem
1634 5033 1708 5089 ab
1766 5042 1999 5106 utroque

337 5115 618 5188 Spiritum
662 5125 911 5173 sanctum
960 5118 1323 5189 proﬁtentes.
1357 5120 1515 5175 Mota
1564 5122 1809 5192 quastio
1870 5140 2005 5180 cum

340 5205 584 5263 Francis
613 5200 889 5263 discussa
918 5212 1007 5263 est
1036 5224 1192 5264 anno
1223 5208 1351 5276 767,
1385 5208 1445 5263 in
1476 5211 1697 5283 synodo
1729 5212 2007 5268 Gentilia—

338 5294 503 5351 censi
535 5312 550 5350 :
604 5312 826 5368 proque
855 5298 1129 5369 dogmate
1168 5296 1304 5352 ﬁdei
1333 5297 1517 5353 latum
1553 5300 1873 5357 decretum.
1906 5302 2001 5357 Fi-

337 5383 473 5441 dem
510 5383 686 5455 hanc,
706 5389 929 5441 temere
957 5402 992 5440 a
1020 5384 1234 5441 Gracis
1256 5384 1550 5455 violatam,
1578 5394 1644 5445 ut
1674 5406 1871 5445 coram
1905 5407 2004 5462 pa-

337 5472 581 5546 lamque
627 5474 1047 5546 proﬁterentur
1095 5472 1404 5530 Gallicana
1439 5475 1730 5545 Ecclesia,
1764 5484 2000 5551 sumpto

336 5578 407 5617 ex
433 5561 776 5635 Hispanicis
805 5562 1091 5634 exemplo,
1124 5578 1299 5617 sacra
1333 5562 1608 5637 Liturgia
1640 5570 1863 5636 partem
1917 5568 1998 5623 fe-

332 5667 467 5709 cere
489 5651 842 5724 Symbolum
866 5650 1577 5721 Constantinopolitanum
1603 5670 1736 5708 cum
1769 5655 1997 5710 addita-

2120 4760 2314 4817 mulas
2368 4763 2583 4818 alteras
2641 4762 2984 4835 prolixiores
3042 4762 3399 4826 instruendi,
3447 4763 3613 4835 queis
3671 4769 3771 4819 aut

2118 4849 2319 4906 ﬁdeles
2370 4856 2586 4907 rectam
2634 4853 2809 4908 ﬁdem
2868 4852 3298 4926 proﬁterentur,
3349 4853 3767 4930 aut_suspecti

2118 4939 2343 5011 seipsos
2392 4947 2797 5014 expurgarent.
2832 4942 2976 4998 Hinc
3027 4941 3362 4998 Florentina
3411 4942 3470 4998 in
3519 4943 3762 5015 synodo,

2118 5028 2331 5085 Gracis
2361 5028 2884 5097 consentientibus,
2917 5029 3227 5085 deﬁnitum
3262 5045 3274 5083 :
3328 5030 3765 5102 Explicationem

2116 5118 2405 5173 verborum
2459 5118 2705 5186 illorum,
2768 5117 3048 5190 Filioque,
3108 5119 3357 5174 veritatis
3411 5118 3766 5177 declarandae

2114 5210 2324 5278 gratia,
2354 5210 2407 5262 et
2437 5207 2760 5263 imminente
2790 5213 2922 5263 tunc
2951 5210 3289 5277 necessitate,
3322 5209 3471 5264 licite
3498 5225 3563 5264 ac
3590 5210 3761 5265 ratio-

2112 5298 2378 5354 nabiliter
2404 5297 2660 5370 Symbolo
2698 5299 2870 5368 fuisse
2898 5299 3222 5369 appositam.

2184 5386 2536 5459 Ephesinam
2568 5385 2779 5459 legem,
2804 5387 3039 5442 tametsi
3075 5388 3146 5442 ad
3178 5386 3635 5443 ecclesiasticam
3666 5388 3761 5444 di-

2112 5475 2444 5547 sciplinam,
2479 5480 2716 5544 spectet,
2748 5474 2907 5532 nullo
2939 5475 3081 5531 solvi
3119 5476 3391 5533 debuisse
3422 5477 3614 5546 modo,
3646 5477 3760 5533 nisi

2110 5564 2317 5620 saltem
2350 5566 2554 5635 synodi
2594 5564 2884 5636 generalis
2915 5566 3257 5621 auctoritate
3287 5566 3615 5633 accedente,
3648 5565 3754 5621 ite-

2110 5670 2237 5708 rum
2261 5654 2487 5708 instant
2506 5654 2707 5710 eadem
2740 5670 2970 5726 semper
3000 5654 3337 5710 oberrantes
3368 5654 3605 5710 chorda.
3641 5655 3755 5711 Lit-

335 5745 557 5798 mento.
590 5746 896 5797 Hareseos
917 5756 1228 5797 censuram
1250 5732 1623 5797 inculcabant
1645 5742 1847 5799 Graci.
1883 5744 1996 5801 Res
2105 5747 2262 5814 tera,
2290 5759 2417 5815 qua
2448 5742 2680 5811 occidit,
2706 5743 2836 5817 plus
2866 5744 3049 5800 nimio
3080 5743 3382 5799 inharent.
3421 5743 3751 5805 Formulam
