4108 6424
441 398 561 461 219
1460 411 1778 475 GEORGII
1821 413 2085 476 CYPRII
2129 415 2247 477 ΟΡ.
2296 418 2852 482 PATRIARCILE.
3729 428 3840 490 220

441 532 576 588 ﬁdei
601 533 658 590 in
688 534 915 592 Nicaena
934 538 1138 609 synodo
1157 541 1535 599 constitutam
1559 551 1783 617 spectat
1804 549 1894 604 lex
1921 549 2089 620 Ephe-
2118 552 2169 615 Α
2203 556 2439 622 pr0pter
2487 552 2738 609 haereses
2786 554 3139 627 prodeuntes
3177 553 3550 612 inseruerunt
3577 557 3827 616 Orienta-

439 624 565 678 sina
586 644 604 678 :
636 640 752 695 qua
783 625 1173 683 nihilominus
1205 647 1318 685 non
1352 633 1640 705 obstante,
1672 637 1946 707 vigebant
1975 657 2090 696 aevo
2201 638 2306 709 les,
2332 641 2665 697 inconsulta
2697 643 2820 699 sine
2849 645 3026 699 dubio
3058 645 3194 700 sede
3225 645 3565 717 apostolica.
3595 649 3826 706 Formu-

440 710 538 766 illo
599 712 920 780 peculiares
978 716 1240 774 formulae
1290 722 1642 794 Antiochena,
1695 728 2087 801 Hierosolymi-
2198 727 2314 783 lam
2343 731 2628 787 Nicwnam
2658 732 2864 804 privati
2901 734 2956 788 in
2999 734 3230 788 Oriente
3260 710 3512 808 episcopi
3546 735 3827 808 aliquibus

436 803 590 868 tona,
624 802 1130 876 Rhiladelphiensis
1178 826 1242 864 ac
1283 810 1904 885 Constantinopolitano.
1939 823 2087 873 Przr-
2198 819 2612 876 additamentis
2645 802 2872 888 auxere,
2905 839 3152 895 eamque
3192 823 3273 878 sic
3295 802 3526 879 auctam
3560 802 3828 897 approba-

439 888 678 960 cipuum
730 908 866 963 ergo
923 893 1224 966 Ephesius:
1273 897 1418 971 legis
1467 903 1780 959 consilium
1828 906 2084 979 effulget,
2198 912 2333 962 runt
2361 913 2582 964 centum
2633 915 2685 966 et
2734 888 3142 984 quinquaginta.
3181 912 3496 969 Orientales
3545 888 3828 985 antistites,

440 994 616 1049 quam
651 981 923 1048 maxime,
952 988 1014 1037 ut
1044 984 1351 1043 hominum
1383 990 1761 1049 scelestorum
1787 997 2083 1053 cohibere-
2197 996 2255 1051 in
2306 997 2550 1053 concilio
2599 999 3265 1071 Constantinopolitano,
3323 1003 3464 1073 quin
3513 1007 3828 1061 Romanum

437 1071 537 1120 tur
591 1067 854 1132 ﬁdentia,
915 1088 1094 1128 novas
1152 1075 1210 1128 in
1275 1078 1400 1132 dies
1458 1081 1747 1137 condendi
1803 1085 2086 1143 formulas
2196 1087 2528 1156 pontificem
2580 1086 2845 1160 aliosque
2895 1067 3224 1146 Occidentis
3254 1067 3571 1162 episcopos
3625 1109 3829 1148 consu-

435 1155 677 1210 Nicasnas
727 1157 862 1212 ﬁdei
913 1161 1206 1218 adversas.
1253 1165 1568 1240 Utramque
1621 1171 1954 1241 formulam,
1986 1179 2083 1232 Ni-
2195 1155 2397 1230 lerent.
2431 1177 2644 1232 Praevio
2695 1155 2856 1233 nullo
2901 1195 3036 1234 cum
3071 1155 3543 1236 Occidentalibus
3574 1182 3830 1249 consilio,

433 1259 652 1300 caenam
696 1251 754 1301 et
799 1247 1483 1327 Constantinopolitanam,
1524 1262 1864 1330 approbavit
1912 1265 2082 1320 Chal-
2191 1264 2342 1318 tradi
2371 1265 2431 1319 in
2459 1265 2689 1321 Oriente
2721 1266 2976 1338 primum
3009 1268 3182 1340 caspit
3212 1267 3271 1321 in
3305 1268 3654 1340 baptismate
3677 1247 3829 1342 Sym;
3861 1323 3864 1327 .

436 1333 780 1390 cedonensis
812 1340 1164 1395 ascumenica
1203 1345 1513 1414 synodus:
1563 1365 1747 1421 eaque
1795 1355 2081 1424 approba-
2193 1353 2392 1408 bolum
2458 1333 2773 1424 Nicaznum,
2844 1356 3044 1412 relicto
3098 1333 3436 1428 apostolico,
3505 1375 3569 1413 ac
3634 1359 3830 1415 deinde

434 1421 592 1478 tione
657 1424 907 1492 factum,
979 1433 1042 1483 ut
1115 1431 1725 1508 Constantinopolitano
1799 1421 2080 1512 formula,
2195 1421 2880 1515 ConstantinOpolitan—um,
2913 1445 3112 1500 relicto
3142 1421 3371 1501 Niceno
3408 1421 3429 1501 ε.
3475 1447 3630 1518 quod
3661 1447 3827 1502 etiam

435 1509 637 1566 relicta
683 1515 927 1582 Nicaena,
979 1520 1202 1589 passim
1255 1527 1557 1580 uterentur
1615 1528 1672 1582 in
1733 1509 2082 1602 baptismate
2192 1530 2344 1585 inter
2373 1509 3086 1606 sacrae-Liturgias'partes
3119 1534 3369 1589 relatum
3402 1509 3510 1591 est:
3547 1537 3670 1591 Haec
3699 1552 3830 1607 age-

434 1616 502 1655 ac
532 1617 695 1656 sacra
728 1603 901 1659 etiam
948 1606 1005 1660 in
1053 1607 1312 1681 Liturgia
1342 1613 1664 1672 Orientales
1699 1619 1982 1676 Ecclesiae.
2019 1623 2080 1677 Id
2191 1637 2252 1674 re
2301 1620 2696 1677 Orientalibus
2741 1603 2926 1688 licuit,
2959 1624 3097 1678 sede
3147 1624 3410 1679 Romana
3457 1603 3824 1679 inconsulta:

431 1705 565 1744 vero
597 1697 899 1761 peractum
937 1713 1036 1766 pro
1085 1714 1193 1752 sua
1224 1700 1611 1758 Ecclesiarum
1645 1705 1930 1775 libertate,
1966 1727 2079 1765 non
2191 1725 2381 1779 neque
2411 1715 2605 1765 tamen
2636 1712 2804 1766 sedes
2835 1712 2965 1784 ipsa
2996 1713 3258 1767 Romana
3291 1729 3462 1768 suam
3497 1713 3643 1784 ipsis
3674 1729 3826 1768 com-

433 1779 638 1850 synodi
686 1779 938 1852 alicujus
996 1788 1361 1844 acumenicai
1409 1792 1608 1862 jussu.
1663 1795 1776 1850 Lex
1824 1803 2079 1853 attamen
2191 1799 2530 1854 munionem
2572 1801 2800 1870 negavit
2845 1818 3126 1872 unquam.
3161 1801 3278 1856 Cur
3328 1802 3455 1872 pari
3498 1803 3631 1872 jure
3677 1800 3825 1857 Occi-

434 1867 584 1925 225
648 1871 944 1941 Ephesina,
1005 1891 1072 1928 ac
1129 1876 1306 1932 etiam
1362 1880 1834 1956 Chalcedenensis,
1883 1886 2080 1958 aliquo
2110 1923 2156 1987 B
2190 1887 2452 1943 dentales
2507 1867 2776 1944 Ecclesiae
2834 1867 2961 1945 non-
3008 1867 3364 1944 uterentur}?
3421 1867 3538 1946 Cu'r
3590 1890 3828 1945 voculam

434 1957 602 1987 ιηηηιῑη
635 1964 858 1987 asa—"-4-
919 1970 1216 1987 -_-_a-_-_
1285 1969 1428 1987 μ---)
1517 1970 1528 1981 ο
1642 1971 1654 1987 ι
1780 1973 1837 1987 οιι
1934 1977 1965 1987 η
2489 1981 2497 1987 .
2591 1978 2657 1987 Α.
2701 1977 2714 1987 .
3402 1979 3412 1987 .
3465 1980 3476 1987 .

430 1957 603 2012 modo
635 1964 882 2021 servata,
919 1970 1225 2033 propterea
1278 1969 1430 2037 quod
1481 1970 1732 2042 simplex
1778 1973 1879 2028 illa
1927 1957 2078 2030 Con-
2110 1957 2156 1987 υ
2186 1992 2356 2030 unam
2387 1981 2552 2032 rectas
2585 1977 2716 2032 ﬁdei
2755 1995 3094 2048 consonam,
3133 1995 3259 2050 quas
3290 1979 3414 2049 pari
3453 1980 3588 2049 jure
3618 1996 3717 2050 pro
3748 1995 3826 2033 re-

429 2046 954 2118 stantinopolitana
983 2051 1359 2110 adhiberetur
1387 2057 1445 2111 in
1488 2059 1840 2130 baptismate
1882 2068 1938 2117 et
1987 2065 2075 2118 in-
2186 2081 2318 2119 rum
2349 2065 2805 2121 circumstantiis
2825 2067 2999 2137 adjici
3031 2046 3239 2138 potuit,
3265 2046 3329 2122 aio
3361 2046 3642 2140 deinceps
3676 2070 3824 2138 poto-

428 2137 517 2188 ter
547 2135 860 2192 Missarum
895 2139 1182 2197 solemnia
1217 2161 1230 2197 :
1282 2150 1340 2200 at
1384 2147 1496 2202 sibi
1527 2148 1752 2204 licitum
1787 2153 2078 2208 duxerunt
2186 2153 2280 2222 rit,
2317 2153 2620 2209 scissionis
2650 2159 2992 2225 praetextum
3026 2154 3211 2210 fecero
3252 2155 3433 2210 Graeci
3456 2155 3483 2209 ?

429 2222 772 2296 Orientales,
807 2227 1092 2286 formulas
1119 2233 1398 2303 proferre,
1431 2243 1531 2291 aut
1563 2241 1950 2311 conscribere,
1976 2248 2077 2298 aut
2257 2243 2411 2298 226
2444 2247 2513 2296 At
2547 2244 2841 2298 Romanus
2871 2244 3111 2298 demum
3144 2243 3401 2315 pontifex
3431 2245 3582 2299 votis
3631 2242 3825 2297 annuit

427 2327 776 2384 componere
806 2317 1149 2387 peculiares,
1180 2338 1212 2375 a
1243 2323 1476 2380 Niczena
1504 2331 1562 2382 et
1591 2331 2072 2403 Constantinopo-
2183 2333 2508 2386 Latinorum
2537 2332 2968 2404 episcoporum,
3005 2337 3069 2386 ut
3098 2332 3157 2386 in
3189 2332 3523 2388 Occidentis
3555 2332 3826 2386 duntaxat

430 2399 610 2456 litana
657 2403 1011 2477 differentes,
1045 2409 1258 2480 quibus
1297 2413 1708 2484 prolixioribus
1738 2399 2072 2475 verbis.re-
2184 2419 2454 2475 Ecclesiis
2481 2399 2590 2477 vox
2615 2399 2864 2490 Filioque
2894 2421 3237 2475 recitaretur
3264 2421 3323 2474 in
3353 2419 3632 2493 Symbolo
3666 2436 3679 2473 :
3729 2417 3824 2472 ad-

427 2493 580 2544 ctam
611 2489 785 2547 ﬁdem
818 2495 1249 2569 proﬁterentur,
1275 2507 1377 2556 aut
1407 2520 1534 2559 sese
1565 2505 1637 2560 ab
1669 2508 1826 2562 omni
1859 2511 2072 2565 erroris
2174 2508 2511 2579 jectamque
2542 2523 2739 2564 vocem
2777 2509 2908 2580 ipsa
2939 2509 3202 2564 Romana
3231 2509 3481 2564 admisit
3511 2527 3618 2566 sua
3645 2509 3702 2562 in
3735 2508 3826 2561 Ec-

425 2578 760 2649 suspicione
791 2589 1126 2655 purgarent.
1157 2587 1424 2645 Prostant
1456 2591 1595 2664 ipsae
1626 2594 1684 2648 in
1718 2598 2073 2654 aecumenica
2181 2595 2376 2663 clesia,
2410 2578 2602 2668 prisco
2643 2613 2803 2653 more
2849 2597 3050 2652 relicto
3084 2616 3097 2652 :
3152 2600 3509 2670 decretoque
3560 2595 3736 2659 nullo,
3769 2598 3827 2648 ut

424 2668 647 2739 synodo
694 2675 856 2725 sexta
904 2677 961 2727 et
1008 2676 1276 2746 septima.
1335 2679 1519 2752 Digna
1566 2690 1654 2738 est
1700 2685 2071 2742 animadver-
2179 2684 2332 2740 idem
2366 2693 2727 2758 peragerent,
2762 2687 2990 2744 Graecos
3043 2686 3309 2759 aliosque
3361 2668 3692 2743 Orientales
3739 2700 3826 2738 as-

425 2756 611 2823 sione,
653 2775 778 2829 qum
826 2778 858 2815 a
909 2763 1132 2820 Tarasio
1177 2770 1425 2840 episcopo
1470 2774 2070 2848 Constantimpolitano
2179 2773 2401 2828 trinxit.
2453 2777 2512 2829 In
2563 2775 2785 2846 synodo
2839 2775 3217 2847 Lugdunensi
3266 2777 3652 2842 cacumenica,
3685 2787 3827 2829 anno

424 2845 496 2898 ad
530 2845 673 2902 alios
699 2850 1046 2906 transmissa
1077 2854 1184 2908 fuit
1216 2859 1598 2928 patriarchas,
1628 2863 1727 2917 ubi
1761 2845 1936 2920 verba
1965 2865 2068 2921 ha-
2181 2861 2319 2915 1274
2349 2845 2658 2927 celebrata,
2694 2863 2881 2917 Latini
2914 2845 3212 2935 simulque
3256 2864 3451 2920 Graeci
3502 2865 3656 2920 intra
3701 2861 3827 2918 Mis-

421 2932 636 2989 bentur
662 2936 980 2995 addimento
1012 2942 1352 3000 Latinorum
1401 2948 1618 3005 similia
1652 2968 1664 3006 :
1720 2955 1784 3007 Et
1831 2954 1896 3008 in
1943 2953 2068 3025 Spi-
2179 2967 2379 3004 sarum
2412 2949 2700 3006 solemnia
2729 2950 2988 3007 cecinere
3018 2932 3278 3024 quidem,
3313 2954 3425 3021 Qui
3458 2971 3529 3010 ex
3553 2955 3716 3008 Patre
3739 2951 3821 3005 Fi-

419 3023 592 3077 ritum
619 3030 871 3083 sanctum
899 3030 1192 3088 Dominum
1227 3037 1615 3110 viviﬁcantem,
1648 3045 1744 3111 qui
1789 3058 1860 3096 ex
1909 3023 2072 3099 Patre
2179 3039 2362 3110 lioque
2386 3040 2649 3111 procedit,
2685 3045 2750 3095 ut
2797 3058 2974 3095 unam
3025 3043 3334 3112 utriusque
3377 3042 3646 3098 Ecclesiae
3692 3056 3819 3095 con-

417 3125 520 3182 Ρθν
544 3114 752 3169 Filium
779 3118 1044 3186 Ρνοσθάίτο
2178 3129 2437 3182 cordiam
2468 3129 2528 3183 in
2559 3130 2672 3184 ﬁde
2705 3130 3116 3201 proﬁterentur
3149 3147 3160 3184 :
3215 3136 3276 3185 at
3319 3131 3592 3188 Michaeli
3625 3128 3820 3185 Palaeo—

493 3200 874 3272 Reponebant
904 3207 1085 3261 (ἂι-ωοί
1117 3209 1175 3264 in
1209 3214 1431 3283 synodo
1467 3214 1818 3284 Florentina,
1853 3220 2071 3275 formu-
2108 3283 2141 3291 _
2179 3216 2310 3288 logo
2360 3200 2720 3288 imperatori
2758 3235 2872 3273 non
2931 3219 3140 3274 abnuit
3194 3219 3499 3276 Romanus
3552 3218 3816 3291 pontifex,

417 3285 507 3344 las
556 3290 698 3346 istas
745 3293 880 3348 ﬁdei
927 3296 1312 3366 particulares
1360 3317 1508 3370 esse,
1544 3321 1658 3359 non
1699 3283 2064 3366 communes.
2100 3283 2141 3348 C
2181 3283 2500 3376 postulati-ti
2550 3316 2610 3360 ut
2656 3307 2898 3363 Ecclesia
2941 3325 3043 3362 sua
3090 3307 3468 3379 (Orientalis)
3515 3283 3820 3379 symbolum

412 3376 630 3434 Verum
679 3380 972 3437 enimvero
1021 3386 1140 3456 legi
1164 3387 1475 3462 Ephesium,
1508 3393 1557 3446 si
1597 3395 1906 3452 verborum
1949 3399 2034 3453 ad-

2195 3410 2388 3466 remper
2432 3395 2600 3461 dicat,
2629 3400 2793 3467 prout
2841 3397 3054 3452 dicebat
3099 3376 3242 3452 illud
3286 3401 3416 3454 ante
3447 3376 3700 3454 ischisma
3733 3409 3817 3449 us-

414 3465 637 3530 hasreas
667 3468 866 3541 rigori,
896 3474 1281 3532 adversantur
1309 3479 1447 3551 ipsae
1473 3498 1485 3536 :
1520 3499 1735 3553 easque
1766 3484 2063 3542 nihilomi-
2174 3499 2276 3553 que
2306 3485 2364 3537 ίη
2397 3484 2730 3539 Ῐιοάίϐνηῑιπι
2759 3484 2926 3540 ἀίετη·
2961 3485 3244 3540 Dixerunt
3273 3502 3511 3557 quoque
3554 3487 3612 3540 in
3661 3485 3821 3556 gyno"

413 3572 549 3622 nus,
584 3574 724 3629 pace
751 3563 810 3614 et
855 3563 1080 3617 unitate
1115 3565 1293 3636 salva,
1327 3569 1399 3622 ad
1434 3586 1494 3624 se
1527 3578 1730 3627 mutuo
1762 3576 2066 3631 transmit-
2174 3572 2247 3625 do
2287 3571 2620 3627 Florentius
2661 3573 2840 3628 Graeci
2892 3574 3153 3629 sessione
3200 3575 3291 3643 25,
3324 3582 3690 3648 repugnante
3722 3572 3819 3626 La-

410 3643 614 3700 tebant
659 3648 938 3721 episcopi,
973 3669 1159 3723 neque
1205 3658 1414 3724 synodi
1464 3662 1827 3716 secumenicas
1879 3665 1949 3718 ad
2003 3682 2065 3720 se
2172 3661 2430 3716 tinorum
2481 3662 2761 3718 nemine:
2814 3663 3158 3718 Additionem
3206 3679 3564 3736 nequaquam
3607 3661 3820 3718 omnino

412 3732 636 3789 delatas
695 3736 1055 3807 rejiciebant.
1102 3743 1296 3799 Minus
1354 3749 1558 3818 utique
1614 3755 1818 3805 contra
1875 3756 2084 3824 legem-
2170 3766 2268 3806 nos
2298 3752 2598 3821 recipimus
2629 3769 2649 3805 :
2689 3751 2780 3807 sed
2807 3752 3154 3807 concedimus
3183 3754 3354 3822 vobis,
3387 3757 3453 3808 ut
3481 3769 3601 3808 eam
3627 3750 3818 3806 habea-

410 3821 763 3892 Ephesinam
795 3828 1090 3898 piaculum
1122 3832 1367 3903 videtur,
1401 3836 1451 3891 si
1500 3838 1656 3907 quod
1700 3845 1872 3907 esset,
1907 3821 2062 3912 q—uod
2172 3841 2241 3893 tis
2293 3842 2356 3894 in
2403 3840 2659 3895 Ecclesiis
2710 3841 2918 3895 vestris.
2953 3844 3089 3907 Quae
3135 3821 3490 3912 sequuntur,
3523 3841 3698 3897 affero
3729 3838 3817 3892 de-

412 3909 642 3966 nullum
675 3920 783 3980 est,
814 3933 931 3972 una
967 3936 1109 3991 voce,
1144 3926 1310 3977 rectae
1345 3923 1477 3979 ﬁdei
1509 3943 1785 3998 consona,
1819 3947 1884 3984 ac
1912 3909 2062 3985 tem-
2171 3945 2334 3983 mum
2365 3928 2628 4000 ipsorum
2658 3933 2990 3984 Graecorum
3020 3930 3197 3984 verba
3225 3945 3239 3985 :
3293 3952 3322 3979 «
3355 3930 3641 3997 Dicimus,
3673 3929 3822 3999 Sym-

411 4016 622 4070 porum
647 4003 1104 4064 circumstantiis
1135 4013 1883 4088 convenienti,Symholum
1914 4019 2060 4074 Con-
2171 4017 2373 4073 bolum
2426 4035 2460 4073 a
2508 4018 2671 4073 vobis
2724 4017 3010 4089 (Latinis)
3061 4018 3420 4090 explicatum
3481 4017 3820 4074 necessitate

411 4091 1002 4164 stantinopolitanum
1039 4099 1290 4155 auxisse.
1320 4101 1429 4156 Sed
1464 4104 1762 4174 piaculum
1786 4108 2065 4163 amolitur
2171 4111 2413 4176 cogente
2449 4123 2462 4160 :
2509 4111 2566 4160 et
2596 4121 2794 4160 vocem
2827 4105 3011 4172 illam,
3043 4122 3116 4162 ex
3144 4107 3310 4174 Filio,
3341 4124 3463 4163 non
3493 4122 3623 4163 esse
3651 4105 3818 4160 aliam

411 4193 603 4246 omne,
638 4197 766 4251 qua:
817 4185 1013 4255 vigere
1063 4193 1256 4258 potest
1311 4189 1364 4242 in
1415 4193 1687 4248 Ecclesiis
1737 4195 2061 4265 disciplinae
2170 4195 2352 4266 ﬁdem,
2384 4200 2486 4250 aut
2517 4196 2754 4266 aliquod
2779 4195 3432 4267 additamentumﬂidei
3461 4191 3815 4261 adversum),

407 4267 707 4325 variabilis
741 4272 909 4339 ratio,
942 4291 1120 4345 quam
1152 4294 1390 4332 summa
1426 4281 1683 4349 postulet
1712 4282 1898 4353 ipsius
1930 4285 2061 4339 ﬁdei
2170 4285 2272 4339 sed
2324 4284 2502 4355 piam,
2551 4288 2608 4337 et
2657 4284 2839 4338 nostri
2889 4283 3144 4356 Symboli
3193 4283 3670 4355 explanationem
3704 4299 3718 4337 :
3766 4283 3820 4334 et

409 4357 823 4414 confirmandae
856 4365 1232 4436 tutandasque
1262 4383 1460 4422 causa.
2169 4389 2299 4427 esse
2331 4378 2648 4442 utrumque
2679 4372 3024 4442 Symbolum
3056 4373 3242 4443 pium,
3275 4377 3334 4426 et
3372 4374 3641 4443 eiusdem
3693 4385 3817 4425 sen-

480 4445 590 4516 Agi
621 4447 875 4521 denique
906 4451 1188 4523 inquiunt
1219 4455 1289 4510 de
1327 4457 1623 4528 Symbolo,
1657 4463 1814 4531 quod
1864 4467 1954 4517 est
2001 4463 2061 4518 in
2172 4462 2387 4528 tentias,
2423 4466 2488 4515 ut
2531 4465 2591 4515 in
2632 4460 2888 4515 Ecclesia
2919 4461 3183 4516 Romana
3212 4461 3493 4517 recitatur
3523 4459 3694 4516 sicuti
3725 4471 3819 4512 vos

411 4531 666 4590 Ecclesia
704 4553 999 4595 commune
1029 4559 1049 4595 :
1098 4543 1358 4615 adeoque
1409 4562 1524 4600 non
1573 4547 1685 4617 ipsi
1737 4549 2060 4621 quidquam
2170 4549 2386 4616 dicitis,
2419 4555 2476 4604 et
2521 4548 2579 4603 in
2627 4548 2909 4603 Orientali
2941 4553 3005 4604 ut
3035 4567 3142 4605 nos
3173 4549 3472 4620 dicimus;
3522 4555 3696 4621 atque
3744 4546 3824 4601 ita

411 4620 585 4690 adjici
636 4641 669 4678 a
709 4628 970 4683 Romano
1023 4631 1294 4701 pontiﬁce
1341 4633 1635 4705 debuisse,
1668 4620 2060 4708 praetermisso
2090 4657 2136 4720 D
2168 4638 2494 4694 faciendam
2529 4637 2828 4692 unionem.
2855 4659 2884 4688 ››
2918 4637 3082 4694 Faxit
3109 4639 3284 4706 D6118,
3309 4643 3375 4694 ut
3403 4639 3818 4732 inconcgssu‘?‘

409 4714 750 4768 caaterorum
783 4717 1245 4785 patriarcharum
1281 4722 1546 4778 consilio.
1579 4725 1652 4780 At
1699 4726 1904 4796 primis
1955 4729 2056 4782 Ec-
2090 4714 2129 4720 —
2168 4727 2302 4782 ﬁdei
2334 4728 2548 4798 dogma
2587 4726 2761 4782 docili
2792 4728 3032 4781 demum
3065 4731 3262 4782 mente
3290 4727 3588 4799 excipiant
3617 4721 3814 4789 Graeci,

407 4795 594 4852 clesize
644 4803 897 4868 saeculis,
952 4809 1324 4877 apostolorum
1371 4810 1668 4887 Symbolo,_
1700 4795 1852 4884 quod
1905 4817 2052 4872 inte-
2165 4821 2223 4871 et
2261 4795 2558 4871 inueniam
2605 4816 2675 4870 ad
2723 4814 3064 4887 Symbolum
3095 4795 3456 4872 additionem
3488 4814 3817 4886 intelligant

405 4891 693 4944 moratum
729 4894 996 4950 servabat
1026 4895 1287 4953 Romana
1321 4899 1598 4966 Ecclesia,
1633 4884 1797 4958 voces
1852 4904 2050 4976 plures
2165 4922 2231 4961 ac
2268 4907 2669 4977 proﬁteantur.
