4108 6438
284 388 418 449 229
1272 381 1607 445 SCRIPTA
1648 380 2221 443 APOLOGETICA.
2253 412 2330 423 —
2362 374 2761 442 MONITUM.
3605 380 3727 449 230

291 517 652 576 clericorum
711 522 768 572 et
821 515 1257 579 monachorum,
1315 529 1542 570 necnon
1602 528 1901 584 procerum
1956 510 2207 582 imperii,
2260 525 2450 565 coram
2502 512 2838 580 imperatore
2902 518 3050 567 coetu
3119 529 3216 569 seu
3290 518 3556 588 concilio,
3629 523 3723 578 cui

288 606 602 676 Gregorius
670 605 794 675 ipse
856 603 1517 673 Constantinopolitanus
1572 610 1626 658 et
1680 602 2021 657 Athanasius
2078 599 2495 655 Alexandrinus
2552 606 2850 670 praeerant,
2905 600 3161 656 accersiti
3221 603 3434 661 Beccus
3492 607 3724 680 ejusque

292 694 440 752 socii
478 694 894 750 Constantinus
931 692 1270 749 Melitiniola
1335 700 1389 747 et
1463 691 1737 762 Georgius
1802 688 2127 755 Metochita,
2162 688 2266 744 deo
2296 688 2538 757 Spiritus
2604 689 2783 743 sancti
2849 692 3210 760 processione
3275 693 3720 763 disputaverunt.

300 785 556 854 Cumque
593 787 800 852 praeter
838 782 1140 850 quemdam
1180 778 1420 850 Nysseni
1460 779 1715 848 Gregorii
1754 777 1922 835 locuu

2097 794 2115 833 )
2153 778 2399 847 Spiritus
2441 770 2531 828 διὰ
2558 778 2656 828 τοῦ
2687 779 2999 851 προσεχῶς,
3057 794 3160 847 per
3216 780 3378 835 illum
3437 786 3539 856 qui
3589 802 3719 854 pro-

302 875 458 929 xime
494 875 544 927 et
587 878 857 942 conttgue
915 874 999 926 est
1053 885 1127 924 ea:
1180 874 1356 924 Patre
1406 868 1721 939 procedere
1785 867 2011 931 dicitur,
2079 866 2320 921 alterum
2376 881 2445 919 ex
2496 864 2719 920 Joanne
2775 865 3126 923 Damasceno
3186 872 3570 943 protulissent,
3612 892 3723 945 quo

307 961 573 1018 asseritur
608 964 777 1014 Pater
834 954 924 1011 διὰ
962 955 1137 1031 Λόγου
1182 949 1488 1032 προϐολεῦς
1528 953 1916 1031 ἐκφαντορικοῦ

2101 952 2313 1025 ἱματος,
2379 969 2485 1023 per
2541 953 2778 1008 Verbum
2828 970 2941 1009 esse
2988 957 3411 1031 mani/estanus
3463 960 3723 1030 Spiritus

303 1049 648 1123 productor;
706 1048 915 1119 hicque
953 1047 1237 1118 genuinus
1276 1055 1330 1102 et
1368 1046 1622 1102 sincerus
1662 1052 1807 1101 esset
1844 1043 2090 1115 agnitus,
2134 1058 2316 1114 neque
2354 1045 2424 1098 de
2462 1044 2823 1114 processione
2860 1044 2970 1098 alia
3038 1060 3202 1115 quam
3245 1048 3313 1103 de
3377 1054 3724 1121 sempiterna

307 1137 711 1208 intelligendus
750 1137 986 1206 veniret,
1028 1134 1092 1191 in
1130 1135 1307 1189 miras
1345 1135 1607 1204 ambages
1643 1133 2010 1189 schismatici
2051 1132 2309 1188 conclusi
2350 1139 2501 1186 sunt.
2569 1130 2859 1187 Conventu
2927 1132 3111 1189 soluto
3176 1150 3249 1190 ne
3312 1140 3526 1194 Beccus
3590 1156 3722 1196 cum

306 1227 425 1282 suis
486 1227 685 1282 vicisse
752 1224 1056 1289 videretur,
1127 1223 1463 1295 patriarchae
1527 1222 1795 1292 Gregorio
1855 1221 1983 1276 data
2021 1220 2313 1292 provincia
2376 1226 2462 1274 cst
2528 1218 2709 1275 libelli
2801 1222 3107 1293 condendi,
3196 1239 3305 1294 quo
3393 1227 3726 1287 Damasceni

299 1314 519 1371 dictum
554 1331 590 1370 a
627 1313 796 1370 Becci
835 1321 890 1369 et
927 1312 1259 1368 Latinorum
1296 1311 1577 1367 sententia
1643 1311 1897 1365 alienum
1929 1310 2342 1373 ostenderetur,
2409 1307 2925 1378 conciliareturque
2988 1326 3121 1367 cum
3189 1311 3311 1367 istis
3374 1316 3503 1371 aliis
3566 1319 3723 1387 ejus-

294 1404 430 1459 dem
469 1402 722 1459 doctoris
760 1402 970 1469 verbis,
1011 1400 1107 1455 Ἐκ
1136 1396 1194 1453 δὲ
1225 1399 1351 1453 Υἱοῦ
1378 1399 1441 1454 τὸ
1470 1402 1691 1471 Πνεῦμα
1721 1396 1783 1452 οὐ
1813 1395 1916 1473 λέγι

2136 1400 2231 1453 Ex
2293 1396 2446 1454 Filio
2494 1399 2691 1452 autem
2717 1396 2997 1466 Spiritum
3024 1415 3138 1455 non
3166 1401 3429 1459 dicimus.
3469 1407 3723 1478 Scriptus

292 1508 327 1546 a
367 1492 580 1563 Cyprio
619 1499 829 1556 tomus,
872 1491 931 1547 in
972 1490 1212 1547 ecclesia
1252 1490 1432 1546 lectus
1470 1490 1595 1557 fuit,
1665 1504 1833 1561 quem
1900 1489 2226 1559 imperator,
2295 1494 2349 1541 et
2388 1486 2507 1556 ipse
2569 1487 2908 1557 patriarcha,
2975 1490 3359 1562 nonnullique
3422 1491 3520 1549 alii
3586 1496 3721 1552 sub-

303 1579 728 1650 scriptionibus
791 1580 912 1636 suis
977 1582 1354 1647 munierunt;
1432 1577 1628 1633 multis
1694 1586 1883 1634 tamen
1941 1575 2373 1646 refragantibus,
2440 1576 2537 1646 qui
2595 1590 2700 1631 nec
2762 1575 2936 1631 minis
2992 1592 3094 1634 nec
3156 1582 3452 1637 tormentis
3517 1584 3723 1643 adduci

290 1676 613 1742 potuerunt
677 1676 734 1725 ut
795 1668 1242 1725 subscriberent.
1300 1669 1554 1732 Quorum
1617 1668 1932 1723 renitentiae
1974 1665 2095 1721 haec
2150 1680 2318 1720 causa
2357 1672 2497 1730 erat,
2538 1664 2682 1735 quod
2742 1665 2803 1719 in
2844 1672 2995 1720 tomo
3069 1669 3479 1739 enuntiaretur,
3541 1678 3727 1747 priore

294 1757 643 1814 Damasceni
710 1757 834 1814 loco
900 1756 1217 1825 signiﬁcari
1282 1760 1511 1813 Patrem
1575 1762 1697 1812 eese
1761 1753 2008 1826 Spiritus
2073 1769 2173 1824 per
2228 1752 2480 1809 Verbum
2545 1754 2963 1824 productorcm,
3033 1771 3150 1812 non
3211 1766 3269 1813 ut
3332 1761 3570 1832 Spiritus
3628 1785 3727 1839 per

292 1846 549 1903 Verbum
587 1847 839 1918 exsistat,
882 1848 978 1903 sed
1018 1854 1080 1903 ut
1118 1863 1217 1917 per
1255 1847 1399 1902 illud
1439 1844 1946 1918 eﬂ‘ulgeatherba
1983 1844 2190 1915 quippe
2231 1842 2370 1898 tomi
2427 1843 2550 1898 haec
2588 1850 2769 1913 erant,
2812 1858 2938 1915 quae
2997 1844 3163 1901 refert
3201 1846 3311 1903 Leo
3368 1849 3613 1910 Allatius
3666 1859 3727 1914 in

300 1935 569 1992 Vindicis
633 1935 770 2007 Syn.
838 1934 1048 2005 Ephes.
1107 1951 1232 2005 cap.
1293 1936 1385 2002 60,
1428 1950 1497 1991 ex
1559 1940 1702 1989 orat.
1735 1934 1767 1987 4
1818 1932 1922 1989 ἆοε

2102 1932 2363 2001 Bryenuii
2391 1931 2460 1987 de
2498 1931 2808 1987 Trinitate:
2851 1929 2916 1984 Εἰ
2955 1930 3044 1984 καὶ
3074 1931 3178 2008 γὰρ
3211 1929 3301 1988 διὰ
3326 1940 3424 1991 τοῦ
3456 1940 3582 1994 Υὶοῦ
3621 1964 3724 1999 πα-

301 2021 370 2097 ρά
428 2042 540 2076 τισι
598 2025 708 2076 τῶν
768 2020 938 2097 ἆγίων
983 2020 1364 2097 ἐκπορεύεσθαι
1421 2021 1485 2075 τὸ
1540 2024 1759 2093 Πνεῦμα
1784 2021 1846 2074 τὸ
1905 2020 2059 2074 ἅλιον
2093 2015 2323 2094 εἴρηται,
2351 2020 2452 2088 τὴν
2512 2018 2587 2080 εἷς
2642 2015 2818 2073 ἀίδιον
2872 2014 3184 2097 ἕκφανσινὴ
3219 2021 3364 2094 λέξις
3394 2025 3634 2102 ἐνταῦθα,
3662 2033 3727 2087 οὐ

291 2112 398 2180 τήν
434 2109 512 2171 εἷς
539 2110 604 2165 τὸ
635 2111 768 2165 εἶναι
800 2112 1050 2186 καθαρῶς
1081 2108 1367 2183 σημαίνειν
1400 2108 1654 2186 βούλεται
1683 2131 1694 2143 ·
1741 2112 1888 2166 Licet

2147 2110 2293 2182 apud
2337 2112 2550 2165 sanctos
2596 2112 2806 2182 aliquos
2846 2127 2947 2182 per
3000 2112 3209 2168 Filium
3256 2119 3549 2187 procedere
3600 2122 3724 2195 Spi-

291 2203 484 2258 ritum
502 2207 766 2257 sanctum
796 2201 1375 2272 afﬁrmetur,dictum
1401 2201 1509 2258 hoc
1525 2217 1900 2275 progressum
1929 2201 1991 2256 in
2008 2208 2288 2255 aeternam
2310 2200 2792 2271 effulsionemmon
2812 2201 2889 2255 ad
2918 2201 3025 2256 hoc
3044 2207 3109 2257 ut
3137 2203 3383 2275 sit,purc
3409 2218 3460 2264 ct
3482 2214 3724 2282 proprie

292 2290 638 2361 signiﬁcat:
674 2290 786 2345 alia
813 2289 995 2346 libelli
1031 2289 1286 2361 ejusdem
1326 2299 1589 2362 excerpta
1629 2297 1753 2360 post
1782 2288 2135 2359 Bryennium
2173 2289 2413 2343 Allatius
2449 2289 2604 2344 addit
2656 2289 2715 2344 in
2747 2290 3010 2345 eumdem
3041 2306 3275 2349 sensum
3304 2301 3722 2359 convenientia.

294 2378 467 2435 Plura
504 2395 644 2436 vero
685 2379 793 2451 legi
834 2386 1073 2452 possunt
1113 2380 1264 2452 apud
1305 2380 1571 2445 Beccum,
1605 2379 1701 2450 qui
1756 2378 1946 2449 Cyprii
2003 2386 2221 2433 tomum
2281 2376 2574 2450 opusculis
2612 2377 2836 2432 duobus
2873 2378 3205 2451 confutavit,
3254 2399 3377 2453 quae
3417 2394 3632 2445 exstant
3665 2393 3725 2448 in

293 2468 555 2524 secundo
585 2469 881 2525 volumine
932 2468 1165 2526 Graeciaa
1202 2469 1547 2526 orthodoxa:
1582 2468 1683 2541 (1).
1747 2468 1855 2532 Qui
1886 2466 2218 2538 patriarchae
2251 2469 2472 2522 tomum
2511 2465 2929 2536 improbabant,
2979 2483 3097 2522 non
3155 2471 3475 2542 capiebant,
3542 2478 3725 2550 inquit

291 2557 702 2626 Pachymeres,
764 2558 901 2629 quid
958 2559 1185 2615 tandem
1241 2557 1592 2614 discriminis
1652 2564 1802 2613 esset
1867 2557 2016 2613 inter
2081 2556 2510 2627 productionem
2569 2555 2813 2625 Spiritus
2878 2557 3059 2612 sancti
3125 2559 3193 2613 ad
3233 2561 3610 2639 existenliam,
3671 2578 3725 2627 et

291 2645 726 2716 processiouem
754 2646 827 2702 ad
880 2647 1286 2717 sempiternam
1342 2645 1962 2717 exsplendescentiam:
2011 2661 2077 2702 eo
2131 2647 2379 2701 maxime
2418 2646 2566 2716 quod
2608 2643 2873 2700 Ecclesiae
2928 2646 3192 2717 doctores
3247 2650 3566 2711 divinarum
3596 2673 3725 2727 per-

291 2749 572 2789 sonarum
666 2731 790 2789 Filii
858 2741 913 2790 et
969 2734 1219 2805 Spiritus
1283 2736 1467 2791 sancti
1547 2735 1936 2792 emanationes
1988 2750 2056 2790 ex
2127 2734 2286 2789 Patre
2344 2748 2441 2789 seu
2520 2733 2908 2803 processioues
2989 2730 3264 2810 ἐκφάνσεις
3331 2738 3724 2821 e/fulgentms,

296 2821 646 2894 plerumque
699 2822 1054 2879 vocitarant:
1117 2824 1270 2879 unde
1334 2823 1422 2879 illi
1475 2823 1919 2893 concludebant,
1973 2823 2160 2878 datam
2220 2838 2255 2877 a
2322 2822 2591 2892 Gregorio
2647 2821 3058 2892 expositionem
3144 2824 3467 2886 Latinorum
3541 2848 3728 2896 causa:

294 2910 492 2967 favere
553 2911 756 2981 magis.
808 2926 977 2981 quam
1034 2926 1260 2968 nocere.
1317 2911 1543 2967 Editum
1583 2911 1754 2982 igitur
1820 2917 2017 2969 contra
2080 2926 2142 2966 se
2190 2920 2424 2974 tornum,
2466 2910 2565 2965 ubi
2624 2910 2869 2980 primum
2908 2910 3117 2968 Beccus
3151 2916 3391 2986 accepit,
3440 2921 3727 2984 calamum

287 3000 575 3055 adversus
611 2997 779 3055 illum
809 3000 1053 3072 strinxit,
1085 3015 1172 3072 ac,
1203 3007 1411 3071 praeter
1446 3002 1889 3069 Byzantinorum
1948 3015 2128 3071 spem,
2189 3000 2284 3069 qui
2340 2997 2487 3055 nihil
2545 2998 2665 3055 nisi-
2717 2999 3034 3055 inconditas
3095 3003 3330 3060 furentis
3384 3010 3563 3066 animi
3626 3031 3728 3072 vo-

290 3103 391 3143 ces
446 3087 519 3143 ab
576 3102 643 3144 eo
700 3088 1180 3159 praestolarentur,
1241 3088 1589 3144 solidissima
1652 3088 2046 3144 confutatione
2113 3103 2339 3144 crucem
2395 3088 2734 3144 adversariis
2808 3087 2960 3157 tixit,
3016 3097 3345 3163 tantamque
3394 3100 3729 3167 patriarchas

306 3176 677 3234 schismatico
756 3178 1023 3236 conﬂavit
1088 3177 1444 3249 individiam,
1502 3185 1564 3233 ut
1621 3193 1821 3234 omnes
1876 3175 2040 3233 illum
2096 3177 2158 3232 in
2203 3175 2385 3247 ipsius
2429 3177 2666 3232 Joannis
2722 3177 2908 3245 Becci,
2968 3178 3129 3248 cujus
3176 3179 3310 3238 olim
3370 3187 3558 3245 socius
3612 3191 3734 3249 fue-

317 3271 424 3331 rat,
480 3266 818 3321 sententiam
849 3266 1207 3338 conspirasse
1236 3267 1662 3323 arbitrarentur.
1714 3265 1829 3323 Nec
1860 3266 1930 3321 ab
1962 3282 2021 3322 re
2059 3266 2328 3337 quidem;
2360 3265 2567 3335 quippe
2621 3281 2772 3337 cum,
2807 3273 3011 3336 praeter
3067 3267 3167 3323 illa
3217 3285 3343 3340 quae
3393 3284 3517 3344 post
3572 3279 3733 3336 Alla-

313 3352 461 3408 tium
486 3355 667 3421 attuli,
702 3355 883 3412 alium
913 3371 1140 3412 sensum
1190 3372 1309 3411 non
1341 3355 1581 3411 reddant
1625 3356 1801 3411 altera
1858 3355 1978 3411 hinc
2024 3354 2163 3410 tomi
2222 3354 2387 3410 verba
2434 3370 2556 3425 quae
2587 3356 2735 3424 apud
2769 3359 3011 3411 Beccum
3061 3356 3325 3428 leguntur
3380 3365 3653 3424 oratione.
3711 3370 3734 3424 Ι

298 3437 470 3497 Αλλὰ
498 3438 566 3495 δι’
599 3442 736 3496 Υἱοῦ
761 3441 852 3496 καὶ
884 3440 934 3513 ἐξ
964 3443 1094 3496 Υἱοῦ
1123 3447 1362 3520 φυσικῶς
1396 3443 1682 3518 ὑπάρχειν,
1717 3441 1981 3515 οὐμενοῦν
2015 3439 2084 3496 δι’
2110 3442 2240 3496 Υἱοῦ
2269 3441 2358 3496 καὶ
2391 3441 2442 3512 ἐξ
2474 3442 2601 3496 Υὶοῦ
2632 3441 2721 3496 καὶ
2753 3441 2802 3515 ἐξ
2858 3443 2986 3498 Υἱοῦ
3034 3444 3133 3513 τὴν
3191 3444 3414 3524 ὕπαρξιν
3474 3449 3620 3529 ἔχειν
3680 3456 3732 3510 οἱ

290 3527 585 3603 εἰρηκότες
639 3528 878 3607 Πατὲρες
932 3531 996 3585 τὸ
1052 3536 1276 3605 Πνεῦμα
1333 3529 1574 3610 ἔφησαν
1634 3535 1825 3588 Patres
1885 3534 1912 3588 ά

2113 3536 2153 3587 ιι
2223 3533 2496 3605 Spiritum
2546 3549 2646 3604 per
2699 3533 2902 3589 Filium
2958 3541 3008 3589 et
3061 3552 3134 3591 ex
3188 3538 3336 3594 Filio
3391 3527 3735 3604 naturaliter

289 3621 555 3676 existere
583 3637 603 3676 :
630 3637 746 3678 non
778 3622 919 3678 item
945 3639 1050 3692 per
1072 3622 1295 3680 Filium
1323 3631 1382 3678 et
1408 3640 1482 3678 ea:
1503 3624 1649 3679 Filio
1679 3624 2053 3679 existerntz'am
2085 3623 2324 3679 habere.
2362 3623 2530 3687 Quasi
2559 3639 2687 3679 vero
2721 3640 2831 3694 per
2868 3618 3079 3679 Filium
3133 3643 3211 3680 ea:
3272 3630 3418 3686 Filio
3482 3635 3734 3692 existere

290 3724 415 3765 non
460 3710 613 3765 idem
653 3719 837 3778 sonet,
870 3719 1061 3783 atque,
1091 3727 1198 3780 per
1227 3713 1445 3768 Filium
1473 3721 1529 3767 et
1559 3728 1634 3767 ea:
1665 3711 1820 3768 Filio
1848 3712 2216 3768 existentiam
2267 3712 2503 3782 habere,
2556 3720 2687 3780 etc.,
2747 3713 2868 3784 vice
2920 3729 3098 3771 versa.
3159 3718 3303 3783 Quid
3361 3720 3732 3782 distinctione

286 3799 403 3854 ista
462 3800 736 3856 stolidum
794 3801 974 3871 magis
1033 3800 1340 3871 excogitari
1399 3801 1620 3871 possit?
1678 3802 1917 3872 Legatur
1984 3802 2194 3857 Beccus
2249 3809 2287 3856 t.
2367 3801 2436 3867 ΙΙ,
2497 3801 2674 3857 Graec.
2746 3802 3002 3872 orthod.,
3062 3821 3186 3877 pag.
3236 3808 3364 3863 232.
3425 3810 3546 3867 Alia
3600 3829 3731 3870 vero

287 3903 525 3944 rursum
579 3905 646 3945 ex
715 3891 913 3945 eodem
956 3899 1108 3945 torno
1152 3892 1418 3961 pessimae
1456 3892 1730 3946 doctrinm
1771 3892 1938 3961 plena
1976 3898 2238 3946 strenuus
2277 3891 2385 3946 iste
2423 3890 2506 3944 rei
2545 3889 2837 3946 catholicae
2878 3891 3146 3949 defensor
3201 3902 3254 3950 et
3294 3905 3565 3966 patronus
3605 3917 3731 3958 car-

286 3977 398 4047 pit,
442 3993 689 4048 quorum
732 3979 838 4034 hoc
875 3996 992 4050 pra:
1030 3980 1247 4035 caeteris
1287 3980 1526 4036 minime
1564 3980 2110 4051 praetermittendum
2153 3980 2372 4036 censui.
2431 3979 2660 4035 Scilicet
2718 3980 2902 4036 aiebat
2960 3980 3235 4053 Cyprius:
3294 3981 3477 4054 Μηδὲν
3542 3988 3728 4043 καινὸν

287 4063 430 4118 εἶναι
496 4061 637 4137 μηδὲ
712 4072 815 4135 τῆς
896 4070 1005 4121 τῶν
1096 4071 1320 4145 Γραφῶν
1406 4067 1691 4137 συνηθείας
1751 4065 2069 4141 ἀλλότριον,
2129 4065 2217 4121 ἐὰν
2273 4066 2337 4120 τὸ
2396 4066 2761 4138 πνευματικὸν
2848 4066 3096 4142 χάρισμα
3177 4070 3326 4146 ἅγιον
3416 4075 3732 4149 ὁμωνύμως

283 4156 519 4224 Πνεῦμα
574 4152 857 4208 καλεῖται·
914 4155 1006 4209 καὶ
1087 4155 1186 4224 τὴν
1275 4154 1548 4231 ἐνέργειαν
1637 4152 1777 4211 ἔστιν
1866 4154 1957 4210 ὅτε
2014 4155 2343 4219 οἰκειοῦσθαι
2430 4155 2528 4224 τήν
2586 4158 2686 4209 τοῦ
2743 4153 3087 4231 ἐνεργοῦντος
3148 4156 3365 4230 κλῆσιν,
3417 4161 3492 4224 ὡς
3542 4165 3578 4233 ἡ
3632 4169 3733 4220 τοῦ

282 4238 460 4311 ἡλίου
518 4239 830 4315 λαμπηδὼν
885 4243 976 4298 καὶ
1034 4242 1171 4313 αὐτή
1221 4242 1497 4307 πολλάκις
1553 4246 1654 4314 τὴν
1704 4249 1805 4300 τοῦ
1848 4243 1904 4314 ἡ]

2110 4247 2230 4301 lihil
2259 4262 2376 4302 esse
2402 4247 2550 4313 novi,
2581 4262 2755 4317 neque
2772 4262 2808 4301 (ι
2835 4246 3134 4319 Scriptura;
3162 4252 3560 4308 consuetudine
3585 4254 3732 4311 alie-

288 4348 457 4397 num,
490 4340 554 4387 ut
581 4334 885 4402 spirituale
913 4335 1131 4391 donum
1163 4334 1419 4408 Spiritus
1447 4340 1681 4392 sanctus
1710 4334 2089 4407 appellatur:
2120 4336 2257 4408 quin
2282 4336 2400 4390 imo
2423 4335 2708 4390 actionem
2737 4333 3066 4408 aliquando
3105 4339 3215 4393 sibi
3258 4355 3487 4396 nomem
3512 4344 3734 4413 agentis

280 4420 589 4489 asciscere,
619 4420 803 4478 veluti
864 4421 1138 4495 splendor
1178 4432 1231 4480 et
1294 4425 1502 4481 radius
1565 4425 1649 4480 sol
1713 4440 2100 4496 saepenumero
2154 4433 2544 4496 nuncupatur.
2577 4423 2792 4487 Quibus
2832 4424 3014 4481 verbis
3053 4425 3416 4498 significabat
3452 4437 3731 4489 aeternam

283 4508 393 4565 Dei
432 4509 741 4580 actionem,
785 4514 1197 4583 sempiternum
1240 4514 1439 4571 lumen
1477 4515 1756 4581 divinum,
1799 4531 1931 4587 quae
1971 4513 2152 4569 tribus
2218 4513 2477 4584 personis
2551 4515 2881 4569 communia
2930 4522 3084 4584 sunt,
3123 4516 3404 4589 Spiritum
3466 4529 3730 4578 sanctum

282 4598 635 4670 quandoque
710 4599 1007 4672 appellari.
1090 4602 1150 4657 Id
1224 4603 1374 4674 quod
1453 4603 1792 4674 explicatius
1831 4604 1954 4674 ipse
1991 4602 2240 4658 declarat
2313 4601 2375 4658 in
2450 4600 2766 4672 fragmento
2840 4602 3094 4671 alterius,
3172 4606 3233 4662 ni
3307 4606 3494 4677 fallor,
3543 4610 3732 4681 operis

285 4685 511 4743 Contra
572 4690 834 4759 Beccum,
876 4691 1026 4760 quod
1064 4690 1208 4745 mihi
1247 4691 1627 4761 suppeditavit
1664 4691 1846 4748 codex
1886 4691 2076 4761 regius
2110 4690 2275 4758 2953,
2335 4698 2389 4746 et
2454 4691 2618 4761 cujus
2683 4707 2948 4763 magnam
3015 4701 3233 4764 partem
3298 4697 3437 4754 alibi
3502 4699 3733 4755 recitavi

284 4774 354 4830 in
397 4775 798 4835 dissertatione
867 4778 1402 4836 cristico-historica
1467 4785 1547 4836 De
1606 4780 1963 4850 processione
2025 4780 2285 4850 Spiritus
2347 4779 2558 4837 sancti.
2601 4781 2776 4852 Atqui
2817 4780 2936 4836 haec
2991 4783 3398 4852 praeambulam
3467 4785 3731 4860 Gregorii

282 4861 537 4920 Palamae
573 4864 923 4936 impietatem
969 4868 1363 4935 continebant,
1403 4867 1659 4925 divinam
1698 4869 2108 4939 operationem,
2167 4885 2343 4940 quam
2412 4866 2642 4937 Θεότητα
2711 4869 3016 4937 Deitatem,
3059 4872 3401 4942 appellabat,
3460 4891 3521 4932 re
3557 4892 3591 4931 a
3635 4876 3734 4932 Dei

283 4953 543 5008 essentia
582 4954 931 5024 distinctam,
972 4956 1188 5027 deoque
1251 4964 1305 5012 et
1342 4956 1601 5027 personis
1668 4955 1852 5013 tribus
1918 4964 2263 5014 coaeternam
2329 4973 2471 5026 esse,
2538 4958 2834 5029 ipsamque
2900 4964 3175 5021 creaturis
3238 4962 3458 5020 ratione
3525 4965 3730 5034 praedi-

285 5040 365 5095 tis
439 5043 862 5099 communicari
936 5044 1355 5102 contendentis.
1435 5044 1711 5111 Quocirca
1775 5044 1990 5102 Beccus
2054 5047 2249 5102 aemuli
2311 5047 2398 5102 sui
2464 5053 2710 5103 erratum
2785 5048 2969 5118 arguit
3031 5049 3206 5106 allato
3260 5053 3445 5123 capite
3507 5053 3731 5126 integro

286 5128 581 5186 Theodori
619 5130 919 5204 Abucaras,
960 5134 1110 5204 quod
1183 5134 1335 5190 inter
1373 5134 1524 5190 edita
1559 5134 1897 5190 vicesimum
1935 5135 2239 5207 septimum
2281 5143 2386 5202 est,
2457 5143 2508 5191 et
2575 5151 2687 5207 quo
2727 5136 2875 5191 nihil
2943 5137 3212 5195 disertius
3248 5140 3596 5199 Palamiticaa
3634 5143 3727 5198 in-

291 5220 469 5275 sanire
510 5220 729 5292 opponi
766 5222 964 5292 possit.
1007 5226 1166 5279 Hanc
1202 5230 1396 5279 autem
1435 5222 1614 5278 divini
1655 5224 1892 5279 luminis
1930 5231 1985 5279 et
2043 5225 2389 5295 Operationis
2444 5242 2477 5280 a
2543 5224 2735 5280 divina
2801 5227 3044 5284 essentia
3107 5229 3530 5288 distinctionem
3593 5238 3733 5290 tunc

291 5309 568 5381 primum,
611 5324 748 5365 cum
789 5317 921 5366 ante
959 5311 1150 5366 audita
1190 5327 1308 5367 non
1347 5311 1572 5375 fuisset,
1614 5318 1851 5368 auctore
1926 5312 2131 5383 Cyprio
2208 5315 2489 5369 invectam
2530 5313 2702 5369 fuisse
2778 5314 2867 5369 bis
2938 5315 3128 5372 verbis
3200 5319 3450 5377 Joannes
3522 5319 3732 5376 Beccus

286 5402 517 5454 testatur
573 5414 587 5454 :
630 5395 691 5449 Ὁ
751 5391 812 5452 δὲ
865 5403 967 5466 τῆς
1023 5395 1307 5468 ἀληθείας,
1359 5394 1434 5459 ὥς
1492 5416 1648 5474 φησι,
1699 5402 1942 5473 γενναῖος
1991 5394 2284 5471 ἐκδικητής
2340 5399 2676 5478 συκοφάντας
2733 5400 2882 5475 ἡμᾶς
2939 5401 3029 5457 καὶ
3088 5406 3196 5459 τῶν
3256 5404 3426 5483 ἁγίων
3493 5404 3726 5464 ἀποστόη

348 5668 426 5743 (1)
464 5671 533 5723 Et
574 5666 640 5724 in
680 5664 971 5739 superiori
1009 5672 1161 5725 tomo
1200 5671 1420 5725 nostro.
1461 5666 1616 5724 EDIT.
1657 5671 1825 5725 Pun.
