4108 6434
441 382 554 443 231
1461 377 1780 439 GEORGII
1825 378 2088 440 CYPRll
2133 378 2251 440 GP.
2296 377 2851 440 PATRIARCHIE.
3741 380 3848 441 232

445 511 555 568 λων
619 505 895 587 ὑϐριστὰς,
925 508 1055 572 τοὺς
1112 507 1256 564 οὕτω
1309 510 1408 576 τὴν
1470 507 1793 584 θεολογικήν
1855 509 2132 582 μετιόντας
2189 507 2420 578 ὀδὸν,τί
2477 509 2535 564 ἂν
2593 511 2882 586 παρ’ἡμῖν
2940 505 3172 579 κληθείη
3233 507 3396 570 αὐτὸς
3438 509 3472 563 ὃ
3518 507 3716 572 οἴκοθεν
3759 511 3841 566 καί

445 611 551 665 ἀπὸ
602 609 814 670 κοιλίας
870 607 990 668 νέας
1046 605 1165 683 ἄρτι
1224 605 1508 683 δογμάτων
1571 608 1748 685 φωνὰς
1802 611 1871 681 τῇ
1930 611 2028 662 τοῦ

2277 606 2666 684 εἰσηγούμενος
2719 605 3019 678 ἐκκλησίᾳ·
3079 609 3145 662 At
3203 609 3475 677 veritatis,
3533 609 3743 679 qualem
3793 625 3845 666 se

443 704 567 771 ipse
597 701 766 769 dicit,
792 699 1127 771 praeclarus
1155 699 1378 766 vindex,
1410 699 1508 772 qui
1535 699 1994 754 calumniatores
2022 708 2077 754 et
2105 707 2440 754 sanctorum
2471 701 2889 754 conviciatores
2942 714 3046 752 nos
3088 702 3276 761 vocat,
3335 699 3439 771 qui
3485 702 3588 753 hac
3637 698 3844 753 ratione

443 807 538 847 res
568 789 922 860 theologicas
952 792 1288 855 tractamus,
1321 789 1556 860 quinam
1584 804 1621 842 a
1650 787 1813 842 nobis
1843 790 1963 858 ipse
1993 787 2454 856 compellabitur,
2486 788 2585 859 qui
2640 803 2716 842 ea:
2758 787 3016 859 propriis
3071 785 3213 852 suis,
3263 794 3319 841 et
3366 800 3515 840 nunc
3553 786 3796 856 primum
3821 803 3852 842 θ

443 888 645 934 ventre
671 879 920 934 novellas
956 877 1307 946 placitorum
1334 893 1498 932 voces
1527 878 1590 931 in
1621 874 1879 932 Ecclesia
1909 877 2006 931 Dei
2055 877 2324 948 proferre
2355 877 2760 950 aggreditur?
2812 875 3228 930 Testimonium
3286 874 3431 929 istud
3472 874 3629 930 Becci
3683 873 3850 929 obiter

445 965 628 1032 attuli,
669 982 778 1035 quo
812 967 1156 1029 evincerem,
1208 979 1560 1034 nequaquam
1599 980 1751 1033 eum,
1819 967 1954 1020 dum
2022 965 2341 1035 patriarcha
2407 965 3074 1035 Constantinopolitanus
3112 969 3279 1018 esset.
3360 961 3641 1017 Palamam
3709 964 3851 1030 ejus-

447 1072 556 1127 que
595 1071 810 1112 errores
849 1054 1266 1126 proscripsisse,
1336 1053 1556 1109 tametsi
1623 1054 1677 1108 id
1748 1053 2087 1110 Combeﬁsio
2154 1063 2368 1123 nostro,
2438 1056 2665 1125 quando
2731 1054 3040 1110 secundam
3106 1050 3408 1107 novissimi
3469 1051 3556 1106 sui
3622 1049 3854 1105 Auctarii

447 1152 661 1215 partem
701 1143 916 1210 edebat,
952 1157 1280 1212 persuasum
1322 1142 1472 1198 fuit:
1541 1144 1678 1213 quin
1746 1144 1932 1213 potius
1996 1143 2238 1198 Palama
2304 1143 2577 1214 Cyprium
2648 1143 2956 1214 praivisse,
2999 1142 3232 1211 ejusque
3301 1139 3558 1195 haresim
3625 1139 3738 1193 suis
3797 1138 3853 1192 in

446 1232 674 1303 scriptis
718 1239 916 1288 contra
959 1231 1197 1286 Beccum
1259 1230 1669 1301 praformasse.
1723 1231 2104 1299 Quamobrem
2161 1233 2408 1289 Joannes
2465 1233 2567 1288 ille
2628 1231 2964 1303 patriarcha,
3015 1247 3047 1284 a
3096 1244 3206 1299 quo
3229 1227 3562 1299 Gregorium
3584 1227 3853 1283 Palamam

446 1331 696 1402 primum
739 1329 911 1384 fuisse
949 1331 1281 1384 damnatum
1319 1329 1736 1398 Cyparissiotus
1775 1330 2022 1398 tradidit,
2065 1336 2166 1386 aut
2200 1333 2449 1386 Joannes
2507 1329 2714 1400 Glycos
2754 1329 2878 1394 fuit,
2917 1332 3015 1383 aut
3080 1325 3267 1397 potius
3331 1325 3578 1380 Joannes
3643 1323 3857 1379 Calecas

448 1421 728 1490 Aprenus,
770 1417 948 1473 Esaia
1015 1432 1327 1483 successor,
1395 1418 1541 1486 quod
1617 1431 1749 1473 cum
1826 1418 2077 1474 historiis
2141 1421 2517 1475 Cantacuzeni
2592 1426 2646 1473 et
2715 1417 3018 1487 Nicephori
3082 1415 3344 1485 Gregora
3417 1421 3856 1470 consentaneum

445 1523 677 1578 prorsus
715 1513 818 1561 est.
859 1505 1100 1561 Joannis
1160 1505 1320 1560 Becci
1387 1506 1654 1561 adversus
1723 1515 1937 1562 tomum
2008 1508 2430 1564 lucubrationes
2492 1507 2716 1563 animos
2780 1505 3116 1562 adversariis
3179 1502 3438 1575 Gregorii
3514 1501 3856 1570 addiderunt,

445 1601 506 1650 ut
545 1595 956 1651 ardentioribus
1024 1593 1224 1649 studiis
1253 1602 1451 1650 contra
1488 1595 1652 1650 illum
1692 1595 2071 1666 insurgerent.
2114 1595 2331 1653 Horum
2372 1596 2670 1666 pracipuit
2709 1603 2872 1651 erant
2936 1593 3190 1650 Joannes
3229 1591 3446 1657 Chilas,
3515 1588 3857 1659 metropolita

444 1693 781 1764 Ephesinus,
824 1692 1022 1748 Daniel
1063 1691 1397 1762 Cyzicenus,
1439 1701 1493 1747 et
1530 1692 1873 1764 Theoleptus
1911 1694 2454 1763 Philadelphiensis,
2531 1709 2661 1749 cum
2731 1692 2938 1764 quibus
3004 1705 3064 1745 se
3114 1689 3333 1744 Musalo
3405 1701 3646 1758 magnus
3711 1685 3860 1755 logo-

445 1782 597 1838 theta
635 1782 910 1852 adjunxit.
975 1786 1082 1836 Leo
1149 1781 1392 1836 Allatius
1433 1781 1530 1836 lib.
1574 1798 1615 1836 ιι
1655 1786 1732 1838 De
1770 1796 2072 1845 consens.,
2116 1798 2240 1854 cap.
2287 1783 2376 1848 11,
2417 1780 2526 1837 col.
2567 1780 2694 1846 513,
2737 1778 2999 1835 libellum
3038 1779 3230 1834 Graece
3304 1777 3616 1847 Latineque
3680 1773 3859 1841 edidit,

447 1887 617 1942 quem
656 1869 846 1926 Chilas
886 1870 1212 1941 imperatori
1252 1877 1449 1926 contra
1489 1878 1703 1925 tomum
1745 1871 1969 1926 obtulit.
2026 1871 2187 1934 Quod
2229 1871 2288 1926 in
2356 1886 2526 1926 causa
2595 1869 2732 1948 fuit.
2767 1875 2831 1923 ut
2897 1867 3137 1938 Cyprius
3203 1865 3338 1922 tomi
3410 1865 3503 1922 sui
3568 1863 3861 1934 expositio-

445 1975 579 2016 nem
618 1959 908 2025 scriberet,
949 1975 1074 2030 qua
1112 1973 1269 2014 nunc
1309 1959 1557 2029 primum
1597 1960 1781 2030 prodit
1819 1974 1887 2014 ex
1927 1961 2052 2016 cod.
2117 1960 2254 2030 Reg.
2324 1959 2488 2014 3142.
2563 1959 2626 2014 In
2692 1975 2758 2014 ea
2823 1957 3182 2032 expositione
3248 1955 3596 2012 contendere
3657 1952 3845 2024 pergit,

445 2049 614 2105 aliam
656 2064 778 2105 esse
816 2064 1072 2119 persona
1111 2047 1320 2103 divinae
1357 2047 1600 2118 Spiritus
1656 2048 1836 2104 sancti
1895 2049 2316 2119 processionem
2381 2049 2448 2104 ad
2517 2048 2897 2115 existendum,
2962 2055 3015 2102 et
3071 2045 3243 2101 aliam
3309 2044 3380 2099 ad
3440 2041 3858 2113 eﬂ‘ulgendum:

445 2145 692 2214 primam
759 2145 924 2201 innui
991 2163 1022 2200 a
1063 2145 1352 2214 Scriptura
1415 2151 1469 2201 et
1540 2144 1819 2212 Palribus,
1899 2149 2123 2217 quando
2198 2147 2442 2216 Spiritus
2516 2146 2794 2201 dicitura
2870 2143 3030 2200 Patre
3104 2141 3464 2214 procedere;
3543 2139 3864 2216 secundam,

447 2235 674 2305 quando
713 2251 748 2289 a
789 2234 946 2289 Patre
985 2249 1082 2304 per
1120 2232 1345 2288 Filium.
1387 2233 1662 2290 Caterum
1728 2235 2006 2290 Joannem
2073 2235 2318 2292 Beccum
2383 2235 2616 2306 perjurii
2684 2240 2932 2300 accusat,
2999 2239 3053 2289 et
3111 2230 3369 2287 libellum
3443 2230 3660 2298 recitat,
3702 2239 3858 2297 quem

445 2330 570 2403 ille,
610 2331 679 2387 ad
725 2331 984 2386 efferatos
1049 2331 1347 2386 adversum
1415 2347 1474 2387 se
1541 2331 1853 2402 plebecula
1917 2333 2140 2389 animos
2207 2333 2534 2404 placandos,
2598 2332 2842 2402 Josepho
2904 2329 3252 2402 patriarcha
3318 2328 3574 2393 dederat,
3642 2321 3869 2379 subscri-

444 2429 763 2490 pseratque,
806 2435 910 2477 ceu
953 2420 1275 2475 Latinorum
1313 2421 1562 2490 dagmati
1601 2421 2032 2478 abrenuntiaret
2074 2430 2127 2478 et
2197 2423 2640 2496 abdicationem.
2686 2437 2846 2476 suam
2913 2419 3274 2490 approbaret.
3343 2419 3470 2484 Qua
3536 2430 3664 2470 vero
3703 2417 3874 2468 mente

445 2511 656 2566 Beccus
694 2510 749 2564 id
789 2509 1070 2580 gessisset,
1111 2509 1347 2579 ipsemet
1387 2510 1689 2565 declaravit
1728 2513 1891 2566 initio
1931 2513 2358 2584 disceptationis
2423 2528 2560 2575 sua,
2604 2526 2783 2584 quam
2849 2509 2911 2565 in
2983 2509 3229 2566 concilio
3289 2522 3488 2563 coram
3552 2505 3877 2574 imperatore

447 2600 636 2670 ipsum
679 2597 942 2656 habuisse
981 2598 1225 2665 narravi,
1267 2614 1500 2668 quaque
1541 2599 2042 2656 horumomnium
2119 2605 2375 2656 motuum
2455 2616 2625 2654 causa
2699 2597 2927 2654 exstitit.
3009 2597 3255 2666 Insuper
3335 2611 3476 2651 vero
3554 2589 3883 2660 Theoleptus

445 2687 753 2758 Cyzicenus
811 2686 1145 2759 patriarchae
1185 2688 1451 2757 Gregorio
1488 2687 1718 2760 objecit,
1760 2690 1819 2744 in
1861 2696 2012 2744 tomo
2054 2689 2288 2759 vestigia
2329 2689 2561 2758 reperiri
2627 2687 2816 2759 impia
2855 2686 3128 2742 doctrina
3198 2683 3376 2739 Marci
3445 2679 3732 2744 Monachi,
3790 2690 3855 2746 qu

443 2784 654 2842 librum
695 2800 876 2854 nuper
933 2783 1310 2853 evulgaverat,
1351 2785 1414 2840 in
1453 2801 1566 2854 quo
1606 2800 1818 2841 nomen
1857 2779 2164 2860 προϐολεὺς
2203 2785 2538 2855 productor,
2578 2785 2843 2853 ambiguo
2883 2782 3119 2855 perinde
3162 2796 3332 2837 sensu
3374 2781 3712 2849 usurpatum
3749 2788 3869 2830 nar-

445 2883 528 2931 rat
559 2873 955 2943 Pachymeres,
993 2869 1068 2931 ὡς
1096 2869 1185 2924 καὶ
1217 2868 1376 2932 αὐτὸς
1409 2870 1744 2943 ὁμωνυμίζει
1775 2872 1873 2940 τὴν
1927 2869 2067 2944 λέξιν

2251 2871 2433 2933 ολεύς.
2493 2874 2663 2929 Hunc
2729 2872 2985 2927 Marcum
3047 2869 3441 2939 alienigenam
3512 2868 3704 2930 fuisse,
3768 2875 3869 2917 non

447 2965 727 3028 Gracum,
770 2961 923 3016 idem
966 2959 1267 3016 historicus
1331 2961 1520 3025 tradit,
1562 2968 1616 3016 et
1655 2970 1932 3032 quantum
1971 2979 2038 3017 ex
2079 2962 2455 3034 inscriptione
2495 2960 2872 3018 confessionis
2943 2958 3216 3030 Gregorii,
3288 2958 3356 3012 de
3396 2972 3516 3028 qua
3555 2970 3684 3011 mox
3721 2951 3863 3006 dice-

439 3057 550 3117 tur,
593 3049 897 3120 colligitur,
931 3063 998 3104 ex
1039 3047 1272 3104 Hebrao
1313 3048 1666 3105 Christianus
1708 3051 1886 3106 factus
1926 3050 2126 3116 fuerat,
2167 3068 2234 3107 ac
2275 3052 2516 3107 subinde
2560 3050 2898 3106 monachus.
2940 3048 3019 3102 Ex
3066 3063 3175 3116 quo
3248 3045 3576 3102 revincitur
3643 3037 3868 3109 amplius

441 3164 598 3204 error
627 3145 732 3201 viri
771 3143 926 3199 illius
965 3144 1180 3215 alioqui
1222 3145 1560 3211 doctissimi,
1603 3148 1698 3217 qui
1739 3151 1990 3203 Marcum
2033 3149 2185 3204 hunc
2225 3151 2490 3204 eumdem
2535 3164 2658 3204 esse
2697 3145 2914 3218 putavit
2978 3161 3045 3200 ac
3089 3144 3346 3199 Marcum
3412 3141 3728 3213 Ephesium
3792 3135 3878 3204 qui

439 3241 566 3305 post
604 3240 833 3288 centum
875 3240 928 3288 et
967 3232 1375 3303 quinquaginta
1411 3251 1594 3290 annos
1633 3242 1828 3290 contra
1868 3237 2095 3292 Latinos
2133 3238 2434 3307 disputavit
2476 3239 2536 3292 in
2577 3239 2796 3309 synodo
2851 3234 3202 3290 Florentius.
3246 3231 3383 3302 Ejus
3439 3230 3665 3301 quidem
3715 3218 3874 3281 errori

441 3325 627 3380 favere
685 3321 926 3386 videtur,
995 3323 1139 3389 quod
1209 3321 1270 3376 in
1336 3321 1524 3378 indice
1589 3322 1954 3380 Bibliotheca
2020 3325 2063 3379 Si

2243 3328 2375 3380 :ensi
2444 3323 2680 3396 legatur,
2751 3320 3058 3398 Γρηγορίου
3127 3319 3484 3394 πατριάρχου
3553 3323 3865 3370 Κωνσταντι-

438 3407 757 3470 νουπόλεως
812 3412 910 3462 τοῦ
966 3407 1206 3483 Κυπρίου
1263 3407 1536 3485 ἀπολογία
1586 3409 1660 3472 εἷς
1712 3411 1810 3478 τήν
1867 3410 2054 3465 ἐπιστο

2243 3411 2453 3488 Ὰάρκου
2530 3417 2628 3466 τοῦ
2685 3415 2933 3490 Ἐφέσου,
2997 3413 3251 3481 Gregorii
3318 3407 3672 3481 patriarcha?
3743 3402 3865 3458 (ι’ση·

445 3507 962 3581 stantinopolitani
1026 3507 1229 3580 Cyprii
1291 3507 1564 3579 apologia
1626 3511 1685 3564 in
1741 3511 2042 3582 epistolam
2074 3513 2273 3568 Marci
2336 3513 2581 3581 Ephesii.
2616 3516 2826 3567 Verum
2869 3511 3083 3566 librarii
3122 3509 3428 3565 oscitantia
3468 3507 3551 3563 vel
3589 3499 3852 3575 imperitia

471 3607 664 3656 actum
725 3605 828 3668 est,
871 3605 933 3652 ut
970 3613 1079 3652 vox
1114 3599 1212 3650 τοῦ
1271 3595 1512 3670 Κυπρίου
1583 3598 1800 3670 Cyprii,
1843 3601 2137 3670 interjecta
2211 3602 2323 3656 sit:
2396 3617 2526 3657 cum
2606 3602 2712 3656 hoc
2750 3617 2895 3671 Opus
2936 3598 3288 3655 reddendum
3327 3598 3399 3652 sit
3445 3594 3710 3665 Gregorio
3746 3603 3862 3676 pro:

442 3687 777 3756 tosyncello,
821 3687 920 3758 qui
961 3690 1282 3757 postremus
1322 3687 1754 3756 Byzantinorum
1811 3690 2259 3759 patriarcharum
2331 3691 2454 3756 fuit,
2525 3697 2658 3746 ante
2723 3696 2945 3759 captam
3019 3704 3052 3741 a
3119 3686 3322 3742 Turcis
3388 3685 3705 3742 civitatem:
3764 3675 3863 3732 nisi

455 3793 645 3840 tamen
685 3799 785 3854 pro
823 3782 1047 3858 Μάρκου
1113 3786 1208 3836 τοῦ
1250 3780 1474 3859 Ἐφέσου
1537 3783 1902 3841 scribendum
1941 3787 2077 3842 tueri

2234 3785 2424 3840 oa'twou
2487 3789 2584 3839 τοῦ
2650 3785 2875 3862 Ἐφέσου
2937 3785 3174 3841 Joannis
3211 3783 3472 3854 Ephesii,
3504 3779 3677 3835 Chila
3716 3769 3856 3830 scili-

449 3880 540 3953 cet
579 3873 886 3928 adversarii
924 3873 1177 3944 Gregorii
1235 3872 1425 3946 Cyprii
1460 3890 1474 3941 ;
1516 3873 1666 3943 quod
1732 3874 1912 3930 obiter
1949 3893 1982 3930 a
2039 3891 2131 3931 me
2167 3875 2382 3931 dictum
2434 3876 2524 3930 sit.
2587 3874 2758 3946 Atqui
2825 3874 3048 3929 Marcus
3116 3871 3213 3928 ille
3256 3870 3574 3927 monachus
3610 3867 3861 3953 exigu-um

446 3950 716 4019 volumen
793 3963 943 4034 quod
1019 3969 1338 4031 scripserat,
1415 3963 1778 4018 emendatum
1836 3963 2108 4035 jactabat,
2179 3974 2233 4019 et
2307 3963 2679 4034 approbatum
2759 3980 2791 4016 a
2858 3959 3209 4032 patriarcha,
3273 3960 3505 4015 cuicum
3569 3950 3869 4012 arctissima

449 4051 871 4108 necessitudine
910 4050 1272 4121 jungebatur.
1343 4052 1462 4116 Qua
1528 4066 1587 4106 re
1653 4051 1862 4107 factum
1929 4059 2032 4119 est,
2099 4059 2160 4107 ut
2224 4053 2415 4108 statim
2475 4061 2644 4122 atque
2699 4052 2870 4106 Marci
2939 4049 3086 4105 liber
3148 4048 3394 4104 emissus
3462 4047 3523 4102 in
3590 4040 3866 4114 publicum

446 4139 573 4208 fuit,
667 4138 971 4210 Gregorius
1045 4140 1284 4210 Cyprius
1349 4140 1471 4210 ejus
1526 4144 1724 4196 auctor
1787 4141 2040 4197 censitus
2106 4141 2196 4196 sit.
2269 4141 2446 4205 Quam
2515 4140 2973 4196 criminationem
3042 4135 3360 4208 patriarcha
3436 4143 3498 4190 ut
3565 4128 3867 4202 repelleret»

445 4235 884 4310 Confesswnem,
945 4251 1113 4306 quam
1153 4236 1290 4304 dixi,
1331 4233 1472 4308 ﬁdei
1520 4237 1796 4302 condidit,
1866 4252 1977 4308 qua
2016 4237 2187 4294 Marci
2244 4239 2507 4307 dogmata
2565 4244 2888 4294 exsecratus
2946 4244 3047 4292 est.
3095 4235 3155 4290 Id
3201 4233 3348 4304 quod
3391 4232 3563 4288 etiam
3603 4228 3663 4284 in
3703 4223 3868 4278 altero

453 4326 713 4396 supplice
748 4325 818 4380 ad
860 4325 1255 4381 Andronicum
1291 4325 1689 4396 imperatorem
1732 4325 1926 4381 libello
1993 4326 2272 4397 prastitit.
2338 4327 2570 4383 Interim
2637 4327 2735 4397 qui
2809 4341 2911 4396 pro
2970 4323 3242 4395 Gregorio
3311 4320 3567 4389 stabant,
3635 4311 3866 4370 Athana-

439 4413 589 4470 sium
628 4414 1095 4481 Alexandrinum,
1137 4413 1479 4485 imperatore
1518 4421 1830 4481 annuente,
1871 4414 2222 4485 compellant
2285 4424 2345 4471 ut
2409 4423 2561 4471 torno
2627 4413 2990 4470 subscribat:
3061 4411 3208 4482 quod
3279 4417 3473 4466 tamen
3542 4407 3640 4463 ille
3700 4401 3871 4456 facere

443 4503 666 4570 noluit;
698 4510 956 4558 causatus
995 4501 1102 4557 sibi
1160 4503 1298 4558 satis
1335 4502 1435 4558 otii
1473 4510 1530 4557 et
1567 4502 1848 4558 facultatis
1887 4519 2007 4559 non
2046 4519 2168 4560 esse
2205 4505 2274 4559 ad
2315 4505 2568 4576 singulas
2617 4503 2742 4575 ejus
2809 4517 2977 4558 voces
3036 4498 3437 4570 explorandas,
3508 4513 3575 4553 eo
3636 4487 3869 4548 maxime

443 4594 594 4663 quod
661 4591 1415 4660 Constantinopolitanorum
1483 4605 1669 4646 mores
1734 4598 1789 4646 et
1846 4607 2048 4647 sensus
2113 4601 2437 4663 perspectos
2505 4608 2623 4648 non
2689 4591 2944 4647 haberet.
3007 4590 3106 4644 His
3168 4595 3489 4644 commotus
3557 4583 3868 4652 imperator,

443 4689 651 4744 ardens
713 4703 877 4743 suum
920 4703 1052 4758 erga
1091 4687 1356 4759 Cyprium
1425 4687 1673 4743 studium
1715 4694 2026 4758 temperare
2065 4691 2260 4759 capit,
2336 4691 2501 4760 eique
2568 4689 2919 4760 colloquium
2963 4686 3264 4757 publicum
3305 4683 3589 4743 exoranti,
3632 4679 3692 4732 in
3757 4682 3866 4743 quo

446 4785 694 4832 mentem
735 4777 964 4846 planius
1002 4792 1159 4832 suam
1201 4777 1527 4846 explicaret,
1566 4779 1766 4832 annuit
1824 4781 2097 4849 primum,
2141 4795 2272 4836 mox
2330 4796 2462 4835 vero
2502 4769 2717 4835 mutata
2755 4778 3041 4834 sententia
3089 4775 3293 4830 abnuit
3334 4773 3551 4828 veritus
3585 4783 3657 4824 ne
3723 4761 3867 4817 idem

443 4867 724 4921 accideret
763 4866 910 4935 quod
952 4865 1008 4920 in
1051 4867 1334 4922 anteriore
1381 4882 1513 4921 cum
1581 4866 1756 4922 Becco
1817 4868 2220 4936 disputatione,
2287 4884 2353 4924 ex
2420 4885 2529 4939 qua
2588 4884 2677 4923 res
2744 4866 3010 4923 Ecclesia
3077 4863 3262 4920 nihilo
3304 4862 3620 4933 pacatiores
3683 4861 3866 4909 evase-

443 4961 593 5008 rant.
634 4953 785 5018 Quin
823 4955 940 5010 imo
977 4956 1339 5012 Andronicus
1381 4955 1553 5020 misit,
1595 4955 1690 5026 qui
1731 4956 1880 5010 sedis
1917 4956 2344 5013 abdicationem
2413 4958 2484 5012 ab
2551 4958 2674 5027 ipso
2742 4959 3064 5026 poscerent.
3131 4954 3253 5008 Jam
3321 4951 3477 5007 enim
3543 4945 3782 5015 Cyprius
3842 4948 3870 4988 θ

444 5042 809 5113 patriarchali
877 5043 1048 5099 domo
1106 5045 1166 5099 in
1234 5044 1591 5114 Hodegorum
1654 5045 2061 5099 monasterium
2129 5046 2486 5115 migraverat,
2557 5047 2616 5101 in
2684 5061 2794 5116 quo
2859 5043 3174 5100 scribendis
3235 5057 3334 5111 pro
3390 5054 3496 5094 sua
3547 5027 3870 5090 defensione

447 5131 612 5186 libris
666 5130 920 5186 vacabat.
963 5132 1200 5188 Posthac
1237 5137 1449 5200 autem,
1494 5149 1566 5188 ne
1631 5133 1954 5202 patriarcha
2018 5135 2310 5191 inauditus
2375 5138 2760 5198 damnaretur,
2829 5132 3122 5203 publicum
3181 5135 3529 5186 conventum
3569 5119 3868 5190 imperator

448 5219 643 5284 edixit,
682 5219 741 5274 in
783 5235 896 5290 quo
936 5220 1077 5276 lecta
1116 5229 1199 5276 est
1237 5221 1392 5276 illius
1437 5220 1720 5292 Confessio
1747 5221 1898 5292 ﬁdei,
1931 5231 1983 5278 et
2021 5223 2093 5279 ab
2138 5225 2294 5280 omni
2335 5240 2516 5294 prava
2557 5221 2832 5278 doctrina
2871 5219 3196 5290 suspicione
3261 5214 3538 5273 immunis
3597 5205 3866 5280 judicala.

447 5315 832 5372 Nihilominus
870 5318 1188 5388 Ephesinus
1230 5320 1586 5389 metrOpolita
1624 5327 1676 5374 et
1715 5321 2019 5389 Cyzicenus
2062 5322 2246 5391 palam
2288 5321 2576 5393 protestati
2617 5326 2767 5385 sunt,
2841 5317 3080 5372 minime
3145 5331 3204 5371 se
3269 5315 3332 5369 in
3397 5303 3862 5396 communionem

449 5421 616 5476 posse
657 5406 845 5462 venire
885 5424 1016 5463 cum
1096 5410 1324 5463 homine
1399 5410 1493 5477 qui
1568 5410 1737 5464 certis
1811 5411 1880 5464 de
1955 5412 2141 5465 causis
2219 5412 2447 5465 haresis
2524 5409 2736 5463 invidia
2810 5423 3073 5476 aspersus
3148 5416 3314 5460 esset.
3391 5399 3493 5454 Cui
3571 5395 3863 5450 sententia

446 5497 580 5564 quia
657 5495 1022 5564 pertinaciter
1085 5498 1566 5563 adharescebaut,
1634 5513 1737 5552 nec
1795 5498 2152 5566 imperatoris
2217 5499 2447 5554 monitis
2513 5506 2568 5553 et
2633 5496 3132 5552 adhortationibus
3199 5496 3507 5556 cesserant,
3580 5484 3642 5539 in
3710 5489 3865 5545 sepa-

448 5591 597 5638 ratas
640 5585 927 5640 custodias
969 5595 1200 5655 uterque
1240 5587 1445 5642 missus
1483 5597 1585 5655 est,
1644 5603 1675 5642 e
1713 5585 1918 5656 quibus
1957 5589 2188 5644 nonnisi
2227 5597 2351 5659 post
2425 5603 2609 5642 annos
2648 5587 2880 5656 aliquot,
2952 5591 3006 5640 et
3081 5587 3172 5639 vix
3241 5595 3388 5654 agre
3456 5572 3646 5632 educti
3712 5567 3866 5659 sum.

448 5679 522 5728 At
559 5672 904 5746 Theoleptus
931 5673 1451 5748 Philadelphiensis
1487 5690 1720 5734 omnem
1748 5674 2126 5733 oti‘ensionem
2159 5656 2310 5735 hanc
2348 5694 2417 5734 ex
2457 5676 2576 5733 solo
2616 5674 2796 5733 Marci
2837 5673 2982 5732 libro
3021 5680 3314 5746 acceptam
3353 5671 3692 5741 praetexens:
3732 5656 3866 5710 δῖε·
