4108 6440
234 393 382 461 ,333

1522 390 1849 452 SCRIPTA
1892 388 2434 451 APOLOGETICA
2450 432 2465 448 .

3582 390 3701 450 234

265 546 498 618 got-ium
537 549 707 599 rectae
745 541 875 599 tidei
915 541 1211 597 alumnum
1250 542 1568 611 judicatum
1634 541 1702 596 iri
1743 541 1904 611 dixit,
1974 540 2021 595 si
2089 540 2265 596 Marci
2329 538 2652 594 doctrinam
2718 538 3091 595 delestarelur
3156 538 3443 610 (disertius
3506 541 3704 612 utique

269 650 443 707 quam
486 634 549 690 in
587 631 951 689 confessione
987 631 1129 686 etin
1169 629 1366 687 libello
1403 631 1472 685 ad
1513 630 1957 702 imperatorem).
2000 629 2157 696 Quod
2194 628 2419 698 quidem
2453 645 2484 682 ιι
2517 627 2720 697 Cyprio
2770 628 3087 699 praestitum
3140 628 3334 694 fuisse,
3393 628 3705 698 Pachyme-

272 742 364 783 res
400 738 523 780 non
561 726 805 791 narrat:
847 721 965 786 sed,
1024 734 1157 776 cum
1217 719 1339 775 haec
1401 719 1501 775 ille
1557 720 1824 785 audisset,
1889 718 2085 789 gratiis
2148 718 2288 773 actis
2354 716 2700 787 imperatori,
2769 723 2990 787 postera
3053 716 3145 773 die
3209 717 3483 774 cessionis
3541 717 3704 775 libel-

277 813 403 870 lum
438 811 685 868 dedisse.
728 809 976 865 Rursum
1048 820 1179 864 vero
1244 807 1577 879 imperator,
1645 806 1901 863 collectis
1956 807 2162 863 iterum
2230 806 2484 875 synodis,
2552 821 2781 877 operam
2821 805 3084 876 ponebat,
3156 813 3211 862 ul
3281 812 3468 863 tomus
3505 807 3705 863 saltem

281 902 680 960 emendaretur
718 906 775 955 et
840 904 1264 968 exponeretur:
1304 896 1363 952 id
1401 897 1554 967 quod
1593 904 1786 952 tamen
1824 895 2020 952 selecti
2079 896 2147 949 ad
2218 894 2327 951 hoc
2382 894 2569 965 operis
2607 893 2710 949 viri
2771 893 3053 951 conﬁcere
3118 892 3444 951 nullatenus
3506 898 3706 966 potue-

286 997 442 1059 runt,
480 1005 610 1047 cum
654 988 725 1044 de
789 1002 1062 1058 germano
1125 987 1460 1042 Damasceni
1500 1001 1671 1041 sensu
1740 985 2013 1041 tradendo
2080 984 2229 1039 inter
2284 999 2383 1040 eos
2449 998 2806 1055 nequaquam
2865 984 3211 1041 conveniret.
3270 981 3457 1054 Τέλος,
3518 985 3711 1057 inquit

287 1096 436 1154 saepe
472 1079 733 1134 laudatus
777 1075 1174 1147 Pacbymeres,
1230 1072 1345 1127 ἐπεὶ
1394 1071 1493 1127 οὐκ
1546 1073 1614 1142 ἦν
1672 1076 1975 1148 συμφωνεῖν

2085 1071 2119 1125 εὶ
2168 1075 2237 1146 τῇ
2292 1075 2390 1125 τοῦ
2445 1070 2768 1146 γράμματος
2824 1069 3133 1147 διορθώσει,
3185 1070 3469 1141 ὑπεζεῖλον
3518 1070 3705 1128 τέλεον

284 1171 388 1236 τήν
437 1165 689 1243 ἐξήγησιν
725 1209 740 1235 ,
798 1168 1043 1239 κρεῖττον
1102 1162 1440 1238 ἡγησάμενοι
1504 1163 1579 1235 μὴ
1634 1160 1781 1223 ὅλως
1855 1160 1918 1216 τὰ
1996 1161 2159 1237 ῥητὸν
2233 1159 2554 1236 ἐξηγεῖσθαι,
2613 1160 2650 1229 ἢ
2718 1159 3110 1238 ἐξηγουμένους
3183 1160 3523 1239 ἀναρῥίπτειν
3595 1161 3708 1217 κίν-

262 1256 463 1314 -δυνον.
501 1259 585 1313 Ac
623 1253 885 1312 consulto
926 1269 1189 1324 prorsus:
1234 1269 1370 1309 nam
1409 1260 1614 1325 praeter
1679 1252 1846 1309 Becci
1913 1252 2351 1324 expositionem,
2414 1268 2526 1323 qua
2590 1251 2866 1308 sincerior
2929 1250 3105 1309 altera
3169 1268 3288 1310 non
3353 1253 3710 1319 occurrebat,

284 1359 366 1417 ut,
441 1346 645 1418 positis
709 1343 1073 1415 prtejudiciis,
1118 1343 1374 1399 sentiunt
1437 1357 1641 1398 omnes
1704 1342 1803 1413 qui
1866 1342 1929 1398 in
1984 1340 2147 1397 libris
2212 1343 2335 1412 ejus
2400 1341 2658 1413 legendis
2721 1357 2948 1412 operam
3012 1349 3252 1413 ponunt.
3321 1342 3581 1415 Cyprius,
3649 1342 3713 1399 in

276 1437 563 1509 Apologia
601 1449 771 1505 quam
812 1448 913 1503 pro
948 1448 1051 1488 suo
1089 1435 1246 1488 tome
1284 1432 1491 1487 iterum
1550 1431 1796 1501 scripsit,
1864 1430 1996 1487 illos
2050 1430 2405 1487 adversarios
2469 1429 2696 1495 refellit,
2766 1430 2957 1501 utique
3024 1430 3438 1499 schismaticos,
3508 1446 3615 1488 nec
3682 1447 3718 1486 ε

274 1532 507 1585 Joanne
546 1522 812 1593 Ephesio,
868 1521 1099 1577 Daniele
1150 1520 1447 1591 Cyziceno,
1516 1527 1571 1575 et
1635 1518 1944 1589 Theolepto
2009 1517 2501 1590 Philadelphiensi
2566 1519 2836 1587 diversos,
2905 1519 3001 1590 qui
3068 1519 3312 1575 Joannis
3377 1520 3721 1577 Damasceni

274 1618 524 1681 dictum,
564 1604 873 1686 προϐολεὺς
917 1605 1006 1662 διὰ
1063 1607 1240 1683 Λόγου
1294 1606 1680 1685 ἐκφαντορικοῦ
1740 1605 1975 1680 Πνεύμαθ

2115 1609 2543 1681 manifestantis
2597 1608 2851 1677 Spiritus
2904 1623 3011 1679 per
3073 1610 3322 1665 Verbum
3378 1610 3716 1692 productor,

276 1708 365 1764 sic
407 1705 940 1772 interpretarentur,
980 1714 1047 1755 ac
1084 1698 1133 1754 si
1173 1692 1263 1751 διὰ
1294 1695 1493 1772 Λόγου,
1523 1714 1628 1766 per
1661 1700 1938 1768 Verbum,
1970 1691 2041 1749 δι’
2072 1696 2221 1766 nos,
2250 1713 2356 1767 per
2382 1695 2616 1765 Filium,
2675 1697 2826 1767 apud
2874 1705 3100 1754 sanctos
3138 1701 3332 1756 Patres
3397 1699 3550 1755 idem
3620 1714 3720 1755 so—

276 1798 473 1858 naret,
512 1799 683 1861 atque
720 1786 813 1843 σὺν
840 1790 919 1858 τῷ
941 1786 1104 1863 Λόγῳ
1160 1804 1292 1844 cum
1325 1787 1530 1855 Verbo,
1577 1787 1713 1858 μετά
1738 1789 1836 1841 τοῦ
1874 1786 1975 1840 Υἱο³

2085 1803 2188 1841 um
2244 1785 2413 1856 Filio,
2457 1785 2571 1858 ἅμα
2624 1788 2704 1856 τῷ
2761 1785 2871 1857 Υἱῷ
2915 1803 3035 1843 una
3096 1802 3228 1844 cum
3290 1786 3483 1844 Filio:
3550 1802 3723 1859 quam

280 1885 523 1957 quidem
564 1887 907 1951 postremam
976 1878 1502 1948 interpretationem
1571 1884 1691 1933 tum
1757 1876 1989 1932 Patrum
2058 1875 2376 1939 sententiis,
2435 1882 2556 1930 tum
2613 1875 2997 1945 grammatica:
3063 1875 3282 1948 legibus
3320 1880 3379 1933 et
3416 1876 3542 1933 usui
3583 1890 3723 1933 con-

280 1972 522 2030 trariam
562 1968 823 2040 pluribus
860 1966 1107 2023 ostendit
1144 1973 1197 2022 et
1234 1966 1466 2022 evincit.
1538 1966 1773 2022 Interim
1812 1980 1943 2021 vero
2005 1963 2258 2020 Joannes
2322 1964 2559 2031 Beccus,
2630 1969 2831 2034 praeter
2898 1964 3072 2020 libros
3135 1965 3402 2022 adversus
3465 1962 3727 2040 Gregorii

282 2059 490 2132 Gyprii
528 2065 746 2115 tomum
817 2071 958 2127 quos
1024 2055 1215 2125 citavi,
1284 2059 1526 2126 quatuor
1581 2052 1726 2111 alios
1788 2056 1859 2110 ad
1923 2053 2383 2119 Constantinum,
2456 2052 2851 2109 Melitiniotam
2919 2054 3130 2124 utique,
3204 2055 3452 2127 scripsit,
3518 2055 3729 2127 quibus

282 2151 552 2223 ejusdem
592 2146 731 2202 tomi
770 2144 1186 2215 expositionem
1216 2162 1250 2199 a
1289 2143 1495 2215 Cyprio
1554 2144 1913 2209 adornatam,
1952 2141 2282 2198 confutavit.
2324 2145 2440 2198 Hos
2477 2141 2649 2197 etiam
2691 2145 2799 2198 Leo
2854 2141 3091 2198 Allatius
3156 2157 3289 2199 cum
3352 2143 3482 2201 aliis
3548 2144 3732 2202 edidit

286 2249 330 2296 t.
380 2238 431 2293 II
471 2235 705 2293 Graecia
723 2232 1076 2289 orthodoxa.
1112 2231 1366 2303 Gregorii
1406 2247 1536 2288 vero
1571 2230 1760 2302 Cyprii
1808 2230 2103 2301 cpuscula,
2146 2245 2271 2301 quae
2325 2229 2388 2285 in
2427 2230 2720 2287 codicibus
2776 2230 2986 2303 Regiis,
3053 2247 3121 2288 ac
3186 2233 3500 2302 presertim
3559 2232 3728 2307 3442,

287 2325 504 2398 reperi,
545 2323 642 2381 hic
678 2321 1012 2392 subjcienda
1048 2321 1266 2388 censui,
1306 2336 1417 2392 quo
1456 2336 1647 2377 rerum
1684 2328 1970 2391 gestarum
2007 2318 2182 2375 series
2220 2319 2423 2376 melius
2460 2337 2494 2376 a
2530 2319 2784 2376 studioso
2821 2319 3034 2377 lectore
3071 2320 3436 2393 percipiatur.

403 2633 1170 2766 ΕΚΘΕΣΙΣ
1266 2631 1615 2761 ΤΟΥ
1702 2552 2327 2761 ΤΟΜΟΥ
2426 2633 2772 2759 ΤΗΣ
2874 2634 3631 2766 ΠΙΣΤΕΩΣ

1391 2888 1731 2984 ΚΑΤΑ
1809 2888 2060 2985 ΤΟΥ
2139 2888 2645 2986 ΒΕΚΚΟΥ

442 3099 635 3153 IMPA
675 3098 799 3149 ΤΟΥ
835 3095 1212 3148 ΑΓΙΩΤΑΤΟΥ
1252 3092 1371 3143 ΚΑΙ
1407 3092 1910 3143 ΟΙΚΟΥΜΕΝΙΚΟΥ
1947 3090 2382 3146 ΙΙΑΤΡΙΑΡΧΟΥ
2419 3092 2660 3143 ΚΥΡΙΟΥ
2698 3093 3071 3145 ΓΡΗΓΟΡΙΥΥ
3106 3095 3232 3145 ΤΟΥ
3270 3097 3584 3165 ΚΥΠΡΙΟΥ,

532 3186 825 3238 ΟΥΤΙΝΟΣ
866 3183 1322 3236 ΕΙΙΕΛΑΒΟΝΤΟ
1360 3182 1594 3250 ΤΙΝΕΣ,
1636 3180 1753 3235 ΚΑΙ
1793 3182 2051 3234 ΓΕΓΟΝΕ
2092 3182 2275 3234 ΠΡΟΣ
2316 3182 2654 3234 ΕΚΕΙΝΟΥΣ
2696 3182 2741 3233 Η
2780 3184 3191 3236 ΑΙΙΑΝΤΗΣΙΣ
3230 3185 3505 3239 ΙΣΧΥΡΔ.

386 3463 553 3535 Ἔσχε
611 3457 709 3531 μὲν
741 3457 777 3526 ἡ
823 3448 1165 3528 ἐπισυμϐἆσα
1217 3452 1328 3529 πρὸ
1387 3456 1584 3529 μικροῦ
1637 3453 1853 3529 ταραχή
1913 3473 1973 3507 τε
2000 3455 2053 3522 Α
2087 3457 2309 3527 Πνεῦμα
2356 3452 2725 3529 ἐκπορεύεται,
2768 3452 2949 3531 ὥσπερ
2992 3453 3189 3529 ἀμέλει
3236 3455 3326 3511 καὶ
3376 3456 3436 3513 ἐκ
3483 3462 3582 3514 τοῦ
3626 3465 3741 3516 Πα-

298 3548 393 3604 καέ
457 3545 597 3618 ζάλη
656 3548 728 3619 τῇ
784 3542 1083 3614 Ἐκκλησία
1136 3542 1342 3617 πατέρα
1401 3543 1516 3597 οἷον
1573 3542 1664 3597 καὶ
1722 3541 1968 3618 ἀρχηγὸν

298 3636 467 3692 αὐτὸν
527 3634 733 3691 ἐκεῖνον
781 3632 874 3687 τὸν
923 3629 1290 3703 ἀντικείμενον
1343 3629 1530 3709 φθόνῳ
1578 3636 1680 3700 τῆς
1726 3634 1833 3684 τῶν
1883 3629 1972 3684 ἀν-

297 3726 545 3802 θρώπων
614 3722 893 3798 σωτηρίας
941 3720 1023 3776 ἀεὶ
1080 3717 1448 3797 βαλλόμενον,
1504 3719 1594 3775 καὶ
1645 3720 1713 3775 τὰ
1765 3717 1969 3790 ταύτην

296 3814 637 3891 ἀπείργοντα
737 3815 916 3881 ζητεῖν
1001 3830 1061 3864 τε
1152 3807 1625 3883 πραγματεύεσθαι
1713 3804 1975 3863 οὐδέποτε

293 3899 701 3982 ἀφιστάμενον.
730 3898 804 3954 Ού
848 3899 954 3972 μὴν
1006 3895 1065 3952 δὲ
1111 3894 1258 3953 ἀλλᾶ
1305 3896 1396 3951 καὶ
1447 3897 1766 3973 ἀνθρώπους
1815 3893 1971 3972 ἔσχεν

294 3992 348 4048 εἰ
401 3991 499 4047 καὶ
561 3992 638 4064 μὴ
696 3987 976 4065 ἀρχηγοὺς
1030 3987 1098 4043 τὰ
1151 3986 1343 4063 πρῶτά
1395 3987 1443 4041 τ’
1498 3985 1671 4049 αἰτίας
1721 3984 1972 4062 ἔχοντας,

296 4081 584 4156 ὑπηρέτας
643 4075 690 4132 δ’
721 4074 814 4132 οὖν
845 4075 998 4149 ὅμως
1054 4074 1145 4130 καὶ
1201 4070 1403 4152 ὄργανα
1446 4078 1683 4130 τοσαῦτα
1729 4073 1791 4129 ἐκ
1835 4095 1973 4151 προ-

295 4169 571 4245 αιρέσεως
631 4166 708 4229 εἲς
758 4165 928 4235 αὐτὴν
977 4163 1320 4227 τελέσαντας.
1373 4162 1550 4219 ὁπόσα
1605 4161 1672 4234 δὴ
1729 4162 1973 4227 κάκεῖνος

298 4252 594 4313 ἐϐούλετο.
635 4254 846 4328 Εἰρήνη
906 4254 1000 4327 μὲν
1048 4251 1137 4308 οὖν
1188 4253 1252 4309 τὸ
1300 4254 1416 4310 κατ’
1464 4252 1639 4330 ἀρχὰς
1690 4252 1781 4307 καὶ
1823 4250 1977 4308 οἱκο-

297 4345 473 4419 νομία
521 4365 608 4407 τις
657 4340 941 4406 ἀκίνδυνος
989 4342 1080 4398 καὶ
1139 4342 1228 4397 ἐπὶ
1298 4338 1632 4422 συμφέροντι
1693 4339 1847 4411 δῆθεν
1898 4345 1976 4414 τῷ

300 4432 570 4509 ἡμετέρῳ
628 4432 728 4488 οὐκ
783 4430 920 4487 οὖσα
970 4432 1198 4502 τοιαύτη
1254 4437 1376 4494 ταῖς
1431 4429 1740 4502 ἀληθείαις,
1786 4430 1978 4509 ἐπιφη-

303 4524 527 4597 μίζεται
579 4522 781 4584 σκοπὸς
837 4525 909 4595 τῇ
967 4522 1178 4596 πράξει.
1240 4520 1340 4575 Καὶ
1418 4520 1759 4597 προτείνεται
1812 4525 1976 4575 τοῦτο

297 4612 550 4687 καθάπερ
592 4632 646 4666 τι
695 4608 887 4687 δέλεαρ
937 4609 1239 4687 ἀνθρώπων
1295 4607 1523 4688 ἐφέλκων
1572 4607 1709 4685 πρὸς
1757 4610 1820 4664 τὸ
1845 4629 1974 4683 κρυ-

299 4700 609 4774 πτόμενον.
682 4700 1028 4774 Προτείνεται
1112 4696 1170 4754 δὲ
1252 4701 1369 4772 μεθ’
1456 4698 1804 4774 ὑποσχέσεων
1885 4699 1976 4753 καὶ

299 4791 457 4866 ἀρῶν
502 4793 615 4844 τῶν
657 4786 1131 4868 φρικωδεστάτων,
1179 4788 1270 4843 καὶ
1340 4787 1520 4863 λόγων
1583 4787 1814 4862 ἐνόρκων
1879 4792 1976 4843 τοῦ

298 4868 388 4952 ’μή
446 4878 509 4934 ἃν
556 4877 744 4940 αὐτοῖς
802 4875 944 4933 ἄλλο
995 4899 1050 4932 τι
1129 4875 1416 4954 βούλεσθαι
1476 4877 1576 4946 τὴν
1636 4874 1899 4945 διάνοιαν,
1932 4876 1968 4946 ἢ

299 4965 445 5043 ὅπερ
500 4965 639 5021 αὐτὰ
690 4969 859 5021 ταῦτα
912 4966 1047 5040 μετά
1091 4970 1189 5021 τοῦ
1243 4963 1483 5039 ἀζημίου
1540 4964 1630 5019 καὶ
1688 4962 1971 5019 ἀκινδύνου

298 5053 487 5112 εἶ’τουν
518 5054 907 5131 ἀναμαρτήτου
938 5053 1126 5125 δηλοῖ.
1155 5055 1289 5110 Εἶτα
1321 5053 1531 5131 βραχὺς
1563 5056 1590 5108 6
1627 5054 1762 5126 μετᾶ
1814 5057 1982 5108 ταῦτα

293 5145 530 5223 χρόνος,
558 5144 649 5200 καὶ
681 5144 818 5218 ἀμαὶ
850 5146 945 5217 μὶν
980 5143 1178 5200 ἐκεῖναι
1237 5145 1328 5200 καὶ
1386 5143 1540 5220 ὅρκοι
1601 5142 1834 5219 ώσπερεὶ
1894 5142 1983 5197 ἐπὶ

294 5234 461 5289 παντί
500 5230 724 5307 μᾶλλον
777 5231 947 5307 ἑτέρῳ
995 5230 1061 5303 δὴ
1106 5237 1188 5305 τῷ
1242 5229 1299 5287 δὲ
1343 5231 1662 5300 συνέστησεν
1714 5229 1986 5305 ἀμελοῦν-

301 5344 418 5383 ται.
478 5319 820 5379 Καταδύεται
868 5318 927 5377 δὲ
974 5324 1089 5377 οἷον
1138 5322 1214 5383 εἰς
1264 5328 1365 5398 γῆν
1395 5320 1585 5389 τὸτῆς
1618 5318 1839 5396 εἰρήνης
1896 5319 1987 5375 καὶ

314 5410 631 5487 ττῗκονομίας
708 5405 909 5483 ὄνομα,
963 5408 1053 5465 καὶ
1131 5418 1233 5480 τῆς
1301 5410 1440 5472 τέως
1519 5408 1706 5472 αὐτοῖς
1781 5407 1986 5478 ἐκείνης

2079 3541 2249 3616 τρός·
2299 3541 2382 3598 ὅτι
2431 3543 2521 3598 καὶ
2566 3544 2595 3598 6
2645 3546 2959 3621 Μονογενής
3012 3541 3186 3607 αίέιος
3246 3545 3430 3618 αὐτοῦ,
3482 3548 3619 3603 καθά
3670 3546 3738 3618 δὴ

2079 3630 2170 3685 καὶ
2225 3631 2253 3685 ὁ
2311 3631 2401 3685 τὸν
2481 3638 2765 3707 Μονογενῆ
2836 3634 3094 3708 γεννήσας
3167 3636 3378 3710 Πατήρ.
3452 3636 3743 3701 Κάντεῦθεν

2064 3718 2261 3796 ἀρχὴν
2293 3722 2328 3789 ἡ
2370 3721 2589 3797 ταραχή
2642 3715 2935 3793 λαμϐάνει,
2965 3721 3056 3777 καὶ
3087 3723 3115 3777 6
3149 3721 3313 3799 μέγας
3359 3721 3554 3781 λοιπὸν
3606 3727 3745 3782 κατά

2080 3811 2182 3877 τῆς
2216 3816 2227 3829 ‘
2256 3806 2581 3879 Ἐκκλησίας
2659 3808 3062 3885 ἀναρριπίζεται
3137 3809 3407 3885 πόλεμος.
3465 3816 3583 3869 Ὅτι
3646 3814 3742 3888 μὶν

2084 3895 2175 3952 οὖν
2230 3898 2293 3952 τὸ
2321 3898 2649 3977 προσφάτως
2708 3895 3026 3974 διαταράξαν
3084 3902 3233 3973 ἡμᾶς
3298 3898 3533 3980 ἔκφυλον
3588 3905 3743 3960 τουτὶ

2085 3983 2269 4062 δόγμα
2323 3985 2386 4042 ού
2438 3985 2748 4065 πρόσφατόν
2824 3986 2934 4043 ἐστι
3010 3989 3111 4058 τὴν
3175 3988 3407 4064 γένεσιν,
3464 3992 3554 4047 καὶ
3612 3994 3743 4071 παρ’

2084 4073 2283 4138 ἄλλοις
2336 4074 2539 4147 ταύτην
2594 4074 2855 4152 ἐσχηκὸς,
2890 4076 2997 4153 ούχ
3044 4080 3206 4151 ἡμῖν,
3237 4077 3433 4143 πάντες
3470 4102 3530 4136 τε
3594 4080 3740 4137 ἴσασι

2085 4161 2305 4241 σχεδὸν,
2347 4164 2439 4220 καὶ
2488 4161 2862 4221 ἀναδιδάσκειν
2914 4165 2977 4220 ού
3037 4169 3187 4243 χρή·
3238 4166 3385 4237 πλὴν
3459 4171 3743 4242 μετενήνε-

2084 4276 2207 4309 κται
2280 4251 2439 4332 δεῦρο
2516 4255 2606 4309 οἷά
2659 4275 2743 4317 τις
2803 4255 3092 4330 ὑπερόριος
3147 4255 3324 4330 λύμη,
3384 4259 3475 4314 καὶ
3529 4256 3749 4335 ἤκμασε

2085 4343 2285 4421 χρόνον
2346 4342 2427 4421 ἐφ’
2473 4343 2679 4400 ἱκανόν.
2730 4343 2910 4421 Ἰσχὺν
2964 4341 3022 4401 δὲ
3066 4344 3214 4419 αύτῷ
3271 4345 3593 4421 ἐνακμάζειν
3651 4371 3751 4405 το-

2087 4437 2276 4488 σοῦτον
2308 4432 2563 4503 Ἰωάννης
2615 4433 2889 4509 παρέσχεν
2938 4434 2967 4488 6
2997 4433 3196 4497 Βέκκος
3253 4433 3563 4513 ὑποδοχεὺς
3602 4438 3753 4511 αύτῷ

2084 4523 2175 4578 καὶ
2244 4523 2357 4577 οἷον
2430 4519 2636 4599 ἄρουρά
2682 4542 2764 4585 τις
2823 4521 2923 4577 οὐκ
2978 4522 3156 4601 ἀφυής
3211 4523 3461 4603 ἐκθρέψαι
3519 4522 3751 4602 γενόμε-

2084 4632 2200 4684 νος,
2243 4608 2563 4687 ἀρδόμενος,
2598 4611 2676 4675 ὡς
2731 4611 2825 4685 μὲν
2878 4611 2984 4688 ἐγὼ
3035 4611 3222 4691 φαίην,
3256 4612 3317 4669 ἐκ
3359 4620 3457 4670 τοῦ
3504 4622 3756 4694 πονηροῦ

2085 4699 2308 4755 καὶτῶν
2339 4706 2441 4769 τῆς
2470 4699 2703 4774 ἀνομίας
2755 4700 3099 4781 χειμάρῥων,
3131 4702 3208 4765 ὡς
3258 4699 3317 4758 δὲ
3366 4702 3570 4766 ἐκεῖνος
3615 4707 3755 4780 ψευ-

2090 4786 2319 4864 δόμενος
2366 4787 2575 4864 ἔλεγεν,
2610 4788 2670 4844 ἐκ
2714 4794 2821 4843 τῶν
2874 4784 3087 4845 Βιὸλων
3137 4795 3246 4846 τῶν
3300 4793 3485 4871 ἱερῶν,
3518 4794 3754 4872 κακούρ-

2084 4899 2200 4954 γως
2282 4874 2578 4933 ἀνελίττων
2660 4876 2846 4949 αύτάς,
2905 4879 2995 4933 καὶ
3069 4880 3474 4957 σπερμολογῶν
3552 4882 3761 4947 ἐκεῖθεν

2089 4966 2179 5021 καὶ
2236 4963 2561 5041 ἱεροσυλῶν,
2592 4965 2680 5020 καὶ
2738 4964 2831 5020 τόν
2881 4970 3006 5021 νοῦν
3067 4967 3182 5040 ἅμα
3233 4970 3326 5043 μὲν
3383 4977 3483 5041 τῆς
3535 4977 3757 5050 Γραφῆς

2088 5054 2364 5121 κλέπτων,
2399 5055 2508 5127 ἅμο
2568 5051 2627 5108 δὲ
2681 5054 2772 5108 καὶ
2825 5058 2933 5108 τῶν
2985 5053 3330 5121 ἐπιπολαίως
3387 5059 3757 5137 ἀκροωμένων

2093 5142 2278 5209 αὐτοῦ,
2381 5143 2472 5197 καὶ
2501 5143 2637 5218 πρὸς
2680 5141 2807 5205 τοὺς
2853 5142 3061 5199 ἐκείνου
3107 5150 3349 5221 χρυσοῦς
3398 5148 3761 5227 ἀφορώντων.

2094 5231 2249 5301 Πλὴν
2303 5226 2493 5307 ὄγδοον
2550 5230 2645 5304 μὲν
2702 5234 2782 5302 τῷ
2828 5236 2981 5304 κακῷ
3023 5231 3168 5306 τῷδε
3210 5226 3455 5312 ἰσχύοντι
3513 5238 3604 5293 καὶ
3667 5237 3764 5312 ἐμ-

2095 5317 2546 5393 πολιτευσαμένῳ
2574 5323 2691 5381 τοῖς
2734 5316 2843 5374 ὦδε
2884 5318 3078 5397 σχεδὸν
3134 5321 3330 5393 ἠνύετο
3378 5322 3519 5389 ἔτος.
3550 5331 3757 5383 Τοσοῦ-

2096 5431 2188 5465 τον
2250 5406 2308 5463 δὲ
2365 5413 2612 5469 κακεῖνος
2663 5408 2763 5477 τὴν
2819 5407 2895 5471 εἰς
2951 5410 3041 5465 τὸν
3096 5415 3495 5491 πατριαρχικὸν
3568 5414 3762 5492 Θρόνον

306 5484 584 5575 ⁵ὂοκοένιίης
639 5497 961 5578 κρείττονος
1010 5498 1424 5576 πραγματείας·
1479 5496 1770 5552 ἀνακύπτει
1821 5494 1879 5552 δὲ
1923 5497 1992 5553 τὰ
2101 5498 2267 5555 ἆθλον
2323 5504 2424 5567 τῆς
2484 5496 2546 5552 ού
2604 5494 2782 5567 καλῆς
2838 5496 3163 5576 ἐπικαρπίας
3467 5484 3769 5580 ἐνίδρυσιν,

314 5589 410 5655 τῆς
485 5587 827 5666 κακουργίας
909 5587 1131 5664 ῥήματά
1204 5610 1265 5643 τε
1338 5587 1431 5643 καὶ
1507 5585 1841 5662 πράγματα·
1900 5586 1991 5641 καὶ
2100 5588 2191 5644 καὶ
2220 5591 2290 5662 τῇ
2323 5585 2620 5657 Ἐκκλησία
2663 5592 2789 5662 παρ’
2818 5585 2947 5643 ὅλον
2995 5593 3187 5645 τοῦτον
3234 5592 3327 5647 τὸν
3379 5592 3576 5669 χρόνον
3627 5596 3775 5649 Θεοῦ

298 5672 498 5753 ’τολμᾷ
554 5693 645 5737 τις
701 5670 759 5751 ἒν
805 5680 947 5766 ἡμῖν
998 5676 1202 5755 λέγειν,
1237 5678 1319 5736 δτι
1358 5676 1451 5734 καὶ
1502 5674 1564 5733 ἐκ
1607 5680 1706 5731 τοῦ
1754 5676 1883 5732 Υἱοῦ
1931 5676 1993 5733 τὸ
2106 5680 2528 5759 συγχωροῦντος
2582 5672 2987 5756 δι’ἀμαρτιῶν
3054 5678 3269 5737 πάντων
3318 5679 3556 5755 πλῆθος,
3606 5681 3653 5749 ᾦ
3703 5676 3773 5757 δή

597 5804 887 5871 Pareas.
935 5798 1047 5863 Gn.
1092 5808 1318 5873 CXLII.
