4108 6454
440 359 557 419 935

1470 358 1787 419 GEORGII
1832 358 2094 419 CYPRII
2138 357 2254 417 ΟΡ.
2304 359 2840 422 PATRIARCHIE

3724 364 3834 423 236

445 490 597 564 μόνῳ
624 490 714 545 τὸν
746 488 926 559 ἀπαθῆ
971 489 1371 566 παροργίζομεν
1426 486 1631 551 ἀθλίως
1680 485 1825 564 ἔχειν
1873 488 2093 563 ὑπῆρχε
2119 489 2175 556 Α
2204 486 2571 559 ἀποπολικῆς
2645 490 2993 563 Ἐκκλησίας.
3069 488 3485 567 ιΟμολογοῦμεν
3547 490 3598 546 ἓν
3661 492 3834 568 βάπτι-

442 579 533 635 xzi
579 584 854 655 καρτερεῖν
898 579 964 633 τὰ
1014 575 1311 634 δεινότατα.
1343 579 1414 633 Τὸ
1466 576 1525 632 δὲ
1579 578 1715 651 μετά
1768 581 1936 632 ταῦτα
1987 597 2091 630 πα-

442 666 758 745 ρακαλεῖται
810 667 939 730 Θεὸς
994 667 1075 746 ἐφ’
1120 670 1256 741 ἡμῖν
1303 672 1421 729 τοῖς
1473 664 1695 729 δούλοις
1754 665 1942 738 αὐτοῦ,
1999 665 2092 721 καὶ

436 756 606 814 ’ίλεων
668 757 846 835 ἐνορᾷ,
876 754 965 812 xui
1023 757 1269 828 ἀνίστησι
1326 753 1573 833 βασιλέα,
1603 754 1783 830 τούτῳ
1834 752 1901 824 δὴ
1939 753 2093 828 μόνῳ

442 843 707 903 δοκοῦντα
755 850 875 921 ζῇν,
902 844 1041 901 ὥστε
1084 846 1337 921 πράττειν
1387 844 1457 901 τὰ
1511 842 1775 900 δοκοῦντα
1831 848 1969 916 Θεῷ,
2000 842 2090 898 καὶ

436 936 539 1005 τὴν
588 933 941 1007 Ἐκκλησίαν,
973 933 1156 1011 ὥσπερ
1211 932 1382 990 πάλαι
1436 934 1536 1004 τήν
1595 938 1943 989 πεπτωκυῖαν
1999 932 2091 987 καὶ

438 1023 885 1100 κατεσκαμμένην
958 1025 1163 1096 σκηνὴν
1219 1018 1408 1081 Δαϐἱδ.
1468 1022 1714 1094 ἀνίστησι
1776 1019 1846 1078 δι’
1903 1020 2089 1079 αὐτοῦ.

438 1115 538 1171 Καὶ
586 1113 788 1192 γίνεται
842 1114 937 1188 μὲν
997 1113 1058 1169 ἐκ
1110 1117 1209 1169 τοῦ
1268 1113 1435 1187 μέσου
1467 1114 1496 1168 ὁ
1524 1113 1624 1182 τήν
1678 1111 1941 1188 πονηρίαν
2000 1111 2091 1166 καὶ

436 1204 504 1259 τὰ
580 1201 789 1275 ζιζάνια
863 1200 1259 1277 ὑποδεξάμενος
1331 1200 1421 1257 καὶ
1483 1200 1719 1273 αὐξήσας
1788 1198 2089 1277 ἅνθρωπος,

435 1291 743 1370 παρῥησίαν
798 1288 857 1347 δὲ
912 1293 976 1347 τὸ
1030 1294 1254 1368 γνήσιον
1307 1294 1405 1345 τοῦ
1456 1291 1772 1363 Πνεύματος
1822 1283 2090 1363 Λαμϐάνει

438 1379 645 1460 δόγμα,
680 1381 773 1437 καὶ
819 1378 972 1437 ἄδεια
1013 1385 1112 1436 τοῦ
1159 1378 1360 1435 λοιποῦ
1408 1383 1526 1442 τοῖς
1585 1374 1757 1441 ὄντως
1812 1378 2093 1453 μετατιθέ-

436 1491 525 1526 ναι
553 1472 654 1541 τὴν
684 1468 917 1550 θεοφιλῆ
945 1468 1227 1526 πολιτείαν
1260 1466 1535 1525 ἐθέλουσιν
1591 1467 1678 1523 ἐπὶ
1728 1472 1807 1540 τῷ
1852 1468 1955 1537 τῆς
1998 1465 2089 1522 πί-

439 1582 609 1624 στεως
661 1558 973 1634 οἰκοδομεῖν
1026 1556 1288 1632 θεμελίῳ.
1348 1556 1525 1616 Ἀλλὰ
1595 1557 1700 1633 γὰρ
1774 1555 1943 1612 καλὸν
2000 1554 2091 1611 xui

404 1666 409 1673 ’
437 1652 732 1725 σωτήριον,
763 1649 853 1705 καὶ
881 1648 1189 1726 κρείττονος
1224 1643 1377 1725 ἔργον
1438 1645 1757 1720 οἰκονομίας
1812 1646 2093 1724 φροντίσαι

436 1739 653 1810 καὶτῆς
697 1738 821 1811 ἑξῆς
875 1736 1170 1818 ἀσφαλείας
1221 1740 1291 1811 τῇ
1347 1734 1666 1807 Ἐκκλησίᾳ,
1687 1734 1776 1790 καὶ
1824 1735 1888 1789 τὸ
1930 1730 2093 1790 ἀκλό-

437 1849 600 1899 νητον
647 1827 785 1903 αὐτῇ
833 1834 966 1883 πᾶσι
1007 1826 1235 1904 τρόποις
1281 1826 1760 1902 περιποιήσασθαι,
1794 1822 1866 1878 ἵν’
1912 1821 1967 1879 εἷ’
2004 1845 2090 1887 τις
2121 1861 2169 1927 Β

436 1918 604 1988 αὐτὴν
661 1918 753 1974 καὶ
808 1916 961 1979 αὖθις
1018 1916 1311 1993 θεοστυγὴς
1388 1915 1675 1991 ἅνθρωπος
1750 1911 2086 1969 διασαλεύειν

438 2006 772 2085 ἐπιχειροίη,
823 2008 1050 2082 μάταιος
1098 2004 1501 2081 ἀπελέγχηται,
1538 2007 1619 2076 τῷ
1675 2001 1883 2079 στερῥῷ
1940 1999 2092 2079 λόγῳ

433 2104 535 2168 τῆς
583 2099 755 2171 ἡμῶΑ
814 2090 1085 2158 εὐσεϐείας
1139 2092 1603 2171 ἀποκρουόμενος.
1654 2090 1872 2147 Γένοιτο
1931 2088 1978 2145 δ’
2028 2091 2088 2146 ἂν

435 2187 636 2249 ἱκανῶς
682 2189 867 2258 τοῦτο,
900 2184 946 2240 εἰ
996 2182 1093 2240 δύο
1144 2187 1315 2239 ταῦτα
1366 2178 1568 2255 ἐπέλθῃ
1617 2181 1867 2257 πράττειν
1927 2181 2089 2253 ἡμῖν,

406 2271 499 2333 ’τό
529 2277 577 2330 θ’
605 2275 873 2353 ἡμέτερον
922 2273 1012 2330 καὶ
1069 2268 1355 2351 όρθόδοξον
1416 2267 1676 2342 δηλονότι
1734 2266 2092 2345 διατρανῶσαι

439 2363 638 2443 δόγμα,
691 2364 782 2420 καὶ
834 2363 1000 2420 οἱονεὶ
1059 2361 1141 2442 ἐφ’
1197 2358 1421 2436 ὑψηλῆς
1474 2359 1715 2436 καθάπερ
1766 2359 1885 2413 τινὰ
1938 2357 2092 2413 εὐσε-

439 2452 591 2519 ϐείας
646 2452 918 2530 ἐνιδρύσαι
981 2452 1214 2524 στήλην,
1273 2452 1350 2514 ὡς
1406 2447 1488 2520 εἷῆ
1559 2455 1690 2504 πᾶσι
1755 2444 2087 2517 κατάδηλον,

438 2544 721 2624 πόρρωθεν
775 2543 1079 2618 ὁρώμενον,
1109 2542 1201 2597 καὶ
1257 2540 1332 2602 εἰς
1378 2539 1533 2595 ἑαυτὸ
1580 2536 1709 2600 τοὺς
1755 2544 1854 2607 τῆς
1905 2538 2091 2613 ψυχῆς

441 2634 761 2716 ὀφθαλμοὺς
792 2632 1131 2711 ἐπιστρέφον,
1161 2630 1252 2686 καὶ
1299 2626 1548 2706 δεύτερον
1597 2627 1661 2682 τὸ
1708 2626 1949 2701 πονηρὸν
1997 2625 2089 2680 καὶ

444 2726 717 2804 ὀλέθριον,
777 2722 951 2780 εἷ’τουν
1007 2720 1326 2797 ἀλλότριον,
1387 2719 1669 2795 γνώριμον
1736 2721 2086 2787 καταστῆσαι,

439 2817 589 2881 ὅπως
648 2814 882 2894 ἐμφανὲς
940 2812 1032 2867 καὶ
1095 2815 1257 2865 τοῦτο
1332 2806 1622 2884 γενόμενον
1682 2804 2089 2894 ἀποστρεφομέ-

435 2929 563 2970 νους
612 2890 745 2962 αὐτὸ
787 2902 915 2965 τοὺς
964 2899 1165 2962 πάντας
1210 2897 1274 2954 τό
1322 2917 1386 2974 γε
1432 2894 1484 2967 ἐξ
1522 2898 1685 2968 ἡμῶν
1716 2890 1820 2970 ἔχῃ
1846 2894 1938 2948 καὶ
1970 2890 2090 2969 βδε-

437 2996 804 3071 λυττομένους
834 2992 926 3048 xui
957 2991 1049 3047 τὸν
1107 2989 1161 3060 ἐξ
1218 2987 1383 3043 αὐτοῦ
1433 2982 1645 3058 σπουδῇ
1705 2979 2087 3061 διαφεύγοντας

430 3084 699 3143 κίνδυνον.

2200 597 2312 650 σμα
2360 578 2435 640 εἷς
2490 576 2673 656 ἄφεσιν
2739 582 3041 658 ἁμαρτιῶν,
3096 578 3491 659 προσδοκῶμεν
3562 579 3831 636 ἀνάστασιν

2199 669 2401 741 νεκρῶν
2432 666 2522 721 καὶ
2559 669 2703 737 ζωὴν
2734 674 2832 724 τοῦ
2884 668 3190 744 μέλλοντος
3239 670 3457 732 αἰῶνςς.
3488 675 3605 725 Ἔτι
3647 667 3702 725 δὲ
3744 674 3834 725 τοῦ

2201 752 2712 830 ένανθρωπήσαντος
2759 758 2941 832 Λόγου
2997 758 3124 832 μίαν
3172 759 3461 815 ὑπόστασιν
3513 756 3839 833 ὁμολογοῦν-

2198 863 2309 915 τες,
2338 844 2428 899 καὶ
2457 842 2554 900 ἕνα
2590 847 2932 911 πιστεύοντες
2983 849 3077 904 τὸν
3133 848 3293 904 αὐτὸν
3348 847 3439 904 καὶ
3493 847 3838 924 κηρύττοντες

2200 933 2431 1009 Χριστὸν
2486 933 2539 989 ἐν
2595 932 2745 991 δυσὶν
2815 934 3039 1010 οἴδαμεν
3100 938 3235 1011 μετά
3287 938 3387 1006 τὴν
3449 935 3839 1013 ἐνανθρώπησιν

2199 1026 2317 1084 ταῖς
2377 1022 2585 1101 φύσεσι,
2616 1025 2684 1080 τὰ
2740 1024 2791 1097 ἐξ
2851 1027 2925 1081 ὧν
2984 1027 3076 1081 καὶ
3123 1025 3177 1081 ἐν
3228 1027 3309 1088 οἷς
3336 1025 3426 1081 καὶ
3458 1026 3492 1080 ’ἀ
3522 1024 3722 1103 πέφυκε
3748 1026 3846 1080 σώ-

2204 1115 2381 1180 ζοντα.
2413 1111 2757 1177 Ἀκολούθως
2788 1113 2846 1171 δὲ
2874 1115 2965 1171 καὶ
2998 1114 3094 1171 δύο
3125 1115 3393 1193 ἐνεργείας
3423 1115 3589 1171 αὐτοῦ
3619 1118 3844 1191 Χριστοῦ

2200 1199 2289 1253 καὶ
2321 1196 2417 1254 δύο
2446 1196 2816 1277 πρεσϐεύομεν
2868 1201 3176 1276 θελήματα,
3204 1202 3434 1273 ἑκάστης
3486 1207 3596 1258 τῶν
3645 1202 3845 1279 φύσεων

2199 1288 2262 1343 τὸ
2295 1285 2433 1344 ἴδιον
2465 1289 2684 1365 θέλημα
2711 1292 2802 1346 καὶ
2828 1294 2929 1362 τήν
2967 1292 3167 1349 οἰκείαν
3220 1293 3503 1364 σωζούσης
3562 1291 3845 1369 ἐνέργειαν.

2202 1379 2581 1453 Προσκυνηταὶ
2639 1379 2798 1455 ἐσμὲν
2860 1386 3154 1457 σχετικῶς,
3202 1381 3293 1437 xui
3353 1382 3416 1437 οὐ
3465 1380 3849 1457 λατρευτικῶς,

2200 1467 2290 1521 καὶ
2319 1472 2427 1523 τῶν
2459 1467 2617 1523 θείων
2664 1469 2755 1524 καὶ
2804 1475 3010 1526 σεπτῶν
3063 1470 3286 1527 εἰκόνων
3335 1470 3504 1527 αὐτοῦ
3530 1492 3591 1527 τε
3619 1474 3845 1547 Χριστοῦ

2199 1553 2289 1608 καὶ
2316 1560 2419 1623 τῆς
2447 1556 2718 1631 πανάγνου
2748 1560 3122 1633 Θεομήτορος,
3144 1558 3235 1613 καὶ
3266 1559 3484 1614 πάντων
3514 1563 3622 1613 τῶν
3657 1556 3843 1634 ἁγίων,

2201 1642 2289 1698 ἐπὶ
2336 1643 2404 1698 τὰ
2448 1644 2780 1721 πρωτότυπα
2833 1648 2933 1717 τὴν
2992 1647 3129 1725 πρὸς
3186 1648 3384 1710 ταύτας
3443 1642 3844 1717 διαϐιϐάζοντες

2198 1734 2390 1805 τιμήν.
2420 1732 2558 1796 Τοὺς
2608 1731 2666 1790 δὲ
2714 1733 2903 1799 ἄλλως
2932 1736 2968 1806 ἢ
3002 1736 3146 1793 οὕτω
3190 1742 3521 1815 φρονοῦντας
3574 1737 3652 1800 ὡς
3682 1734 3850 1792 ἀλλο-

2198 1821 2524 1900 τριόφρονας
2597 1819 3044 1898 ἀποϐαλλόμεθα.
3107 1820 3580 1899 ’Δποϐαλλόμεθα
3639 1822 3698 1880 δέ
3768 1822 3856 1879 xui

2197 1912 2296 1981 τήν
2355 1912 2462 1987 πρὸ
2521 1918 2718 1989 μικροῦ
2771 1920 3059 1989 γεγονυῖαν
3116 1914 3363 1992 εἰρήνην,
3427 1916 3509 1978 ὡς
3563 1916 3666 1986 τὴν
3725 1914 3857 1991 πρὸς

2199 2001 2327 2056 Θεὸν
2389 2003 2524 2076 ἡμῖν
2580 2002 2979 2077 προξενήσασαν
3026 2000 3250 2080 ἔχθραν.
3282 2002 3617 2079 Ἐπειδήπερ
3677 2004 3753 2066 ὡς
3808 2002 3858 2058 ἐν

2196 2088 2478 2164 πλάσματι
2532 2090 2845 2165 οἰκονομίας
2895 2094 2996 2162 τὴν
3048 2091 3374 2165 Ἐκκλησίαν
3445 2094 3716 2168 κατέτεμε
3765 2091 3854 2147 καὶ

2199 2177 2533 2254 ἐλυμήνατο,
2562 2180 2819 2236 πείθουσα
2874 2180 3041 2252 αὐτὴν
3093 2179 3182 2237 διὰ
3219 2189 3319 2252 τῆς
3371 2180 3715 2259 ἀϐελτηρίας
3771 2180 3857 2236 καὶ

2199 2271 2407 2346 φρενῶν
2464 2277 2819 2346 παρατροπῆς
2876 2276 2983 2326 τῶν
3039 2273 3141 2341 τὴν
3185 2268 3342 2345 ἰδίαν,
3374 2269 3509 2327 ἀλλ’
3542 2271 3607 2327 οὐ
3634 2273 3737 2342 τὴν
3765 2273 3858 2325 τοῦ

2198 2361 2335 2413 Θεοῦ
2388 2365 2581 2428 στῆσαι
2634 2356 2789 2430 δόξαν
2847 2358 3153 2429 ζητούντων
3211 2360 3518 2417 ἀποκλῖναι
3603 2362 3699 2435 μὲν
3764 2367 3860 2430 τῆς

2199 2443 2516 2522 όρθοδοξίας
2570 2448 2660 2502 καὶ
2713 2454 2815 2518 τῆς
2875 2448 3063 2523 ὑγιοῦς
3108 2454 3215 2505 τῶν
3275 2451 3541 2528 Πατέρων
3609 2448 3857 2505 διδασκα-

2199 2534 2342 2608 λίας,
2372 2535 2449 2597 εἰς
2509 2533 2825 2608 κακοδοξίας
2882 2534 2940 2592 δὲ
2996 2539 3086 2593 xui
3151 2538 3518 2618 βλασφημίας
3552 2539 3858 2608 ἀπολισθῆ-

2199 2645 2286 2680 σαι
2360 2625 2628 2699 κρημνόν.
2705 2627 3030 2700 Ἀθετοῦμεν
3109 2629 3205 2690 τὰς
3284 2628 3672 2692 ἐπικινδύνους
3736 2628 3864 2705 περὶ

2195 2721 2297 2784 τῆς
2349 2718 2446 2770 τοῦ
2495 2714 2655 2790 ἀγίου
2703 2714 3018 2790 Πνεύματος
3066 2715 3448 2792 ἐκπορεύσεως
3518 2716 3863 2789 λαληθείσα;

2197 2803 2380 2866 αὐτοῖς
2417 2801 2618 2881 φωνάς.
2651 2804 2721 2859 Τὸ
2769 2805 2871 2881 γὰρ
2914 2805 3180 2881 πανάγιον
3213 2810 3446 2880 Πνεῦμα
3495 2806 3558 2863 ἐκ
3605 2811 3704 2862 τοῦ
3751 2811 3859 2861 Πα-

2194 2894 2323 2970 τρὸς
2369 2892 2750 2970 ἐκπορεύεσθαι
2809 2906 2936 2969 παρ’
2976 2893 3141 2950 αὐτοῦ
3184 2899 3284 2950 τοῦ
3336 2901 3486 2952 Θεοῦ
3544 2897 3641 2952 καὶ
3693 2895 3868 2972 Λόγου

2200 2982 2483 3059 μαθόντες,
2535 2982 2596 3038 ἐκ
2648 2988 2747 3039 τοῦ
2794 2983 3008 3059 Πατρὸς
3072 2984 3163 3040 καὶ
3236 2985 3337 3054 τὴν
3409 2985 3654 3063 ὕπαρξιν
3725 2981 3868 3061 ἔχειν

2196 3072 2602 3150 ὁμολογοῦμεν,
2632 3072 2723 3128 xui
2773 3071 2933 3128 αὐτὸν
2990 3078 3088 3129 τοῦ
3145 3073 3280 3129 εἶναι
3327 3073 3634 3139 οὐσιωδῶς
3684 3074 3872 3151 αὐχεῖν

500 3176 692 3251 Ἡμεῖς
733 3171 911 3229 τοίνυν
956 3168 1101 3224 οὕτω
1155 3166 1379 3244 γλώττῃ
1435 3162 1823 3251 ὁμολογοῦμεν
1874 3161 1950 3222 ὡς
1995 3160 2087 3251 καὶ
2115 3239 2151 3251 Β
2194 3160 2390 3237 αἴτιον,
2423 3161 2604 3240 ὥσπερ
2662 3160 2803 3251 δῆτα
2853 3163 2944 3219 καὶ
2999 3163 3158 3227 αὐτὸς
3210 3164 3239 3218 ὁ
3281 3164 3443 3227 Υἱός.
3475 3166 3583 3222 Τὸν
3638 3163 3699 3221 δὲ
3755 3164 3876 3220 Υἱὸν

422 3269 495 3341 τῇ
524 3239 722 3342 κάρδίᾳ
747 3258 1092 3332 πιστεύομεν.
1126 3239 1457 3328 Πιστεύομεν
1500 3250 1558 3309 δὲ
1614 3253 1690 3315 ὡς
1743 3248 1938 3306 ἄνωθεν
1986 3249 2077 3305 καὶ
2110 3239 2152 3306 C
2191 3251 2251 3308 ἐκ
2307 3253 2518 3329 Πατρὸς
2580 3253 2673 3327 μὲν
2734 3249 2955 3327 οἷ’δαμεν
3008 3253 3100 3308 καὶ
3151 3251 3526 3329 πιστεύομεν,
3559 3255 3655 3311 καὶ
3701 3251 3873 3311 αἷιειον

423 3337 485 3411 ἐκ
538 3337 793 3430 Πατέρων
852 3345 1245 3425 ἐδιδάχθημεν.
1279 3341 1683 3419 Ἐδιδάχθημεν
1738 3337 1796 3395 δὲ
1851 3340 1941 3395 καὶ
1985 3360 2078 3393 πι-

424 3442 683 3517 στεύομεν
735 3439 812 3503 εἰς
868 3434 962 3493 ἕνα
1017 3436 1146 3492 Θεὸν
1204 3433 1417 3508 Πατέρα
1474 3432 1908 3507 παντοκράτορα,
1953 3449 2078 3483 ποι-

424 3533 563 3605 ητήν
639 3528 872 3608 οὐρανοῦ
946 3525 1036 3582 καὶ
1114 3531 1239 3602 γῆς,
1290 3523 1499 3599 ὁρατῶν
1548 3541 1608 3575 τε
1662 3519 1753 3574 καὶ
1807 3518 2077 3595 ἀοράτων,

425 3618 663 3697 ἄναρχον
710 3604 812 3693 ’μὲν
857 3615 948 3672 καὶ
997 3614 1292 3690 ἀγέννητον
1343 3611 1438 3667 xui
1494 3608 1754 3680 ἀναίτιον,
1792 3607 1970 3683 ἀρχὴν
2005 3604 2079 3697 ,δέ

425 3694 656 3786 φυσικῆν
699 3707 790 3763 καὶ
838 3704 1011 3761 αἰτίαν
1065 3704 1193 3759 Υἱοῦ
1265 3702 1357 3757 καὶ
1430 3698 1769 3772 Πνεύματος.
1822 3694 2078 3751 Πιστεύο-

427 3781 524 3873 μεν
572 3797 663 3854 καὶ
713 3796 789 3860 εἰς
836 3796 929 3852 τὸν
986 3798 1252 3869 μονογενῆ
1282 3790 1448 3846 αὐτοῦ
1504 3789 1652 3861 Υἱὸν,
1682 3787 1775 3842 τὸν
1827 3781 2078 3862 ἀχρόνως

423 3887 514 3944 xui
568 3885 877 3964 ἀρῥεύστως
936 3882 988 3955 ἐξ
1055 3882 1221 3938 αὐτοῦ
1298 3877 1592 3954 ὸμοούσιον
1670 3876 1817 3948 αὐτῷ
1887 3895 2076 3951 γεννη-

423 3978 601 4048 θέντα,
633 3973 703 4031 δι’
734 3975 797 4030 οὗ
851 3974 920 4029 τὰ
974 3970 1148 4028 πάντα
1205 3968 1437 4046 ἐγένετο.
1472 3964 1801 4039 Πιστεύομεν
1860 3964 1949 4020 καὶ
1998 3964 2076 4027 εἰς

416 4067 481 4123 τὸ
528 4067 789 4143 πανάγιον
851 4067 1095 4136 Πνεῦμα,
1138 4061 1205 4139 τὸ
1254 4059 1306 4131 ἐξ
1355 4056 1520 4113 αὐτοῦ
1574 4060 1672 4111 τοῦ
1730 4055 1942 4129 Πατρὸς
1993 4053 2077 4109 ἐκ-

416 4155 824 4235 πορευόμενον,
908 4150 973 4208 τὰ
1051 4146 1631 4226 συμπροσκυνούμενον
1718 4143 1888 4221 Πατρὶ
1983 4146 2074 4200 καὶ

415 4231 548 4319 Υἰῶ,
597 4245 672 4307 ὡς
728 4239 1001 4299 συναΐδιον
1057 4240 1147 4295 καὶ
1219 4237 1527 4313 σύνθρονον,
1587 4234 1677 4290 καὶ
1751 4231 2073 4307 ὁμοούσιον,

411 4334 503 4390 καὶ
548 4330 837 4408 ὁμόδοξον.
883 4329 975 4385 καὶ
1031 4335 1134 4399 τῆς
1195 4327 1421 4382 κτίσεως
1479 4320 1939 4399 συνδημιουργόν.
1972 4328 2071 4377 Πι-

408 4423 667 4497 στεύομεν
696 4422 788 4477 τὸν
818 4417 912 4475 ἕνα
946 4416 1155 4489 ταύτης
1204 4423 1307 4487 τῆς
1368 4412 1690 4490 ὑπερουσίου
1745 4412 1835 4466 καὶ
1898 4416 2072 4487 ζωαρ-

2186 3341 2378 3397 ἓαυτοῦ
2462 3342 2551 3397 καὶ
2618 3343 2796 3419 ἀρχὴν
2858 3344 3088 3421 φυσικὴν
3141 3343 3233 3399 τὸν
3289 3345 3523 3421 Πατέρα
3584 3344 3869 3414 πλουτεῖν,

2186 3430 2482 3504 ὁμοούσιον
2510 3429 2568 3487 δὲ
2623 3434 2714 3487 καὶ
2770 3420 3011 3511 συμφυές
3041 3432 3104 3488 τὸ
3135 3431 3195 3488 ἐκ
3224 3420 3457 3510 Πατρὸς
3499 3433 3658 3512 ἔχειν
3708 3438 3876 3490 Πνεῦ-

2192 3541 2285 3593 μα.
2342 3520 2416 3574 Οὐ
2493 3523 2599 3595 μὴν
2662 3519 2729 3591 δὴ
2786 3522 2878 3577 καὶ
2931 3519 3102 3579 αἶ’τιον
3151 3520 3314 3577 αὐτὸν
3373 3530 3480 3580 τοῦ
3544 3525 3877 3599 Πνεύματος

2188 3608 2452 3685 ὑπάρχειν
2503 3613 2540 3680 ἢ
2594 3610 2754 3684 μόνον
2801 3611 2837 3681 ἢ
2893 3612 3028 3685 μετᾶ
3091 3616 3190 3667 τοῦ
3251 3614 3498 3690 Πατρός.
3555 3618 3687 3671 ’Ὀτι
3744 3609 3883 3688 μηδὲ

2186 3696 2412 3776 ὕπαρξις
2438 3704 2518 3772 τῷ
2545 3699 2793 3776 παναγίῳ
2830 3699 3108 3774 Πνεύματι
3170 3698 3264 3756 διὰ
3316 3708 3420 3757 τοῦ
3483 3706 3625 3760 Υὶοῦ
3678 3705 3773 3759 xui
3827 3701 3884 3756 ἐκ

2183 3792 2282 3842 τοῦ
2338 3790 2487 3859 Υἰοῦ,
2520 3789 2658 3844 καθά
2689 3786 2756 3859 δὴ
2814 3790 2904 3845 καὶ
2963 3789 3191 3862 ἐνόησαν
3249 3790 3343 3846 καὶ
3406 3790 3800 3869 ἐδογμάτισαν
3831 3791 3884 3846 οἰ

2186 3877 2263 3940 εἰς
2334 3878 2609 3934 ἀπώλειαν
2679 3878 2902 3941 ἑαυτοὺς
2961 3880 3053 3934 καὶ
3098 3884 3237 3935 Θεοῦ
3294 3885 3642 3958 μακρυσμὸν
3701 3877 3888 3937 ἐκϐιά-

2187 3970 2389 4035 ζοντες.
2431 3966 2537 4029 Οὓς
2568 3964 2634 4037 δὴ
2665 3968 2756 4022 καὶ
2783 3968 2858 4030 ὡς
2892 3967 2957 4022 οὐ
2989 3968 3116 4046 περὶ
3145 3969 3245 4038 τήν
3283 3968 3422 4045 ὑγιῆ
3472 3970 3674 4028 πίστιν
3729 3971 3889 4050 ὀρθο-

2185 4051 2492 4127 δοξοῦντας,
2544 4052 2671 4110 ἀλλ’
2725 4052 3013 4131 ἀριδήλως
3070 4054 3580 4134 βλασφημοῦντας,
3627 4059 3726 4115 καὶ
3790 4056 3894 4114 διε-

2184 4144 2503 4220 στραμμένα
2544 4145 2635 4199 καὶ
2681 4148 3018 4223 φρονοῦντας
3066 4144 3162 4200 καὶ
3208 4144 3486 4221 λέγοντας
3539 4145 3891 4228 ἀποστρεφό-

2188 4233 2343 4304 μεθα,
2401 4233 2493 4288 καὶ
2549 4240 2655 4303 τῆς
2711 4236 2875 4307 ἡμῶν
2957 4233 3345 4307 ἀποκόπτομεν
3433 4240 3773 4312 κοινωνίας,
3830 4237 3892 4291 τὸ

2184 4318 2494 4392 δεινοτάτης
2540 4323 2630 4377 καὶ
2694 4324 2892 4401 μέχρις
2950 4323 3121 4393 αὐτῆς
3171 4318 3462 4402 ἀφόρητον
3518 4326 3708 4400 ἀκοῆς
3772 4324 3891 4382 δια-

2181 4410 2612 4486 πεπρπογμένους.
2647 4415 2755 4466 Τοῦ
2783 4412 2884 4488 γὰρ
2918 4413 3192 4488 ἡμετέρου
3242 4414 3439 4489 γένους
3503 4419 3605 4473 καὶ
3672 4418 3898 4493 δόγμα-

405 4495 584 4589 χικῆς-
636 4507 890 4589 Τριάδος,
920 4516 1013 4564 τὸν
1076 4512 1342 4583 μονογενῆ
1404 4503 1578 4579 Λόγον
1632 4500 1964 4557 κατελθόντα
2013 4500 2074 4555 ἐκ
2179 4519 2274 4560 τος
2330 4496 2533 4564 ἄνωθεν
2601 4495 2772 4572 ὄντες,
2838 4501 2931 4556 καὶ
2999 4501 3075 4564 εἰς
3137 4500 3303 4574 τήνδε
3361 4505 3472 4574 τὴν
3554 4507 3899 4580 Ἐκκλησίαν

403 4585 514 4659 τῶν
547 4585 789 4678 οὐρανῶν
821 4596 889 4654 δι’
919 4600 1070 4671 ἡμᾶς
1110 4596 1237 4659 τοὺς
1300 4593 1644 4671 ἀνθρώπους,
1671 4590 1762 4646 καὶ
1824 4587 1914 4645 διὰ
1968 4590 2070 4659 τήν
2105 4610 2151 4675 D
2180 4585 2489 4656 τελοῦντες,
2518 4588 2673 4662 ὅμως
2735 4589 3101 4662 ἐπανέστησαν
3162 4593 3281 4647 κατ’
3333 4592 3546 4667 αὐτῆς,
3604 4597 3704 4653 καὶ
3767 4598 3900 4667 ἠθέ-

403 4675 675 4768 ἠμετέραν
709 4686 980 4765 σωτηρίαν
1044 4686 1391 4762 σαρκωθῆναι
1446 4680 1507 4736 ἐκ
1538 4679 1853 4753 Πνεύματος
1911 4678 2071 4754 ἀγίου
2178 4696 2347 4747 τησαν
2389 4679 2489 4747 τὴν
2538 4678 2627 4733 καὶ
2668 4675 3018 4751 ὦδινήσασαν
3077 4679 3272 4743 αὐτοὺς
3325 4690 3752 4758 πνευματικῶς
3806 4683 3899 4740 xui

406 4780 498 4836 xui
542 4776 754 4855 Μαρίας
798 4784 901 4847 τῆς
947 4772 1221 4849 Παρθένου
1269 4772 1361 4827 καὶ
1428 4770 1869 4846 ἐνανθρωπῆσαι,
1914 4789 2070 4823 τουτ-

404 4867 555 4923 έστιν
643 4865 854 4921 τέλειον
938 4861 1221 4939 ἄνθρωπον
1304 4861 1546 4938 γενέσθαι
1627 4857 1859 4931 μένοντα
1913 4858 2068 4927 Θεὸν,

404 4957 495 5014 καὶ
547 4952 716 5031 μηδεν
770 4947 1149 5028 μεταϐαλόντα
1201 4957 1304 5021 τῆς
1371 4948 1515 5010 θείας
1577 4945 1762 5008 οὐσίας
1818 4942 1912 4999 διὰ
1964 4945 2064 5014 τήν

402 5046 563 5122 πρὸς·
604 5043 775 5122 σάρκα
855 5039 1160 5112 κοινωνίαν,
1214 5040 1251 5109 ἢ
1309 5035 1715 5107 ἀλλοιώσαντα,
1761 5032 1885 5088 ἀλλ’
1941 5031 2065 5088 ἄνευ

398 5140 612 5211 τροπῆς
669 5130 1082 5209 προσειληφότα
1142 5128 1233 5183 τὸν
1289 5124 1598 5203 ἄνθρωπον.
1657 5129 1743 5179 Ἐν
1803 5122 1951 5211 αὐτῷ
2004 5143 2065 5177 τε

397 5210 570 5289 πάθος
625 5221 715 5277 καὶ
774 5219 1000 5295 σταυρὸν
1062 5219 1349 5292 ὑπομεῖναι
1421 5215 1512 5270 τὸν
1582 5213 1782 5274 παντὸς
1854 5210 2060 5275 πάθους

394 5313 535 5369 κατά
586 5312 686 5382 τήν
737 5309 881 5365 θείαν
944 5307 1098 5387 φύσιν
1152 5305 1459 5381 ἐλεύθερον,
1510 5303 1601 5359 καὶ
1649 5301 1942 5371 ἀναστῆναι
1987 5305 2057 5376 τῇ

392 5402 549 5479 τρίτῃ
592 5400 776 5478 ἡμέρᾳ
824 5398 884 5454 ἐκ
927 5402 1035 5453 τῶν
1083 5400 1310 5473 νεκρῶν,
1342 5392 1431 5451 καί
1480 5393 1558 5456 εἰς
1609 5389 1869 5469 εὐρανοὺς
1937 5391 2056 5446 ἀνε-

394 5489 698 5564 ληΛυθύτα,
732 5488 793 5545 ἐκ
852 5486 1036 5561 δεξιῶν
1094 5485 1308 5541 καθίσαι
1361 5488 1461 5539 τοῦ
1509 5486 1646 5538 Θεοῦ
1693 5480 1783 5536 xui
1816 5479 2051 5555 Πατρός,

393 5578 727 5653 Πιστεύομεν
786 5576 924 5633 κατά
976 5576 1073 5638 τὰς
1131 5574 1256 5649 περὶ
1305 5577 1441 5629 Θεοῦ
1497 5571 1724 5627 καὶτῶν
1760 5568 1919 5624 θείων
1946 5589 2049 5623 πα-

2182 4764 2531 4842 έκθρέψασαν,
2591 4768 2681 4823 καὶ
2739 4766 2987 4825 κίνδυνον
3046 4769 3182 4844 αὐτῇ
3244 4770 3336 4825 τὸν
3416 4769 3677 4851 ἔσχατον
3742 4796 3905 4853 περι-

2180 4856 2432 4927 έστησαν,
2479 4857 2635 4912 τέκνα
2724 4859 2973 4932 μωμητά
3044 4860 3316 4937 φανέντες,
3397 4862 3525 4918 υἱοὶ
3587 4863 3895 4939 ἀλλότριοι

2177 4944 2525 5020 χωλάναντες
2573 4946 2679 5001 ἀπὸ
2724 4950 2834 5002 τῶν
2888 4941 3090 5024 τρίϐων
3151 4948 3365 5003 αὐτῶν·
3423 4954 3607 5027 γενεά
3669 4952 3903 5031 πονηρᾶ

2173 5034 2262 5088 καὶ
2312 5033 2739 5111 διεστραμμένη,
2776 5035 2839 5091 οὐ
2896 5034 3041 5092 καλὰ
3098 5037 3281 5113 Κυρίῳ
3327 5042 3413 5111 τῷ
3469 5047 3627 5116 Θεῷ,
3664 5042 3805 5100 οὐδέ
3836 5062 3901 5118 γε

2170 5127 2240 5197 τῇ
2306 5124 2473 5201 μητρὶ
2515 5123 2818 5197 Ἐκκλησία
2876 5123 3173 5190 ἀποδόντες
3236 5127 3724 5206 ἀνταποδόματα.
3764 5134 3904 5190 Δέον

2169 5213 2271 5289 γὰρ
2338 5212 2512 5269 πάντα
2585 5211 2833 5269 κίνδυνον
2910 5215 3044 5292 ὑπὲρ
3130 5215 3302 5286 αὐτῆς
3355 5218 3460 5272 καὶ
3524 5226 3651 5278 τῶν
3721 5222 3905 5292 αὐτῆς

2171 5302 2460 5375 ὑπομένειν
2518 5300 2830 5379 δογμάτων,
2878 5303 2970 5358 καὶ
3032 5302 3174 5378 μηδὲ
3228 5304 3393 5359 αὐτὸν
3463 5307 3902 5377 ἀπαναίνεσθαι

2169 5392 2503 5455 θάνατον.οἰ
2563 5388 2621 5447 δὲ
2674 5392 2764 5448 καὶ
2820 5398 3010 5469 χεῖρον
3042 5393 3079 5463 ἢ
3125 5390 3409 5468 ἄνθρωποι
3479 5398 3656 5476 φύσει
3723 5399 3897 5459 πολέ-

2170 5501 2289 5554 μιοι
2319 5478 2631 5551 διετέθησαν
2659 5482 2798 5558 πρὸς
2840 5481 3029 5553 αὐτὴν,
3065 5480 3463 5558 μελαγχολίαν
3500 5491 3729 5557 νοσήσει
3759 5502 3892 5547 ντες

2162 5567 2561 5646 ἅντικρυς,καὶ
2618 5570 2719 5639 τήν
2776 5574 2886 5626 τῶν
2946 5570 3233 5646 πολεμίων
3290 5568 3385 5626 xui
3454 5575 3653 5645 φίλων
3707 5575 3891 5637 καθά-

397 5664 643 5750 ραδόσεις
676 5688 737 5723 τε
782 5666 874 5723 καὶ
919 5664 1256 5742 εἰσηγήσεις,
1283 5669 1384 5733 τῆς
1436 5665 1564 5736 μιᾶς
1608 5656 1912 5729 καθολικῆς
1959 5658 2050 5713 καὶ
2160 5658 2265 5731 παξ
2323 5653 2768 5731 ἀποϐεϐληκότες
2827 5657 3138 5739 διάγνωσιν.
3187 5663 3307 5725 Ὧν,
3345 5660 3438 5718 (εἷς
3504 5653 3772 5737 εἴρηται,
3809 5663 3885 5720 τὰ
