4108 6500
328 368 437 427 237

1568 364 1900 426 SCRIP'I‘A
1950 361 2522 424 APOLOGETICA.

3640 363 3759 420 ‘238

322 500 511 571 πρῶτα
569 491 832 565 Ἰωάννης
889 492 1044 571 ἔσχεν
1104 496 1133 549 6
1192 494 1388 557 Βέκκος
1424 540 1438 566 ,
1499 494 1585 564 ὃς,
1647 489 1833 561 ἐπειδὴ
1891 493 1991 561 τῆν
2020 490 2233 567 Ατέρα
2260 491 2395 544 κατὰ
2438 490 2538 557 τήν
2585 487 2855 566 ἐπισφαλῆ
2906 509 3068 543 τινων
3114 488 3203 544 καὶ
3252 487 3571 545 ἀλλοκότων
3623 489 3755 545 ὑπό-

322 587 508 640 ἒαυτοῦ
580 581 917 655 Ἐκκλησίαν
991 584 1220 659 Χριστὸς
1295 582 1623 656 ἐπεσκέψατο
1657 628 1672 653 ,
1731 582 1821 636 καὶ
1884 582 1983 650 τῆν

324 671 554 729 ἐναντίαν
635 672 787 745 αύτῷ
842 693 902 728 τε
955 671 1136 745 τούτῳ
1192 671 1283 727 καὶ
1341 676 1421 745 τῷ
1476 675 1705 744 πονηρῷ
1761 670 1984 741 ἐκινήθη

328 761 684 837 συντάγματι,
742 760 836 816 καὶ
892 765 1142 836 καθαρῶς
1203 760 1280 823 εἰς
1331 760 1594 836 ἀνάρῥουν
1656 759 1937 836 ἐχώρησεν
1969 804 1984 831 ,

331 849 380 920 ἐξ
409 848 468 905 οὗ
494 850 712 920 καὶτῆς
750 850 944 904 ἑαυτοῦ
973 847 1355 926 γλωσσαλγίας
1406 849 1503 911 τὰς
1555 848 1700 921 ἀξίας
1754 844 1984 922 ἔμελλεν

333 938 729 1014 εἰσπράττεσθαι
764 935 939 1007 δίκας,
999 935 1156 1009 δόξας
1204 937 1492 1014 ἐσχηκέναι
1548 935 1853 1010 μετάμελον
1902 935 1989 1013 ἐφ-

336 1030 415 1089 οἴς
474 1027 741 1099 λυττήσας
811 1029 948 1083 κατά
1001 1033 1102 1097 τῆς
1180 1026 1505 1098 Ἐκκλησίας
1578 1023 1940 1080 ἐνεανιεύσατο
1968 1071 1982 1096 ,

332 1112 584 1173 λίϐελλον
646 1117 975 1191 συνθέμενος
1035 1111 1251 1185 εὐσεϐῆ,
1317 1115 1407 1171 καὶ
1464 1119 1655 1170 τοῦτον
1714 1116 1783 1188 τῇ
1829 1112 1983 1178 εὐθυ-

329 1206 480 1281 vo'Tu-f,
532 1206 600 1261 τὰ
656 1212 776 1261 κατ’
835 1205 995 1261 αὑτὸν
1055 1201 1366 1282 ἐγχειρίσας
1422 1200 1647 1276 συνόδῳ,
1702 1202 1802 1257 οὐκ
1845 1199 1979 1280 ἔφθη

328 1293 729 1372 φιλανθρωπίας
781 1293 1136 1370 γευσάμενος,
1190 1293 1279 1348 καὶ
1334 1293 1438 1362 τῆς
1493 1288 1790 1361 καταδίκης
1828 1289 1982 1352 ἐκτὸς

318 1384 666 1458 γευσάμενος,
697 1383 789 1439 καὶ
831 1382 919 1439 ἐπὶ
947 1382 1040 1438 τὸν
1077 1378 1214 1437 ἴδιον
1261 1381 1415 1446 άῦθις
1461 1388 1563 1451 τῆς
1627 1378 1980 1456 βλασφημίας

318 1470 507 1546 ἔμετον
539 1471 872 1551 ἐπιστρέφει.
905 1473 983 1546 (ί)

380 1559 542 1619 Ἀλλ’
601 1560 842 1617 ἐκθετέον
903 1562 991 1616 καὶ
1048 1560 1208 1616 αὑτὸν
1266 1560 1463 1615 ἐκεῖνον
1520 1560 1612 1614 τὸν
1674 1552 1935 1613 λίϐελλον
1963 1600 1978 1627 ,

305 1648 396 1705 ’ἶνα
445 1651 647 1714 πάντες
709 1650 1033 1713 ἀκούσαντες
1085 1647 1454 1723 δοκιμάσωσιν
1516 1648 1563 1704 εἰ
1626 1649 1702 1721 μὴ
1754 1645 1977 1709 δικαίως

238 1776 249 1783 κ
308 1738 517 1802 ἐκεῖνος
573 1736 1040 1796 καταδεδίκασται.
1100 1738 1239 1815 Εἶχε
1291 1737 1472 1793 τοίνυν
1533 1736 1616 1791 ἐπ’
1661 1735 1829 1805 αὐτῆς
1877 1737 1977 1804 τῆς

309 1826 513 1900 λέξεως
575 1828 778 1884 οὑτωσί
806 1848 821 1862 ⁸
885 1852 914 1880 ‹‹
974 1827 1225 1904 Ἐπείπερ
1279 1826 1367 1882 ἐπὶ
1421 1830 1492 1901 τῇ
1550 1821 1800 1902 προϐάσῃ
1858 1822 1978 1880 ἐπι-

306 1915 538 1995 σφαλῶς
598 1917 890 1992 οἰκονομίᾳ
943 1925 1044 1988 τῆς
1100 1914 1261 1987 δῆθεν
1320 1914 1774 1987 ἐκκλησιαπικῆς
1827 1913 1975 1990 εἰρή-

302 2028 430 2078 νης,
492 2006 634 2061 ὥστε
685 2011 1084 2082 συναπαγαγεῖν
1144 2026 1211 2079 με
1260 2006 1463 2066 πάντας
1525 2003 1602 2066 εἰς
1653 2004 1755 2072 τήν
1790 2001 1974 2057 τοιαύ-

300 2118 406 2166 την
461 2096 711 2173 εἰρήνην,
770 2092 969 2167 συνέϐη
1031 2093 1275 2165 λαλῆσαί
1336 2115 1403 2168 με
1448 2093 1539 2148 καὶ
1598 2092 1802 2170 γράψαι
1849 2091 1974 2165 περὶ

300 2183 604 2261 δογμάτων
666 2185 1133 2257 ἐκκλησιαστικῶν
1168 2232 1184 2257 ,
1240 2183 1291 2238 ἐν
1372 2184 1454 2245 οἷς
1530 2181 1821 2258 εὑρέθησαν
1882 2179 1975 2235 καί

296 2296 422 2330 τινα
483 2269 720 2351 ῥηθέντα
774 2276 905 2352 παρ’
962 2275 1098 2348 ἐμοῦ
1155 2270 1431 2344 ἀπᾴδοντα
1484 2277 1601 2334 τοῖς
1657 2272 1826 2347 ἱεροῖς
1883 2269 1975 2325 καὶ

300 2363 479 2427 θείοις
540 2361 799 2440 δόγμασι,
853 2362 943 2418 καὶ
1001 2361 1315 2441 ἐπισφαλῶς
1362 2359 1579 2438 ἔχοντα,
1632 2362 1769 2437 ἅπερ
1801 2359 1974 2422 οὕτως

297 2451 511 2529 ἔχοντα
567 2453 659 2508 καὶ
714 2455 750 2522 ἡ
812 2452 927 2516 θεία
981 2452 1070 2507 καὶ
1130 2451 1251 2529 ἱερά
1324 2449 1548 2513 σύνοδος
1608 2448 1924 2527 ἐφωράσατο
1958 2466 1973 2478 ’

295 2538 479 2618 ἤγουν
528 2542 595 2596 τὸ
645 2539 827 2617 λέγειν
878 2561 944 2614 με
974 2539 1058 2596 ὅτι
1112 2541 1176 2596 τὸ
1226 2544 1446 2614 Πνεῦμα
1490 2540 1554 2594 τὸ
1600 2539 1751 2616 ἅγιον
1801 2534 1972 2593 αἷίτιον

294 2626 421 2706 ἔχει
452 2632 558 2699 τῆς
589 2630 781 2684 ἑαυτοῦ
836 2629 1110 2706 ὑπάρξεως
1147 2629 1240 2683 τὸν
1291 2627 1503 2705 Πατέρα
1542 2627 1634 2682 καὶ
1681 2630 1773 2684 τὸν
1826 2626 1973 2682 Υἱὸνο

288 2719 389 2774 καὶ
422 2718 510 2781 εἰς
537 2722 704 2773 τοῦτο
734 2717 883 2797 φέρει
931 2717 1022 2773 καὶ
1069 2722 1352 2796 συμφωνεῖ
1397 2718 1488 2771 καὶ
1531 2719 1566 2787 ἡ
1617 2715 1761 2788 λέξις
1815 2718 1850 2786 ἡ
1884 2714 1973 2771 λέ-

287 2828 477 2883 γουσα
504 2807 570 2862 τὸ
602 2811 826 2881 Πνεῦμα
871 2805 931 2861 ἐκ
974 2811 1072 2861 τοῦ
1125 2805 1338 2881 Πατρὸς
1394 2802 1465 2859 δι’
1515 2806 1643 2861 Υὶοῦ
1693 2803 1975 2881 ἐκπορεύε-

286 2898 415 2951 σθαι
449 2941 474 2970 ,
552 2894 676 2960 ὅθεν
740 2895 830 2950 καὶ
914 2892 1010 2950 δύο
1070 2894 1418 2974 ἀναφαίνεται
1490 2898 1589 2950 τοῦ
1654 2893 1973 2967 Πνεύματος

284 2984 470 3057 αἴτια,
502 2985 600 3040 καὶ
628 2987 665 3054 ἡ
700 2985 1006 3061 προσεχὴς,
1059 2985 1151 3039 καὶ
1198 2986 1233 3054 ἡ
1275 2983 1558 3060 πόρρωθεν
1605 2983 1753 3059 ἀρχὴ
1800 2981 1974 3037 ἐντεῦ-

282 3087 380 3139 θεν
419 3076 767 3131 ὑπονοεῖταν
817 3074 907 3130 καὶ
954 3073 1211 3129 τοσοῦτόν
1264 3071 1376 3128 ἐστι
1422 3073 1514 3128 καὶ
1564 3072 1592 3126 6
1624 3073 1748 3135 Υἱὸς
1802 3068 1973 3134 αἶ’τιος

282 3171 397 3233 τῆς
459 3164 741 3241 ὑπάρξεως
794 3168 894 3219 τοῦ
953 3162 1263 3236 Πνεύματος
1297 3209 1312 3231 ,
1372 3159 1497 3216 ὅσον
1556 3161 1678 3231 ἥκει
1740 3161 1816 3224 εἰς
1872 3161 1973 3230 τὴν

296 3252 437 3307 διά·
496 3240 663 3309 ταῦτα
719 3253 898 3308 πάντα
948 3250 1064 3307 ἐπεὶ
1120 3251 1171 3306 ἐν
1233 3256 1350 3313 τοῖς
1409 3250 1647 3325 ἐμαυτοῦ
1701 3251 1972 3327 συγγράμ-
2002 3240 2045 3307 (1
2085 3251 2186 3307 οὐκ
2237 3248 2434 3326 ᾔδεσαν
2502 3251 2555 3306 οἱ
2613 3251 2850 3327 ΙΙατέρες
2904 3253 3066 3324 ἡμῶν
3102 3296 3115 3310 ,

304 3362 447 3414 μασι
506 3343 589 3397 καὶ
640 3341 834 3419 λόγοις
897 3340 1238 3420 ἐμφερόμενα
1294 3339 1568 3417 εὕρηνται,
1620 3339 1758 3413 ἐμοῦ
1804 3343 1975 3394 ταῦτα

293 3430 396 3485 καί
454 3428 554 3486 ούκ
607 3428 788 3486 ἄλλου
866 3431 1240 3509 φρονήσαντος
1318 3428 1408 3483 καὶ
1464 3426 1765 3505 γράψαντος
1800 3471 1813 3484 .
1873 3427 1972 3499 Καὶ

289 3520 442 3595 πρὸς
474 3519 697 3582 τούτοις
732 3519 824 3574 καὶ
867 3520 931 3574 τὸ
978 3516 1153 3594 λέγειν
1200 3518 1374 3573 αἶ’τιον
1418 3516 1472 3572 ’ἐν
1520 3521 1619 3572 τοῦ
1656 3516 1973 3589 Πνεύματος

280 3609 388 3663 τὸν
418 3608 643 3685 Πατέρα
669 3608 883 3664 καὶτὸν
942 3608 1088 3679 Υἱὸν,
1140 3607 1191 3679 ἐξ
1244 3608 1318 3661 ὧν
1373 3607 1448 3669 ὡς
1481 3606 1589 3661 ἀπὸ
1637 3611 1763 3680 μιᾶς
1794 3605 1973 3682 ἀρχῆς

280 3698 384 3753 καὶ
428 3705 625 3775 πηγῆς
685 3695 802 3774 ἔχει
859 3698 924 3752 τὸ
982 3697 1137 3755 εἶναι.
1197 3701 1373 3752 Ταῦτα
1428 3695 1621 3765 πάντα,
1675 3696 1767 3751 καὶ
1816 3693 1871 3750 εἷ’
1916 3717 1970 3751 τι

279 3784 486 3863 ἕτερον
518 3787 595 3850 εἷς
625 3787 726 3857 τήν
776 3785 1034 3857 τοιαύτην
1085 3784 1312 3841 ἀτοπίαν
1344 3784 1497 3864 φέφει
1548 3788 1645 3839 τοῦ
1677 3781 1969 3860 δόγματος,

280 3875 539 3932 ἐνώπιον
569 3880 671 3932 τοῦ
710 3880 847 3932 Θεοῦ
897 3876 990 3931 καὶ
1040 3880 1147 3929 τῶν
1194 3869 1440 3953 φοϐερῶν
1490 3872 1737 3950 ἀγγέλων
1783 3873 1967 3945 αὐτοῦ,

276 3962 372 4021 ’ἑτι
431 3964 493 4021 δὲ
544 3964 638 4020 καὶ
686 3964 921 4020 ἐνώπιον
968 3971 1070 4035 τῆς
1119 3962 1265 4026 θείας
1313 3963 1405 4018 καὶ
1454 3964 1601 4039 ἱερᾶς
1654 3958 1881 4017 συνόδου
1912 3961 1972 4017 ἐκ

276 4058 493 4130 ψυχῆς
532 4053 727 4127 μέσης,
779 4053 959 4131 χωρίς
1005 4074 1154 4116 τινος
1199 4050 1547 4123 δολιότητος,
1575 4052 1667 4107 καὶ
1695 4055 1794 4106 τοῦ
1826 4048 1971 4106 ἄλλα

285 4144 399 4216 μὲν
465 4143 728 4220 κρύπτειν
759 4190 776 4218 ,
831 4140 977 4199 ἄλλα
1051 4140 1110 4199 δὲ
1165 4141 1344 4218 λέγειν
1418 4138 1822 4213 ἀποτρέπομαι,
1878 4141 1969 4195 καὶ

282 4233 499 4306 ἀθετῶ,
532 4232 625 4288 καὶ
670 4227 1088 4307 ἀποϐάλλομαι,
1142 4231 1218 4295 ὡς
1251 4230 1329 4293 εἷς
1364 4226 1594 4306 ἔσχατον
1624 4232 1811 4306 ψυχῆς
1843 4225 1968 4285 ὄλε-

288 4333 429 4393 θρον
476 4320 732 4402 φέροντα.
778 4320 1072 4397 Ὁμολογῶ
1114 4320 1173 4376 δὲ
1219 4317 1417 4397 καρδίᾳ
1460 4319 1551 4375 καὶ
1588 4318 1839 4393 στόματι,
1878 4318 1970 4374 καὶ

287 4415 488 4489 φρονῶ
533 4412 715 4475 καθὼς
769 4407 972 4475 ἄνωθεν
1024 4408 1295 4485 ὁμολογεῖ
1341 4412 1377 4480 ἡ
1415 4407 1544 4485 ἁγία
1573 4409 1662 4463 καὶ
1700 4406 1967 4478 καθολική

288 4499 626 4572 Ἐκκλησία,
684 4501 783 4570 τῆν
844 4500 1000 4577 ἁγίαν
1044 4497 1264 4575 Τριάδα,
1315 4499 1406 4553 τὸν
1439 4495 1533 4552 ἕνα
1579 4498 1731 4569 Θεὸν,
1771 4497 1965 4559 οὕτως·

2100 579 2269 652 ληψιν
2334 578 2392 633 ἂν
2443 576 2614 634 αἶτιον
2674 580 2764 633 καὶ
2822 578 2946 650 μίαν
3002 579 3181 654 ἀρχὴν
3237 582 3335 634 τοῦ
3396 579 3754 653 Πνεύματος.

2096 674 2273 723 Ταῦτα
2315 670 2410 741 μὲν
2462 668 2604 722 οὕτω
2653 672 2860 746 φρονῶ,
2909 666 3000 722 καὶ
3050 665 3285 742 εὔχομαι
3340 667 3507 744 μέχρι
3547 668 3637 722 καὶ
3666 688 3753 722 τε-

2100 755 2348 820 λευταίας
2392 751 2665 827 ἅναπνοῆς
2721 756 2865 812 οὕτω
2926 778 2994 830 με
3050 760 3353 835 φρονοῦντα
3399 756 3754 833 εὑρίσκεσθαι,

2097 846 2186 902 καὶ
2221 846 2272 901 έν
2319 852 2451 902 πᾶσι
2500 844 2764 922 δόγμασιν
2818 847 3142 924 ὁμοφρονεῖν
3186 849 3256 920 τῇ
3308 845 3433 921 ἁγίᾳ
3475 851 3574 901 τοῦ
3622 851 3757 902 Θεοῦ

2095 934 2365 1010 καθολικῇ
2453 934 2751 1007 Ἐκκλησίᾳ
2796 980 2809 1007 ,
2887 935 3024 990 κατά
3093 935 3192 1003 τὴν
3270 935 3754 1012 ἀναγεγραμμένην

2097 1024 2423 1101 ὁμολογίαν.
2476 1024 2685 1088 Πάντας
2731 1022 2790 1079 δὲ
2832 1023 2962 1087 τοὺς
3014 1026 3090 1097 μή
3143 1023 3286 1079 οὕτω
3333 1029 3682 1102 φρονοῦντας,
3714 1022 3752 1095 ἤ

2094 1113 2185 1167 καὶ
2237 1113 2313 1176 εἷς
2360 1114 2423 1168 τὸ
2484 1111 2690 1186 μέλλον
2745 1115 3137 1190 φρονήσοντας,
3190 1113 3596 1184 ἀκοινωνήτους
3635 1112 3753 1190 ἔχω

2095 1202 2184 1257 καὶ
2238 1198 2594 1273 ἀποϐλήτους
2627 1249 2640 1275 ,
2701 1203 2792 1257 καὶ
2845 1201 3037 1278 πόρῥω
3086 1209 3188 1271 τῆς
3251 1206 3357 1257 τῶν
3416 1208 3749 1281 Χριστιανῶν

2100 1289 2394 1367 ὀρθοδόξου
2443 1291 2699 1354 πίστεως.
2756 1290 2922 1353 Οὗτός
2965 1291 3104 1347 ἐστιν
3153 1293 3181 1346 6
3210 1299 3311 1361 τῆς
3358 1291 3499 1366 ἐμῆς
3541 1290 3751 1366 ὁμολο-

2090 1380 2212 1456 γίας
2242 1382 2332 1436 καὶ
2377 1380 2609 1444 πίστεως
2658 1375 2942 1453 λίϐελλος,
2995 1377 3065 1435 δι’
3116 1380 3179 1435 οὗ
3223 1381 3315 1435 καὶ
3357 1386 3517 1436 πᾶσιν
3553 1383 3752 1456 ἀνομο-

2094 1468 2247 1545 λογῶ
2299 1467 2388 1524 καί
2465 1467 2905 1546 διαμαρτύρομαι
2979 1469 3070 1523 καὶ
3125 1473 3332 1545 τρανῶς
3388 1472 3698 1548 παριστάνω
3732 1517 3748 1545 ,

2082 1558 2240 1621 ὅπως
2287 1555 2402 1636 ἔχω
2457 1566 2559 1629 τῆς
2605 1559 2742 1635 πρὸς
2800 1559 2892 1614 τὸν
2953 1559 3082 1614 Θεὸν
3137 1555 3433 1633 εὐσεϐείας,
3483 1560 3573 1616 καὶ
3601 1559 3751 1623 ὅπως

2090 1647 2409 1723 ὁλοσχερῶς
2466 1647 2725 1725 ἐξέχομαι
2783 1652 2888 1703 τῶν
2952 1647 3319 1725 εύαγγελικῶν
3371 1650 3462 1705 καὶ
3521 1650 3751 1705 ἀποστο-

2089 1736 2258 1793 λικῶν
2334 1736 2424 1792 καὶ
2504 1742 2782 1812 πατρικῶν
2871 1734 3159 1813 δογμάτων
3223 1737 3313 1792 καὶ
3373 1735 3745 1814 διδαγμάτων.

2089 1827 2238 1881 Ἐπεὶ
2292 1825 2349 1882 δὲ
2385 1824 2558 1881 ’ένεκεν
2604 1833 2704 1896 τῆς
2754 1823 2972 1900 τόλμης
3023 1830 3090 1896 ἧς
3125 1825 3441 1905 ἐπισφαλῶς
3488 1826 3748 1883 κατετόλ-

2090 1936 2239 1989 μησα
2286 1911 2365 1977 εἵς
2411 1935 2531 1970 τινα
2573 1920 2684 1970 τῶν
2729 1914 3033 1991 εἰρημένων
3082 1915 3243 1971 θείων
3298 1914 3587 1993 δογμάτων
3614 1938 3750 1972 κατ-

2087 2001 2374 2074 εδικάσθην
2432 2003 2739 2080 καθαίρεσιν
2798 2010 2902 2073 τῆς
2961 2004 3377 2081 ἀρχιερωσύνης
3447 2006 3595 2083 παρὰ
3648 2009 3749 2061 τοῦ

2087 2094 2395 2169 ἁγιωτάτου
2455 2090 2719 2148 δεσπότου
2773 2093 2863 2147 καὶ
2921 2092 3304 2166 οἰκουμενικοῦ
3361 2095 3748 2172 πατριάρχου,

2085 2182 2177 2237 καὶ
2232 2189 2333 2252 τῆς
2389 2182 2513 2257 περὶ
2573 2181 2732 2236 αὐτὸν
2795 2180 2938 2246 θείας
2987 2182 3080 2237 καὶ
3136 2182 3286 2259 ἱερᾶς
3335 2181 3583 2257 συνόδου,
3625 2183 3677 2239 ἐν
3709 2183 3747 2259 ᾖ

2087 2268 2348 2346 ἐπιδημεῖ
2419 2271 2510 2325 καὶ
2580 2272 2608 2325 ὁ
2684 2271 2990 2346 αγιώτατος
3045 2269 3270 2335 πάππας
3338 2271 3746 2350 Ἀλεξανδρείας

2085 2359 2176 2414 καὶ
2224 2361 2597 2435 πατριάρχης,
2658 2356 2894 2434 δέχομαι
2952 2359 3043 2414 καὶ
3098 2360 3198 2428 τῆν
3259 2359 3515 2431 τοιαύτην
3563 2360 3752 2416 καθαί-

2090 2470 2252 2526 ρεσιν,
2313 2449 2388 2512 ὡς
2448 2446 2720 2521 ἐνθέσμως
2776 2448 2865 2502 καὶ
2924 2453 3224 2511 κανονικῶς
3277 2455 3600 2526 γεγονυῖαν,
3656 2449 3747 2506 καὶ

2087 2538 2289 2615 στέρξω
2324 2539 2424 2607 τήν
2481 2536 2740 2608 τοιαύτην
2798 2540 3004 2615 ψῆφον,
3063 2537 3139 2600 ὡς
3197 2536 3408 2593 δικαίαν
3452 2539 3544 2594 καὶ
3597 2535 3750 2594 ἔννο-

2090 2648 2192 2701 μον
2227 2670 2242 2694 ,
2303 2625 2579 2700 μηδέποτε
2633 2624 3027 2700 πειρασόμενος
3102 2626 3404 2703 ἱερωσύνην
3486 2625 3747 2684 ἀνακαλέ-

2084 2717 2297 2772 σασθαι.
2328 2739 2357 2767 ››
3476 2786 3481 2789 ἠ

2154 2810 2330 2860 Ταῦτα
2387 2803 2590 2866 ἐκεῖνος
2641 2804 2931 2879 ἐκθέμενος
2959 2850 2974 2876 ,
3032 2804 3122 2859 καὶ
3183 2803 3357 2877 οἰκείᾳ
3412 2806 3561 2883 χειρὶ
3610 2807 3742 2884 γρά-

2084 2899 2190 2969 ψας
2221 2894 2311 2949 καὶ
2352 2894 2690 2971 ὑπογράψας,
2745 2894 2822 2955 ὡς
2868 2894 3044 2949 ἄνεσιν
3096 2889 3287 2949 ἔλαϐεν
3343 2894 3450 2950 ἀπὸ
3503 2900 3604 2950 τοῦ
3662 2894 3743 2952 δι-

2083 2984 2381 3060 καστηρίου
2416 3030 2430 3056 ,
2489 2982 2728 3053 καθάπαξ
2803 2983 3081 3053 ήθέτησε.
3138 2983 3240 3038 Καὶ
3310 2982 3478 3039 πάλιν
3555 2980 3746 3061 βιϐλία

2084 3073 2357 3128 συντάττει
2392 3116 2407 3142 ,
2464 3071 2555 3127 καὶ
2603 3071 2768 3128 πάλιν
2829 3070 3223 3150 βλασφημίαι,
3276 3074 3367 3128 καὶ
3424 3073 3589 3130 πάλιν
3651 3073 3743 3130 δό-

2082 3184 2269 3238 γματα
2318 3161 2469 3230 νόθα,
2527 3161 2618 3216 καὶ
2679 3160 2858 3237 λόγων
2914 3158 3101 3217 ἄλλων
3160 3164 3589 3241 παρεισαγωγαῖ,
3645 3164 3739 3227 οὓς

3171 3251 3570 3324 Φιλονεικήσας
3634 3255 3741 3333 γάρ

2084 3341 2270 3396 ἑαυτὸν
2323 3344 2431 3395 τῶν
2490 3339 2695 3411 ταύτης
2750 3346 2853 3411 τῆς
2900 3339 3090 3403 κακίας
3136 3339 3501 3416 ἐγκλημάτων
3546 3343 3743 3400 ἀνώτε-

2085 3451 2177 3507 ρον
2238 3427 2536 3502 ἀποδεῖξαι,
2591 3429 2681 3484 καὶ
2740 3426 2860 3485 δέον
2914 3434 3076 3485 τοῦτο
3138 3430 3278 3506 μόνῃ
3337 3430 3595 3505 μετανοίᾳ
3649 3433 3742 3488 καὶ

2082 3519 2334 3590 ἀθετήσει
2382 3520 2457 3573 ὧν
2505 3522 2688 3581 κακῶς
2738 3517 2979 3574 συνέθετο
3028 3521 3247 3595 πρᾶξαι,
3296 3522 3325 3576 6
3358 3518 3417 3576 δὲ
3460 3522 3562 3592 τῆν
3612 3519 3738 3578 ὁδὸν

2082 3609 2352 3685 ἀγνοήσας
2412 3607 2724 3683 ἐκτρέπεται
2774 3612 2872 3663 τοῦ
2924 3608 3128 3681 εὐθέος,
3174 3608 3265 3664 καὶ
3293 3614 3552 3667 τοσοῦτον
3601 3611 3741 3686 μᾶλ-

2083 3695 2183 3752 λον
2213 3698 2249 3768 ἢ
2284 3697 2546 3775 πρότερον
2578 3697 2653 3760 είς
2704 3694 2967 3771 ἀδόκιμον
3015 3696 3263 3753 ἐκπίπτει
3311 3705 3459 3755 νοῦν·
3493 3701 3568 3764 ὡς
3600 3699 3743 3756 είκά-

2085 3791 2189 3856 ζειν
2222 3788 2316 3860 μὲν
2349 3787 2514 3843 αὐτοῦ
2580 3787 2718 3864 πρὸς
2781 3791 2973 3864 μικρὸν
3027 3791 3127 3858 τῆς
3182 3787 3398 3860 πλάνης
3442 3791 3745 3868 ἀποχωρῆ-

2082 3897 2168 3931 σαι
2199 3881 2433 3950 πνεῦμα,
2491 3874 2809 3952 ἐπιδραμεῖν
2860 3874 2919 3931 δὲ
2966 3877 3117 3939 αὖθις
3167 3876 3315 3951 αύτῷ
3365 3881 3500 3952 μετά
3547 3879 3740 3936 πλείο-

2079 3986 2174 4028 νος
2198 3972 2298 4036 τῆς
2329 3973 2696 4043 παρασκευῆς,
2730 3964 2837 4041 οὐχ
2889 3966 3024 4020 ἑπτὰ
3069 3966 3230 4039 μόνον
3263 3968 3741 4046 συμπαρειληφὸς,

2081 4051 2209 4109 ἀλλ’
2238 4052 2367 4109 ὅλον
2416 4052 2658 4130 λεγεῶνα
2702 4054 3047 4128 πνευμάτῶν,
3094 4055 3185 4110 καὶ
3226 4063 3397 4113 πᾶσαν
3444 4057 3609 4114 αὐτοῦ
3636 4060 3737 4128 τῆν

2080 4146 2177 4213 τῆς
2207 4146 2393 4219 ψυχῆς
2450 4143 2639 4218 χώραν
2697 4144 2787 4198 καὶ
2845 4150 3135 4220 κατασχεῖν
3168 4145 3257 4200 καὶ
3300 4145 3613 4221 πληρῶσαι.
3664 4148 3739 4202 Οὗ

2082 4230 2149 4302 δὴ
2200 4230 2362 4308 χάριν
2417 4232 2506 4286 καὶ
2562 4229 2712 4295 αὖθις
2773 4231 3175 4306 μετακαλεῖται,
3234 4234 3323 4289 καὶ
3385 4236 3584 4312 λόγους
3636 4244 3739 4307 τῆς

2080 4319 2258 4391 καλῆς
2304 4320 2507 4390 ταύτης
2563 4315 2878 4393 μεταϐολῆς
2930 4321 3273 4378 ἀπαιτεῖται.
3326 4324 3635 4381 Μετακαλεῖ
3684 4324 3743 4381 δὲ

2081 4410 2240 4466 αὐτόν
2287 4431 2370 4473 τις
2419 4407 2606 4486 ἕτερος
2638 4411 2674 4481 ἢ
2709 4411 2737 4464 6
2790 4408 2973 4481 ζηλῶν
3024 4416 3141 4484 Θεῷ
3192 4416 3591 4492 παντοκράτορι
3646 4416 3743 4492 βα-

2081 4499 2287 4571 σιλεὺς,
2336 4500 2364 4553 6
2424 4499 2514 4554 καὶ
2573 4499 2711 4576 πρὸς
2767 4501 2867 4569 τὴν
2924 4503 3023 4571 τῆς
3086 4499 3412 4573 Ἐκκλησίας
3460 4504 3549 4559 καὶ
3598 4504 3746 4560 εὐσε-

287 4590 380 4646 ὅτι
420 4591 451 4645 6
508 4590 701 4665 Πατὴρ
761 4587 885 4645 οὕτε
935 4589 987 4660 ἐξ
1040 4590 1247 4666 ἑτέρου,
1296 4584 1421 4644 οὔτε
1472 4586 1523 4661 ἐξ
1574 4587 1866 4674 ἐαυτοῦᾼτὸ
1897 4586 1969 4641 εἴ·
2009 4610 2051 4674 D
2083 4582 2233 4650 ϐείας
2285 4585 2690 4663 ἂνοικοδομῆν,
2739 4586 2840 4643 ὅσα
2884 4591 2975 4644 καὶ
3021 4589 3146 4667 ’χεὶρ
3187 4591 3335 4665 αύτῷ
3380 4596 3462 4665 τῷ
3510 4594 3746 4667 Ὑψίστῳ

284 4699 374 4734 ναι
406 4676 559 4753 ἔχει,
593 4677 725 4733 ἀλλ’
770 4676 1016 4756 ἅναρχός
1064 4677 1173 4733 ἐστι
1214 4678 1305 4733 καὶ
1354 4676 1617 4739 ἀναίτιος.
1667 4677 1723 4730 Ὀ
1772 4672 1830 4730 δὲ
1881 4697 1976 4749 μο-

284 4770 525 4845 νογενὴς
560 4768 690 4830 Υἱὸς
726 4772 830 4823 τοῦ
876 4771 1016 4823 Θεοῦ
1063 4766 1123 4822 ἐκ
1170 4766 1383 4842 Πατρὸς
1433 4766 1535 4836 τῆν
1586 4764 1810 4842 ὕπαρξιν
1856 4786 1975 4841 γεν-

285 4862 477 4928 νητῶς
509 4858 606 4912 καὶ
637 4853 813 4912 αἴτιον
848 4852 967 4932 ἔχει
997 4856 1091 4912 τὸν
1140 4857 1375 4932 Πατέρα.
1425 4855 1498 4909 Τὸ
1548 4852 1606 4909 δὲ
1658 4858 1879 4926 Πνεῦμα
1913 4853 1976 4908 τὸ

286 4946 448 5022 ἅγιον
508 4944 784 5021 ὁμολογῶ
840 4946 933 5001 καὶ
990 4943 1252 5014 πιστεύω,
1313 4944 1396 4999 ὅτι
1456 4942 1518 4998 ἐκ
1569 4947 1668 4999 τοῦ
1723 4947 1857 4997 Θεοῦ
1886 4943 1976 4997 καὶ

284 5037 508 5113 Πατρός
536 5036 643 5105 τὴν
698 5031 927 5109 ὕπαρξιν
977 5029 1093 5109 ἔχει
1148 5032 1511 5108 ἐκπορευτῶς.
1563 5031 1663 5086 Καὶ
1713 5032 1741 5085 ὁ
1788 5032 1976 5107 Πατὴρ

281 5127 417 5182 κατά
462 5128 567 5189 τὰς
621 5125 781 5202 ἱερὰς
830 5128 938 5179 τῶν
994 5120 1340 5178 διδασκάλων
1403 5120 1586 5200 φωνὰς
1635 5116 1807 5183 αἷίτιός
1868 5119 1977 5177 ἐστι

280 5221 376 5271 τοῦ
432 5219 565 5274 Γῖοῦ
624 5215 724 5271 καί
783 5217 884 5269 τοῦ
944 5212 1278 5285 Πνεύματος·
1339 5212 1441 5279 τῆς
1474 5233 1501 5261 ‹‹
1550 5206 1641 5264 διὰ
1694 5214 1793 5264 τοῦ
1849 5210 1979 5265 Υἱοῦ

2084 4677 2400 4752 γενόμενος,
2457 4677 2515 4731 ’ὃν
2574 4676 2664 4731 καὶ
2718 4684 2918 4747 Μωσῆν
2976 4678 3096 4734 νέον
3152 4679 3258 4757 ἐγὼ
3305 4679 3535 4753 καλοίην
3566 4679 3747 4752 ἡδέως

2085 4766 2176 4821 καὶ
2238 4770 2374 4822 Θεοῦ
2428 4766 2731 4843 θεράποντα
2780 4768 2898 4822 κατ’
2965 4766 3256 4844 ἐξαίρετον,
3315 4770 3600 4847 Αἰγύπτου
3656 4771 3748 4827 καὶ

2088 4853 2364 4927 δουλείας,
2404 4854 2466 4911 οὐ
2518 4856 2655 4910 κατά
2708 4857 2809 4926 τῆν
2863 4855 3098 4913 παλαιὰν
3159 4857 3369 4931 ἐκείνην
3429 4860 3695 4933 αἰσθητὴν
3730 4908 3745 4934 ,

2089 4943 2234 5001 ἀλλά
2291 4966 2440 5006 τινος
2500 4948 2692 5019 μακρῷ
2764 4943 3159 5024 χαλεπωτέρας
3232 4949 3324 5003 τὸν
3403 4951 3522 5014 καθ’
3597 4953 3749 5025 ἡμᾶς

2090 5032 2308 5112 Ἰσραῆλ
2369 5033 2767 5111 ἐξαιρούμενον,
2829 5032 2976 5105 πλὴν
3053 5036 3146 5091 τὸν
3205 5038 3299 5111 μὲν
3365 5037 3593 5115 βασιλέα
3648 5047 3750 5110 τῆς

2092 5124 2385 5199 ὑπηρεσίας
2442 5119 2615 5179 ἕνεκεν
2669 5123 2876 5195 ταύτης
2916 5130 3099 5201 χεῖρες
3152 5125 3245 5200 μὲν
3279 5123 3498 5203 ἔχουσιν
3531 5127 3583 5183 ἐν
3627 5129 3750 5184 ἐαυ-

2088 5219 2206 5276 ταῖς
2256 5212 2714 5290 ἐζωγραφημένον
2762 5213 2816 5267 αἱ
2860 5218 2959 5268 τοῦ
3000 5219 3155 5288 Θεοῦ,
3209 5211 3397 5292 βίϐλοι
3447 5214 3494 5271 δ’
3546 5218 3751 5274 ἐκείνου

2092 5302 2314 5380 φέρουσι
2347 5302 2752 5377 γεγραμμένον.
2808 5302 2908 5356 Καὶ
2955 5304 3104 5377 ἡμᾶς
3159 5304 3221 5359 οὐ
3276 5301 3359 5361 δεῖ
3400 5304 3588 5363 πολλά
3618 5306 3753 5385 γρά-

290 5304 698 5386 ἒκπορεύεσθαι,
763 5329 795 5357 ››
862 5308 1052 5381 φωνῆς
1107 5298 1238 5373 μηδ’
1297 5297 1444 5361 ὅλως
1504 5296 1831 5373 εἷσαγούσης
1885 5298 1978 5353 τὸν

305 5385 630 5457 ι”εὸναῗτιον
686 5395 834 5453 εἶναι
883 5395 985 5447 τοῦ
1033 5390 1369 5463 Πνεύματος,
1418 5385 1456 5458 ἤ
1507 5388 1628 5451 καθ’
1684 5387 1894 5460 ἑαυτὸν,
1942 5385 1980 5457 ἤ

299 5502 416 5556 μετα
458 5496 560 5550 τοῦ
625 5483 892 5561 Πατρὸς,
953 5480 1029 5543 ὡς
1084 5480 1219 5535 εἶναι
1273 5479 1367 5533 τὸν
1424 5477 1549 5532 Υἱὸν
1598 5476 1690 5531 καὶ
1746 5476 1838 5531 τὸν
1872 5482 1981 5532 Πα-

2094 5413 2211 5471 φειν
2241 5390 2367 5468 περὶ
2400 5390 2585 5445 αὑτοῦ.
2627 5391 2686 5444 Ὃ
2717 5387 2776 5445 δέ
2803 5412 2864 5467 γε
2903 5392 3102 5456 Βέκκος
3159 5392 3306 5471 παρά
3351 5416 3411 5450 τε
3458 5403 3560 5466 τῆς
3606 5398 3757 5474 ἱερᾶς

2095 5478 2326 5537 συνόδου
2385 5478 2588 5555 λόγους
2646 5479 3068 5555 ἀπαιτούμενος,
3126 5483 3209 5538 ὅτι
3267 5484 3429 5562 χάριν
3470 5485 3755 5557 ἐπαινετῆς

341 5595 415 5729 si)
440 5599 638 5672 Mars.
692 5616 709 5656 ε
750 5590 921 5661 Αὕτη
954 5590 991 5658 ἡ
1024 5591 1123 5642 τοῦ
1170 5587 1373 5642 Βέσκου
1426 5582 1686 5659 μετάνοια
1720 5578 1810 5640 καὶ
1844 5586 1981 5641 ἀπο·
2099 5590 2233 5662 μετὰ
2334 5586 2480 5663 ικρὸν
2512 5580 2868 5660 παλίμϐολος
2918 5586 2992 5644 ὢν
3042 5592 3180 5666 πρὸς
3226 5592 3380 5665 αὐτὰ,
3430 5593 3520 5649 καὶ
3571 5592 3755 5675 ὥσπερ

378 5694 409 5729 η
458 5674 578 5729 τῶν
649 5663 1031 5729 βλασφήμων
1101 5658 1265 5714 αὐτοῦ
1323 5656 1614 5729 δογμάτων
1665 5656 1762 5712 κᾶν
1815 5656 1983 5714 πάλιν
2095 5660 2240 5715 κύων
2279 5610 2366 5715 ἐζτί
2395 5659 2488 5715 τὸν
2519 5655 2656 5715 ἴδιον
2684 5656 3013 5729 ἐπέστρεψεν
3046 5657 3261 5729 ἔμετον.

282 5655 409 5745 ϐολῆ
441 5655 613 5729 ίέῶνυ
647 5655 1031 5747 βλασφημῶν
1101 5658 1265 5714 αὐτοῦ
1323 5655 1614 5734 δογμάτων
1665 5656 1762 5712 κᾶν
1815 5656 1983 5714 πάλιν
2095 5655 2240 5715 κύων
2279 5655 2366 5715 ἐπὶ
2391 5655 2488 5715 τὸν
2519 5655 3013 5738 ἴδιον-ἐπέστρεψεν
3046 5655 3261 5739 ἔμετον.
