4108 6440
483 380 602 443 239

1517 378 1839 443 GEORGII
1883 378 2150 442 CYPBII
2193 379 2313 440 GP.
2363 381 2895 445 PATRIARCH/E

3771 389 3880 451 210

489 509 852 585 μεταμελείας
909 510 1206 585 ἁψάμενος,
1264 511 1355 565 καὶ
1409 511 1510 580 τήν
1565 515 1729 587 χεῖρα
1771 508 2141 586 εὐαγγελικῶς
2169 509 2414 580 Ααύτὸν
2473 509 2644 567 αἶ’τιον
2702 512 2835 568 εἶναι
2894 518 3080 570 νοοῦσι
3153 518 3251 570 τοῦ
3310 512 3616 588 ΙΙνεύματος
3673 516 3882 573 ὑποστά-

487 601 655 656 εἴπεῖν
723 599 807 656 ἐπ’
865 597 1094 677 ἄροτρον
1157 598 1360 675 βαλὼν,
1413 599 1503 654 καὶ
1559 603 1630 673 τῇ
1688 597 1981 670 Ἐκκλησία
2027 620 2146 653 συν-

487 691 709 766 θέμενος
764 685 1004 761 ἕπεσθαι,
1068 688 1304 765 ἐστράφη
1364 687 1530 744 πάλιν
1591 688 1668 751 εἰς
1713 690 1787 744 τά
1834 687 2009 743 ὀπίσω
2055 687 2145 742 καὶ

489 778 565 842 εἰς
595 780 696 849 τὴν
745 783 854 835 τῶν
902 777 1142 855 οὐρανῶν
1196 779 1300 834 οὑκ
1341 774 1553 842 εὔθετος
1603 776 1795 853 γέγονε
1841 774 2144 853 βασιλείαν,

488 869 553 924 τὸ
586 867 914 947 βλάσφημον
964 871 1060 923 τοῦ
1112 866 1276 943 ὀρθοῦ
1324 868 1693 944 προτιμήσας,
1740 870 1998 922 τοσοῦτον
2048 864 2147 919 οὐκ

490 956 776 1037 ἐφθέγξατο
833 955 1087 1027 ἐπιεικὲς,
1142 955 1233 1010 καὶ
1282 955 1394 1010 οἷον
1456 955 1514 1011 ἂν
1554 954 1728 1031 ἀὐτὸν
1784 958 1881 1010 τοῦ
1942 955 2017 1028 μὴ
2048 975 2143 1009 κα-

486 1048 579 1104 κὸν
632 1053 862 1126 φανῆναι
910 1043 1262 1115 συνέστειλεν,
1316 1043 1455 1099 ὥστε
1509 1044 1600 1099 καὶ
1653 1048 1950 1115 τηνικαῦτα
2000 1042 2141 1117 μᾶλ-

487 1135 589 1193 λον
644 1138 839 1213 γέγονε
896 1131 1090 1205 δῆλος,
1151 1133 1234 1189 δτι
1282 1130 1531 1212 σφοδρῶς
1582 1132 1819 1209 ἐνέχεται
1868 1137 1936 1207 τῇ
1976 1154 2140 1188 κακο-

487 1223 658 1299 δοξίᾳ,
690 1225 774 1281 ὅτι
804 1225 896 1279 καὶ
939 1224 1097 1280 αὐτὸν
1146 1222 1315 1292 αὐτῆς
1365 1222 1667 1291 ἀποστῆναι
1717 1222 1918 1277 πείθειν
1967 1218 2143 1284 οὐδεὶς

486 1313 651 1392 λόγος
706 1312 990 1386 δυνήσεται
1025 1355 1039 1370 .
1099 1313 1254 1368 Ὅθεν
1314 1311 1404 1367 καὶ
1465 1312 1493 1367 6
1550 1316 1657 1367 τῶν
1711 1306 1942 1366 εὐσεϐῶν
2001 1310 2139 1373 ἄπας

482 1403 765 1480 σύλλογος
824 1402 981 1477 ζήλῳ
1041 1400 1235 1476 δικαίῳ
1292 1402 1636 1478 χρησάμενοι
1692 1402 1808 1456 κατ’
1865 1400 2028 1455 αὐτοῦ
2082 1421 2142 1455 τε

478 1495 571 1549 καὶ
625 1497 733 1549 τῶν
792 1494 909 1555 οἷος
953 1492 1111 1553 αὐτὸς
1167 1493 1263 1561 τὴν
1322 1491 1551 1566 γνώμην
1582 1490 1723 1545 ἐστὶν
1756 1537 1770 1562 ,
1803 1487 1911 1545 ὧδε
1966 1489 2056 1544 καὶ
2088 1489 2139 1544 οἱ

478 1579 653 1639 πάλαι
718 1582 927 1638 λευῖται
1006 1582 1142 1636 κατὰ
1213 1584 1320 1636 τῶν
1400 1578 1615 1635 οἰκείων
1692 1577 1942 1658 ἀδελφῶν
2006 1581 2136 1633 υἱῶν

478 1670 702 1749 Ἰσραὴλ
756 1676 866 1728 τῶν
915 1669 1289 1741 άθετησάντων
1342 1667 1670 1746 ἐχρήσαντο,
1718 1670 1819 1738 τήν
1871 1668 2137 1746 ἀπόφασιν

482 1761 746 1842 άποφαινό
755 1762 910 1836 μεθα.

549 1853 617 1910 α’.
679 1850 895 1925 Ἰωάννῃ
965 1854 1047 1921 τῷ
1119 1850 1305 1923 Βέκκῳ
1361 1847 1450 1903 καὶ
1506 1853 1623 1911 τοῖς
1691 1845 2136 1918 ἐξακολουθοῦσιν

483 1939 630 2014 αὐτῷ
661 1986 676 2013 ,
730 1938 1121 2012 Κωνσταντίνῳ
1182 1937 1249 2010 δή
1310 1959 1454 2016 φημι
1513 1941 1592 2009 τῷ
1647 1934 2012 2009 Μελιτινιώτῃ

486 2012 749 2107 Γεωργίῳ
804 2033 884 2102 τῷ
940 2027 1239 2104 Μετοχίτῃ,
1301 2012 1383 2082 δτι
1431 2026 1483 2098 ἐξ
1531 2028 1693 2100 ἡμῶν
1742 2025 2014 2101 γεγόνασι,
2048 2012 2139 2081 καὶ

480 2126 600 2183 τοῖς
651 2118 944 2196 ἡμετέροις
992 2115 1354 2194 ἐνετράφησαν
1415 2114 1553 2171 ἔθεσί
1609 2136 1669 2171 τε
1732 2114 1821 2171 καί
1876 2113 2135 2191 δόγμασι,

480 2208 571 2265 καὶ
629 2207 730 2264 οὐκ
787 2206 1059 2281 ἐνέμειναν
1115 2204 1355 2279 τούτοις,
1405 2204 1670 2281 ἐγγενέσιν
1732 2203 1849 2259 οὖσι
1897 2205 1988 2260 καὶ
2028 2226 2136 2260 πα-

474 2298 648 2371 τρίοις
707 2295 905 2363 αὐτῶν,
956 2294 1045 2350 καὶ
1105 2291 1194 2349 διὰ
1250 2292 1450 2356 παντὰς
1502 2289 1843 2370 βεϐαιωθεῖσι
1872 2298 1969 2349 τοῦ
1998 2294 2135 2371 χρό-

470 2406 588 2457 νου,
644 2385 701 2456 ἐξ
742 2385 804 2439 οὗ
861 2382 1093 2460 Χριστὸς
1150 2380 1351 2458 ἤρξατο
1409 2380 1878 2457 καταγγέλλεσθαι
1933 2383 2025 2436 καὶ
2080 2382 2133 2443 ἐς

474 2472 681 2552 δεῦρο,
741 2472 888 2529 ἀλλὰ
959 2472 1213 2545 τούτων,
1273 2472 1389 2527 καθ’
1445 2473 1519 2525 ὧν
1581 2470 1704 2526 οὕτε
1763 2469 1894 2543 ᾅδου
1961 2470 2131 2526 πύλαι

472 2561 723 2640 ἴσχυσαν,
775 2558 900 2619 οὕτε
961 2563 1069 2634 μὴν
1123 2560 1463 2637 ἰσχύσουσιν,
1522 2559 1826 2635 ὑπερεῖδον,
1883 2559 1982 2615 οὐκ
2029 2558 2130 2615 οἶδ’

473 2651 504 2709 δ
533 2674 585 2708 τι
631 2651 722 2708 καὶ
768 2655 1106 2728 καταγνῶναι
1163 2649 1198 2719 ἢ
1248 2651 1323 2723 μή
1372 2649 1605 2706 ἐπαινεῖν
1662 2650 1837 2705 αὐτῶν
1888 2647 2130 2726 ἔχοντες,

475 2739 631 2814 δόξαν
703 2739 762 2797 δὶ
828 2741 1220 2816 ἀντεισήγαγον
1291 2736 1567 2814 ἄγνωστον
1642 2740 1946 2795 παντάπασι
2013 2744 2132 2802 τοῖς

477 2833 746 2910 ΙΙατράσιν
794 2829 968 2886 αὐτῶν
1018 2831 1158 2902 μήτε
1201 2828 1265 2884 τὸ
1316 2828 1421 2884 ἀπὸ
1453 2829 1657 2906 χρόνου
1707 2834 1815 2884 τῶν
1868 2829 2129 2903 κειμένων

476 2917 809 2983 αἰδεσθέντες
864 2913 1171 2995 πρεσϐεῖον,
1236 2919 1375 2990 μήτε
1433 2919 1540 2992 μὴν
1592 2917 1720 2982 τοὺς
1776 2918 1983 2974 τούτων
2044 2918 2133 2974 ἐκ·

480 3011 771 3089 φάντορας,
806 3007 859 3065 οἳ
887 3008 978 3064 καὶ
1006 3007 1075 3063 τά
1115 3012 1212 3063 τοῦ
1262 3006 1578 3081 Ιινεύματος
1628 3007 1727 3063 οὐκ
1775 3005 1961 3070 ἄλλως
2005 3007 2130 3064 ἐλά-

483 3097 615 3155 λουν
669 3097 706 3170 ἤ
766 3097 1000 3173 πλήρεις
1058 3096 1337 3173 γεγονότες
1387 3100 1483 3151 τοῦ
1540 3096 1876 3171 ΙΙνεύματος.
1907 3097 2130 3162 Τούτοις

478 3185 571 3243 οῦν
628 3186 732 3260 ὅτι,
774 3184 1148 3265 διαφθαρέντες
1200 3189 1479 3257 τοσοῦτον,
1542 3183 1742 3241 ἔκτοπα
1796 3186 1886 3241 καὶ
1941 3186 2132 3264 πόρῥω

474 3281 584 3332 τῶν
644 3262 1094 3352 παραδεδομένων
1142 3273 1230 3329 ἐπὶ
1268 3272 1418 3348 λύμῃ
1480 3275 1569 3329 καὶ
1629 3280 1973 3354 καταστροφῇ
2020 3262 2132 3347 τῆς
2164 3262 2207 3328 C

473 3365 799 3436 Ἐκκλησίας
877 3365 1175 3443 ἐφρόνησαν
1225 3383 1238 3396 ·
1320 3366 1436 3419 εἷτα
1506 3370 1609 3433 τῆς
1683 3364 1875 3438 μανίας
1926 3365 2129 3437 ταύτης

472 3454 669 3532 χρόνον
728 3452 795 3526 δή
866 3475 982 3510 τινα
1060 3448 1421 3527 μετεϐάλοντο
1457 3500 1470 3525 ,
1532 3453 1752 3517 ἑαυτοὺς
1831 3452 2131 3531 ἐπαράτους

474 3544 685 3614 ἔρεσθαι
739 3543 929 3620 λόγοις
986 3544 1077 3599 καὶ
1129 3544 1443 3620 γράμμασιν
1479 3541 1567 3598 ἐπὶ
1602 3543 1797 3618 μυρίας
1834 3542 1922 3598 καὶ
1955 3538 2133 3617 ὅψεως

471 3632 563 3689 καὶ
617 3634 785 3704 ἀκοῆς
845 3631 1312 3712 ἀποφηνάμενοι,
1373 3632 1419 3687 εἰ
1480 3632 1557 3705 μή
1613 3630 1930 3708 ὁλοσχερῶς
1990 3632 2133 3711 εὑρί-

474 3743 659 3779 κοιντο
713 3728 810 3778 τοῦ
868 3722 1067 3778 λοιποῦ
1123 3722 1191 3777 τὰ
1249 3721 1449 3798 πάτρια
1508 3721 1842 3797 στέργοντες,
1909 3723 1998 3777 καὶ
2056 3722 2133 3785 εἰς

478 3810 633 3869 οὐδὲν
689 3810 983 3889 ἀλλότριον
1041 3819 1144 3882 τῆς
1199 3810 1525 3881 Ἐκκλησίας
1582 3810 1927 3884 ἐξελκόμενοι
2000 3832 2132 3890 φρο-

477 3905 706 3977 νήσεως,
764 3903 855 3957 καὶ
910 3898 1037 3959 οὐδέ
1086 3906 1203 3963 τοῖς
1261 3902 1465 3956 ἑαυτῶν
1527 3899 1615 3956 ἐπὶ
1664 3899 1926 3975 ταύτῃτῇ
1971 3923 2132 3975 μετα-

478 3993 599 4063 νοίᾳ
647 3993 1036 4070 χειρογράφοις
1090 3988 1385 4063 ἐνέμειναν,
1435 3988 1581 4046 ἀλλὰ
1633 3989 1959 4062 μετενόησαν
1990 4035 2005 4061 ,
2054 3988 2133 4047 ἔτι

483 4079 550 4152 δὴ
603 4082 693 4138 καὶ
754 4079 1093 4155 μετέγνωσαν
1129 4125 1143 4151 ,
1204 4077 1294 4134 καὶ
1354 4076 1517 4133 πάλιν
1578 4077 1656 4141 εἰς
1713 4080 1811 4148 τήν
1870 4080 2136 4156 προτέραν

481 4171 807 4228 ἀποστασίαν
882 4166 1155 4243 ἐξέκλιναν
1189 4213 1204 4241 ,
1247 4166 1427 4243 ὥσπερ
1490 4165 1700 4245 φύσεως
1776 4166 2134 4232 άποστάτιδος

483 4261 772 4337 λαχόντες,
802 4258 893 4314 καὶ
941 4258 1078 4333 πρὸς
1122 4256 1249 4319 τοὺς
1297 4256 1459 4333 ὅρους
1487 4255 1616 4319 τοὺς
1646 4256 1944 4332 πατρικοὺς
1975 4257 2133 4312 ἀσυν-

477 4352 672 4407 θέτου’
727 4348 944 4411 τούτοις
1004 4347 1421 4425 ἀποστραφεῖσιν
1483 4347 1830 4425 ἀποστροφήν
1888 4349 2131 4425 πονηράν

476 4440 567 4497 καὶ
595 4441 687 4497 τὸν
729 4439 836 4494 ἀπὸ
885 4444 985 4508 τῆς
1046 4434 1185 4498 ἰδίας
1245 4434 1574 4506 Ἐκκλησίας
1635 4436 1951 4513 μακρυσμὸν
2004 4437 2133 4513 ἀγα-

474 4532 708 4603 πήσασιν
740 4573 755 4601 ,
801 4526 870 4599 ἤν
922 4525 1075 4582 αὐτοὶ
1124 4526 1337 4588 ἑαυτοῖς
1388 4522 1464 4588 εἴς
1511 4524 1672 4580 τοῦτό
1723 4546 1856 4580 ποτε
1911 4523 2131 4599 τολμή-

2257 620 2392 662 σεως
2425 600 2471 655 εί
2505 601 2581 674 μή
2635 599 2723 656 διὰ
2768 606 2865 657 τοῦ
2922 604 3051 658 Υἰοῦ
3093 604 3194 672 τὴν
3242 602 3465 679 ὕπαρξιν
3516 604 3604 659 καὶ
3648 608 3723 677 τῷ
3765 605 3882 661 εἶναι

2256 689 2484 765 παρέχει
2533 694 2613 763 τῷ
2661 691 2955 765 Ιῐνεύματι,
3005 691 3056 763 ἐξ
3110 692 3172 747 οὗ
3222 693 3313 747 καὶ
3354 692 3615 756 συναίτιος
3659 700 3767 749 κατ’
3801 694 3884 751 αὐ-

2253 776 2379 839 τοὺς
2431 779 2458 832 6
2507 780 2631 842 Υἱὸς
2683 782 2968 857 συνάγεται
3024 786 3104 854 τῷ
3160 782 3356 858 Πατρῖ,
3412 782 3503 839 καὶ
3561 782 3636 845 εἰς
3674 783 3734 838 τὸ
3765 782 3885 838 εἶναι

2252 871 2349 921 τοῦ
2396 867 2711 942 ΙΙνεύματος
2762 869 2909 943 αὐτῷ
2960 866 3442 946 συμϐαλλόμενος,
3498 870 3669 928 πίστιν
3721 869 3775 927 δέ
3799 877 3885 928 τοῦ

2255 954 2421 1032 λόγου
2476 956 2671 1013 τούτου
2729 959 3017 1032 κομίζουσι
3073 962 3173 1031 τὴν
3209 965 3309 1018 τοῦ
3355 960 3502 1026 θείου
3554 966 3887 1035 Δαμασκηνοῦ

2253 1042 2434 1120 ῥῆσιν,
2492 1047 2613 1115 τὴν,
2672 1047 2754 1101 ὅτι
2812 1043 3121 1124 προϐολεύς
3176 1048 3317 1104 ἐστιν
3374 1053 3473 1104 τοῦ
3521 1048 3886 1127 ἐκφαντορικοῦ

2254 1134 2569 1209 ΙΙνεύματος
2600 1138 2627 1191 6
2660 1140 2849 1215 Πατὴρ
2902 1136 2992 1194 διὰ
3037 1144 3135 1194 τοῦ
3182 1141 3331 1208 Υἰοῦ,
3362 1140 3484 1210 ἥτις
3529 1139 3619 1195 καὶ
3650 1137 3886 1213 οὐδαμῶς

2252 1223 2327 1286 εἰς
2383 1229 2573 1281 τοῦτον
2634 1227 2781 1305 φέρει
2836 1227 2929 1283 τὸν
2988 1233 3136 1300 νοῦν,
3197 1226 3342 1285 ἀλλά
3392 1226 3645 1306 βούλεται
3692 1232 3886 1306 τρανῶς

2248 1314 2347 1382 τὴν
2382 1310 2451 1367 δι’
2508 1314 2635 1369 ὶἽοῦ
2690 1319 2787 1370 τοῦ
2846 1316 3165 1390 Ιινεύματος
3213 1322 3556 1394 παριστάνειν
3606 1318 3885 1396 φανέρωσιν

2251 1400 2311 1456 ἐκ
2342 1404 2550 1478 Πατρὸς
2608 1406 2707 1473 τὴν
2759 1404 2982 1482 ὕπαρξιν
3033 1403 3282 1482 ἔχοντος·
3333 1406 3448 1461 ἐπεὶ
3509 1408 3537 1462 ὁ
3589 1404 3747 1469 αὐτδς
3798 1416 3890 1460 Δα-

2254 1492 2527 1562 μασκηνὸς
2577 1492 2675 1548 οὐκ
2715 1493 2773 1548 ἂν
2827 1493 2878 1548 ἐν
2930 1493 3077 1567 αὐτῷ
3120 1495 3300 1568 τούτῳ
3346 1499 3426 1568 τῷ
3473 1492 3751 1575 κεφαλαίῳ
3799 1493 3885 1569 μό-

2248 1600 2338 1634 νον
2373 1577 2540 1635 αἶτιον
2602 1581 2653 1637 ἐν
2709 1586 2780 1658 τῇ
2832 1581 3021 1659 Τριάδι
3076 1584 3167 1639 τὸν
3226 1585 3354 1640 Θεὸν
3408 1583 3500 1639 καί
3546 1583 3757 1661 Πατέρα
3801 1580 3896 1639 ἐδί-

2250 1666 2431 1739 δασκε,
2490 1672 2581 1725 καὶ
2638 1668 2727 1726 διὰ
2782 1674 2884 1741 τῆς
2918 1676 3016 1727 τοῦ
3069 1672 3231 1747 μόνος
3284 1680 3469 1750 φωνῆς
3515 1674 3768 1751 ἀφῃρεῖτο
3803 1673 3891 1741 τὴν

2248 1757 2420 1813 αἰτίαν
2476 1760 2574 1823 τὰς
2634 1759 2831 1824 λοιπάς
2892 1761 3230 1835 ὑποστάσεις,
3286 1760 3400 1818 οὐδ’
3456 1762 3508 1819 ἐν
3562 1761 3765 1840 ἑτέροις
3802 1760 3892 1817 πά-

2250 1846 2359 1916 λιν,
2394 1849 2520 1904 Υἰοῦ
2554 1849 2647 1921 μέν
2690 1854 2907 1924 πνεῦμα
2955 1850 3189 1927 λέγομεν
3237 1853 3300 1907 τὸ
3355 1857 3581 1927 Πνεῦμα
3626 1852 3687 1908 τὸ
3735 1852 3889 1927 ἅγιον,

2251 1932 2498 2014 ἔφασκεν,
2559 1937 2619 1993 ἐκ
2663 1943 2760 1994 τοῦ
2819 1941 2947 1995 Υἰοῦ
2996 1938 3054 1996 δὲ
3101 1940 3230 1996 αὐτὸ
3279 1940 3341 1997 οὐ
3389 1939 3647 2018 λέγομεν,
3682 1934 3894 2015 συμϐαί-

2247 2047 2356 2080 νειν
2411 2027 2514 2103 γὰρ
2573 2025 2854 2100 ἀλλήλοις
2901 2033 3069 2085 ταῦτα
3117 2030 3178 2085 οὐ
3211 2028 3455 2101 δύναται,
3489 2028 3640 2101 πλὴν
3687 2028 3891 2090 τούτοις

2249 2113 2392 2170 οὕτω
2455 2118 2529 2188 μὴ
2592 2116 2730 2193 πρὸς
2776 2118 2865 2173 τὸν
2912 2118 3171 2195 πατρικὸν
3225 2121 3425 2175 σκοπὸν
3487 2121 3587 2183 τὰς
3645 2117 3891 2195 πατρικὰς

2247 2200 2573 2279 δεχομένοις
2631 2207 2811 2284 φωνάς
2849 2251 2863 2276 ,
2923 2206 3059 2281 πρὸς
3122 2206 3180 2263 δέ
3248 2230 3369 2263 τινα
3425 2205 3612 2286 ἕτερον
3670 2206 3893 2277 καθάπαξ

2245 2292 2693 2371 ἀπηγορευμένον
2740 2301 2859 2358 τοῖς
2912 2296 3178 2373 Πατράσιν
3240 2297 3450 2372 αὐτοῖς,
3512 2300 3613 2368 τὴν
3671 2316 3893 2374 προανα-

2244 2385 2632 2457 γεγραμμένην
2692 2385 2868 2459 ψῆρόν
2925 2407 2984 2441 τε
3042 2386 3132 2441 καὶ
3197 2385 3497 2457 καταδίκην
3570 2387 3893 2463 ἐπάγοντες,

2246 2471 2621 2546 ἀποτέμνομεν
2682 2480 2784 2542 τῆς
2838 2479 2946 2529 τῶν
3009 2474 3311 2551 ὀρθοδόξων
3380 2474 3715 2550 όλομελείας
3750 2521 3764 2547 ,
3817 2473 3897 2529 καὶ

2244 2559 2661 2637 ἀποκηρύκτους
2718 2569 2820 2631 τῆς
2874 2568 2972 2618 τοῦ
3046 2568 3182 2619 Θεοῦ
3255 2564 3593 2637 Ἐκκλησίας
3669 2564 3758 2619 καὶ
3807 2568 3896 2632 τῆς

2242 2649 2487 2723 ποίμνης
2519 2650 2845 2724 ποιούμεθα.

2315 2735 2377 2797 δ’.
2408 2743 2534 2802 Τοῖς
2564 2738 2749 2802 αὐτοῖς
2798 2735 3322 2815 διαϐεϐαιουμένοις,
3375 2744 3459 2807 ὡς
3502 2740 3595 2799 διὰ
3642 2747 3738 2799 τοῦ
3785 2742 3900 2797 Υίοῦ

2241 2826 2331 2881 καὶ
2363 2825 2423 2882 ἐκ
2475 2833 2572 2882 τοῦ
2629 2828 2759 2883 Υἰοῦ
2813 2830 2913 2899 τὴν
2972 2828 3195 2908 ὕπαρξιν
3253 2827 3369 2907 ἔχει
3422 2832 3489 2888 ἐκ
3518 2837 3616 2889 τοῦ
3647 2829 3899 2907 Πατρὸςὸ

2244 2915 2628 2993 ΙΙαράκλητος,
2669 2917 2759 2973 καὶ
2810 2918 2885 2981 είς
2934 2918 3114 2975 πίστιν
3165 2919 3330 2976 πάλιν
3381 2920 3555 2978 τοῦδε
3601 2916 3902 2999 προϐαλλο-

2245 3007 2429 3079 μένοις
2481 3008 2603 3079 την,
2665 3030 2693 3057 ‹‹
2751 3005 2836 3063 ὅτι
2894 3004 2984 3063 διά
3032 3012 3130 3064 τοῦ
3186 3010 3316 3064 Υἰοῦ
3355 3011 3457 3065 καὶ
3517 3010 3578 3066 ἐκ
3635 3014 3731 3067 τοῦ
3786 3008 3902 3063 Υἰοῦ

2244 3094 2496 3171 ὑπάρχει.
2533 3123 2561 3149 ››
2595 3095 2748 3151 ἐνίων
2802 3098 3041 3175 γραφήν,
3090 3098 3125 3168 ἢ
3176 3119 3241 3174 γε
3289 3100 3380 3153 καὶ
3447 3097 3621 3172 δηλοῖ
3670 3101 3764 3175 μὲν
3810 3098 3901 3167 τὴν

2244 3183 2439 3240 ἐκεῖθεν
2495 3184 2658 3240 αὐτοῦ
2719 3183 2991 3261 ἔκλαμψιν
3052 3187 3140 3242 καὶ
3217 3186 3532 3265 φανέρωσιν
3570 3208 3583 3220 ·
3646 3187 3717 3246 δι’
3788 3187 3904 3243 Υἰοῦ

2243 3275 2344 3350 γὰρ
2377 3272 2843 3349 ὁμολογουμένως
2898 3274 3057 3339 αὐτὸς
3106 3272 3297 3339 ἀϊδίως
3350 3273 3642 3353 ἐκλάμπει
3676 3278 3764 3334 καὶ
3795 3277 3908 3333 ἀνα-

2244 3358 2510 3418 δείκνυται
2560 3363 2588 3417 6
2642 3361 3024 3440 ΙΙαράκλητος,
3087 3363 3268 3440 ὥσπερ
3328 3364 3389 3421 ἐκ
3449 3373 3551 3424 τοῦ
3611 3367 3778 3440 ἡλίου
3826 3363 3906 3421 διὰ

2242 3453 2342 3520 τῆς
2388 3450 2606 3515 ἀκτῖνος
2661 3453 2723 3508 τὸ
2782 3457 2917 3531 φῶς·
2981 3451 3149 3525 δηλοῖ
3206 3452 3264 3510 δέ
3314 3456 3408 3510 καὶ
3466 3459 3573 3529 τήν
3632 3458 3710 3521 εἰς
3767 3460 3906 3531 ἡμᾶς

2244 3539 2513 3616 χορηγίαν
2565 3538 2655 3595 καί
2707 3538 2852 3597 δόσιν
2902 3542 2992 3598 καὶ
3042 3540 3380 3615 ἀποστολήν·
3450 3546 3515 3601 οὐ
3572 3548 3683 3621 μὴν
3732 3542 3790 3601 δὲ
3827 3540 3909 3598 καὶ

2245 3628 2327 3684 ὅτι
2361 3629 2641 3708 ὑφίσταται
2675 3627 2745 3685 δι’
2796 3631 2925 3687 Υἰοῦ
2972 3632 3063 3687 καὶ
3114 3631 3166 3704 ἐξ
3216 3633 3367 3706 Υἰοῦ,
3422 3634 3518 3690 καὶ
3571 3636 3639 3691 νδι
3683 3635 3814 3692 εἶναι
3853 3629 3913 3687 δι’

2245 3718 2409 3773 αὐτοῦ
2466 3718 2555 3773 καὶ
2612 3720 2739 3793 παρ’
2800 3719 2965 3776 αὐτοῦ
3025 3717 3335 3795 λαμϐάνει,
3390 3722 3700 3801 ἐπειδήπερ
3781 3722 3915 3798 εἶχεν

2246 3806 2303 3861 ἂν
2365 3802 2533 3871 ὅντως
2588 3807 2679 3863 καὶ
2735 3809 2894 3864 αὐτὸν
2966 3810 3059 3865 τὸν
3116 3811 3240 3867 Υἱὸν
3300 3809 3483 3869 ἀίει-ιον
3565 3814 3658 3870 καὶ
3722 3811 3915 3888 ἀρχὴν,

2245 3895 2424 3971 ὥσπερ
2474 3894 2541 3966 δὴ
2592 3897 2681 3952 καὶ
2730 3897 2888 3954 αὐτὸν
2930 3899 3021 3954 τὸν
3081 3900 3313 3974 Πατέρα,
3361 3899 3461 3958 ’ίνα
3513 3905 3594 3977 μὴ
3653 3902 3803 3978 λέγω
3839 3896 3921 3954 καὶ

2250 3983 2462 4059 μᾶλλον
2490 3990 2586 4040 τοῦ
2618 3987 2832 4064 ΙΙατρὸς
2859 3988 2949 4042 τὸν
2996 3988 3146 4057 Υἰὸν,
3197 3985 3347 4066 εἷίπερ
3398 3990 3453 4063 ἐξ
3509 3992 3575 4047 οῦ
3625 3993 3730 4062 τὴν
3759 3988 3925 4063 ὕπαρ-

2245 4075 2321 4145 ξιν
2367 4071 2588 4131 (ἑκαστον
2643 4072 2788 4151 ἔχειν
2840 4074 3081 4152 λέγεται,
3134 4077 3307 4134 ἐκεῖνο
3358 4080 3455 4135 καί
3512 4083 3701 4159 ἀρχὴν
3758 4077 3923 4134 πλου-

2243 4170 2351 4220 τεῖν
2410 4165 2501 4219 καὶ
2560 4162 2730 4221 αἶ’τιον
2786 4170 2883 4221 τοῦ
2945 4167 3078 4222 εἶναι
3134 4168 3515 4226 πεπίστευταιο
3586 4172 3808 4233 τούτοις
3863 4165 3926 4221 τὰ

2242 4257 2468 4308 τοιαῦτα
2521 4253 2610 4308 καὶ
2671 4259 2930 4332 φρονοῦσι
2988 4256 3078 4311 καὶ
3138 4254 3386 4332 λέγουσι,
3454 4262 3562 4331 τήν
3624 4276 3923 4338 προαναγε-

2244 4343 2568 4417 γραμμένην
2646 4343 2827 4422 ψῆφόν
2902 4366 2962 4400 τε
3032 4344 3122 4400 καὶ
3193 4344 3501 4421 καταδικην
3580 4349 3878 4426 ἐπάγοντες
3909 4388 3926 4416 ,

2244 4430 2619 4506 ἀποτέμνομεν
2676 4440 2777 4504 τῆς
2833 4438 2939 4489 τῶν
3010 4432 3316 4510 ὀρθοδόξων
3383 4436 3735 4513 ὁλομελείας
3770 4486 3786 4511 ,
3843 4432 3927 4491 καὶ

2246 4519 2661 4597 άποκηρύκτους
2722 4530 2823 4594 τῆς
2901 4527 2996 4578 τοῦ
3055 4529 3189 4579 Θεοῦ
3266 4526 3617 4600 Ἐκκλησίας
3684 4527 3777 4584 καὶ
3832 4529 3927 4594 τῆς

474 4640 655 4676 σουσιν
690 4665 705 4691 ,
763 4617 1158 4690 ἀποτέμνοντες
1232 4613 1430 4677 αὐτοὺς
1506 4614 1681 4677 οὕτως
1741 4612 1973 4690 ἔχοντας
2028 4621 2131 4685 τῆς
2161 4633 2209 4697 D
2243 4609 2484 4684 ποίμνης
2513 4610 2840 4685 ποιούμεθα.

473 4713 582 4765 τῶν
634 4704 936 4781 ὀρθοδόξων
999 4702 1351 4778 ὀλομελείας,
1418 4703 1508 4759 καὶ
1561 4703 1979 4781 άποκηρύκτους
2024 4710 2126 4774 τῆς

472 4800 571 4852 τοῦ
623 4799 756 4851 Θεοῦ
802 4791 1129 4863 Ἐκκλησίας
1187 4790 1277 4846 καὶ
1328 4798 1429 4861 τῆς
1487 4791 1727 4864 ποίμνης
1781 4791 2124 4865 ποιούμεθα.

547 4885 612 4961 β’.
661 4888 748 4956 Τῷ
795 4882 941 4954 αὐτῷ
970 4881 1062 4936 σὺν
1115 4885 1235 4943 τοῖς
1291 4881 1407 4955 μετ’
1456 4879 1623 4935 αὐτοῦ
1680 4884 1936 4935 τοσοῦτον
1990 4882 2127 4957 πρὸς

464 4976 566 5047 τὴν
606 4969 980 5040 ἀποπολικήν
1041 4970 1570 5047 ἀποθρασυνομένοις
1620 4968 1945 5045 ὁμολογίαν,
1991 4969 2130 5025 ὥστε

466 5057 878 5141 παρεμϐάλλειν
936 5059 987 5114 ἐν
1044 5058 1203 5129 αὐτῇ,
1262 5057 1295 5113 ἃ
1355 5059 1487 5132 μήθ’
1545 5060 1598 5112 οἱ
1649 5056 1967 5113 διδάσκαλοι
2023 5065 2126 5128 τῆς

468 5150 797 5223 Ἐκκλησίας
874 5146 1191 5225 παρέδωκαν
1227 5194 1243 5220 ,
1302 5149 1430 5221 μήθ’
1505 5146 1669 5220 ἡμεὶς
1744 5149 1871 5224 παρ’
1949 5147 2123 5203 αὐτων

463 5234 848 5318 παρελάϐομεν
921 5239 1020 5306 τήν
1107 5237 1702 5313 προαναγεγραμμένην
1782 5240 1964 5315 ψῆφον
2035 5238 2125 5292 καὶ

463 5327 755 5399 καταδίκην
811 5327 1096 5404 ἐπάγοντες
1157 5324 1537 5398 ἀποτέμνομεν
1594 5331 1696 5395 τῆς
1752 5330 1859 5381 τῶν
1902 5322 2127 5403 ὀρθοδό-

460 5420 564 5490 ξων
623 5416 953 5492 ὁλομελείας
986 5461 1002 5488 ,
1051 5416 1144 5470 καὶ
1192 5412 1610 5487 άποκηρύκτους
1666 5416 1767 5483 τῆς
1833 5420 1930 5469 τοῦ
1985 5418 2122 5469 Θεοῦ

459 5506 786 5580 Ἐκκλησίας
816 5505 906 5561 καὶ
934 5511 1038 5574 τῆς
1068 5503 1310 5577 ποίμνης
1339 5502 1669 5576 ποιούμεθα.

526 5599 592 5675 γ’,
630 5601 757 5658 Τοῖς
806 5594 992 5656 αὐτοῖς
1047 5591 1274 5667 λέγουσι
1340 5592 1434 5665 μὶν
1494 5590 1577 5665 ὅτι
1636 5592 1664 5645 ὁ
1711 5591 1903 5667 Ιιατήρ
1939 5588 2116 5655 αἱτιός

454 5685 566 5755 ἐστι
621 5690 719 5743 τοῦ
770 5683 1084 5764 ΙΙνεύματος
1139 5679 1229 5741 διὰ
1282 5685 1380 5738 τοῦ
1436 5681 1587 5759 Υἱοῦ,
1646 5678 1736 5738 καὶ
1784 5680 1862 5759 μὴ
1922 5677 2117 5748 ἄλλως

2310 4700 2366 4753 ε’.
2426 4704 2550 4761 Τοῖς
2622 4699 2808 4764 αὐτοῖς
2866 4700 3190 4780 φάσκουσιν,
3252 4703 3325 4767 ὡς
3391 4708 3428 4775 ἡ
3496 4704 3593 4762 διὰ
3650 4706 3918 4782 πρόθεσις

2241 4788 2554 4863 ἁπανταχοῦ
2611 4796 2711 4859 τῆς
2771 4788 3061 4867 θεολογίας
3118 4790 3454 4867 ἷ’σοδύναμός
3517 4795 3637 4852 ἐστι
3699 4800 3772 4871 τῇ
3830 4793 3923 4861 ἐκ,

2238 4876 2328 4931 καὶ
2361 4874 2450 4931 διὰ
2493 4882 2657 4933 τοῦτο
2700 4876 3206 4956 διισχυριζομένοις
3270 4880 3446 4956 μηδὲν
3506 4882 3794 4964 διαφέρειν
3845 4879 3929 4936 διὰ

2237 4970 2333 5020 τοῦ
2392 4966 2519 5021 Υὶοῦ
2579 4966 2961 5045 ἐκπορεύεσθαι
3020 4968 3198 5045 λέγειν
3255 4972 3318 5026 τὸ
3380 4979 3666 5049 Πνεῦμα,
3727 4976 3822 5030 καὶ
3876 4969 3932 5026 ἐκ

2236 5060 2332 5110 τοῦ
2372 5057 2500 5111 Υἱοῦ
2558 5055 2963 5134 ἐκπορεύεσθαι,
3016 5060 3299 5115 κάντεῦθεν
3357 5059 3787 5142 ἀναμφιϐόλως
3842 5059 3929 5116 καὶ

2237 5144 2458 5221 ὕπαρξιν
2538 5152 2617 5218 τῷ
2692 5146 2968 5219 ΙΙνεύματι
3034 5147 3094 5203 ἐκ
3150 5154 3249 5204 τοῦ
3309 5150 3449 5205 Υἱοῦ
3512 5152 3609 5208 καὶ
3674 5152 3932 5209 οὐσίωσιν

2236 5234 2479 5308 νέμουσι⁸
2538 5236 2628 5290 καὶ
2687 5236 2723 5305 ἢ
2784 5237 2845 5291 τὸ
2891 5233 3067 5292 διττὸν
3117 5245 3218 5308 τῆς
3267 5237 3456 5302 αἰτίας
3504 5242 3863 5318 συνάγουσιν,
3894 5236 3928 5305 ἢ

2233 5324 2296 5378 τὸ
2327 5324 2525 5379 ένιαῖον
2566 5319 2683 5397 μέν·
2716 5322 2864 5395 πλὴν
2915 5326 3007 5381 τὸν
3048 5327 3173 5382 Υἰὸν
3219 5331 3300 5399 τῷ
3349 5329 3539 5407 ΙΙατρὶ
3594 5332 3719 5388 κατ’
3772 5326 3930 5386 αὐτδν

2236 5410 2301 5483 δὴ
2350 5417 2543 5469 τοῦτον
2591 5413 2683 5469 τὸν
2734 5421 2833 5485 τῆς
2882 5414 3059 5478 αἰτίας
3112 5414 3279 5492 λόγον
3331 5419 3741 5489 συνάπτουσιν,
3797 5420 3925 5487 ὅπερ

2233 5502 2515 5580 ἀμφότερα
2588 5504 2766 5575 πάσης
2852 5502 3207 5584 βλασφημίας
3283 5505 3551 5565 ἐπέκεινα
3604 5530 3617 5543 ·
3679 5509 3747 5560 οὐ
3821 5502 3923 5580 γάρ

2233 5590 2375 5646 ἐστιν
2432 5591 2483 5647 ἐν
2536 5597 2606 5668 τῇ
2662 5590 2850 5668 Τριάδι
2913 5594 3070 5672 ἑτέρα
3124 5615 3208 5657 τις
3270 5593 3580 5656 ὑπόστασις
3628 5594 3784 5668 παρὰ
3825 5593 3923 5662 τὴν

2229 5685 2328 5737 τοῦ
2359 5681 2598 5768 Πατρὸς,
2658 5681 2709 5757 ἐξ
2765 5684 2832 5756 ἧς
2883 5682 2943 5739 ἂν
2996 5681 3079 5761 εἴη
3128 5686 3248 5748 τοῖς
3296 5679 3639 5761 ὁμοουσίοις
3689 5681 3921 5769 ὕπαρξις
