4108 6466
246 511 356 576 241
383 517 390 524 ’

1485 511 1819 578 SGRIPTA
1863 510 2436 577 APOLOGETICA.

3550 507 3672 573 242

249 646 333 703 καὶ
386 641 679 709 οὑσίωσις·
717 644 856 702 κατά
907 641 965 702 δὶ
1021 645 1122 717 τήν
1180 643 1365 717 κοινῆν
1410 654 1512 718 τῆς
1577 644 1901 718 Ἐκκλησίας
1932 654 1983 716 Α
2015 664 2146 700 πον·
2182 642 2265 701 δεῖ
2291 646 2395 722 γὰρ
2428 641 2531 722 ἄρα
2558 643 2626 701 10‘:
2659 643 2751 719 μὶν
2798 640 2888 700 καί
2935 640 3065 700 αὑτὸ
3120 641 3184 700 τὸ
3232 645 3454 718 Πνεῦμα
3495 640 3666 700 αἴτιόν

256 733 423 810 δόξαν,
478 735 571 792 καὶ
641 735 773 799 τοὺς
843 735 1093 799 εἰπόντας
1154 736 1363 813 ἁγίους,
1410 737 1532 813 ῥίζα
1595 736 1685 792 καὶ
1748 738 1897 813 πηγὴ

259 826 379 880 Υἰοῦ
419 825 505 881 καὶ
559 824 880 893 Πνεύματος
926 826 955 881 6
996 827 1207 903 Πατὴρ,
1239 827 1329 881 καὶ
1391 826 1527 900 μόνη
1586 828 1741 902 πηγή
1798 832 1899 895 τῆς

262 909 502 985 θεότητος
544 915 572 969 6
626 916 841 989 Πατὴρ,
901 915 991 970 καὶ
1054 914 1216 989 μόνος
1272 914 1485 979 0:331:00“
1546 915 1591 970 εἰ
1649 917 1753 991 γὰρ
1811 914 1901 969 καὶ

264 1000 351 1058 διὰ
393 1009 483 1058 τοῦ
510 1005 639 1058 Υἱοῦ
688 1005 837 1080 παρά
884 1025 992 1059 τισι
1037 1009 1145 1060 τῶν
1196 1004 1365 1080 ἁγίων
1414 1004 1790 1082 ἐκπορεύεσθαι
1838 1004 1901 1059 τὸ

263 1097 473 1167 Πνεῦμα
518 1094 581 1148 τὸ
642 1093 795 1170 ἅγιον
859 1090 1222 1170 εἴ’ρηται,τὴν
1252 1092 1328 1156 εῗς
1387 1091 1565 1149 ἀίδιον
1627 1090 1899 1173 ἔκφανσιν,

258 1185 292 1252 ἡ
325 1180 394 1237 δι’
420 1182 543 1236 Υἱοῦ
600 1181 753 1253 λέξις
814 1180 1038 1237 ἐνταῦθα
1088 1181 1149 1237 o6
1195 1183 1294 1252 τὴν
1342 1182 1419 1245 εἰς
1447 1183 1511 1238 τὸ
1542 1182 1677 1238 εἶναι
1734 1183 1903 1238 καθα-

256 1270 378 1345 ροὺς
405 1270 692 1345 σημαίνειν
728 1269 985 1348 βούλεται
1022 1268 1259 1348 πρόοδον
1304 1276 1405 1327 τοῦ
1450 1271 1509 1327 ἐκ
1553 1273 1762 1349 Πατρὸς
1800 1273 1900 1341 τὴν

253 1359 463 1436 ὕπαρξιν
524 1358 753 1436 ἔχοντος
813 1359 1153 1435 Πνεύματος,
1212 1361 1328 1417 ἐπεὶ
1378 1362 1633 1440 ἀφῃρεῖτο
1692 1361 1751 1417 ἃν
1807 1361 1899 1417 τὸν

247 1450 452 1524 Πατέρα
497 1449 563 1505 τὸ
618 1448 783 1523 μόνον
838 1446 1010 1506 αἴτιον
1061 1449 1212 1521 εἶναι,
1244 1450 1335 1505 καὶ
1381 1450 1553 1525 μόνην
1582 1451 1770 1527 πηγὴν
1800 1457 1900 1521 τῆς

240 1533 517 1611 θεότητος,
553 1539 844 1616 ἀπήλεγχε
890 1536 948 1595 δὲ
993 1540 1083 1595 καὶ
1138 1541 1230 1595 τὸν
1290 1541 1562 1619 φάσκοντα
1618 1540 1899 1618 θεολόγον,

238 1625 418 1684 Πάντα
448 1627 552 1684 ὅσα
580 1627 700 1704 ἔχει
733 1629 762 1684 6
794 1630 1003 1704 Πατὴρ,
1048 1633 1146 1686 τοῦ
1186 1630 1315 1684 Υἱοῦ
1354 1627 1502 1699 πλὴν
1550 1636 1650 1700 τῆς
1699 1628 1898 1699 αἰτίας,

240 1716 337 1774 ούκ
392 1716 581 1789 ἀληθῆ
650 1717 952 1795 θεολόγον*
1003 1717 1223 1782 τούτοις
1282 1718 1426 1774 οὕτω
1484 1720 1745 1798 φάσκουσι
1799 1721 1900 1790 τὴν

239 1807 735 1884 ἀναγεγραμμένην
803 1807 982 1886 ψῆφόν
1047 1828 1107 1863 τε
1164 1807 1255 1863 καὶ
1331 1805 1624 1880 καταδίκην
1680 1807 1900 1886 ἐπάγον-

234 1917 343 1969 τες,
400 1897 783 1972 ἀποτέμνομεν
840 1904 944 1967 τῆς
1001 1901 1109 1951 τῶν
1178 1895 1484 1974 ὀρθοδόξων
1545 1897 1894 1972 ὁλομελείας,

232 1984 325 2040 καὶ
373 1984 795 2063 ἀποκηρύκτους
842 1992 943 2056 τῆς
988 1988 1086 2041 τοῦ
1134 1990 1268 2042 Θεοῦ
1296 1984 1623 2057 Ἐκκλησίας
1669 1985 1760 2043 καί
1795 1995 1896 2060 τῆς
1931 2023 1980 2090 Β

234 2072 491 2147 ποίμνης
521 2073 853 2148 ποιούμεθα.

307 2165 375 2227 ς’.
417 2168 549 2226 Τοῖς
604 2162 792 2226 αὐτοῖς
843 2160 1346 2240 διισχυριζομένοις
1390 2163 1465 2227 ὡς
1507 2166 1543 2235 ἡ
1592 2164 1690 2239 μία
1747 2164 1903 2221 οὐσία

227 2252 324 2307 καὶ
393 2251 591 2323 θεότης
643 2252 857 2330 Πατρὸς
914 2252 1003 2308 καὶ
1063 2254 1192 2308 Υἰοῦ
1238 2259 1340 2323 τῆς
1409 2258 1508 2309 τοῦ
1583 2252 1901 2329 Πνεύματος

230 2341 522 2419 ὑπάρξεώς
571 2340 714 2397 ἐστιν
781 2339 948 2415 αἰτία,
996 2340 1128 2419 ὅπερ
1177 2338 1354 2405 οὐδεὶς
1401 2346 1508 2397 τῶν
1567 2347 1690 2398 νοῦν
1746 2342 1901 2419 ἐχόν-

222 2452 338 2485 των
403 2428 669 2486 οὗδέποτε
716 2427 843 2485 οῦδε
872 2429 1130 2505 εἰρηκὼς,
1181 2427 1305 2486 οὔτε
1363 2432 1645 2510 φροντίσας
1701 2432 1896 2511 ἐφάνη·

221 2517 360 2576 οὐδὲ
390 2521 497 2596 γάρ
533 2518 672 2575 ἐστιν
706 2521 741 2590 ἡ
770 2521 928 2590 κοινὴ
981 2519 1136 2576 ούσία
1190 2521 1281 2576 καὶ
1339 2521 1496 2599 φύσις
1554 2522 1901 2587 ὑποστάσεως

219 2609 401 2680 αἰτία,
438 2609 557 2665 ἐπεὶ
619 2606 764 2680 μηδὲ
812 2611 1109 2684 γεννητική
1159 2630 1311 2681 ποτε,
1345 2607 1471 2665 οὐδὲ
1522 2606 1899 2686 προϐλητική,

217 2697 366 2769 αὕτη
404 2699 442 2767 ἡ
494 2698 656 2767 κοινὴ
703 2696 859 2753 οὐσία
905 2696 1109 2775 πέφυκε
1154 2702 1263 2754 τῶν
1317 2693 1562 2773 ἀτόμων,
1593 2703 1628 2771 ἡ
1681 2698 1738 2756 δὲ
1790 2707 1902 2775 μετ’

220 2784 560 2860 ἰδιωμάτων
620 2784 801 2854 οὐσία,
844 2784 970 2856 ἥτις
1017 2791 1200 2866 σαφῶς
1246 2788 1384 2842 κατά
1427 2789 1519 2843 τὸν
1572 2789 1739 2866 μέγαν
1792 2788 1904 2845 Μά-

212 2879 387 2950 ξιμον
453 2874 627 2945 αύτῆν
689 2872 863 2946 δηλοῖ
906 2878 1008 2947 τήν
1067 2874 1383 2932 ὑπόστασιν*
1437 2875 1583 2933 ἀλλὰ
1640 2879 1731 2935 καὶ
1785 2880 1901 2935 κατ’

207 2966 391 3021 αὐτὸν
448 2963 516 3035 δὴ
570 2964 664 3021 τὸν
729 2964 896 3040 μέγαν
945 2963 1228 3021 Βασίλειον
1258 2987 1271 3002 ο
1329 2965 1576 3031 κάκεῖνος
1624 2969 1729 3047 γὰρ
1775 2969 1903 3025 ὑπό-

205 3076 415 3112 στασιν
465 3053 710 3133 ὁρίζεται
762 3053 900 3110 εἰναι
945 3056 1044 3125 τὴν
1101 3056 1165 3110 τὸ
1221 3050 1403 3111 κοινόν
1448 3077 1508 3111 τε
1562 3057 1652 3112 καὶ
1710 3057 1899 3137 ἀπερί-

206 3166 474 3222 γραπτον
537 3143 591 3200 ἐν
641 3148 723 3217 τῷ
767 3164 875 3199 τινι
925 3145 1207 3220 πράγματι
1258 3142 1348 3200 διὰ
1390 3150 1499 3201 τῶν
1548 3144 1901 3227 ἐπιφαινομέ-

210 3254 336 3287 νων
374 3230 697 3306 ἰδιωμάτων
749 3237 1086 3309 περιστῶσαν
1146 3235 1235 3289 καὶ
1294 3236 1765 3314 περιγράφουσαν·
1813 3234 1904 3292 διὰ

214 3326 402 3377 τοῦτο
434 3322 519 3376 καὶ
542 3323 606 3377 τὸ
652 3329 755 3393 τῆς
795 3321 980 3385 οὐσίας
1031 3319 1236 3397 ἄτομον
1283 3323 1364 3379 ἀεὶ
1412 3320 1788 3401 προϐάλλεται
1837 3328 1900 3382 τὸ

2011 757 2157 797 τινος
2205 736 2360 809 εἶναι,
2393 736 2486 790 τὸν
2532 735 2692 790 αὐτὸν
2745 738 2824 808 τῷ
2867 734 3037 810 Πατρὶ
3093 740 3194 805 τῆς
3247 733 3456 813 φύσεως
3511 730 3670 810 δεχό-

2018 845 2173 898 μενον
2226 823 2409 901 λόγον,
2446 821 2691 900 δεύτερον
2728 821 2786 879 δὲ
2828 824 2920 879 καὶ
2966 824 3041 886 εἰς
3089 821 3304 894 πλῆθος
3353 822 3671 901 προχωρεῖν

2012 920 2115 983 τῆς
2165 913 2371 977 αἰτίαν
2424 912 2543 969 ὅσαι
2596 915 2697 991 γὰρ
2747 921 2851 984 τῆς
2897 913 3108 992 φύσεως
3164 913 3485 990 μετέχουσιν
3535 914 3666 969 ὑπο-

2012 1002 2367 1072 στάσεις,καὶ
2418 1009 2520 1073 τῆς
2579 1002 2751 1065 αἰτίας
2788 1002 3133 1077 μεθέξουσιν”
3183 1002 3274 1058 καὶ
3324 1001 3507 1078 τρίτον
3564 1003 3666 1073 τήν

2011 1094 2199 1162 κοινὴν
2261 1092 2442 1148 οὐσίαν
2512 1094 2604 1148 καὶ
2664 1092 2818 1171 φύσιν
2880 1093 3223 1154 ὑποστάσεως
3278 1091 3449 1148 αἰτίαν
3510 1091 3665 1165 εἶναι,

2013 1178 2145 1258 ὅπερ
2193 1182 2330 1244 ἅπας
2400 1181 2792 1258 ἀπαγορεύεται
2852 1180 3042 1258 λόγος,
3093 1181 3184 1236 καὶ
3233 1179 3367 1252 αὐτή
3419 1201 3483 1257 γε
3536 1180 3671 1255 μετά

2013 1275 2108 1326 τοῦ
2166 1269 2403 1346 λόγουή
2436 1270 2621 1350 φύσιςο
2680 1268 2897 1333 τούτοις
2948 1270 3096 1325 οὕτω
3153 1264 3354 1325 ἕκτοπα
3409 1274 3672 1350 φρονοῦσι

2012 1360 2102 1417 καὶ
2168 1367 2273 1430 τῆς
2332 1359 2589 1431 ἀληθείας
2648 1358 2938 1438 ἀλλότρια,
2992 1361 3093 1431 τὴν
3144 1359 3665 1438 προαναγεγραμμέ-

2011 1471 2109 1520 νην
2166 1449 2347 1528 ψῆφόν
2401 1471 2462 1506 τε
2507 1450 2597 1505 καὶ
2654 1447 2948 1521 καταδίκην
2999 1449 3313 1525 ἐπάγοντες,
3364 1448 3666 1523 ἀποτέμνο-

2018 1559 2112 1612 μεν
2167 1546 2269 1610 τῆς
2324 1542 2434 1595 τῶν
2492 1537 2793 1616 ὀρθοδόξων
2850 1537 3200 1613 ὑλομελείας,
3244 1539 3335 1594 καὶ
3386 1538 3669 1617 ἀποκηρύ-

2012 1648 2174 1691 κτους
2230 1635 2333 1698 τῆς
2387 1634 2486 1684 τοῦ
2543 1633 2677 1685 Θεοῦ
2735 1626 3058 1700 Ἐκκλησίας
3115 1629 3205 1684 καὶ
3256 1635 3357 1699 τῆς
3420 1627 3666 1703 ποίμνης

2010 1715 2335 1790 ποιούμεθα.

2081 1806 2144 1865 θ’.
2175 1810 2299 1869 Τοῖς
2333 1805 2518 1870 αὐτοῖς
2549 1805 2824 1884 λέγουσιν,
2864 1806 2940 1868 ὡς
2988 1805 3078 1863 ἐπὶ
3132 1812 3235 1877 τῆς
3294 1803 3663 1883 δημιουργίας

2009 1897 2045 1965 ἡ
2078 1892 2168 1950 διὰ
2195 1899 2292 1951 τοῦ
2324 1897 2453 1951 Υἰοῦ
2484 1898 2639 1975 φωνή
2672 1894 2916 1968 δήλωσιν
2981 1897 3076 1971 μὲν
3119 1902 3218 1966 τῆς
3263 1916 3661 1974 προκαταρκτι-

2009 1991 2114 2056 κῆς
2138 1983 2315 2048 αἰτίας
2344 1983 2482 2062 ἔχει,
2517 1985 2583 2041 o6
2613 1986 2719 2060 μὴν
2754 1983 2811 2042 δὲ
2862 1985 2951 2042 καὶ
3004 1986 3097 2042 τὸν
3158 1986 3279 2040 Υἱὸν
3340 1983 3541 2064 διαιρεῖ
3564 1989 3663 2042 τοῦ

2011 2070 2352 2151 δημιουργὸν
2384 2076 2474 2130 καὶ
2514 2070 2686 2131 αἰίτιον
2738 2075 2871 2131 εἶναι
2911 2080 3019 2131 τῶν
3053 2072 3124 2132 δι’
3154 2074 3320 2131 αὑτοῦ
3356 2075 3661 2153 γεγονότων

2008 2164 2344 2238 κτισμάτων,
2377 2163 2520 2219 οὕτω
2562 2161 2628 2234 δὴ
2684 2164 2773 2220 καὶ
2818 2164 2906 2220 ἐπὶ
2960 2170 3065 2235 τῆς
3122 2162 3411 2241 θεολογίας
3470 2164 3661 2240 αὐτῆς,

2012 2253 2186 2308 εἶκαὶ
2237 2252 2468 2330 ἀρχικὸν
2519 2252 2690 2309 αἶ’τιον
2743 2254 2876 2309 Υἰοῦ
2913 2253 3004 2310 καὶ
3052 2253 3368 2329 Πνεύματος
3416 2255 3445 2309 6
3474 2256 3664 2333 Πατὴρ

2012 2340 2253 2417 λέγεται,
2284 2340 2375 2397 καί
2404 2340 2494 2398 διὰ
2537 2347 2635 2398 τοῦ
2664 2344 2794 2399 Υἱοῦ
2848 2348 2946 2399 τοῦ
3001 2342 3318 2418 Πνεύματός
3379 2342 3519 2400 ἐστιν
3582 2342 3667 2401 αἷ-

2009 2452 2148 2503 τιον,
2182 2431 2281 2487 οὐκ
2338 2430 2396 2486 ἂν
2456 2429 2751 2507 διαιρεθείη
2782 2437 2881 2488 τοῦ
2938 2433 3149 2509 Πατρὸς
3201 2433 3229 2488 6
3269 2433 3395 2496 Υἰὸς
3451 2433 3539 2490 ἐπὶ
3597 2438 3666 2509 τῇ

2010 2520 2233 2598 προόδῳ
2279 2525 2375 2575 τοῦ
2430 2520 2774 2595 Πνεύματος·
2822 2525 2992 2577 ταῦτα
3047 2519 3105 2577 δὲ
3163 2519 3406 2597 λέγουσι,
3441 2522 3531 2579 καὶ
3586 2527 3668 2597 τῷ

2010 2609 2181 2688 Πατρὶ
2213 2608 2541 2688 παραλόγως
2589 2610 2681 2666 τὸν
2742 2611 2864 2666 Υἲὸν
2925 2610 3013 2666 ἐπὶ
3068 2615 3147 2683 τῷ
3201 2615 3299 2667 τοῦ
3351 2610 3665 2686 Πνεύματος

2011 2699 2172 2773 αἰτίῳ
2226 2701 2581 2755 συνάπτουσιν
2609 2718 2622 2733 ⁵
2657 2697 2784 2756 οὐδὲ
2836 2702 2940 2777 γὰρ
2992 2699 3039 2754 εἰ
3079 2697 3421 2777 δημιουργὸς
3454 2702 3482 2756 6
3538 2700 3664 2764 Υἱὸς

2008 2793 2116 2843 τῶν
2178 2786 2249 2843 δι’
2298 2788 2463 2844 αὐτοῦ
2519 2788 2825 2866 γεγονότων
2887 2787 3067 2865 ὥσπερ
3125 2790 3216 2845 καὶ
3247 2790 3275 2844 6
3307 2791 3517 2868 Πατὴρ,
3549 2787 3661 2862 ἤδη

2009 2879 2100 2934 καὶ
2128 2882 2226 2934 τοῦ
2268 2878 2583 2952 Πνεύματος
2632 2875 2827 2949 αἷίτιος,
2863 2876 2947 2935 6'1:
2992 2872 3302 2955 προϐολεὺς
3352 2881 3451 2933 τοῦ
3498 2877 3666 2935 Πνεύ-

2017 2987 2183 3042 ματος
2216 2963 2287 3022 δι’
2317 2965 2481 3021 αὑτοῦ
2533 2965 2673 3021 ἐστιν
2708 2967 2737 3021 6
2768 2967 2979 3044 Πατὴρ,
3014 2963 3141 3022 οὐδὲ
3182 2964 3346 3022 πάλιν
3395 2965 3479 3023 6'1:
3524 2987 3662 3040 προ-

2011 3050 2209 3117 ϐολεῦς
2257 3059 2353 3111 τοῦ
2402 3054 2719 3129 Πνεύματος
2777 3052 2847 3110 δι’
2904 3054 3068 3111 αὐτοῦ
3115 3055 3244 3111 Υἱοῦ
3293 3054 3434 3112 ἐστιν
3483 3056 3512 3111 6
3560 3062 3669 3113 Πα-

2010 3146 2136 3222 τὴρ,
2169 3142 2280 3216 ἤδη
2312 3144 2403 3199 καὶ
2456 3141 2524 3200 δι’
2562 3143 2726 3200 αὑτοῦ
2784 3140 2957 3208 αἴτιός
2998 3143 3109 3200 ἐστι
3167 3148 3264 3200 τοῦ
3320 3143 3666 3221 Πνεύματος·

2008 3235 2108 3304 τὴν
2140 3236 2242 3312 γὰρ
2273 3233 2350 3297 εἰς
2394 3232 2644 3312 ἕκφανσιν
2706 3232 2927 3289 ἐνταῦθα
2974 3232 3064 3289 καὶ
3122 3229 3395 3310 ἕκλάμψιν
3456 3236 3518 3291 o6
3566 3237 3668 3306 τὴν

2012 3324 2089 3387 εἰς
2144 3325 2207 3380 τὸ
2266 3324 2398 3380 εἶναι
2449 3320 2685 3400 πρόοδον
2714 3326 2749 3394 ἡ
2788 3321 2918 3378 «δι’
2964 3324 3095 3379 Υἱοῦ
3126 3347 3154 3376 ››
3189 3323 3346 3402 ῥῆσις
3399 3324 3669 3401 παρίστη-

216 3410 468 3486 ἆτομον,
500 3411 572 3474 ὡς
617 3411 684 3466 τὸ
730 3411 1070 3488 γεννώμενον
1130 3392 1263 3466 εἶναι
1312 3411 1402 3467 καὶ
1448 3392 1511 3467 τὸ
1558 3409 1899 3488 προϐάλλον,
1932 3392 1975 3460 C
2013 3434 2123 3467 σιν·
2183 3413 2219 3482 ἢ
2277 3414 2380 3489 γὰρ
2442 3392 2502 3468 ἂν
2580 3411 2681 3468 οὑκ
2739 3392 3094 3490 -εὗαρίθμητα
3172 3392 3488 3491 ἐτύγχανεν.
3519 3392 3667 3488 ὄντα,

211 3500 303 3564 ὡς
354 3501 425 3556 16
464 3495 951 3577 προϐαλλόμενον,
985 3500 1196 3578 Πατρὸς
1248 3498 1306 3556 δὲ
1347 3501 1438 3556 καὶ
1494 3503 1645 3573 Υἰοῦ,
1678 3506 1713 3574 ἡ
1747 3503 1903 3560 οὐσία

209 3590 350 3665 μία,
381 3592 480 3645 καὶ
513 3589 628 3666 οὐχ
652 3590 730 3652 ὡς
761 3588 909 3653 ὅλως
941 3586 1177 3664 ἄτομον·
1228 3589 1445 3654 τούτοις
1495 3591 1668 3655 οὕτως
1728 3590 1904 3649 ἄτοπα

210 3679 638 3759 βλασφημοῦσι
684 3680 787 3749 τήν
831 3679 1425 3757 προαναγεγραμμένην
1476 3681 1657 3760 ψῆφόν
1706 3704 1766 3738 τε
1811 3683 1902 3739 καὶ

204 3768 532 3841 καταδίκην
596 3768 907 3845 ἐπάγοντες,
969 3769 1348 3844 ἀποτέμνομεν
1404 3778 1506 3841 τῆς
1570 3776 1679 3828 τῶν
1743 3772 1899 3848 ὀρθο-

206 3856 397 3932 δὸξιην
453 3857 817 3933 ὁλομελείας,
864 3859 955 3913 καὶ
1009 3858 1425 3933 ἀποκηρύκτους
1470 3867 1569 3930 τῆς
1613 3866 1711 3916 τοῦ
1767 3866 1901 3919 Θεοῦ

206 3944 574 4017 Ἐκκλησίας
607 3945 700 4002 καί
725 3953 827 4018 τῆς
854 3946 1099 4021 ποίμνης
1128 3946 1455 4020 ποιούμεθα.

288 4039 359 4108 ζ’.
390 4041 525 4099 Τοῖς
577 4034 787 4107 αὐτοῖς,
821 4034 904 4091 6'1:
954 4037 982 4091 6
1023 4037 1211 4111 Πατὴρ
1255 4034 1346 4092 καί
1376 4038 1404 4092 6
1436 4037 1562 4100 Υἱὸς
1608 4043 1688 4111 τῷ
1740 4038 1901 4113 αἰτίῳ

205 4129 555 4181 κοινωνοῦσι
619 4128 718 4180 τοῦ
786 4122 1105 4199 Πνεύματος
1160 4122 1603 4202 δογματίζουσιν,
1663 4127 1771 4204 οὐχ
1827 4129 1903 4191 ὡς

211 4214 396 4291 ἀρχαὶ
430 4212 534 4269 δύο
563 4214 658 4268 καὶ
691 4210 838 4269 αἶ’τια
868 4210 966 4269 δύο
992 4231 1004 4244 ·
1036 4213 1127 4268 καὶ
1157 4212 1241 4268 6'1:
1290 4214 1428 4270 κατὰ
1474 4220 1732 4272 τοσοῦτον
1782 4238 1899 4273 κοι-

212 4309 389 4359 νωνεῖ
417 4305 448 4360 6
480 4303 613 4366 Υἱὸς
643 4307 722 4376 τῷ
750 4302 922 4379 Πατρὶ
968 4304 1086 4358 καθ’
1122 4302 1246 4359 ὅσον
1299 4302 1438 4359 ἐστὶν
1490 4308 1623 4375 ἧκον
1674 4306 1751 4369 εἰς
1797 4309 1898 4377 τὴν

214 4389 334 4465 διὰ,
380 4393 675 4455 κάντεῦθεν
736 4389 998 4472 διαφορὰν
1053 4398 1155 4463 τῆς
1203 4391 1376 4456 αἰτίας
1435 4398 1532 4448 τοῦ
1584 4397 1899 4469 Πνεύματος

212 4482 363 4536 κατᾶ
407 4482 516 4550 τήν
580 4484 689 4535 τῶν
759 4480 1067 4559 προθέσεων
1130 4480 1339 4537 τούτων
1395 4479 1655 4561 διαφοράν
1698 4505 1758 4540 τε
1809 4484 1900 4542 καὶ

212 4567 457 4644 δύναμιν
509 4568 882 4645 ἐπεισάγουσι,
933 4570 1023 4625 καὶ
1077 4568 1267 4634 ἄλλως
1323 4571 1419 4645 μὲν
1479 4569 1649 4628 αἴτιον
1708 4573 1783 4636 ὡς
1842 4573 1902 4630 ἐκ

211 4663 316 4714 τοῦ
349 4658 534 4735 λόγου
561 4658 655 4714 τὸν
692 4659 925 4733 Πατέρα,
953 4657 1142 4722 ἄλλως
1198 4657 1257 4715 δὲ
1301 4659 1394 4715 τὸν
1448 4661 1593 4734 Υἰὸν,
1625 4662 1716 4717 καὶ
1766 4683 1898 4741 φρο-

2012 3499 2111 3556 ὅσα
2167 3500 2402 3557 ἐντεῦθεν
2461 3502 2736 3580 συνάγεται
2800 3502 3003 3558 ἄτοπα·
3061 3500 3210 3573 πλὴν
3267 3502 3485 3567 τούτοις
3533 3501 3669 3560 ἀλο-

2011 3590 2212 3667 γίστως
2241 3595 2409 3646 ταῦτα
2439 3589 2685 3667 λέγουσι,
2716 3591 2807 3647 καὶ
2858 3597 2977 3655 τοῖς
3030 3595 3138 3647 τῶν
3199 3591 3368 3669 ἁγίων
3428 3592 3669 3671 ῥήμασιν

2013 3678 2417 3758 έπιφυομένοις,
2483 3681 2573 3735 καὶ
2649 3678 3016 3760 βλασφημιῶν
3084 3680 3320 3737 ἐντεῦθεν
3389 3682 3670 3737 ἀνακινοῦ-

2014 3790 2095 3824 σιν
2143 3769 2330 3844 ἐσμὸν,
2387 3771 2485 3839 τήν
2563 3770 3166 3848 προαναγεγραμμένην
3232 3770 3415 3849 ψῆφόν
3472 3792 3533 3828 τε
3580 3770 3673 3827 καὶ

2010 3858 2302 3931 κατανίκην
2336 3859 2646 3937 ἐπάγοντες,
2687 3858 3067 3935 ἀποτέμνομεν
3115 3865 3217 3929 τῆς
3269 3863 3376 3915 τῶν
3440 3857 3669 3935 ὀρθοδό-

1960 3958 1961 3961 “
2012 3949 2115 4022 ξων
2168 3945 2519 4022 ὁλομελείας,
2576 3948 2666 4004 καὶ
2750 3948 3168 4025 ἀποκηρύκτους
3223 3954 3325 4019 τῆς
3382 3953 3481 4004 τοῦ
3537 3954 3676 4006 Θεοῦ

2013 4034 2337 4109 Ἐκκλησίας
2365 4037 2456 4093 καί
2486 4037 2729 4112 ποίμνης
2760 4036 3084 4112 ποιούμεθα.

2085 4128 2135 4182 ι’.
2168 4131 2292 4190 Τοῖς
2348 4126 2534 4190 αὐτοῖς
2594 4125 2677 4181 6'1:
2731 4127 2848 4183 καθ’
2878 4126 2936 4181 ’ὀν
2994 4125 3195 4202 τρόπον
3246 4127 3403 4203 πηγὴ
3456 4132 3602 4199 ζωῆς
3632 4129 3669 4199 ἡ

2010 4216 2282 4293 Παρθένος
2337 4216 2426 4271 καὶ
2478 4215 2738 4279 Θεοτόκος
2800 4214 3148 4289 ὀνομάζεται,
3199 4213 3343 4271 οῦτω
3400 4212 3467 4286 δὴ
3519 4215 3609 4272 καὶ
3641 4218 3671 4273 6

2009 4307 2135 4369 Υἱὸς
2184 4306 2337 4383 πηγὴ
2394 4311 2540 4376 ζωῆς
2582 4304 2927 4378 ὀνομάζεται,
2968 4302 3254 4382 λέγουσιν·
3312 4307 3348 4376 ἡ
3409 4302 3468 4360 δὲ
3518 4311 3671 4384 Παρ-

2012 4396 2162 4460 θένος
2204 4394 2348 4450 οὕτω
2399 4393 2612 4471 λέγεται
2663 4393 2755 4450 διὰ
2804 4395 2868 4449 τὸ
2914 4398 2994 4467 τῷ
3050 4398 3329 4472 μονογενεῖ
3364 4393 3524 4472 Λόγῳ
3567 4391 3667 4470 ἔμ-

2010 4487 2187 4561 ψυχον
2240 4483 2411 4559 σάρκα
2469 4481 2704 4538 δανεῖσαι
2763 4485 2941 4559 ψυχῇ,
2974 4479 3176 4559 λογικῇ
3223 4503 3283 4539 τε
3337 4484 3428 4538 καὶ
3483 4490 3668 4559 νοερᾷ,

2008 4574 2100 4629 καὶ
2158 4572 2302 4628 αἰτία
2351 4572 2517 4629 αὐτοῦ
2566 4575 2665 4628 τοῦ
2717 4572 2853 4647 μετά
2893 4571 3125 4647 Χριστὸν
3170 4571 3460 4647 ἀνθρώπου
3514 4571 3669 4650 γενέ-

2010 4663 2151 4731 σθαι,
2182 4661 2273 4717 καὶ
2307 4661 2335 4716 6
2366 4661 2490 4724 Υἱὸς
2526 4658 2629 4738 ἄρα
2655 4667 2776 4724 τοῖς
2825 4661 2925 4729 τήν
2988 4660 3132 4730 ζωὴν
3194 4659 3272 4723 εἰς
3329 4661 3392 4716 τὸ
3445 4665 3668 4737 Πνεῦμα

214 4753 377 4803 νοῦσι
437 4747 535 4804 καὶ
575 4745 825 4823 λέγουσι,
881 4748 973 4804 καί
1035 4750 1264 4823 ἀριθμὸν
1311 4749 1500 4805 αἰτίων
1551 4756 1647 4806 τοῦ
1698 4749 1898 4808 λοιποῦ
1928 4767 1976 4833 D
2005 4751 2069 4806 16
2114 4749 2264 4827 ἅγιον
2321 4745 2745 4824 ἐκλαμϐάνουσι,
2797 4750 2933 4805 κατὰ
2981 4749 3075 4804 τὸν
3120 4755 3223 4819 τῆς
3269 4749 3445 4812 αἰτίας
3496 4748 3662 4826 λόγον

209 4838 306 4893 καὶ
356 4835 584 4909 πλῆθος
643 4841 743 4892 τοῦ
790 4836 1111 4912 Πνεύματος
1161 4836 1499 4917 ἐπιφέρουσι,
1551 4838 1646 4895 κᾶν
1710 4842 1899 4918 μυριά-

210 4948 302 4990 κις
374 4930 547 4982 τοῦτο
617 4925 1061 5003 ἀπαγορεύσωσι,
1117 4927 1219 4996 τὴν
1294 4925 1898 5005 προαναγεγραμμένην

211 5014 410 5095 ψῆφύν
468 5036 536 5071 τε
611 5015 704 5070 καὶ
779 5013 1076 5088 καταδίκην
1153 5016 1460 5093 ἐπάγοντες,
1516 5016 1894 5093 ἀποτέμνομεν

211 5112 317 5175 τῆς
375 5109 492 5161 τῶν
555 5101 864 5180 ὄρθοδόξων
925 5102 1273 5179 ὑλομελείας,
1334 5106 1424 5160 καὶ
1481 5105 1895 5185 ἀποκηρύκτους

210 5196 311 5264 τῆς
371 5198 475 5250 τοῦ
517 5198 659 5251 Θεοῦ
720 5192 1051 5265 Ἐκκλησίας
1103 5192 1193 5249 καὶ
1241 5200 1341 5265 τῆς
1399 5194 1643 5268 ποίμνης
1700 5194 1893 5251 ποιού-

223 5294 375 5354 μεθα.

288 5375 359 5441 η’.
388 5379 516 5438 Τοῖς
570 5371 768 5433 αὐτοῖς
821 5367 1267 5446 διατεινομένοις,
1301 5369 1383 5427 6'1:
1415 5372 1443 5427 6
1475 5374 1663 5450 Πατὴρ
1720 5370 1895 5437 αἴτιος

228 5461 319 5512 τοῦ
346 5463 498 5537 ἁγίου
533 5460 887 5535 Πνεύματος,
921 5459 982 5515 06
1030 5464 1110 5532 τῷ
1152 5458 1308 5536 λόγῳ
1363 5469 1464 5531 τῆς
1523 5462 1893 5535 ὑποστάσεως,

2009 4840 2255 4915 εἰρῆσθαι
2312 4840 2466 4915 πηγή
2531 4843 2678 4909 ζωῆς
2726 4840 3081 4909 νοηθήσεταιο
3130 4836 3347 4901 τούτοις
3406 4838 3456 4912 ἐξ
3516 4840 3663 4895 ἀνοι-

2005 4928 2166 4984 κείων
2218 4927 2393 4991 οῦτως
2453 4928 2776 5001 ὁμοιώσεών
2827 4946 2887 4982 τε
2941 4926 3031 4981 καὶ
3090 4924 3507 5003 ὑποδειγμάτων
3564 4929 3662 4993 τὰς

2005 5015 2303 5090 ἀποδείξεις
2330 5021 2427 5073 τοῦ
2481 5021 2759 5072 κοινωνεῖν
2805 5020 2885 5088 τῷ
2932 5015 3103 5092 Πατρὶ
3140 5016 3231 5071 τὸν
3262 5016 3385 5072 Υἰὸν
3445 5015 3534 5072 ἐπὶ
3589 5021 3659 5093 τῇ

2008 5107 2227 5185 ὑπάρξει
2294 5111 2391 5162 τοῦ
2450 5104 2766 5180 Πνεύματος
2823 5103 3206 5179 ποιουμένοις·
3255 5105 3347 5160 καὶ
3392 5105 3493 5183 γὰρ
3553 5106 3661 5184 οὐχ

2005 5197 2143 5268 ὡςὴ
2179 5194 2447 5273 Παρθένος
2495 5196 2648 5272 πηγὴ
2703 5200 2850 5265 ζωῆς
2909 5190 3144 5270 εἷ’ρηται,
3177 5193 3321 5249 οὕτω
3372 5192 3439 5265 δὴ
3487 5195 3578 5250 καὶ
3629 5197 3657 5252 6

2007 5286 2312 5362 μονογενὴς
2366 5289 2464 5339 τοῦ
2521 5288 2656 5339 Θεοῦ
2714 5282 2890 5360 Λόγος
2938 5283 3094 5358 πηγὴ
3130 5287 3276 5353 ζωῆς
3312 5283 3655 5358 ὀνομάζεται,

2004 5372 2155 5450 εἷ’περ
2222 5373 2401 5445 ἐκείνη
2466 5374 2559 5447 μὲν
2610 5371 2694 5428 6'1:
2741 5370 2792 5445 ἐξ
2824 5370 2993 5441 αὐτῆς
3022 5374 3058 5442 ἡ
3091 5366 3262 5435 ὅντως
3324 5372 3460 5445 ζωὴ,
3494 5371 3655 5438 αὐτὸς

2003 5464 2032 5518 6
2059 5468 2158 5519 τοῦ
2198 5467 2332 5520 Θεοῦ
2362 5461 2538 5540 Λόγος
2587 5462 2676 5518 καὶ
2727 5462 2856 5524 Θεὸς
2908 5459 3168 5533 ἀληθινὸς
3214 5459 3470 5538 ἐγεννήθη
3520 5464 3659 5517 κατά

221 5550 295 5620 τῷ
340 5547 393 5607 δὲ
451 5552 617 5627 λόγῳ
675 5555 782 5620 τῆς
842 5548 1077 5626 φύσεως,
1137 5550 1228 5603 καὶ
1286 5549 1347 5605 ἐκ
1400 5550 1595 5606 τούτου
1651 5552 1741 5606 καὶ
1799 5552 1890 5606 τὸν
1998 5551 2062 5606 16
2094 5551 2458 5628 ἀνθρώπινον,
2491 5552 2583 5606 καὶ
2615 5550 2749 5622 αὐτή
2804 5571 2868 5626 γε
2904 5552 3005 5620 τῆς
3051 5549 3195 5614 θείας
3244 5549 3410 5605 αὑτοῦ
3459 5552 3656 5628 σαρκὸς

218 5639 327 5695 Πόν
356 5640 693 5718 ἀναγκαίως
749 5634 928 5692 αἶ’τιον
989 5633 1450 5715 ἀποφαινομένοις
1500 5643 1599 5693 τοῦ
1651 5640 1895 5714 Πνεύμα-

210 5749 312 5806 τος,
340 5734 437 5789 τὸν
481 5728 661 5787 αὐτὸν
696 5724 906 5801 ἔχοντα
961 5729 1041 5799 τῷ
1089 5726 1260 5802 Πατρὶ
1295 5733 1398 5797 τῆς
1443 5726 1654 5804 φύσεως
1703 5727 1888 5805 λόγον,

202 5821 283 5877 καὶ
314 5825 394 5899 μή
450 5820 781 5897 συνορῶσιν
846 5811 973 5867 ὅσον
1026 5813 1090 5868 16
1149 5812 1384 5873 ἐντεῦθεν
1438 5816 1704 5891 ἑπόμενον
1760 5816 1886 5872 ἅτο·

2003 5640 2237 5717 ὑπῆρξεν
2295 5640 2460 5711 αἰτία,
2495 5640 2523 5694 ὁ
2554 5640 2680 5702 Υἰὸς
2712 5637 2771 5694 δὲ
2824 5640 2981 5715 πηγή
3042 5644 3209 5711 ζωῆς,
3241 5637 3325 5693 ὅτι
3380 5644 3499 5702 τοῖς
3550 5640 3654 5695 ὑπὸ

1997 5736 2100 5798 τῆς
2177 5730 2444 5807 ἁμαρτίας
2517 5729 2938 5806 νενεκρωμένοις
3011 5731 3148 5802 ἡμῖν
3212 5725 3388 5792 αἴτιος
3447 5728 3653 5804 ὑπῆρξε

2005 5821 2170 5891 ζωῆς,
2228 5819 2317 5874 καὶ
2378 5818 2561 5896 ὥσπερ
2617 5841 2669 5875 τι
2730 5817 2904 5897 ῥεῦμα
2959 5816 3159 5889 ταύτην
3226 5821 3478 5892 ποταμοῦ
3532 5823 3648 5881 τοῖς
