4108 6456
428 527 547 589 243

1465 527 1787 591 GEORGII
1831 525 2094 589 CYPBII
2138 525 2258 586 GP.
2305 523 2839 587 PATRIARCILE

3721 524 3830 583 244

424 664 586 714 πᾶσιν
666 658 941 735 ἐπήγαγεν
968 676 981 690 ⁶
1040 659 1132 715 καὶ
1204 658 1286 716 ὅτι
1342 666 1461 724 τοῖς
1518 660 1678 716 αὐτὸν
1737 659 2080 715 πιστεύουσιν
2113 660 2169 726 Α
2196 657 2316 721 κίας
2349 657 2582 714 ἐντεῦθεν
2625 654 2931 730 οἰκοδομεῖ,
2965 654 3065 711 οὐκ
3111 650 3234 710 οἰδα
3259 646 3519 730 τίὲτερον
3568 651 3833 727 ἐσομένας,

431 748 506 810 ὡς
556 748 663 803 ἀπὸ
711 756 899 824 πηγῆς
947 748 1113 820 αὐτῆς
1171 750 1262 806 καὶ
1313 748 1383 804 δι’
1431 750 1597 805 αὐτοῦ
1653 755 1977 827 χορηγεῖται
2025 748 2088 803 τὰ

431 841 673 911 Πνεῦμα,
706 837 797 892 καὶ
850 838 984 908 αὐτή
1036 859 1099 913 γε
1142 841 1177 908 ἡ
1211 838 1374 915 χάρις
1424 834 1715 909 ἀναϐλύζει
1765 844 1863 894 τοῦ
1917 838 2088 895 Πνεύ-

437 947 629 1000 ματος,
690 926 814 996 ἥτις
886 925 1040 983 οὐδὲν
1092 926 1298 997 καινὸν,
1359 925 1483 985 οὔτε
1540 936 1644 998 τῆς
1691 934 1798 984 τῶν
1862 934 2086 1007 Γραφῶν

434 1015 718 1086 συνηθείας
758 1014 1073 1092 ἀλλότριον,
1131 1017 1217 1073 ἐὰν
1276 1019 1427 1095 ἅγιον
1486 1018 1799 1092 ὁμωνύμως
1852 1018 2089 1088 καλῆται

430 1109 677 1179 Πνεῦμα·
739 1106 1031 1161 οἰκειοῦται
1098 1109 1201 1182 γὰρ
1261 1105 1399 1162 ἔστιν
1461 1107 1553 1163 ὅτε
1608 1107 1697 1163 καὶ
1756 1110 1791 1177 ἡ
1854 1106 2092 1183 ἐνέργεια

430 1199 529 1249 τοῦ
561 1194 904 1270 ἐνεργοῦντος
935 1197 1035 1265 τὴν
1082 1194 1281 1266 κλῆσιν
1311 1220 1324 1231 ’
1373 1195 1558 1273 ὥσπερ
1609 1194 1747 1267 δῆτα
1792 1197 1883 1251 καὶ
1930 1196 2093 1266 ἥλιον

433 1281 713 1347 πολλάκις
738 1286 839 1355 τὴν
871 1284 1033 1355 ἡλίον
1065 1286 1238 1362 αὐγὴν
1270 1287 1361 1342 καὶ
1394 1285 1727 1361 λαμπηδόνα
1757 1284 1933 1363 λέγειν
1994 1286 2095 1342 οὐκ

435 1372 803 1447 ἀναινόμεθα’
861 1374 1080 1438 τούτοις
1161 1376 1305 1431 οὕτω
1362 1377 1742 1453 συμπεραίνειν
1805 1379 1896 1432 καὶ
1954 1398 2092 1451 συμ-

436 1457 676 1532 ϐιϐάζειν
733 1464 802 1518 τά
860 1461 1122 1537 μηδόλως
1204 1465 1480 1544 πεφυκότα
1564 1464 1933 1544 φιλονεικοῦσι
1990 1466 2091 1535 τήν

434 1553 1037 1629 προαναγεγραμμένην
1114 1555 1294 1634 ψῆφόν
1348 1577 1408 1610 τε
1459 1556 1551 1611 καὶ
1601 1554 1896 1627 καταδίκην
1969 1555 2094 1611 ἐπά-

435 1662 648 1717 γοντες,
680 1641 1057 1716 ἀποτέμνομεν
1084 1650 1188 1712 τῆς
1235 1648 1342 1699 τῶν
1378 1642 1681 1719 ὀρθοδόξων
1734 1643 2092 1717 ὁλομελείας,

435 1731 526 1786 καὶ
602 1730 1020 1807 ἀποκηρύκτους
1093 1735 1193 1801 τῆς
1264 1738 1361 1787 τοῦ
1427 1737 1562 1789 Θεοῦ
1617 1731 1947 1804 Ἐκκλησίας
1998 1735 2088 1790 καὶ

435 1826 538 1890 τῆς
569 1820 812 1893 ποίμνης
836 1819 1161 1894 ποιούμεθα.

511 1910 597 1965 ια’.
629 1914 756 1971 Τοῖς
813 1907 999 1972 αὐτοῖς
1056 1910 1152 1971 τὰς
1208 1915 1315 1964 τῶν
1372 1910 1543 1986 ἁγίων
1603 1912 1783 1989 φωνὰς
1842 1911 1905 1966 οὐ
1954 1914 2091 1987 πρὸς

2201 747 2249 802 εἷ’
2279 748 2356 820 μὴ
2388 748 2485 816 τὴν
2529 744 2740 818 στήλην
2796 746 2926 823 φαίη
2986 745 3076 800 καὶ
3129 742 3410 821 τρόπαιον,
3439 743 3538 811 τὴν
3598 742 3690 816 μὲν
3743 749 3838 812 τῆς

2201 836 2508 915 ἀφροσύνης
2539 836 2703 891 αὑτοῦ
2732 837 2965 912 κήρυκα,
2994 832 3057 889 τὸ
3085 831 3143 889 δὲ
3191 830 3435 904 δήλωσιν
3485 836 3583 886 τοῦ
3640 831 3840 907 ἀγῶνος

2199 926 2385 997 αὑτοῦ,
2418 927 2477 981 ’ὸν
2521 926 2657 982 κατὰ
2700 932 2803 995 τῆς
2848 926 3040 980 ἐαυτοῦ
3086 922 3359 997 σωτηρίας
3405 922 3721 998 ἠγώνισται.
3756 921 3848 976 Διά

2197 1021 2359 1071 τοῦτο
2391 1016 2480 1071 καὶ
2513 1015 2647 1071 αύτὰ
2674 1015 2741 1070 τὰ
2772 1011 3021 1089 δόγματα
3048 1018 3165 1076 τοῖς
3209 1013 3414 1067 ἑαυτῶν
3443 1012 3684 1088 Πατράσι
3733 1032 3851 1086 συγ-

2200 1104 2666 1178 καταδικάζοντες,
2714 1104 2969 1178 κρίνομεν
3034 1103 3108 1165 ὡς
3168 1101 3401 1173 ἐκείνων,
3447 1099 3592 1156 οὕτω
3641 1098 3707 1169 δὴ
3767 1100 3852 1155 καὶ

2202 1194 2376 1250 αὐτῶν
2431 1194 2492 1250 ἐκ
2536 1201 2635 1263 τῆς
2689 1191 3016 1264 Ἐκκλησίας
3063 1192 3124 1247 τὸ
3159 1190 3506 1265 μνημόσυνον
3566 1188 3856 1245 ἀπολέσθαι

2206 1285 2341 1357 μετᾶ
2366 1282 2534 1361 ⁴ἤχου.
2568 1284 2828 1339 Ἀκανθαι
2858 1281 2962 1358 γάρ
3021 1282 3153 1337 εἰσιν
3208 1279 3376 1336 οἱονεὶ
3432 1279 3527 1334 καὶ
3583 1273 3852 1355 τρίϐολοι,

2203 1375 2263 1429 ἐκ
2319 1373 2461 1436 θείας
2517 1374 2970 1450 παραχωρήσεως
3024 1375 3094 1446 τῇ
3150 1368 3423 1447 ζωηφόρῳ
3480 1374 3586 1437 τῆς
3630 1364 3859 1437 Ἐκκλη-

2204 1464 2319 1526 σίας
2350 1464 2659 1541 ἀναφυεῖσαι
2684 1462 2881 1538 χώρᾳ·
2940 1460 2975 1529 ἦ
3023 1460 3115 1514 καὶ
3168 1458 3376 1528 ζιζάνια
3422 1456 3643 1533 πονηρά
3702 1457 3859 1510 ὁποῖα

2200 1558 2279 1626 τῷ
2309 1555 2527 1626 καθαρῷ
2564 1556 2662 1607 τοῦ
2712 1547 3057 1627 Εὐαγγσλίου
3116 1548 3249 1621 σίτῳ
3309 1547 3508 1624 ἐχθρὸς
3564 1545 3859 1618 ἐνέσπειρεν

2203 1642 2505 1719 ἄνθρωπος,
2543 1643 2643 1711 τὴν
2697 1640 2905 1716 ἀνοχὴν
2952 1643 3050 1694 τοῦ
3112 1635 3452 1699 ἐκδικοῦντος
3529 1641 3667 1692 Θεοῦ
3730 1631 3863 1691 εὔθε-

2201 1754 2293 1787 τον
2353 1731 2598 1809 εὑρηκὼς
2653 1736 2756 1799 τῆς
2805 1728 3135 1804 κακουργίας
3182 1725 3392 1802 καιρόν.
3426 1725 3495 1780 Εἰ
3543 1722 3604 1780 δὲ
3657 1723 3863 1799 βούλει,

2203 1822 2347 1878 ὃκαὶ
2381 1818 2595 1895 μᾶλλον
2652 1823 2722 1893 τῇ
2768 1816 3009 1894 πονηρίᾳ
3063 1816 3405 1894 προσέοικεν,
3467 1812 3709 1891 ἐχιδνῶν
3770 1812 3866 1869 εἰσι

2202 1905 2550 1989 θανατηφόρα
2611 1910 2938 1984 γεννήματα,
2998 1907 3089 1961 καὶ
3145 1904 3282 1961 κατὰ
3337 1905 3437 1973 τὴν
3495 1904 3721 1980 Γραφὴν
3781 1899 3868 1978 ἔγ-

432 1998 524 2053 τὸν
587 1998 744 2075 ὀρθὸν
800 2004 903 2068 τῆς
952 1995 1283 2069 Ἐκκλησίας
1362 2001 1560 2055 σκοπὸν
1630 1995 2090 2075 ἐκλαμϐάνουσιν,
2122 2034 2170 2099 Β
2202 2021 2335 2077 γονα
2386 1996 2741 2076 βασιλίσκων,
2783 1998 3010 2061 θάνατον
3064 1994 3242 2069 ἁπάσῃ
3289 1997 3360 2069 τῇ
3410 1991 3874 2099 προσπελαζούοῃ

435 2084 563 2142 οὐδὲ
619 2087 971 2162 θεραπεύουσι
1001 2087 1065 2142 τὸ
1094 2084 1288 2143 δοκοῦν
1347 2088 1733 2164 προσίστασθαι
1803 2091 1941 2145 κατὰ
1994 2092 2091 2153 τὰς

434 2177 803 2250 πνευματικὰς
869 2176 1218 2252 παραδόσεις,
1278 2179 1367 2232 καὶ
1441 2178 1537 2241 τὰς
1603 2178 1791 2241 κοινὰς
1863 2179 1988 2256 περί
2038 2200 2098 2234 τε

439 2269 575 2321 Θεοῦ
602 2264 692 2318 καὶ
722 2268 830 2319 τῶν
861 2262 1020 2319 θείων
1068 2261 1395 2338 ὑπολήψεις,
1442 2263 1588 2320 ἀλλὰ
1628 2265 1763 2341 πρός
1809 2287 1926 2321 τινα
1971 2270 2092 2321 νοῦν

435 2352 710 2425 ἀπᾴδοντα
780 2357 888 2409 τῶν
958 2354 1332 2429 προκειμένων
1410 2354 1573 2416 αὐτὰς
1626 2350 2023 2428 ἐκϐιϐάζουσιν,
2056 2356 2092 2425 ἢ

437 2442 628 2517 ψιλαῖς
662 2443 847 2506 αὐταῖς
892 2445 1248 2520 προσέχουσι,
1280 2443 1371 2498 καὶ
1419 2445 1557 2521 πρὸς
1624 2442 1802 2521 δόγμα
1858 2445 2093 2501 ἐντεῦθεν

439 2531 825 2612 ἐκφερομένοις
914 2531 1231 2609 ἀλλότριον,
1315 2534 1415 2602 τὴν
1495 2534 2091 2610 προαναγεγραμμένην

439 2622 623 2700 ψῆφόν
677 2643 737 2676 τε
808 2621 900 2676 καὶ
971 2618 1268 2693 καταδίκην
1346 2620 1651 2698 ἐπάγοντες,
1713 2621 2091 2696 ἀποτέμνομεν

434 2718 537 2781 τῆς
591 2714 699 2766 τῶν
760 2708 1065 2787 ὀρθοδόξων
1121 2708 1472 2784 ὁλομελείας,
1528 2711 1619 2765 καὶ
1678 2708 2092 2786 ἄποκηρύκτους

439 2806 541 2870 τῆς
600 2804 698 2854 τοῦ
755 2804 890 2855 Θεοῦ
920 2799 1249 2870 Ἐκκλησίας
1305 2799 1396 2854 καὶ
1453 2806 1555 2869 τῆς
1603 2798 1846 2872 ποίμνης
1902 2799 2093 2855 ποιού-

443 2891 601 2963 μεθα.

505 2976 683 3034 Ἀλλά
731 2977 801 3033 τὰ
860 2978 955 3050 μὲν
1013 2982 1118 3032 τῶν
1180 2978 1674 3054 ἀναγεγραμμένων
1723 2978 1815 3033 καὶ
1860 2975 1970 3050 ἤδη
2005 2978 2093 3034 ἐκ-

437 3067 864 3143 κεκηρυγμένων
896 3066 1197 3143 ἀνθρώπων
1240 3064 1490 3142 δόγματα
1541 3067 1714 3129 οὕτως
1772 3066 1890 3144 ἔχει
1923 3066 2091 3143 βλασ-

433 3156 668 3234 φημίας,
721 3155 895 3218 οὕτως
952 3152 1070 3231 ἔχει
1120 3155 1332 3223 κακίας,
1375 3155 1519 3211 οὕτω
1555 3161 1654 3211 τοῦ
1714 3155 2093 3227 ἐκκλησιαστι-

432 3248 534 3299 κοῦ
590 3244 924 3299 παντάπασιν
984 3243 1234 3300 ἐκπίπτει
1290 3247 1667 3323 φρονήματος,
1727 3244 1821 3300 κᾶν
1879 3247 1907 3300 ὁ
1962 3246 2091 3301 τού-

431 3354 541 3389 των
597 3334 779 3411 πατήρ
838 3332 1053 3406 Βέκκος,
1112 3333 1208 3388 κᾶν
1242 3333 1424 3410 έτερός
1454 3354 1538 3396 τις
1578 3338 1686 3389 τῶν
1719 3332 2090 3407 σπουδαστῶν,

432 3427 540 3479 τῶν
596 3404 766 3498 ἁγίων
825 3404 1148 3499 φρονήματα
1201 3404 1370 3478 ταῦτα
1448 3422 1579 3478 εἶναι
1665 3404 2092 3500 διισχυρίζηται,
2125 3404 2167 3470 C

433 3513 742 3590 συκοφάτην
789 3511 946 3567 αὐτὸν
1009 3509 1231 3581 ἀληθῶς
1287 3517 1395 3568 τῶν
1457 3511 1623 3587 ἁγίων
1682 3512 1772 3567 καὶ
1834 3508 2090 3588 ὑϐριστὴν

433 3601 696 3677 ἡγητέον.
731 3605 845 3656 Ποῦ
874 3603 974 3677 γὰρ
1006 3601 1060 3655 οἱ
1100 3600 1354 3680 θεοφόροι
1406 3601 1498 3656 τὸν
1555 3601 1683 3656 Θεὸν
1734 3603 1826 3657 καὶ
1883 3601 2097 3679 Πατέρα

435 3688 527 3746 διὰ
579 3694 678 3745 τοῦ
735 3690 865 3745 Υἱοῦ
924 3687 1101 3745 αἰίτιον
1153 3694 1252 3745 τοῦ
1305 3689 1621 3763 Πνεύματος
1681 3687 1914 3769 ἔφασαν;
1981 3696 2095 3747 Ποῦ

433 3779 525 3835 τὸν
594 3776 959 3854 Παράκλητον
1020 3778 1190 3847 εἶπον,
1251 3779 1312 3835 ἐκ
1362 3784 1461 3835 τοῦ
1515 3781 1645 3834 Υἱοῦ
1704 3780 1795 3835 καὶ
1854 3777 1943 3835 διὰ
1997 3785 2094 3836 τοῦ

434 3869 567 3924 Υἱοῦ
625 3865 771 3945 ἔχειν
832 3870 932 3939 τήν
980 3867 1241 3946 ὕπαρξιν;
1292 3872 1406 3924 Ποῦ
1459 3865 1518 3923 δὲ
1568 3869 1734 3925 πάλιν
1790 3868 1949 3926 αὑτὸν
2005 3871 2097 3926 τὸν

436 3957 797 4035 Παράκλητον
826 3956 886 4013 ἐκ
938 3962 1037 4013 τοῦ
1094 3957 1309 4034 Πατρὸς
1362 3957 1453 4012 καὶ
1512 3956 1572 4013 ἐκ
1619 3963 1717 4013 τοῦ
1777 3960 1906 4014 Υἱοῦ
1948 3958 2093 4035 ἔχειν

433 4048 535 4116 τὴν
596 4045 862 4120 ὕπαρξιν;
920 4050 1034 4101 Ποῦ
1088 4047 1188 4115 τὴν
1248 4046 1371 4120 μίαν
1440 4045 1625 4101 οὐσίαν
1698 4048 1787 4102 καὶ
1867 4048 2099 4119 θεότητα

439 4136 653 4212 Πατρὸς
710 4136 800 4190 καὶ
861 4136 990 4190 Υἱοῦ
1043 4134 1216 4190 αἰτίαν
1273 4142 1375 4205 τῆς
1453 4136 1726 4212 ὑπάρξεως
1789 4142 1885 4192 τοῦ
1944 4137 2097 4214 ἁγίου

439 4225 760 4298 Πνεύματος
822 4221 1363 4299 ἐδογμάτισαν;Τὴν
1420 4221 1478 4279 δὲ
1531 4226 1798 4301 πατρικὴν
1863 4226 2096 4282 ὑπόστα-

442 4335 522 4369 σιν
577 4313 662 4376 τίς
718 4334 854 4369 ποτε
906 4313 997 4368 καὶ
1049 4312 1101 4368 ἐν
1149 4313 1330 4375 ποίοις
1390 4312 1554 4368 αὐτοῦ
1609 4314 1941 4391 συντάγμασι
1999 4316 2098 4371 τοῦ

445 4404 522 4476 μὴ
582 4402 753 4476 μόνην
814 4402 988 4458 αἰτίαν
1050 4402 1184 4457 εἷναι
1243 4404 1373 4457 Υἱοῦ
1422 4403 1512 4458 καὶ
1570 4402 1885 4477 Πνεύματος
1962 4406 2100 4475 ἀπη-

439 4491 705 4568 γόρευσε;
753 4490 846 4553 Τίς
902 4490 993 4545 καί
1048 4491 1140 4545 τὸν
1201 4490 1412 4567 Πατέρα
1459 4488 1629 4547 αἰίτιον
1704 4500 1921 4570 φρονεῖν
2001 4500 2099 4549 τοῦ

443 4579 782 4653 Πνεύματος,
824 4579 886 4635 οὐ
941 4583 1021 4651 τῷ
1080 4577 1231 4656 λόγῳ
1284 4586 1385 4649 τῆς
1429 4581 1786 4652 ὑποστέσεως,
1820 4581 1967 4638 άλλὰ
2021 4588 2100 4656 τῷ

444 4668 602 4743 λόγῳ
629 4676 731 4739 τῆς
790 4668 1003 4747 φύσεως
1059 4666 1423 4743 ἐδογμάτισε;
1458 4671 1548 4725 καὶ
1593 4675 1757 4727 τοῦτο
1815 4671 1946 4727 αὐτὸ
2003 4673 2102 4727 οὐκ

2206 2093 2361 2165 ψυχῇ
2438 2089 2780 2167 ἐπιφέροντα,
2840 2086 2988 2163 παρὰ
3051 2089 3309 2140 τοσοῦτον
3380 2084 3660 2154 σώζεσθαι
3738 2078 3873 2152 ἄξια,

2204 2181 2332 2255 παρ’
2376 2177 2499 2233 ὅσον
2564 2174 2705 2250 μηδέ
2762 2177 2863 2245 τήν
2929 2175 3108 2251 ἀρχὴν
3172 2173 3306 2229 αύτά
3382 2173 3464 2236 εἰς
3524 2173 3741 2248 γένεσιν
3790 2169 3876 2225 καὶ

2204 2274 2400 2346 γνῶσιν
2450 2266 2746 2343 ἀνθρώπων
2803 2264 3001 2330 ἐλθεῖν,
3045 2262 3079 2318 ’ὰ
3126 2263 3218 2319 καὶ
3275 2263 3410 2338 πυρὶ
3476 2262 3575 2318 καὶ
3647 2258 3876 2337 σιδήρῳ,

2203 2358 2295 2414 καὶ
2351 2363 2481 2412 πᾶσι
2531 2361 2649 2418 τοῖς
2709 2352 2953 2416 δυνατοῖς
3025 2352 3320 2432 ἀφανίζειν,
3380 2353 3563 2408 ὁποῖα
3613 2352 3767 2407 ταῦτ’
3822 2348 3877 2405 ἂν

2206 2445 2290 2519 εἰή
2320 2451 2390 2520 τῇ
2423 2442 2721 2517 Ἐκκλησία
2747 2442 3157 2519 κατεργαστέον,
3196 2440 3287 2497 καὶ
3331 2441 3412 2505 εἰς
3473 2442 3542 2497 τὸ
3610 2442 3689 2515 μὴ
3751 2439 3880 2496 εἶναι

2203 2534 2649 2613 παραπεμπτέον,
2710 2533 2801 2589 καὶ
2870 2532 2963 2586 τὸν
3028 2527 3257 2607 ἔσχατον
3320 2525 3590 2607 ὄλεθρον,
3655 2528 3749 2586 καί
3824 2549 3884 2604 γε

2202 2631 2335 2679 πᾶσι
2389 2628 2506 2685 τοῖς
2563 2630 2665 2693 τῆς
2716 2622 3008 2694 καθ’ἡμᾶς
3066 2618 3402 2690 Ἐκκλησίας
3455 2620 3629 2690 υἱοῖς,
3674 2615 3883 2691 σπουδῇ

2204 2714 2418 2794 φεύγειν
2472 2712 2608 2768 αὐτὰ
2664 2715 3058 2788 παραινοῦμεν,
3088 2711 3179 2765 καὶ
3223 2706 3352 2783 μηδ’
3384 2708 3524 2766 ὅσον
3590 2709 3883 2786 παρέργως

2203 2806 2431 2859 ἀκοῦσαι
2460 2803 2555 2865 τὰς
2588 2802 2749 2863 ἀκοὰς
2790 2799 3011 2876 ὑπέχειν
3045 2798 3250 2861 αὐτοῖς.
3284 2798 3358 2854 Οὑ
3420 2800 3601 2877 μέχρι
3645 2797 3706 2855 δὲ
3753 2817 3887 2874 παρ-

2201 2894 2459 2955 αινέσεως
2497 2893 2588 2948 τὸν
2642 2891 2809 2966 λόγον
2838 2889 3105 2962 ’ίστῶμεν,
3139 2887 3267 2945 ἀλλ’
3308 2886 3430 2961 ἤδη
3486 2911 3546 2946 τι
3591 2891 3688 2946 καὶ
3739 2890 3891 2945 ἀπει-

2202 2982 2331 3055 λῆς,
2361 2982 2451 3038 καὶ
2502 2976 2698 3060 φόϐου,
2726 2980 2818 3035 καὶ
2864 2976 2968 3049 ⁴τῆς
3017 2976 3311 3057 ἀσφαλείας
3363 2974 3566 3036 ἕνεκεν
3609 2984 3714 3036 τοῦ
3764 2977 3894 3053 μέλ-

2203 3070 2398 3135 λοντος
2458 3071 2877 3147 προστιθέαμεν.
2909 3068 3001 3131 Τίς
3053 3065 3145 3123 οὖν
3200 3070 3236 3138 ἡ
3298 3068 3548 3141 ἀπειλὴ,
3598 3066 3901 3144 ἐπειδήπερ

2202 3164 2237 3231 ἡ
2296 3166 2375 3234 τῷ
2429 3161 2536 3237 πρὸ
2598 3159 2795 3237 μίκροῦ
2848 3158 3035 3235 χρόνῳ
3086 3151 3490 3230 συμϐεϐηκυῖα
3544 3160 3751 3232 πρᾶξις
3806 3159 3904 3226 τὴν

2203 3248 2528 3321 Ἐκκλησίαν
2589 3249 2883 3324 συγχέασα,
2943 3246 3019 3309 εἰς
3076 3245 3236 3308 τέλος
3300 3246 3784 3322 κατελυμήνατο,
3843 3249 3907 3317 ἣν

2205 3340 2295 3394 καὶ
2352 3337 2670 3411 οἰκονομίαν
2728 3335 2987 3392 τάναντία
3042 3333 3348 3409 δυναμένην
3422 3336 3534 3394 οὐκ
3586 3336 3700 3394 οἶδ’
3751 3336 3903 3398 ὅπως

2206 3426 2534 3500 ὠνόμασαν;
2566 3427 2631 3481 Ἣ
2680 3424 2727 3480 δ’
2768 3425 2904 3495 αὐτὴ
2955 3424 3046 3481 καὶ
3087 3423 3157 3480 τὰ
3200 3429 3756 3505 προανατεταγμένα
3803 3425 3899 3483 ἀλ-

2206 3514 2410 3571 λοκοτα
2464 3513 2728 3593 δόγματα,
2769 3514 2803 3569 ἃ
2858 3513 2948 3570 τὸν
3007 3514 3203 3570 Βέκκον
3238 3514 3513 3589 Ἰωάννην
3579 3517 3900 3596 προστάτην

2205 3605 2565 3676 ἐπλούτησεν,
2624 3604 2938 3683 ἐπισφαλῶς
2995 3604 3085 3660 καὶ
3130 3600 3250 3659 λίαν
3308 3603 3704 3672 ἐπικινδύνως
3757 3605 3906 3677 εἰσή-

2204 3715 2378 3770 νεγκε.
2406 3699 2575 3749 Τοῦτο
2634 3691 2693 3749 δὲ
2745 3692 3076 3767 τρανέστατα
3122 3696 3239 3755 τοῖς
3298 3699 3439 3748 πᾶσι
3506 3689 3906 3773 διοριζόμεθα,

2207 3785 2283 3848 ὡς
2328 3781 2383 3840 εἷ’
2422 3805 2506 3847 τις
2564 3788 2669 3838 τῶν
2740 3787 2832 3837 νῦν
2877 3804 2935 3838 τε
2985 3776 3157 3837 ὅντων
3225 3780 3577 3858 ἀνθρώπων,
3632 3784 3732 3841 καὶ
3801 3787 3909 3840 τῶν

2206 3873 2427 3949 ὕστερον
2469 3872 2761 3946 ἐσομένων,
2791 3869 3094 3945 τολμήσειέ
3142 3892 3275 3926 ποτε
3321 3872 3433 3942 τήν
3490 3874 3632 3931 τότε
3687 3895 3916 3949 μνημο-

2205 3964 2474 4017 νευθεῖσαν
2529 3963 2719 4035 πρᾶξιν
2775 3959 2959 4023 καλῶς
3035 3954 3367 4032 ἐσϐεσμένην
3436 3962 3794 4038 ἀνανεῶσαι,
3853 3961 3920 4017 τά

2210 4073 2269 4107 τε
2324 4051 2731 4127 καταργηθέντα
2790 4046 3093 4111 λυσιτελῶς
3150 4045 3263 4118 ἤδη
3324 4047 3605 4126 δόγματα
3662 4053 3759 4110 ἐπὶ
3819 4060 3921 4122 τῆς

2207 4126 2477 4215 ἡμετέρας
2512 4126 2870 4210 γἘκκλησίας
2936 4138 3314 4213 ἀναγορεῦσαι,
3365 4141 3407 4208 ἢ
3472 4139 3674 4215 λάθρα
3732 4144 3772 4214 ἢ
3825 4162 3923 4198 κα-

2207 4229 2455 4305 κούργως
2506 4222 2820 4296 ὑποϐαλεῖν,
2871 4226 2907 4297 ἢ
2958 4225 3239 4302 εἰσήγησιν
3283 4231 3386 4282 τοῦ
3437 4236 3637 4289 ταῦτα
3697 4236 3925 4312 φρονεῖν

2207 4321 2243 4389 ἢ
2277 4318 2533 4387 ἐπαινεῖν,
2560 4318 2890 4393 εἰσενεγκεῖν,
2922 4316 2959 4386 ἢ
2991 4337 3041 4371 τι
3093 4313 3242 4378 ὅλως
3293 4317 3556 4388 μετιέναι
3621 4323 3768 4399 ὑπὲρ
3829 4327 3931 4392 τῆς

2210 4408 2262 4462 ἐν
2312 4409 2449 4480 ἡμῖν
2506 4407 2596 4462 καὶ
2654 4404 2805 4468 αὖθις
2861 4404 3035 4460 αὐτῶν
3097 4402 3416 4480 παρρησίας
3485 4412 3658 4485 παρὰ
3716 4410 3938 4491 φαῦλον

2207 4497 2276 4551 τὰ
2304 4498 2500 4572 γνήσια
2527 4502 2627 4565 τῆς
2676 4495 2905 4569 πρώτης
2935 4489 3265 4563 Ἐκκλησίας
3317 4494 3580 4569 θέμενος
3648 4489 3937 4577 δόγματα,

2208 4586 2397 4641 καὶτὰ
2452 4589 2539 4638 νῦν
2600 4582 2768 4653 αὐτῆς
2809 4582 2946 4639 κατὰ
2995 4585 3103 4636 τῶν
3160 4581 3334 4645 νόθων
3400 4585 3510 4640 καὶ
3578 4587 3942 4667 ἀλλοτρίων,

2213 4672 2293 4729 ἔτι
2324 4671 2391 4741 δὴ
2422 4673 2511 4727 καὶ
2541 4679 2644 4742 τῆς
2695 4670 2767 4727 δι’
2795 4674 2856 4740 ἣν
2885 4674 3054 4726 ταῦτα
3104 4668 3440 4743 οἰκονομίας
3507 4676 3613 4731 καὶ
3677 4679 3945 4756 πράξεως

445 4754 733 4831 ἀπένειμεν
762 4758 836 4819 ὡς
869 4755 1073 4831 ἰδίῶμα
1099 4763 1208 4813 τῶν
1242 4756 1429 4813 ἄλλων
1460 4756 1554 4814 δύο
1587 4759 1828 4835 χωρίζον
1874 4760 2103 4817 ὑποστά-
2134 4775 2184 4841 D
2212 4762 2615 4842 παρεισεφθάρη
2686 4765 2756 4835 τῇ
2826 4757 3129 4831 Ἐκκλησία
3192 4759 3658 4838 προστάγματα.
3729 4754 3949 4825 Τοῦτον

448 4866 583 4901 σεων
612 4865 627 4915 ;
652 4845 743 4907 Τίς
770 4843 952 4901 τᾶλλα
982 4848 1115 4922 ἅπερ
1150 4846 1309 4909 αὐτὸς
1341 4844 1676 4921 ψευδόμενος
1703 4848 1784 4926 ἐφ’
1813 4844 1966 4922 ὕϐρει
1993 4856 2101 4906 τῶν

450 4935 728 5011 Πατέρων,
760 4939 866 4991 τῶν
896 4936 1151 5010 Πατέρων
1182 4935 1318 4991 εἶναί
1357 4958 1489 5013 φησι
1518 4957 1530 5006 ;
1583 4934 1679 4992 δύο
1717 4943 1896 4993 κακῶν
1953 4937 2106 4995 οὐδέ-

449 5044 606 5099 τερον
655 5030 830 5079 ποιεῖν
892 5025 1276 5103 ἀφιστάμενος.
1327 5024 1427 5080 Καὶ
1465 5028 1569 5101 γὰρ
1614 5025 1789 5081 αὐτῶν
1838 5028 1928 5082 καὶ
1978 5028 2111 5083 αὐτὰ

451 5113 808 5192 παραφθείρει
834 5115 903 5169 τὰ
934 5114 1153 5190 ματα
1191 5113 1331 5170 ἔστιν
1380 5116 1465 5170 οὗ.
1498 5116 1598 5170 Καὶ
1643 5113 1757 5170 οὐδ’
1805 5116 1865 5171 ἂν
1903 5117 2109 5191 ἀπσρα-

453 5205 707 5273 ποιήτοις
734 5208 852 5266 τοῖς
964 5225 1091 5276 μασι
1124 5204 1533 5280 χρήσηται,τὸν
1553 5207 1777 5279 γνήσιον
1809 5205 1963 5279 ὅμως
1991 5206 2113 5262 οὐκ·

455 5294 535 5347 έτι
563 5297 671 5347 τῶν
708 5292 968 5368 ῥημάτων
1021 5293 1313 5362 ἀσπάζεται
1369 5298 1515 5351 νοῦν.
1548 5291 1685 5348 Οὑδέ
1735 5293 1927 5371 βλέπει
1976 5296 2113 5373 πρὸς

452 5382 542 5436 τὸν
578 5382 776 5437 σκοπὸν
810 5382 944 5456 πρὸς
968 5382 1026 5436 ’ὀν
1055 5381 1145 5436 καὶ
1178 5382 1207 5435 ὁ
1235 5386 1344 5436 τῶν
1378 5382 1640 5459 ῥημάτων
1664 5384 1883 5460 ἀφεώρα
1901 5386 2111 5462 Πατὴρ,

452 5468 601 5526 ἀλλὰ
641 5471 741 5538 τήν
790 5470 1044 5546 πρόθεσιν
1091 5471 1181 5525 καὶ
1226 5472 1327 5540 τήν
1371 5471 1581 5547 χρείαν,
1630 5472 1720 5526 καὶ
1767 5472 1897 5528 αὑτό
1942 5495 2005 5548 γε
2049 5475 2112 5529 τὸ

457 5555 720 5633 βούλημα
752 5559 1111 5636 ὑπερηφάνως
1149 5566 1250 5629 τῆς
1306 5566 1527 5637 Γραφῆς
1574 5562 1937 5638 παρατρέχων
1988 5584 2115 5640 σφο-

455 5643 600 5723 δρῶς
660 5647 940 5726 ἐπιφύεται
996 5652 1065 5722 τῇ
1119 5646 1281 5719 λέξει,
1325 5649 1414 5703 καὶ
1472 5650 1573 5718 τὴν
1628 5651 1778 5705 σκιὰν
1843 5651 1958 5705 ἀντὶ
2014 5655 2113 5706 τοῦ

458 5736 713 5808 σώματος
793 5736 1119 5814 ἀπενεγκὼν,
1208 5733 1399 5813 βιϐλία
1485 5738 1781 5797 συντάττει.
1842 5741 1982 5797 Ἴσον
2066 5738 2113 5795 δ’

462 5825 653 5895 εἰπεῖν,
687 5824 767 5881 ὅτι
820 5826 910 5881 καὶ
971 5827 1030 5882 ἐκ
1084 5825 1326 5914 ψάμμων
1389 5827 1608 5901 σχοινία
1663 5826 1875 5899 πλέκει,
1907 5830 1996 5884 καὶ
2028 5829 2109 5884 οἰ-

2214 4853 2303 4908 καὶ
2359 4853 2452 4907 τὸν
2508 4850 2657 4913 ὅλως
2710 4849 2838 4912 τοὺς
2899 4849 2959 4905 ἐκ
3010 4854 3113 4918 τῆς
3170 4849 3515 4922 Ῥωμαϊκῆς
3583 4856 3950 4929 Ἐκκλησίας

2219 4938 2443 5017 ἔχοντας
2497 4940 2634 5000 τέως
2686 4936 3030 5011 ἀμεταθέτως
3087 4935 3169 5014 ἐφ’
3199 4936 3282 4998 οἷς
3342 4936 3579 4997 ἄνωθεν
3647 4948 3821 5025 παρὰ
3850 4954 3956 5017 τῆς

2222 5029 2546 5099 Ἐκκλησίας
2604 5030 2765 5100 ἡμῶν
2822 5024 3212 5096 ἐνεκλήθησαν,
3246 5021 3315 5079 δι’
3376 5025 3418 5080 ’ἀ
3455 5031 3565 5086 καὶ
3615 5036 3690 5090 τὸ
3744 5021 3958 5110 μεταξὺ

2221 5113 2627 5191 ἐπισυμϐέϐηκε
2684 5115 2897 5191 σχίσμα
2964 5112 3208 5186 δέξασθαί
3265 5132 3409 5170 ποτε
3474 5125 3962 5201 συνθησόμενον,

2220 5208 2309 5263 καὶ
2363 5205 2609 5277 δέξασθαι
2663 5204 2832 5261 πλέον
2869 5202 2961 5259 καί
2989 5203 3358 5279 γνησιώτερον
3399 5202 3575 5288 ἤπερ
3646 5215 3964 5291 εἰώθειμεν

2222 5295 2508 5372 πρότερον,
2538 5295 2645 5371 πρὸ
2698 5301 2799 5364 τῆς
2856 5290 3248 5378 πεπλασμένης
3309 5288 3565 5370 δηλαδὴ
3609 5288 3971 5378 ταύτηςνοῖ-

2221 5383 2507 5456 κονομίας,
2538 5384 2628 5438 καὶ
2656 5390 2758 5452 τῆς
2790 5377 3112 5452 ἀποϐλήτου
3137 5380 3228 5436 καὶ
3265 5385 3344 5452 τῷ
3405 5385 3597 5462 καλῷ
3662 5377 3969 5470 πολεμίας

2224 5474 2467 5546 εἰρήνης,
2523 5478 2714 5528 τοῦτον
2772 5471 2864 5526 σὺν
2913 5474 2993 5543 τῷ
3059 5469 3461 5545 ἀποκήρυκτον
3529 5487 3798 5553 πυιῆσαι
3861 5489 3972 5552 τῆς

2224 5559 2571 5632 Ἐκκλησίας,
2636 5561 2863 5636 ἐκκόψαι
2906 5581 2967 5615 τε
3013 5559 3103 5613 καὶ
3154 5555 3567 5631 ἀλλοτριῶσαι
3622 5575 3742 5639 τῆς
3796 5574 3974 5646 ἡμῶν

2219 5656 2326 5706 τῶν
2386 5646 2619 5705 εὐσεϐῶν
2702 5651 3110 5725 ἐπισυναγωγῆς
3164 5668 3224 5701 τε
3274 5646 3370 5701 καὶ
3436 5657 3809 5729 κοινωνίας,
3875 5661 3975 5717 καὶ

2220 5744 2299 5811 τῷ
2350 5743 2450 5793 τοῦ
2508 5740 2839 5813 ἀναθέματος
2905 5736 3169 5811 ἐπιτιμίῳ
3217 5732 3511 5809 φρικώδει
3574 5746 3978 5807 καθυποϐἀλ-

2223 5827 2416 5902 λομεν.
2451 5830 2598 5885 Ἐπεὶ
2661 5826 2803 5902 μηδὲ
2857 5823 3197 5904 συγγνωστὸς
3230 5822 3282 5879 ἐν
3313 5820 3686 5903 ἀνθρώποις
3724 5837 3982 5916 ἐκεῖνος,
