4108 6438
322 476 446 540 245

1575 478 1908 542 SGRIPTA
1951 477 2521 543 APOLOGETICA.

3553 484 3758 551 ,246

321 608 383 672 ὅς
418 604 566 685 μηδὲ
599 609 740 683 μετὰ
775 610 1044 681 τοσαύτην
1090 616 1281 688 πεῖραν
1330 615 1428 666 τοῦ
1484 606 1860 689 προλαϐόντος
1898 632 1994 666 κα-
2023 613 2077 679 Α
2105 612 2207 687 γὰρ
2267 611 2313 667 εἰ
2373 606 2879 686 μεταϐληθήσονται
2936 612 3025 670 καὶ
3082 614 3219 691 πρὸς
3272 613 3335 672 τὸ
3387 614 3489 685 τῆς
3550 615 3756 692 μητρὸς

325 704 447 773 κοῦ,
485 695 631 774 μηδὲ
682 701 820 775 μετά
874 701 974 771 τὴν
1034 701 1234 777 ἀρτίως
1291 700 1726 776 ἐπενηνεγμένην
1781 698 1995 756 καταδί-

330 810 430 859 κην
463 785 821 845 πεπαίδευται
868 791 943 862 μή
994 789 1295 864 ἐπιτολμᾷν
1340 795 1458 853 τοῖς
1507 789 1810 861 τοιούτοις,
1865 787 1993 863 μηδ’

335 874 533 955 ἔγνωκε
576 884 698 941 τοῖς
764 878 1036 953 κειμένοις
1087 883 1195 934 τῶν
1248 879 1502 955 [Ιατέρων
1555 878 1990 956 ἐπιτεχνάζεσθαι

338 963 511 1044 ὅροις,
541 964 680 1042 μηδὲ
741 969 991 1042 μαθητὴς
1052 969 1146 1041 μὲν
1205 972 1273 1043 τῇ
1321 966 1617 1041 Ἐκκλησίᾳ
1666 966 1756 1024 διὰ
1789 969 1989 1032 παντὸς

333 1058 427 1113 καὶ
486 1057 743 1128 ὑπήκοος.
805 1057 905 1113 Καὶ
961 1061 1132 1113 ταῦτα
1189 1057 1534 1136 φθεγγόμεθα
1588 1058 1678 1113 καὶ
1729 1056 1989 1135 διαπρατ-

331 1147 553 1220 τόμεθα,
611 1151 711 1202 τοῦ
758 1166 819 1202 τε
883 1148 1281 1224 ἀνεπηρεάστου
1316 1194 1329 1220 ,
1388 1148 1674 1225 καθώσπερ
1732 1141 1941 1227 ἔφημεν
1972 1191 1986 1217 ,

329 1233 523 1301 ἕνεκεν,
554 1236 647 1291 καὶ
702 1242 806 1306 τῆς
862 1243 1056 1307 κοινῆς
1107 1241 1217 1293 τῶν
1276 1239 1472 1312 ψυχῶν
1530 1235 1795 1316 ὠφελείας
1847 1238 1988 1292 πάν-

323 1346 455 1398 των,
489 1323 610 1380 ὅσοι
657 1346 719 1380 τε
755 1329 847 1380 νῦν
901 1325 1005 1381 ὑπὸ
1048 1327 1161 1396 τὴν
1208 1326 1477 1403 ἡμετέραν
1534 1320 1728 1397 εὐσεϐῆ
1762 1323 1990 1398 Ἐκκλη-

321 1414 440 1469 σίαν
470 1414 750 1472 τελοῦσιν.

393 1502 579 1559 Ἀλλά
614 1505 820 1577 μένετε,
871 1504 923 1558 οἱ
971 1505 1187 1580 γνήσιοι
1232 1508 1331 1559 τοῦ
1379 1508 1536 1573 Θεοῦ,
1579 1504 1986 1584 ἀποστρεφόμε-

311 1613 406 1648 νοι
436 1592 531 1647 καὶ
596 1590 1020 1668 βδελυττόμενοι
1066 1594 1135 1649 τά
1180 1614 1239 1650 τε
1263 1590 1410 1649 ἅλλα
1450 1601 1551 1664 τῆς
1582 1592 1845 1665 ἀληθείας
1883 1615 1986 1649 πο·-

316 1677 497 1753 λέμια
556 1678 827 1757 δόγματα,
882 1682 971 1736 καὶ
1019 1681 1155 1737 αύτά
1180 1683 1249 1738 τὰ
1291 1686 1390 1737 τοῦ
1421 1683 1622 1738 Βέκκου
1651 1686 1984 1759 γεννήματα.

314 1768 833 1848 Ἀποστρεφόμενοι
893 1768 952 1827 δὲ
999 1770 1106 1848 οὐχ
1150 1775 1313 1841 ἧττον
1366 1772 1456 1828 καὶ
1504 1771 1682 1845 αὑτὸν,
1732 1773 1821 1829 καὶ
1851 1774 1925 1828 ὦν
1958 1774 1987 1828 ὁ

316 1857 496 1936 λόγος
546 1860 816 1936 ἀνώτερον
867 1858 1109 1933 ἐμνήσθη
1169 1862 1287 1916 κατ’
1344 1855 1539 1934 ὄνομα,
1585 1862 1654 1917 τὰ
1687 1860 1989 1937 βλάσφημα

2103 704 2263 771 ἡμῶν
2305 699 2634 773 Ἐκκλησίας
2685 708 2801 782 φῶς
2846 703 3105 781 γνησίοις.
3142 704 3231 761 καὶ
3279 702 3443 760 πάλιν
3491 710 3608 767 τοῖς
3661 707 3759 774 τῆς

2102 793 2288 868 ψυχῆς
2319 788 2558 848 ἐνίδωσιν
2613 792 2945 870 ὀφθαλμοῖς,
2995 792 3174 871 ὥσπερ
3224 792 3326 868 ἔξω
3364 794 3458 850 τὸν
3491 794 3629 872 πρὸς
3657 793 3758 850 αύ-

2102 881 2191 935 τὸν
2218 879 2517 957 ἐρχόμενον
2573 881 2673 938 οὐκ
2731 878 2985 939 ἐκϐάλλει
3044 884 3273 958 Χριστὸς
3307 930 3322 957 ,
3381 885 3756 964 ἐπιστρέφεται

2103 967 2161 1025 δὲ
2217 970 2430 1044 μᾶλλον
2484 970 2900 1051 ἐπιστρέφοντος
2933 1018 2947 1044 ,
3005 973 3096 1028 καὶ
3153 971 3598 1051 ἐναγκαλίζεται,
3656 973 3754 1029 κᾶν

2101 1057 2308 1123 ἄσωτος
2359 1062 2398 1132 ᾖ
2439 1061 2530 1115 καὶ
2572 1062 2674 1130 τήν
2723 1061 2978 1137 πατρῴαν
3029 1061 3212 1118 ούσίαν
3258 1063 3606 1141 καταφαγὼν,
3656 1062 3754 1118 κᾶν

2100 1148 2398 1212 ἀπολωλὸς
2428 1145 2700 1225 πρόϐατον
2752 1150 2844 1206 καὶ
2887 1158 2989 1222 τῆς
3022 1149 3307 1222 σωζούσης
3349 1148 3589 1229 μάνδρας
3618 1150 3755 1207 ἀπο-

2100 1246 2415 1316 σκιρτῆσαν,
2444 1238 2541 1295 κᾶν
2593 1237 2736 1295 ἄλλο
2794 1261 2849 1295 τι
2902 1244 3010 1296 τῶν
3072 1239 3264 1318 πόῤῥω
3310 1240 3613 1318 γεγονότων
3654 1247 3757 1312 τῆς

2098 1328 2348 1404 χάριτος
2379 1324 2523 1384 οὕτω
2579 1325 2638 1384 δὲ
2683 1328 2774 1384 καὶ
2824 1327 2961 1401 αῦτη
3015 1330 3221 1402 συνάξει
3272 1329 3364 1386 καὶ
3395 1330 3752 1403 οἰκειώσεται,

2088 1417 2187 1473 καὶ
2245 1416 2322 1480 εἷς
2376 1419 2476 1488 τὴν
2535 1421 2644 1473 τῶν
2716 1418 2918 1474 τέκνων
2983 1424 3178 1495 μοῖραν
3235 1420 3329 1476 καὶ
3395 1419 3542 1492 τάξιν
3597 1416 3755 1484 αὖθις

2097 1501 2512 1580 ἐγκαταστήσει,
2575 1503 2739 1578 μόνον
2798 1505 2845 1561 εἰ
2902 1506 3236 1581 θρηνήσουσί
3288 1527 3424 1563 ποτε
3454 1554 3470 1581 ,
3527 1507 3619 1562 καὶ
3671 1506 3755 1586 ἐφ’

2098 1594 2309 1655 ἑαυτοῖς
2337 1593 2366 1648 ὃ
2396 1598 2488 1648 νῦν
2521 1595 2686 1668 ⁵ἡμεῖς
2742 1592 3028 1671 πάσχομεν
3086 1594 3352 1661 πάθωσιν.
3404 1596 3470 1653 Εἰ
3516 1597 3619 1674 γὰρ
3662 1596 3753 1653 καὶ

2096 1683 2257 1755 ἡμῶν
2290 1681 2696 1756 ἀποκόπτομεν,
2745 1683 2792 1738 εἰ
2848 1683 2939 1739 καὶ
2990 1687 3093 1754 τῆς
3142 1689 3250 1740 τῶν
3300 1679 3535 1742 εὐσεϐῶν
3584 1683 3753 1762 ἐξορί-

2101 1776 2260 1844 ζομεν
2322 1769 2646 1842 Ἐκκλησίας
2681 1818 2697 1845 ,
2757 1771 2803 1827 εἰ
2852 1777 2922 1849 τῇ
2979 1768 3186 1852 φοϐερᾷ
3234 1774 3324 1831 καὶ
3385 1773 3599 1850 μεγάλῃ
3650 1776 3751 1845 τῆς

2097 1859 2489 1932 ἀκοινωνησίας
2520 1862 2610 1916 καὶ
2659 1860 3080 1940 ἀλλοτριώσεως
3126 1867 3233 1919 τῶν
3267 1860 3570 1941 ὀρθοδόξων
3619 1876 3750 1928 καθ-

316 1948 419 2005 σὺν
454 1949 606 2022 αὑτῷ
651 1949 1147 2027 ἀπερευξαμένους,
1195 1949 1288 2005 καὶ
1335 1949 1503 2028 μέχρὶ
1546 1948 1707 2006 τοῦδε
1754 1951 1987 2007 οἶκειου-
2016 1986 2066 2052 Β
2097 1944 2486 2023 υποϐάλλομεν
2544 1948 2806 2026 καταδίκῃ
2840 1997 2854 2024 ,
2915 1951 3023 2028 οὑχ
3095 1952 3170 2016 ὡς
3195 2037 3219 2052 ἡ
3248 1949 3578 2031 ἐφηδόμενοι
3609 1958 3753 2052 ’,τοῖς

320 2038 529 2113 μένους
600 2037 738 2094 αύτά
769 2083 784 2107 ,
840 2039 932 2094 καὶ
1009 2038 1404 2114 ἀμεταμέλητα
1460 2040 1777 2118 στέργοντας
1813 2082 1826 2095 .
1886 2040 1986 2096 Καὶ
2016 2036 2066 2052 “’
2097 2036 2272 2093 αὐτῶν
2306 2040 2594 2113 παθήμασι
2620 2043 2783 2095 τοῦτο
2833 2037 3072 2116 δρῶμεν,
3122 2037 3237 2097 οὐδ’
3288 2041 3365 2105 ὡς
3393 2044 3463 2117 τῇ
3494 2036 3751 2116 ἀποϐολῇ

315 2126 504 2191 οὕτως
536 2125 779 2203 ἐχόντων
818 2133 967 2201 μενεῖ
1015 2126 1069 2183 ἐν
1118 2130 1253 2202 ἡμῖν
1283 2129 1311 2183 ὁ
1354 2128 1739 2204 ΙΙαράκλητος,
1790 2128 1852 2184 ού
1886 2131 1988 2204 μό-

312 2238 416 2272 νον
456 2223 562 2287 τῆς
611 2217 718 2272 ἀπὸ
766 2221 875 2273 τῶν
924 2214 1212 2290 τοιούτων,
1259 2216 1405 2274 ἀλλά
1442 2217 1532 2273 καὶ
1579 2221 1680 2288 τῆς
1728 2218 1834 2274 ἀπὸ
1881 2224 1988 2275 τῶν

316 2309 515 2363 παθῶν
557 2304 838 2380 κρείττους
887 2304 1264 2385 διαφυλάττων
1315 2306 1500 2381 λύμης
1550 2308 1692 2382 ὑμᾶς
1730 2307 1817 2364 ἐπὶ
1865 2330 1990 2382 μετ-

318 2393 489 2469 ουσίᾳ
543 2399 655 2450 τῶν
715 2395 948 2451 αἰωνίων
1006 2394 1221 2471 ἀγαθῶν
1280 2395 1370 2451 καὶ
1426 2402 1528 2466 τῆς
1584 2401 1701 2460 τοῖς
1760 2394 1991 2460 δικαίοις

318 2484 754 2558 ήτοιμασμένης
817 2484 1257 2563 μακαριότητος..
1297 2483 1398 2540 Καὶ
1459 2485 1615 2559 ὑμεῖς
1675 2486 1769 2560 μὲν
1819 2486 1995 2550 οὕτως

312 2572 517 2650 ’έχοιτε
545 2574 639 2629 καὶ
697 2559 974 2650 σχοίητεί
1014 2576 1049 2644 ἡ
1101 2571 1157 2629 δὲ
1206 2559 1892 2655 ἀναγεγραμμένηψῆφός
1936 2597 1997 2631 τε

312 2664 408 2719 καὶ
470 2661 749 2741 ἀπόφασις
805 2667 898 2717 νῦν
961 2664 1055 2737 μὲν
1113 2664 1262 2739 παρὰ
1314 2669 1418 2733 τῆς
1478 2661 1805 2734 Ἐκκλησίας
1862 2667 2000 2721 κατὰ

311 2756 429 2807 τῶν
484 2758 596 2822 τῆς
655 2749 986 2823 Ἐκκλησίας
1045 2753 1362 2808 ἀποστατῶν
1429 2751 1520 2808 καὶ
1578 2753 1853 2825 ἀθετητῶν
1914 2754 1996 2827 ἐξ·

311 2843 634 2914 ενήνεκται,
701 2841 898 2917 μικρὸν
956 2839 1015 2897 δὲ
1062 2842 1287 2920 ὕστερον
1342 2841 1432 2898 καὶ
1489 2842 1637 2919 παρᾶ
1682 2848 1780 2898 τοῦ
1832 2844 1999 2920 μεγά-

312 2929 420 2987 λου
453 2933 680 3007 κριτοῦ,
714 2930 761 2985 εὶ
797 2931 874 3004 μὴ
907 2935 1034 3007 πρίν
1085 2929 1260 2987 ἐλθεῖν
1306 2932 1406 3000 τήν
1459 2931 1671 3007 ἡμέραν
1704 2930 1870 2986 αὐτοῦ
1896 2933 1996 3002 τήν

319 3017 590 3094 μεγάλην
650 3018 743 3074 καὶ
803 3018 1038 3097 ἐπιφανῆ
1073 3063 1088 3090 ,
1148 3018 1407 3093 μετανοίᾳ
1461 3020 1551 3074 καὶ
1628 3016 1850 3096 δάκρυσι
1911 3019 2002 3075 καὶ

2097 2129 2206 2181 τῶν
2263 2124 2472 2204 ἀνδρῶν
2533 2126 2932 2205 ἐπιχαίροντες,
2984 2128 3294 2185 τούναντίον
3358 2131 3452 2204 μὲν
3512 2128 3616 2186 οῦνι
3660 2131 3753 2187 καὶ

2102 2214 2415 2291 ἀλγοῦμεν,
2470 2215 2562 2272 καῖ
2614 2216 2689 2279 ὡς
2741 2215 2928 2289 ἀηδῶς
2981 2218 3081 2288 τήν
3141 2216 3403 2292 διάζευξιν
3463 2218 3697 2299 φέρομεν
3734 2262 3750 2278 .

2101 2304 2256 2374 Πλὴν
2305 2302 2452 2361 ἀλλὰ
2494 2306 2578 2368 τίς
2618 2308 2769 2379 ἡμᾶς
2814 2306 3021 2384 ἀνάγκη
3074 2306 3163 2363 ἐπὶ
3208 2308 3309 2379 τήν
3358 2311 3549 2386 πρᾶξιν
3586 2306 3753 2381 τήνδε

2102 2399 2243 2449 κινεῖ
2298 2412 2314 2463 ;
2376 2398 2532 2449 Δυοῖν
2590 2397 2808 2458 πάντως
2861 2394 3033 2452 ἕνεκεν
3057 2442 3073 2470 ,
3129 2402 3227 2452 τοῦ
3294 2419 3354 2454 τε
3413 2396 3766 2471 ὀδυνηθέντας

2105 2482 2304 2546 αύτούς
2361 2482 2531 2559 ταύτῃ
2576 2485 2667 2539 καὶ
2714 2486 3096 2560 πικρανθέντας
3158 2485 3471 2544 ἐπανελθεῖν
3530 2486 3621 2545 διὰ
3676 2511 3768 2564 με-

2105 2571 2322 2634 τανοίας
2347 2616 2364 2640 ,
2414 2579 2516 2643 τῆς
2567 2572 2828 2637 ἀπονοίας
2871 2575 3277 2653 κατεγνωκότας
3304 2623 3320 2650 ,
3379 2576 3470 2633 καὶ
3523 2581 3592 2652 τῇ
3651 2579 3773 2635 Ἐκ-

2107 2660 2314 2733 κλησίᾳ
2371 2661 2593 2725 ἑαυτοὺς
2666 2663 3080 2734 ἀνασώσασθαι,
3128 2669 3227 2721 τοῦ
3275 2686 3337 2722 τε
3390 2668 3767 2745 σωφρονισθῆ-

2110 2771 2194 2806 ναι
2243 2750 2335 2805 καὶ
2384 2748 2741 2822 παιδευθῆναι
2789 2751 2918 2816 τοὺς
2965 2750 3173 2817 ἄλλους
3222 2753 3482 2830 ἐντεῦθεν,
3530 2757 3606 2830 μὴ
3654 2755 3770 2813 ἐπι-

2108 2838 2321 2914 τολμᾷν
2365 2861 2499 2896 ποτε
2534 2846 2651 2904 τοῖς
2700 2840 2942 2916 ὁμοίοις,
2988 2840 3118 2916 μηδ’
3148 2842 3445 2922 ἐπιχειρεῖν
3496 2845 3634 2902 κατά
3660 2851 3769 2903 τῶν

2112 2927 2370 3001 ἀθίκτων,
2433 2926 2578 3003 μηδὲ
2623 2932 2760 2985 κατὰ
2817 2935 2928 2986 τῶν
2981 2930 3152 3008 ἁγίων
3209 2932 3590 3008 νεανιεύεσθαι,
3654 2937 3764 3009 μή·

2111 3040 2231 3082 πως
2263 3018 2406 3074 οὕτω
2452 3020 2841 3096 θρασυνόμενοι
2890 3026 2997 3077 τῶν
3049 3021 3221 3079 αὐτῶν
3249 3017 3499 3098 ἀμοιϐῶν
3535 3025 3673 3082 κατά
3699 3025 3764 3082 τδ

312 3107 548 3185 ἀσχέτῳ
609 3106 795 3173 πένθει
875 3108 1164 3183 φθάσουσιν
1227 3107 1452 3170 ἑαυτοὺς
1518 3105 1791 3179 ἐξελόντες
1828 3152 1842 3165 .
1902 3107 2003 3164 Καὶ
2115 3105 2426 3185 ὑπόδειγμα
2460 3110 2727 3185 τύχωσιν.

1263 3398 1566 3451 ΙΩΔΝΝΟΥ
1598 3398 1724 3450 ΤΟΥ
1758 3395 1971 3454 ΧΕΙΛΑ
2005 3397 2545 3457 ΜΗΤΡΟΠΟΛΙΤΟΥ
2582 3401 2856 3455 ΕΦΕΣΟΥ

1601 3488 1781 3539 ΠΡΟΣ
1820 3489 1949 3539 TON
1988 3488 2491 3545 ΑΥΤΟΚΡΑΤΟΡΑ.

385 3637 502 3707 Τὴν
578 3632 903 3708 ἐκπόρευσιν
962 3633 1217 3706 ἀκίνητον
1277 3631 1528 3706 ἰδιότητα
1577 3638 1677 3690 τοῦ
1730 3635 1997 3712 παναγίου
2027 3639 2071 3706 C
2110 3637 2386 3716 ὑπάρξεως
2434 3643 2531 3694 τοῦ
2561 3637 2832 3714 παναγίου
2874 3636 3191 3712 Πνεύματος
3241 3638 3296 3693 οἱ
3345 3638 3598 3717 θεοφόροι
3647 3648 3761 3698 Ila-

313 3724 647 3797 Πνεύματος
711 3720 856 3779 οἶδεν
906 3725 942 3793 ἡ
987 3723 1147 3792 κοινὴ
1189 3721 1318 3797 δόξα
1355 3730 1459 3795 τῆς
1504 3722 1853 3798 Ἐκκλησίας,
1902 3725 1994 3779 καὶ

318 3811 496 3887 μηδὲν
527 3809 722 3890 ἕτερον
781 3808 819 3883 ἤ
884 3810 1056 3885 μόνην
1109 3812 1210 3882 τὴν
1267 3812 1328 3867 ἐκ
1371 3816 1470 3868 τοῦ
1517 3812 1731 3889 ΙΙατρός
1761 3814 1992 3890 φυσικὴν

311 3902 549 3981 ὕπαρξιν
604 3900 773 3959 αὐτοῦ
837 3902 1269 3979 παριστάνουσαν
1329 3945 1341 3959 .
1402 3902 1473 3956 Τὸ
1547 3906 1675 3979 γοῦν
1753 3899 1990 3973 δοξάζειν

307 3992 406 4047 καὶ
462 3991 697 4070 γράφειν
753 3991 856 4060 τὴν
915 3989 1232 4067 ἐκπόρευσιν
1289 3991 1491 4062 ταύτην
1526 4038 1543 4066 ,
1592 3996 1685 4046 νῦν
1749 3992 1844 4066 μέν
1902 3990 1991 4047 ἐπὶ

305 4089 415 4152 τῆς
480 4079 772 4158 θεολογίας
819 4080 919 4150 τὴν
996 4079 1221 4156 ὕπαρξιν
1278 4080 1559 4154 σημαίνειν
1621 4080 1788 4152 αὐτὴν
1825 4125 1841 4151 ,
1896 4086 1988 4137 νῦν

312 4167 375 4225 δὲ
402 4168 475 4225 αὖ
505 4171 608 4239 τήν
659 4168 880 4250 ἔκφασιν
907 4171 1008 4240 τὴν
1057 4165 1254 4240 αίδιον,
1284 4166 1322 4240 ἤ
1351 4170 1453 4240 τήν
1498 4167 1792 4245 ἔκλαμψιν,
1823 4167 1861 4241 ἥ
1891 4172 1991 4240 τὴν

316 4259 633 4338 φανέρωσιν
669 4257 1023 4338 βλάσφημον,
1071 4258 1161 4314 καὶ
1206 4263 1316 4314 τῶν
1364 4258 1745 4316 ἀποστολικῶν
1777 4258 1989 4336 δογμά-

311 4370 424 4404 των
488 4346 788 4425 ἀλλότριον
815 4395 829 4421 ,
888 4347 980 4403 καὶ
1038 4349 1189 4426 παρά
1238 4352 1402 4404 τοῦτο
1435 4391 1449 4417 ,
1502 4349 1593 4404 καὶ
1650 4349 1986 4423 ἀναθέματος

312 4436 489 4511 ἄξιον,
521 4436 690 4493 πάλιν
743 4438 834 4493 τὸν
885 4432 1166 4513 προϐολέα
1208 4442 1308 4494 τοῦ
1354 4438 1622 4515 παναγίου
1669 4437 1985 4512 Πνεύματος

310 4525 520 4600 αἴτιον,
576 4526 654 4590 ὡς
710 4528 801 4583 καὶ
856 4528 950 4582 τὸν
1003 4529 1302 4605 γεννήτορα
1347 4533 1447 4583 τοῦ
1502 4529 1632 4583 Υὶοῦ
1691 4525 1886 4599 αἷίειον,
1945 4531 1981 4599 ἠ

307 4617 476 4686 κοινή
555 4620 665 4671 τῶν
748 4616 1005 4692 Πατέρων
1079 4614 1221 4672 οἶδεν
1304 4610 1475 4672 ἔννοια
1538 4618 1628 4673 καὶ
1685 4615 1979 4695 ὁμολογία.

308 4707 463 4783 ῙΙρός
501 4702 681 4761 δὲκαὶ
726 4706 825 4775 τὴν
872 4700 1159 4782 προϐολὴν
1213 4707 1377 4762 ταυτὸ
1423 4709 1492 4781 τῇ
1524 4705 1837 4783 ἐκπορεύσει
1887 4704 1978 4763 δύ-

305 4796 545 4867 νασθαι,
622 4794 862 4866 καθάπαξ
940 4796 994 4850 οἱ
1068 4793 1266 4858 πάντες
1341 4797 1723 4872 γινώσκουσιν.
1783 4798 1840 4851 Ὃ
1901 4800 1977 4871 μὴ

302 4885 493 4941 τοίνυν
546 4882 747 4957 οὕτως,
800 4882 928 4941 ἀλλ’
975 4883 1173 4962 ἑτέρως
1227 4889 1441 4964 φρονῶν
1472 4929 1486 4954 ,
1534 4883 1873 4963 δογματίζων
1921 4908 1981 4943 τε

2104 3728 2256 3805 τέρες
2310 3728 2393 3784 ἀεὶ
2442 3728 2535 3783 καὶ
2589 3731 2777 3783 νοοῦσι
2802 3771 2822 3796 ,
2880 3727 2970 3783 καὶ
3025 3721 3470 3802 ἐκλαμϐάνουσι,
3518 3731 3761 3809 καθάπερ

2103 3813 2208 3893 ἄρα
2262 3816 2353 3873 καί
2406 3818 2506 3886 τήν
2566 3815 2880 3894 ἐκπόρευσιν
2932 3816 3100 3886 αὐτὴν
3148 3816 3239 3872 καὶ
3295 3818 3395 3888 τὴν
3452 3813 3769 3894 προϐολήν..

2102 3906 2166 3960 Οἱ
2214 3910 2346 3983 γοῦν
2394 3910 2857 3981 καινοτομοῦντες
2897 3905 2988 3962 καὶ
3035 3905 3237 3977 ταύτην
3285 3902 3353 3976 δὴ
3402 3906 3500 3977 τὴν
3546 3910 3758 3985 φωνὴν,

2099 3993 2191 4049 καὶ
2245 3992 2667 4072 δογματίζοντες
2717 3995 2831 4070 ἅμα
2874 3994 2965 4050 καὶ
3013 3993 3333 4074 γράφοντες,
3382 3995 3461 4059 ὡς
3506 4001 3614 4053 ποῦ
3660 3999 3757 4071 μὲν

2098 4087 2207 4139 τῶν
2259 4080 2487 4162 Γραφῶν
2536 4089 2646 4141 τῶν
2705 4083 2873 4160 ἁγίων
2934 4083 3210 4160 ὑπάρξεώς
3266 4083 3408 4140 ἐστιν
3465 4084 3602 4156 αὐτή
3658 4108 3759 4143 πα-

2099 4174 2417 4248 ραστατικὴ,
2468 4177 2578 4229 ποῦ
2636 4170 2695 4228 δὲ
2752 4170 2916 4228 πάλιν
2972 4173 3362 4251 φανερώσεως,
3415 4175 3505 4229 καὶ
3562 4173 3755 4254 ἐκφάν-

2097 4282 2257 4335 σεως,
2288 4263 2380 4319 καὶ
2418 4261 2766 4337 ἐκλάμψεως,
2808 4266 2917 4319 τῶν
2974 4262 3151 4341 ὀρθῶν
3194 4265 3612 4343 παραχαράκται
3662 4267 3754 4323 καὶ

2098 4351 2247 4407 οὗτοι
2278 4349 2574 4427 δογμάτων
2628 4349 2960 4429 λογίζονται,
3010 4351 3102 4407 καὶ
3143 4359 3246 4422 τῆς
3276 4351 3534 4424 ἀληθείας
3560 4353 3753 4432 πόρῥω

2097 4440 2438 4520 φερόμενοι,
2496 4440 2588 4497 καὶ
2643 4441 2791 4518 παρᾶ
2864 4445 3026 4497 τοῦτο
3099 4439 3292 4514 μίσους
3356 4445 3437 4515 τῷ
3491 4436 3608 4498 ὄντι
3661 4444 3752 4500 καὶ

2096 4529 2453 4609 ἀποστροφῆς
2477 4528 2638 4601 ἄξιοι.
2670 4534 2849 4586 Ταῦτα
2897 4528 3074 4591 οὕτως
3133 4526 3275 4585 οἶδεν
3326 4526 3524 4594 ἄνωθεν
3573 4533 3610 4601 ἡ
3657 4537 3755 4588 τοῦ

2094 4624 2229 4675 Θεοῦ
2304 4621 2433 4695 ἁγία
2480 4618 2777 4689 Ἐκκλησία
2833 4624 3047 4697 φρονεῖν
3075 4664 3088 4691 ,
3144 4618 3289 4674 οὕτω
3347 4615 3695 4695 δογματίζειν
3733 4665 3750 4694 ,

2092 4707 2237 4763 οὕτω
2276 4705 2567 4776 διδάσκειν,
2616 4705 2792 4771 οὕτως
2841 4707 3133 4785 ὁμολογεῖν
3168 4729 3181 4743 ·
3231 4711 3401 4764 ταῦτα
3445 4708 3535 4764 καὶ
3581 4710 3748 4782 ἡμεῖς

2092 4797 2236 4853 οὕτω
2293 4803 2552 4876 φρονεῖν,
2602 4796 2747 4852 οὕτω
2800 4794 3165 4874 δογματίζειν,
3224 4796 3368 4853 οὕτω
3426 4794 3696 4854 διδάσκειν
3730 4845 3746 4873 ,

2090 4886 2264 4949 οὕτως
2312 4883 2606 4962 ὁμολογεῖν
2657 4884 2906 4942 ἀνέκαθεν
2951 4887 3043 4941 καὶ
3093 4884 3147 4948 ἐς
3196 4882 3356 4963 δεῦρο
3403 4888 3530 4964 παρ’
3576 4886 3747 4959 αὐτῆς

305 4973 396 5030 καὶ
450 4975 718 5052 γράφων,
769 4972 846 5035 ὡς
892 4973 1027 5029 ποτὶ
1079 4973 1175 5048 μὲν
1224 4974 1252 5028 ὁ
1294 4968 1604 5049 προϐολεὺς
1668 4974 1760 5079 τξν
1808 4972 1981 5032 αἶ’τιον
2009 5013 2057 5079 D
2087 4969 2496 5051 παρελάϐομεν.
2544 4978 2720 5031 Ταῦτα
2768 4973 2859 5079 καὶ
2908 4975 2960 5030 οἱ
3014 4973 3181 5079 μέχρι
3210 4980 3312 5044 τῆς
3359 4979 3453 5030 νῦν
3486 4971 3747 5054 διαφερόυ

304 5063 568 5139 σημαίνει
611 5066 715 5118 τοῦ
764 5060 926 5137 ἁγίου
970 5062 1310 5137 Πνεύματος,
1358 5063 1449 5118 καὶ
1495 5065 1530 5133 ἡ
1574 5059 1830 5139 προϐολὴ
1877 5067 1976 5134 τὴν

300 5153 361 5210 ἐκ
386 5158 489 5211 τοῦ
522 5151 750 5228 Πατρὸς
781 5149 948 5206 αὐτοῦ
997 5154 1228 5230 φυσικὴν
1278 5151 1524 5229 ὕπαρξιν,
1566 5152 1700 5208 ποτὲ
1747 5151 1806 5208 δὲ
1847 5153 1981 5209 ἐκεῖ·

300 5266 387 5308 νος
420 5245 525 5320 μὲν
569 5242 670 5299 τὸν
727 5240 1068 5319 φανερωτην,
1118 5240 1254 5312 αὕτη
1306 5239 1365 5297 δὲ
1404 5243 1506 5311 τήν
1555 5239 1730 5297 ἀΐδιον
1780 5239 1977 5322 ἕκφαν-

304 5354 391 5410 σιν,
449 5332 491 5407 ἤ
540 5334 654 5404 τὴν
711 5326 1023 5404 ἔλλαμψιν,
1076 5327 1172 5386 εἴτ’
1231 5331 1324 5387 οὗν
1377 5332 1477 5401 τὴν
1524 5332 1825 5411 φανέρωσιν
1880 5337 1978 5388 τοῦ

306 5426 558 5504 παναγίου
622 5419 1001 5493 Πνεύματος,
1061 5416 1348 5496 πρύδηλος
1429 5419 1764 5501 βλάσφημος
1821 5421 1978 5485 οὗτος

301 5515 413 5589 ἡμῖν
489 5514 592 5573 καί
683 5508 999 5587 περιφανὴς
1063 5507 1600 5586 παραδειγματιστὴς
1651 5557 1665 5583 ,
1725 5509 1815 5566 καὶ
1889 5509 1978 5567 διὰ

289 5613 429 5666 τοῦτο
479 5605 582 5665 καὶ
640 5592 951 5667 ἀποϐολῆς
1005 5597 1097 5652 καὶ
1159 5595 1538 5675 βδελύγματος
1580 5598 1750 5670 ἄξιος.
1781 5600 1977 5655 Ὡσαύ-

277 5716 369 5762 τως
398 5694 495 5755 καὶ
549 5692 670 5762 τὴν
717 5679 968 5756 πρόοδον
1015 5685 1180 5739 πάΑιν
1229 5685 1320 5741 ἐπὶ
1366 5691 1465 5741 τοῦ
1507 5687 1775 5763 παναγίου
1806 5687 1976 5743 ΙΙνεύ-

268 5811 431 5865 ματος
488 5773 979 5865 εὑρισκομένην,
1036 5772 1126 5828 καὶ
1184 5776 1589 5851 παραπατικὴν
1650 5776 1818 5850 μόνης
1874 5784 1975 5847 τῆς

2093 5085 2243 5138 μενοι
2273 5065 2411 5141 πρὸς
2441 5064 2612 5138 ἡμὰς,
2646 5063 2694 5119 εἰ
2743 5062 2918 5127 οὕτως
2967 5061 3399 5139 ὁμολογήσαιεν,
3450 5065 3594 5139 ὁμοῦ
3644 5065 3740 5139 μὲν

2088 5153 2179 5209 καὶ
2224 5153 2331 5208 ἀπὸ
2378 5152 2668 5227 στόματος,
2722 5153 2866 5226 ὁμοῦ
2915 5150 2974 5208 δὲ
3023 5153 3114 5208 καὶ
3144 5150 3234 5209 διὰ
3260 5153 3627 5230 γραμμάτων,
3674 5155 3745 5211 τὰ

2092 5243 2188 5316 μὲν
2241 5241 2699 5316 ἐνστερνιζόμενοι
2752 5242 2829 5306 ὡς
2890 5241 3026 5319 ὀρθὰ
3082 5239 3370 5315 δηλονότι,
3424 5244 3494 5298 τὰ
3549 5241 3608 5300 δὲ
3663 5243 3741 5308 ὡς

2092 5329 2395 5411 βλάσφημα
2444 5331 2705 5405 ναθέματι
2772 5332 3230 5407 παραπέμποντες
3262 5376 3278 5404 ,
3334 5332 3576 5410 καθάπερ
3649 5332 3741 5388 καὶ

2086 5424 2273 5495 ἡμεῖς,
2324 5422 2543 5496 γνήσιοι
2593 5415 2806 5477 ἔσονται
2855 5422 2991 5494 ἡμῖν
3040 5421 3104 5477 τὸ
3161 5420 3268 5477 ἀπὸ
3312 5418 3474 5477 τοῦδε
3511 5419 3743 5501 ἀδελφοὶ

2084 5510 2176 5566 καὶ
2211 5508 2512 5587 όρθόδοξοι,
2571 5509 2661 5565 καὶ
2718 5511 2818 5580 τήν
2879 5512 2993 5585 μετ’
3051 5510 3227 5567 αὐτῶν
3290 5509 3483 5580 ἐντελῆ
3535 5508 3740 5567 καταλ-

2088 5597 2260 5675 λαγὴν
2313 5598 2405 5653 καὶ
2457 5597 2682 5674 εἰρήνην
2739 5594 2945 5668 ἕξουσιν
2995 5597 3102 5653 ἀπὸ
3157 5595 3382 5674 καρδίας
3431 5597 3740 5674 ἀσπαζομέ-

2083 5708 2209 5749 νους
2238 5686 2408 5760 ἡμᾶς·
2442 5685 2489 5741 εἰ
2519 5684 2578 5741 δὲ
2628 5688 2729 5760 μὴ,
2778 5685 2910 5763 ὅπερ
2965 5689 3182 5761 μήποτε
3229 5686 3468 5762 γένοιτο,
3521 5685 3736 5762 οὐδαμῆ

2085 5774 2359 5851 οὐδαμῶς.
