4108 6434
351 440 473 503 247

361 579 895 603 Μ

1384 452 1702 517 GEORGII
1747 456 2015 520 CYPRII
2057 457 2178 521 ΟΡ.
2227 460 2755 524 PATRIARCILE

3652 470 3770 533 248

900 586 3767 624 WW—

892 769 1551 872 OMOAOI‘IA
1630 776 1880 873 ΤΟΥ
1958 777 2039 872 Α

2157 778 2380 877 ΓΟΥ
2456 780 3273 883 ΠΑΤΡΙΑΡΧΟΥ

1226 1028 1815 1160 ΚΥΡΟΥ
1933 1033 2948 1167 ΓΡΗΓΟΡΙΟΥ

363 1282 691 1338 ΓΕΓΟΝΥΙΑ
757 1287 973 1338 ΟΠΟΤΕ
1039 1289 1084 1338 Η
1151 1292 1612 1345 ΕΠΙΣΥΣΤΑΣΙΣ
1684 1295 1943 1345 ΓΕΓΟΝΕ
2017 1292 2166 1348 ΚΑΤ’
2238 1296 2458 1349 ΑΥΤΟΝ
2524 1298 2709 1352 ῙΙΑΡΔ
2779 1303 2911 1351 ΤΩΝ
2980 1300 3327 1355 ΚΔΗΡΙΚΩΝ
3401 1303 3519 1357 ΚΑΙ
3591 1306 3783 1356 ΤΙΝΩΝ

739 1376 1121 1428 ΔΡΧΙΕΡΕΩΝ
1172 1381 1288 1432 AIA
1335 1382 1418 1431 ΤΟ
1462 1384 1747 1434 ΓΡΑΜΜΑ
1795 1384 1921 1434 ΤΟΥ
1968 1384 2043 1435 ΕΞ

2157 1384 2400 1440 ΒΡΔΙΩΝ
2440 1390 2731 1440 ΜΑΛΛΟΝ
2780 1387 2836 1441 Δ’
2885 1388 3080 1443 ΙΟΥΔΑ
3135 1392 3426 1443 MAPKOI‘.

441 1650 530 1718 Μή
563 1650 591 1705 ὁ
622 1650 790 1725 νόμος
820 1655 981 1727 ἡμῶν
1032 1657 1222 1732 κρίνει,
1278 1658 1433 1733 φησὶ,
1462 1658 1554 1713 τὸν
1602 1656 1905 1732 ἄνθρωπον,
1939 1658 2027 1714 έάν
2060 1659 2116 1725 Α
2147 1653 2218 1712 δι’
2258 1660 2319 1713 οὗ
2369 1661 2436 1716 τὰ
2482 1664 2655 1718 πάννα
2700 1662 2932 1739 ἐγένετο.
2984 1666 3227 1723 Πιστεύω
3270 1667 3359 1722 καὶ
3409 1666 3486 1728 εἷς
3526 1666 3589 1720 τὸ
3636 1664 3791 1720 πανά-

376 1739 451 1810 μή
487 1737 690 1814 ἀκούσῃ
719 1741 981 1819 πρότερον
1034 1743 1124 1799 καὶ
1163 1749 1275 1821 γνῷ
1323 1745 1378 1802 τί
1424 1753 1591 1819 ποιεῖ,
1641 1745 1788 1804 ἀλλά
1833 1746 1923 1802 καὶ
1974 1747 2034 1803 ἐκ

371 1830 481 1882 τῶν
514 1828 705 1884 ἑαυτοῦ
761 1851 882 1886 τινα
934 1829 1113 1909 λόγων
1175 1831 1536 1904 δικαιοῦσθαι,
1596 1836 1685 1891 καὶ
1717 1834 1780 1891 οῦ
1820 1835 1880 1892 ἐκ
1906 1835 2033 1891 τού-

372 1937 481 1971 των
552 1918 711 1974 αὐτὸν
769 1922 1224 1998 κατακρίνεσθαι,
1281 1928 1390 1979 τῶν
1451 1924 1624 1980 αὐτῶν
1682 1923 2031 2001 Εὐαγγελίων

375 2006 553 2083 κρίσις
599 2029 659 2063 τε
704 2009 794 2063 καὶ
839 2006 1138 2075 δικαίωσις.
1193 2013 1291 2068 Καὶ
1341 2014 1483 2087 ὑμᾶς
1528 2015 1706 2070 τοίνυν
1754 2014 1880 2077 τοὺς
1928 2012 2037 2070 ὦδε

378 2094 889 2172 συνδεδραμηκότας
941 2099 1015 2155 ’ἶν’
1064 2100 1147 2156 ἐπ’
1196 2098 1441 2175 εὐσεϐείᾳ
1487 2105 1577 2159 καὶ
1624 2110 1741 2167 τοῖς
1788 2111 1887 2175 τῆς
1943 2103 2035 2159 πί-

376 2206 545 2243 στεως
577 2185 675 2260 ἐμὲ
729 2187 953 2264 κρίνητε
997 2188 1210 2266 λόγοις,
1274 2193 1517 2265 μαθητὰς
1550 2193 1852 2270 αὐχοῦντας
1902 2194 2035 2248 εἶναι

376 2280 487 2331 τῶν
517 2277 806 2352 σωτηρίων
833 2280 923 2334 καὶ
957 2279 1114 2335 θείων
1145 2280 1327 2357 λόγων
1367 2282 1600 2351 ἐκείνων,
1656 2283 1835 2354 ἀξιοῦν
1885 2287 2036 2359 πρῶ-

379 2386 471 2421 τον
505 2364 779 2442 βούλομαι
812 2365 1092 2424 διακοῦσαι
1140 2376 1248 2425 τῶν
1292 2370 1440 2445 ἐμῶν
1488 2374 1719 2427 τουτωνὶ
1767 2371 1950 2447 λόγων
1983 2372 2034 2428 ἐν

381 2455 653 2530 πραότητι
682 2456 1011 2531 πνεύματος,
1042 2459 1116 2522 ὡς
1148 2460 1237 2514 καὶ
1280 2467 1411 2515 πᾶσι
1462 2462 1556 2535 μὲν
1606 2468 1721 2524 τοῖς
1771 2462 1859 2517 ἐπὶ
1909 2462 2035 2539 θρό-

379 2565 477 2600 νου
534 2542 764 2622 κρίσεως
832 2546 1163 2621 καθημένοις
1224 2547 1497 2629 ὀφείλεται
1533 2595 1547 2620 ,
1617 2551 1901 2628 ἐξαιρέτως
1979 2549 2037 2606 δὲ

374 2639 497 2697 τοῖς
553 2635 678 2712 περὶ
735 2640 843 2690 τῶν
887 2635 1234 2707 τηλικούτων
1291 2635 1597 2710 δικάζουσιν
1627 2688 1641 2713 ,
1695 2640 1880 2697 ἔπειτά
1939 2663 2033 2715 μοι

374 2725 475 2793 τὴν
563 2726 749 2803 ψῆφον
837 2727 1156 2802 ἐπενεγκεῖν,
1215 2727 1388 2785 ἐκεῖνο
1460 2727 1891 2805 ἐνθυμουμένους
1960 2733 2033 2794 ὡς

385 2812 561 2886 ὁποίῳ
607 2833 693 2876 τις
738 2814 963 2892 κρίματι
1013 2822 1189 2893 κρινεῖ
1233 2821 1569 2896 κριθήσεται,
1622 2822 1711 2875 καὶ
1758 2821 1804 2893 ᾧ
1856 2821 2039 2897 μέτρῳ

385 2904 663 2980 μετρήσει,
725 2905 1246 2981 ἀντιμετρηθήσεται
1299 2908 1464 2981 αὐτῷ.
1524 2911 1676 2972 Υινὶς
1736 2909 1794 2965 δέ
1848 2933 1940 2984 μοι
1986 2912 2039 2965 οἱ

380 2990 538 3068 λόγοι
570 2992 694 3069 περὶ
747 2994 821 3047 ὧν
883 2994 1023 3066 ὑμᾶς
1084 2995 1217 3067 ἀξιῶ
1272 3000 1459 3073 πράως
1517 2996 1742 3075 ἔχοντας
1799 3000 2036 3070 ἀκούειν,

384 3081 525 3155 ὁμοῦ
579 3079 638 3137 δὲ
683 3081 774 3137 καὶ
821 3083 1215 3160 προσέχοντας,
1268 3087 1473 3165 οἱπερὶ
1524 3110 1623 3159 της
1672 3090 1904 3152 πίστεως
1953 3090 2043 3145 αύ-

383 3177 506 3239 τῆς,
565 3170 656 3233 οῦς
714 3171 804 3226 καὶ
851 3171 1022 3228 πάλαι
1078 3175 1171 3247 μὶν
1219 3179 1566 3250 πεποιήμεθα
1604 3179 1742 3256 πρὸς
1773 3180 1913 3253 ὑμᾶς
1951 3178 2043 3235 καί

381 3260 483 3329 τήν
544 3267 643 3329 τῆς
686 3260 984 3336 ὀρθότητος
1044 3262 1217 3318 αὐτῶν
1297 3264 1395 3319 οὐκ
1463 3267 1658 3343 ἀγεννῆ
1744 3269 2039 3345 μαρτυρίαν

384 3347 778 3422 ἐκομισάμεθα,
837 3350 928 3404 καὶ
984 3355 1075 3406 νῦν
1137 3349 1194 3407 δὲ
1256 3354 1611 3428 ποιούμεθα,
1654 3354 1840 3427 ἐπειδή
1900 3377 2040 3412 τισιν

383 3435 574 3501 ἄλλως
613 3435 761 3508 ἔδοξε
791 3435 941 3509 δόξαι
970 3440 1094 3514 περὶ
1142 3443 1326 3515 ἡμῶν,
1358 3451 1458 3513 τῆς
1508 3445 1633 3522 περὶ
1682 3449 1831 3519 ἡμᾶς
1861 3446 2041 3521 κρείτ-

379 3547 539 3589 τονος
588 3522 1048 3601 διαϐεϐλημένοις
1109 3527 1292 3602 δόξης,
1354 3532 1462 3609 οὐχ
1513 3535 1673 3607 ἡμῶν
1736 3536 2044 3609 μετατεθέν-

378 3637 511 3689 των,
550 3618 625 3689 μή
657 3617 890 3693 γένοιτο,
940 3625 1039 3688 τῆς
1089 3620 1214 3696 περῖ
1270 3626 1425 3695 Θεοῦ,
1476 3627 1573 3677 τοῦ
1622 3624 1725 3699 γάρ
1775 3623 2039 3700 ἐγκρίνειν

380 3709 450 3780 τῇ
483 3700 724 3777 εὐσεϐείᾳ
771 3704 955 3762 ὅντινά
1008 3730 1093 3771 τις
1155 3707 1410 3785 βούλεται
1466 3711 1556 3766 καὶ
1612 3712 1763 3776 αὖθις
1810 3713 2040 3791 ἀποκρί-

377 3816 487 3851 νειν
550 3793 717 3865 αὐτῆς
753 3842 767 3867 ,
826 3796 1062 3872 τοσαύτῃ
1121 3797 1369 3875 ῥᾳστώνῃ
1423 3799 1552 3857 ὥστ’
1627 3798 1896 3866 εὐσεϐείας
1951 3804 2042 3859 καὶ

381 3881 701 3955 κακοδοξίας
756 3887 1039 3963 κριτήριον
1125 3889 1201 3961 μή
1258 3887 1322 3943 τὸ
1403 3889 1740 3966 Εὐαγγέλιον
1795 3894 2042 3969 ἡγεῖσθαι

382 3974 473 4028 καὶ
528 3974 628 4043 τὴν
686 3978 795 4029 τῶν
855 3976 1107 4051 Πατέρων
1155 3976 1454 4053 ὁμολογίαν
1506 3980 1594 4035 καὶ
1626 3978 1944 4057 παράδοσιν,
1976 3984 2044 4037 τά

385 4060 446 4119 δὲ
478 4063 610 4137 μίση
642 4068 748 4117 τῶν
779 4064 1079 4137 ἀνθρώπων
1127 4066 1218 4120 καὶ
1266 4068 1360 4129 τὰς
1411 4067 1615 4145 φιλίας.
1652 4066 1894 4139 Εὐσεϐὴς
1948 4073 2043 4145 μὲν

386 4152 491 4228 γάρ
516 4151 599 4214 τίς
629 4173 738 4207 τινι
779 4154 1022 4227 σήμερον
1056 4151 1114 4208 ἄν
1164 4175 1219 4209 τι
1265 4161 1375 4210 τῶν
1425 4158 1835 4233 κεχαρισμένων
1883 4156 2044 4237 ἔπρα-

387 4241 489 4311 ξεν,
548 4241 610 4297 οὐ
666 4246 913 4303 τοιοῦτος
964 4240 1023 4297 δὲ
1071 4243 1131 4298 ἐκ
1174 4248 1274 4299 τοῦ
1322 4245 1565 4301 ἐναντίου
1618 4249 2040 4323 προσκέκρουκε.

388 4328 703 4404 Ποιούμεθα
744 4327 802 4385 δὲ
857 4330 984 4394 τοὺς
1034 4331 1231 4394 αὐτοὺς
1288 4332 1349 4388 οὐ
1411 4334 1570 4407 μόνον
1630 4335 1712 4391 ὅτι
1770 4339 1895 4411 περὶ
1940 4346 2040 4407 τῆς

2142 1768 2263 1822 γιον
2298 1755 2540 1825 Πνεῦμα,
2593 1753 2656 1808 τὸ
2706 1753 2757 1824 ἐξ
2808 1754 2973 1810 αὐτοῦ
3022 1761 3120 1811 τοῦ
3172 1757 3386 1832 ΙΙατρὸς
3436 1754 3790 1831 ἐκπορευόμε-

2142 1860 2255 1910 νον,
2286 1840 2348 1895 τὸ
2381 1843 2967 1918 συμπροσκυνούμενον
3020 1844 3190 1922 ΙΙατρὶ
3236 1845 3325 1901 καὶ
3375 1846 3509 1918 Υἱῷ,
3561 1844 3637 1907 ὡς
3682 1865 3796 1901 συν-

2145 1927 2320 1985 αίδιον
2379 1932 2468 1986 καὶ
2527 1932 2818 2009 σύνθρονον
2875 1933 2965 1988 καὶ
3020 1934 3314 2019 ὁμοούσιον
3386 1934 3479 1990 καὶ
3538 1932 3795 2008 ὁμόδοξον

2144 2018 2234 2074 καὶ
2290 2023 2389 2089 τῆς
2444 2022 2671 2085 κτίσεως
2735 2018 3206 2099 συνδημιουργόν.
3268 2024 3521 2082 Πιστεύω
3570 2024 3660 2079 τὸν
3715 2019 3800 2078 ἕνα

2144 2108 2347 2181 ταύτης
2383 2117 2484 2180 τῆς
2546 2112 2867 2187 ὑπερουσίου
2914 2112 3004 2167 καὶ
3066 2118 3384 2191 ζωαρχικῆς
3446 2109 3674 2190 Τριάδος
3713 2111 3799 2166 τὸν

2152 2206 2418 2274 μονογενῆ
2480 2199 2657 2275 Λόγον
2687 2245 2700 2270 ,
2762 2201 3093 2258 κατελθόντα
3164 2203 3223 2258 ἐκ
3274 2208 3383 2258 τῶν
3438 2202 3680 2277 οὐρανῶν
3738 2197 3803 2254 δι’

2146 2291 2295 2361 ἡμᾶς
2352 2288 2480 2352 τοὺς
2528 2291 2848 2366 ἀνθρώπους
2899 2291 2989 2346 καὶ
3042 2289 3133 2347 διὰ
3160 2293 3259 2361 τὴν
3310 2291 3583 2367 ἡμετέραν
3635 2310 3804 2359 σωτη-

2149 2378 2289 2454 ρίαν,
2347 2387 2692 2454 σαρκωθῆναι
2743 2380 2803 2435 ἐκ
2860 2379 3179 2455 ῙΙνεύματος
3236 2380 3394 2457 ἁγίου
3455 2381 3546 2437 καὶ
3606 2378 3803 2455 Μαρίας

2145 2474 2247 2537 τῆς
2298 2467 2591 2543 Παρθένου,
2643 2469 2734 2523 καὶ
2783 2468 3228 2545 ἐνανθρωπῆσαι,
3269 2469 3551 2525 τουτέστιν
3607 2465 3806 2542 ἄνθρω-

2149 2578 2249 2611 πον
2306 2557 2515 2613 τέλειον
2574 2557 2838 2634 γενέσθαι,
2902 2559 3130 2631 μένοντα
3158 2558 3310 2629 Θεὸν,
3350 2559 3449 2614 καὶ
3502 2554 3669 2632 μηδὲν
3718 2574 3806 2629 με·

2148 2642 2457 2702 ταϐαλόντα
2511 2654 2611 2717 τῆς
2685 2647 2830 2710 θείας
2890 2646 3074 2710 οὐσίας
3135 2645 3225 2702 διὰ
3286 2649 3385 2716 τὴν
3449 2647 3590 2724 πρὸς
3647 2646 3810 2720 σάρκα

2149 2736 2458 2803 κοινωνίαν,
2499 2737 2535 2804 ἢ
2582 2734 2981 2805 ἀλλοιώσαντα,
3031 2735 3159 2792 ἀλλ’
3209 2734 3333 2792 ἄνευ
3377 2743 3598 2813 τροπῆς
3651 2754 3812 2809 προσ-

2150 2823 2418 2904 ειληφότα
2462 2825 2555 2880 τὸν
2603 2822 2904 2903 ἄνθρωπον,
2950 2824 3001 2881 ἐν
3035 2826 3181 2898 αὐτῷ
3208 2847 3267 2880 τε
3309 2826 3493 2889 πάθος
3521 2824 3612 2881 καὶ
3661 2843 3811 2878 σταυ-

2151 2917 2242 2991 ρὸν
2309 2916 2399 2970 καὶ
2474 2914 2698 2970 θάνατον
2760 2916 3099 2989 ὑπομεῖναι,
3164 2915 3256 2970 τὸν
3331 2915 3544 2978 παντὸς
3621 2914 3814 2972 πάθους

2151 3004 2287 3059 κατά
2340 3005 2442 3072 τὴν
2500 3003 2640 3067 θείαν
2692 3002 2847 3081 φύσιν
2909 3003 3214 3081 ἐλεύθερον·
3265 3004 3357 3059 καὶ
3412 3005 3710 3073 ἀναστῆναι
3751 3001 3816 3073 τῇ

2151 3093 2309 3170 τρίτῃ
2358 3093 2541 3170 ἡμέρᾳ
2579 3092 2638 3148 ἐκ
2684 3098 2792 3148 τῶν
2838 3099 3066 3167 νεκρῶν,
3119 3091 3208 3148 καί
3260 3092 3337 3155 εἷς
3384 3091 3656 3168 οὐρανοὺς
3706 3089 3818 3145 ἀνε-

2155 3181 2435 3252 ληλυθότα
2494 3182 2553 3237 ἐκ
2613 3181 2799 3254 δεξιῶν
2855 3190 3087 3253 καθῆσαι
3136 3187 3235 3238 τοῦ
3266 3186 3400 3238 Θεοῦ
3467 3182 3559 3239 καὶ
3592 3178 3819 3257 Πατρός.

2153 3271 2400 3326 Πιστεύω
2429 3272 2566 3326 κατά
2592 3273 2687 3333 τάς
2716 3271 2840 3349 περὶ
2890 3277 3024 3327 Θεοῦ
3073 3272 3164 3326 καὶ
3198 3276 3306 3326 τῶν
3360 3272 3530 3328 θείων
3588 3265 3819 3347 παραδό-

2152 3382 2263 3423 σεις
2288 3380 2347 3415 τε
2377 3360 2465 3415 καὶ
2499 3360 2809 3437 εἷσηγήσεις
2857 3368 2957 3430 τῆς
3011 3366 3140 3433 μιᾶς
3189 3357 3500 3431 καθολικῆς
3546 3360 3638 3414 καὶ
3685 3358 3814 3437 ἀπο-

2153 3439 2416 3511 στολιιιῆς
2472 3440 2795 3511 Ἐκκλησίας
2833 3486 2845 3499 .
2904 3438 3194 3517 Ὀμολογῶ
3266 3439 3322 3495 ἓν
3403 3441 3687 3517 βάπτισμα
3742 3436 3816 3497 είς

2153 3526 2337 3607 ἄφεσιν
2397 3532 2714 3605 ἁμαρτιῶν.
2778 3528 3078 3607 Προσδοκῶ
3126 3529 3414 3584 ἀνάστάσιν
3464 3533 3671 3606 νεκρῶν
3729 3524 3815 3580 καὶ

2156 3620 2302 3688 ζωήν
2327 3624 2425 3674 τοῦ
2459 3616 2766 3692 μέλλοντος
2799 3620 3021 3681 αίῶνος.

2224 3713 2345 3762 ’Έτι
2403 3705 2462 3763 δὲ
2516 3713 2602 3763 τιῦ
2673 3708 3192 3785 ἐνανθρωπήσαντος
3247 3711 3381 3762 Θεοῦ
3454 3707 3635 3784 Λόγου
3697 3703 3816 3778 μίαν

2152 3794 2447 3870 ὁμολογῶν
2497 3799 2597 3867 τὴν
2643 3798 2958 3867 ὑπόστασιν,
3004 3797 3096 3852 καὶ
3142 3793 3237 3852 ἕνα
3282 3796 3557 3852 πιστεύων
3608 3796 3700 3850 τὸν
3733 3789 3821 3847 αὐ-

2148 3886 2241 3941 τὸν
2290 3886 2379 3941 καὶ
2438 3886 2723 3964 κηρύττων
2768 3887 3020 3963 Χριστὸν,
3065 3886 3116 3940 ἐν
3168 3883 3318 3941 δυσὶν
3371 3883 3499 3941 οἶδα
3547 3885 3684 3959 μετά
3727 3882 3823 3949 τήν

2153 3974 2556 4048 ἐνανθρώπησιν
2600 3980 2720 4037 ταῖς
2772 3976 2990 4053 φύσεσιν
3039 3975 3106 4030 τὰ
3157 3974 3208 4045 ἐξ
3239 3975 3313 4029 ὧν
3361 3974 3457 4030 καὶ
3503 3974 3557 4030 ἰν
3608 3975 3690 4035 οἷς
3737 3968 3825 4027 καὶ

2152 4064 2185 4118 ἃ
2219 4063 2429 4142 πέφυκε
2461 4065 2732 4133 σώζοντα.
2786 4064 3119 4128 Ἀκόλουθον
3172 4062 3230 4118 δὲ
3276 4063 3366 4117 καὶ
3422 4062 3523 4119 δύο
3573 4059 3823 4138 ἐνεργεία,

2154 4154 2323 4208 αὐτοῦ
2374 4159 2610 4227 Χριστοῦ
2668 4154 2759 4209 καὶ
2822 4151 2918 4209 δύο
2975 4148 3262 4230 πρεσϐεύω
3321 4151 3654 4227 θελήματα,
3712 4150 3829 4206 ἑκά·

2155 4248 2420 4313 στηςτῶν
2455 4243 2667 4321 φύσεων
2721 4244 2784 4298 τὸ
2840 4240 2976 4298 ἴδιον
3042 4240 3284 4315 θέλημα,
3338 4243 3433 4296 καὶ
3480 4243 3584 4312 τήν
3631 4239 3828 4296 οῗκείαν

2160 4331 2442 4401 σωζούσης
2501 4331 2766 4408 ἐνέργειαν
2804 4373 2815 4386 .
2887 4335 3278 4405 Προσκυνητής
3340 4330 3461 4405 εἶμι
3523 4331 3830 4407 σχετικῶς,

388 4416 554 4487 αὐτῆς
611 4419 845 4481 πίστεώς
900 4419 1057 4488 εἶσιν,
1118 4419 1245 4475 ἀλλ’
1295 4420 1387 4477 ’ίνα
1416 4425 1506 4478 καὶ
1551 4429 1714 4480 τοῦτο
1764 4427 2046 4503 γρώριμον
2080 4399 2123 4466 C
2163 4419 2289 4476 ἀλλ’
2349 4419 2410 4475 ού
2471 4419 2879 4497 λατρευτικῶς,
2936 4420 3027 4475 καὶ
3082 4424 3189 4475 τῶν
3252 4417 3410 4482 θείων
3472 4420 3567 4474 καὶ
3626 4418 3831 4473 σεπτῶν

391 4506 553 4563 ἅπασι
584 4506 816 4585 γένοιτο,
870 4509 947 4571 ὡς
1000 4508 1062 4564 οὐ
1119 4514 1207 4563 νῦν
1261 4512 1496 4587 πρώτως
1541 4518 1639 4567 τοῦ
1691 4514 1854 4591 ὀρθοῦ
1892 4515 2051 4591 γεγό-

389 4617 557 4669 ναμεν
619 4598 992 4674 φρονήματος,
1087 4603 1171 4661 αῖς
1231 4598 1510 4676 ἐπηρείαις
1558 4607 1721 4657 τινῶν
1786 4625 2052 4682 σωφρονι-

395 4686 626 4755 σθέντες,
686 4682 811 4741 ἀλλ’
868 4683 1066 4741 ἄνωθεν
1146 4686 1610 4759 έκκλησιαστικῶς
1667 4713 1727 4746 τε
1780 4690 2005 4768 εἷ’χομεν
2038 4740 2052 4765 ,

394 4773 485 4829 καὶ
517 4773 641 4848 περὶ
696 4773 763 4828 τά
815 4782 917 4844 τῆς
977 4770 1246 4837 εὐσεϐείας
1307 4778 1386 4832 ἀεὶ
1448 4774 1681 4841 εὐσεϐῶς
1730 4778 2053 4855 διεκείμεθα,

396 4863 537 4927 καθά
566 4859 631 4931 δὴ
664 4862 753 4918 καὶ
803 4864 867 4918 τὸ
919 4871 1021 4933 τῆς
1071 4866 1394 4941 θεογνωσίας
1444 4864 1825 4925 διδασκαλεῖον
1874 4873 1909 4941 ἡ
1949 4876 2058 4927 τῶν

400 4954 606 5007 πιστῶν
661 4953 846 5027 μήτηρ
907 4950 1270 5023 ἐξεπαίδευσεν
1333 4954 1674 5026 Ἐκκλησία.
1734 4960 1890 5035 Ἔχει
1940 4959 2056 5015 τοί-

400 5062 488 5096 νυν
519 5041 588 5095 τά
613 5044 720 5095 τῶν
772 5039 953 5116 λόγων
1003 5050 1105 5111 τῆς
1153 5043 1389 5107 πίστεως
1436 5047 1597 5117 ἡμῶν
1647 5048 1722 5109 ὡς
1774 5048 1947 5105 παλαι
1988 5049 2059 5104 εἶ-

403 5150 522 5205 χεν,
557 5129 647 5184 ὅτε
675 5130 766 5185 καὶ
795 5132 921 5206 παρ’
971 5131 1097 5205 ὑμῖν
1143 5133 1328 5196 αὐτοῖς
1381 5133 1707 5212 ὀρθόφρονες
1757 5138 2056 5212 ἠκούομεν,

401 5219 492 5274 καὶ
555 5219 631 5281 ὡς
689 5215 921 5282 εὐσεϐεῖς
980 5220 1337 5296 ἐπῃνούμεθα.
1398 5223 1497 5279 Καὶ
1559 5223 1674 5300 ἔχει
1723 5248 1785 5301 γε
1835 5228 2056 5286 οὑτωσί.

473 5307 719 5364 Πιστεύω
781 5308 857 5370 εἰς
929 5306 1022 5364 ἕνα
1091 5312 1220 5366 Θεὸν
1296 5311 1509 5388 Πατέρα
1582 5315 1992 5391 παντοκράτορα
2042 5364 2056 5387 ,

398 5398 637 5467 ποιητήν
692 5398 925 5474 οὐρανοῦ
981 5399 1071 5454 καὶ
1126 5407 1250 5475 γῆς,
1313 5402 1521 5478 ὁρατῶν
1584 5424 1644 5458 τε
1699 5403 1914 5459 πάντων
1969 5406 2058 5460 καὶ

398 5484 666 5562 ἀοράτων,
731 5482 969 5563 ἄναροχν
1034 5488 1127 5560 μὲν
1185 5488 1275 5543 καὶ
1328 5489 1613 5565 ἀγέννητον
1664 5492 1754 5546 καὶ
1794 5492 2056 5563 ἀναίτιον,

400 5575 578 5649 ἀρχὴν
631 5572 686 5629 δὲ
725 5578 955 5653 φυσικὴν
1014 5578 1103 5632 καὶ
1162 5577 1331 5632 αἰτίαν
1394 5580 1520 5633 ι”ιοῦ
1576 5580 1666 5634 καὶ
1720 5580 2054 5654 Πνεύματος.

404 5664 647 5720 11ιστείω
677 5665 767 5719 καὶ
808 5664 882 5727 είς
920 5667 1011 5720 τὸν
1058 5667 1294 5742 ὁμογενῆ
1342 5667 1506 5723 αὐτοῦ
1554 5670 1698 5743 Υἱὸν,
1750 5671 1839 5725 τὸν
1892 5671 2058 5747 ἀχρό-

2163 4510 2407 4581 εἰκόνων,
2464 4508 2628 4565 αὐτοῦ
2682 4531 2740 4564 τε
2797 4514 3029 4587 Χριστοῦ
3084 4509 3174 4564 καὶ
3230 4515 3331 4577 τῆς
3378 4509 3662 4585 πανάγνου
3708 4512 3835 4561 Θεο-

2169 4602 2432 4676 μήτορος,
2464 4598 2553 4653 καὶ
2586 4599 2797 4654 πάντων
2848 4604 2954 4655 τῶν
3002 4598 3193 4673 ἁγίων,
3240 4596 3327 4652 ἐπὶ
3375 4598 3447 4652 τὰ
3501 4595 3836 4674 πρωτότυπα

2162 4691 2263 4758 τὴν
2309 4689 2445 4764 πρὸς
2492 4688 2690 4751 ταύτας
2740 4682 3070 4757 διαϐιϐάζων
3112 4688 3313 4759 τιμήν’
3358 4685 3494 4748 τοὺς
3543 4683 3605 4741 δὲ
3648 4682 3837 4743 ἄλλως

2163 4779 2199 4847 ἢ
2235 4778 2378 4832 οὕτω
2410 4781 2741 4855 φρονοῦντας
2774 4778 2849 4839 ὡς
2888 4774 3356 4853 ἀλλοτριόφρονας
3410 4769 3834 4846 ἀποϐάλλομαι.

2166 4862 2592 4939 Ἀποϐάλλομαι
2675 4864 2732 4920 δὲ
2806 4866 2896 4921 καὶ
2955 4866 3054 4935 τήν
3113 4864 3221 4939 πρὸ
3283 4868 3487 4939 μικροῦ
3549 4866 3835 4937 γεγονυῖαν

2166 4953 2522 5030 ψευδώνυμον
2576 4955 2817 5031 εἰρήνην,
2879 4954 2953 5017 ὡς
3003 4955 3104 5023 τὴν
3153 4953 3290 5029 πρὸς
3334 4952 3467 5008 Θεὸν
3521 4954 3665 5025 ἡμῖν
3712 4969 3843 5025 προ-

2168 5047 2415 5117 ξενοῦσαν
2491 5042 2690 5121 ἔχθραν
2727 5088 2738 5100 .
2815 5040 3144 5117 Ἐπειδήπερ
3215 5040 3290 5103 ὡς
3374 5041 3428 5095 ἐν
3511 5038 3840 5113 οἰκονομίας

2167 5133 2448 5206 πλάσματι
2501 5136 2601 5202 τήν
2655 5130 2981 5203 Ἐγκλησίαν
3030 5132 3292 5203 κατέτεμε
3341 5129 3437 5184 καὶ
3499 5126 3842 5202 ἐλυμήνατο,

2168 5223 2427 5286 πείθουσα
2487 5219 2576 5277 διά
2630 5228 2731 5291 τῆς
2787 5215 3117 5296 ἀϐελτηρίας
3163 5218 3252 5273 καὶ
3305 5222 3518 5297 φρενῶν
3560 5235 3842 5294 παρατρο-

2168 5319 2280 5381 πῆς
2335 5316 2442 5365 τῶν
2499 5310 2599 5379 τὴν
2658 5307 2817 5381 ἰδίαν,
2877 5306 3004 5364 ἀλλ’
3063 5307 3126 5364 οὐ
3173 5308 3273 5377 τήν
3320 5310 3423 5362 τοῦ
3453 5310 3596 5363 Θεοῦ
3649 5311 3844 5376 στῆσαι

2170 5399 2324 5473 δόξαν
2384 5400 2713 5470 ζητούντων,
2762 5396 3053 5453 ἀποκλῖναι
3108 5398 3203 5470 μὶν
3245 5403 3347 5466 τῆς
3393 5393 3720 5472 ὁρθοδοξίας
3752 5392 3842 5448 καὶ

2167 5497 2269 5559 τῆς
2327 5489 2516 5563 ὑγιοῦς
2573 5492 2680 5543 τῶν
2729 5486 2984 5565 Πατέρων
3041 5483 3417 5556 διδασκαλίας,
3481 5484 3561 5547 εἷς
3602 5480 3837 5540 κακοδο-

2169 5578 2279 5649 ξίας
2357 5574 2415 5631 δὲ
2484 5576 2574 5631 καὶ
2658 5576 3009 5655 βλασφημίας
3086 5571 3455 5642 ἀπολισθῆναι
3533 5570 3785 5648 κρημνόν
3822 5613 3836 5627 .

2166 5669 2368 5722 ’Δθετῶ
2419 5667 2512 5728 τὰς
2560 5664 2932 5727 ἐπικινδύνους
2972 5664 3096 5738 περὶ
3156 5669 3258 5733 τῆς
3303 5666 3403 5718 τοῦ
3452 5660 3618 5737 ἁγίου
3668 5657 3837 5717 Πνεύ-

406 5773 512 5814 νως
572 5754 660 5807 καὶ
720 5753 1023 5830 ἀῤῥεύστως
1072 5755 1123 5827 ἐξ
1175 5755 1336 5811 αὐτοῦ
1382 5756 1675 5831 ὁμοούσιον
1724 5759 2055 5835 γεννηθέντα·
2089 5746 2136 5810 D
2173 5778 2338 5831 ματος
2400 5754 2767 5833 ἐκπορεύσεως
2827 5752 3161 5825 λαληθείσας
3194 5772 3207 5784 ·
3255 5750 3440 5813 αὐτοῖς
3497 5749 3707 5829 φωνάς.
3767 5746 3837 5802 T6
