4108 6438
316 455 445 523 949

1572 450 1907 517 SCRIPTA
1947 449 2521 515 APOLOGETICA.

3636 445 3758 515 250

304 592 412 669 γὰρ
462 586 732 664 πανάγιον
786 589 1007 661 Πνεῦμα
1060 582 1122 642 ἐκ
1171 589 1270 642 τοῦ
1325 585 1535 663 Ιίατρὸς
1587 584 1970 662 ἐκπορεύεσθαι
2002 581 2420 658 Ακατηξίωσα,
2471 583 2548 646 ὡς
2599 579 2795 660 ἀνδρὸς
2845 580 3104 662 ἀγροίκου
3153 579 3243 641 καὶ
3311 578 3533 641 ἰδιώτου
3576 586 3754 656 πονή-

308 681 437 757 παρ’
462 678 632 735 αὐτοῦ
688 680 789 733 τοῦ
844 681 979 732 Θεοῦ
1032 676 1125 731 καὶ
1180 675 1364 751 Λόγου
1417 676 1602 749 μαθὼν
1631 674 1690 730 ἐκ
1717 678 1815 729 τοῦ
1874 679 1982 729 Πα-

310 771 439 847 τρὸς
463 768 556 824 καὶ
586 768 690 837 τήν
749 765 975 843 ὕπαρξιν
1020 763 1171 842 ἔχειν
1221 762 1509 842 ὁμολογῶ,
1541 764 1631 820 καὶ
1682 762 1845 819 αὐτὸν
1885 768 1982 819 τοῦ

320 859 453 914 εἶναι
480 853 768 918 οὐσιωδῶς
800 854 993 932 αὐχεῖν
1040 850 1238 926 αἴτιον,
1271 852 1450 931 ὥσπερ
1493 850 1633 924 δῆτα
1682 852 1773 908 καὶ
1819 851 1981 915 αὐτὸς

326 948 356 1003 ὁ
406 946 548 1009 Υἱός.
577 945 680 1000 Τὸν
733 942 792 999 δὲ
843 945 967 999 Υἱὸν
1031 942 1092 999 ἐκ
1156 942 1368 1019 Πατρὸς
1428 942 1521 1016 μὶν
1572 939 1695 997 οἶδα
1743 939 1834 996 καί
1889 961 1982 996 πι-

328 1034 521 1106 στεύω,
575 1033 665 1088 καὶ
723 1029 897 1088 αἶ’τιον
948 1033 1140 1088 ἑαυτοῦ
1195 1031 1286 1088 καὶ
1342 1031 1519 1108 ἀρχὴν
1576 1031 1832 1110 φυσικὴν,
1889 1029 1979 1085 τὸν

321 1126 527 1200 Πατέρα
571 1120 855 1192 πλουτεῖν,
889 1120 1185 1195 ὁμοούσιον
1249 1118 1308 1176 δὲ
1363 1120 1453 1176 καὶ
1508 1121 1750 1199 συμφυές
1802 1119 1866 1173 τὸ
1925 1118 1985 1174 ἐκ

324 1213 528 1287 Πατρὸς
578 1208 727 1288 ἔχειν
760 1214 1020 1284 Πνεῦμα·
1083 1210 1145 1266 οὐ
1200 1212 1307 1284 μὴν
1355 1208 1413 1266 δὲ
1460 1210 1550 1265 καὶ
1601 1206 1772 1264 αἶ’τιον
1822 1206 1980 1263 αὐτὸν

313 1306 408 1358 τοῦ
452 1300 768 1375 Πνεύματος
823 1299 1112 1375 ὑπάρχειν,
1142 1300 1177 1368 ἢ
1240 1299 1405 1373 μόνον
1450 1299 1486 1368 ἢ
1527 1297 1658 1372 μετᾶ
1712 1303 1811 1354 τοῦ
1867 1302 1982 1352 Παο

309 1391 466 1467 τρόνς⁹
527 1389 613 1445 ὅτι
677 1386 822 1463 μηδὲ
878 1385 1102 1465 ὕπαρξιν
1165 1385 1281 1465 ἔχει
1332 1389 1395 1444 τὸ
1441 1389 1701 1464 πανάγιον
1762 1390 1986 1461 Πνεῦμα

313 1478 405 1536 διά
431 1484 535 1536 τοῦ
566 1479 699 1534 Υἱοῦ
728 1478 819 1533 καὶ
852 1476 914 1533 ἐκ
959 1482 1059 1533 τοῦ
1108 1479 1260 1550 Υἱοῦ,
1291 1479 1430 1543 καθά
1486 1474 1552 1546 δὴ
1613 1476 1703 1531 καὶ
1760 1474 1981 1546 ἐνόησαν

302 1570 401 1625 καὶ
462 1566 828 1645 ἐδογμάτισαν
861 1568 913 1621 οἱ
959 1566 1035 1629 είς
1085 1565 1363 1622 ἀπώλειαν
1424 1568 1644 1628 έαυτους
1698 1564 1788 1620 καὶ
1850 1568 1984 1620 Θεοῦ

314 1657 647 1735 μακρυσμὸν
719 1650 1079 1726 ἐκϐιάζοντες.
1138 1655 1339 1712 Ἀθετῶ
1397 1654 1488 1710 καὶ
1544 1653 1642 1716 τὰς
1700 1652 1983 1729 ἐξηγήσεις

308 1745 445 1809 ὅσας
479 1747 534 1801 οἱ
564 1743 988 1821 παραχαράκται
1030 1748 1128 1799 τοῦ
1184 1742 1438 1799 τοιούτου
1499 1740 1770 1819 δόγματος
1819 1761 1982 1796 κακοα

307 1835 544 1913 σχόλως
594 1839 712 1897 τοῖς
754 1837 1045 1911 πατρικοῖς
1104 1832 1394 1908 ἐπάγοντες
1458 1830 1686 1909 ῥήμασι,
1721 1829 1986 1908 σύμφωνα

304 1926 379 1980 τά
434 1929 549 1981 τῶν
612 1923 783 1999 ἁγίων
842 1920 1111 1978 δεικνύναι
1167 1927 1289 1985 ταῖς
1351 1920 1731 2000 βλασφημίαις
1779 1921 1980 1975 ἑαυτῶν

309 2016 644 2091 ἐπειρῶντο.
706 2014 795 2075 Ὡς
873 2013 977 2089 γὰρ
1054 2014 1089 2082 ἡ
1160 2010 1428 2081 καθολικὴ
1489 2008 1790 2082 Ἐκκλησία
1861 2009 1985 2083 περὶ

309 2108 453 2161 Θεοῦ
515 2103 606 2158 καὶ
660 2106 769 2157 τῶν
826 2101 983 2156 θείων
1044 2106 1261 2179 φρονεῖν
1302 2097 1707 2177 παραδέδωκεν,
1741 2097 1884 2154 οὕτω
1917 2096 1983 2168 δὴ

309 2192 409 2248 καὶ
459 2196 668 2271 φρονῶ,
702 2191 793 2246 καὶ
843 2187 1132 2266 ὁμολογῶ,
1178 2189 1269 2245 καὶ
1329 2187 1598 2244 διδάσκειν
1651 2186 1763 2261 ἰδίᾳ
1808 2209 1867 2243 τε
1896 2187 1988 2243 καὶ

308 2280 569 2355 δημοσίᾳ
614 2281 968 2358 προῄρημαι.
1002 2286 1180 2336 Πᾶσαν
1236 2276 1476 2356 βέϐηλον
1525 2278 1855 2356 κενοφωνίαν
1898 2276 1987 2332 ἐπὶ

310 2372 566 2442 ἀθετήσει
626 2376 728 2440 τῆς
790 2370 980 2445 ὑγιοῦς
1040 2369 1347 2446 εὑρημένην
1408 2368 1646 2430 πίστεως
1690 2367 1725 2437 ἢ
1768 2367 1988 2442 εὑρεθη-

306 2460 553 2533 σομένην
607 2459 683 2521 ὡς
734 2461 922 2535 ψυχῆς
983 2457 1396 2537 ἀποστρέφομαι
1447 2452 1671 2534 ὄλεθρον
1731 2456 1823 2511 καὶ
1882 2456 1987 2511 ἀπὸ

264 2553 448 2605 ’Θεοῦ
508 2545 901 2623 ἀλλοτρίωσιν.
938 2547 1185 2623 Δέχομαι
1250 2547 1343 2602 καὶ
1399 2547 1497 2610 τὰς
1556 2547 1693 2602 ἐπτά
1728 2544 1986 2618 οἶκουμε-

312 2638 475 2700 νικάς
538 2636 690 2713 ἁγίας
745 2636 837 2691 καὶ
892 2636 1037 2699 θείας
1100 2633 1379 2699 συνόδους.
1431 2636 1675 2712 Δέχομαι
1731 2634 1823 2689 καὶ
1880 2637 1985 2688 τῶν

307 2731 562 2783 τοπικῶν
610 2724 739 2788 ὅσας
778 2727 814 2795 ἡ
848 2722 1147 2798 Ἐκκλησία
1195 2724 1431 2799 ἐδέξατο.
1467 2725 1711 2801 Δέχομαι
1755 2725 1822 2778 τὰ
1869 2722 1989 2799 ίερὰ

311 2814 535 2872 τούτων
583 2814 944 2890 θεσπίσματα,
990 2814 1149 2878 ὅσους
1202 2837 1262 2871 τε
1319 2813 1660 2887 ἀπεδέξαντο,
1720 2809 1991 2888 ἀποδέχο-

320 2927 449 2980 μαι,
500 2903 592 2959 καί
654 2903 813 2966 ὅσους
866 2902 932 2959 αὖ
979 2903 1290 2977 κατέκριναν
1340 2905 1430 2959 καὶ
1480 2898 1841 2971 ἀπεϐάλοντο,
1890 2921 1988 2957 κα-

312 2994 594 3071 τακρίνων
673 2993 764 3049 καὶ
825 2988 1303 3066 ἀποϐαλλόμενος.
1360 2991 1581 3063 Ἐπειδὴ
1638 2991 1727 3048 καὶ
1792 2995 1989 3066 μῶμος

320 3082 453 3158 ἐμοὶ
501 3084 654 3161 παρά
697 3104 861 3139 τινων
930 3077 1335 3160 προστρίϐεται,
1392 3082 1476 3138 ὅτι
1529 3104 1620 3157 μοι
1671 3080 1987 3161 ἐμφανισθὲν

318 3174 483 3229 κακὸν
517 3175 577 3230 ὃν
627 3173 729 3229 οὐκ
772 3171 1029 3253 ἐφωράθη
1067 3173 1227 3228 κακὸν
1270 3172 1429 3247 εἶναι,
1460 3170 1573 3228 οὐδ’
1603 3172 1678 3235 ὡς
1739 3169 1988 3249 βλάσφη-

330 3282 435 3335 μον
488 3262 855 3340 ἀπεκρούσθη,
916 3259 977 3316 τὸ
1032 3266 1131 3317 τοῦ
1186 3261 1407 3335 Μάρκου
1465 3262 1707 3341 φλύαρον
1761 3258 1988 3337 χαρτίον

2100 693 2250 747 ματι,
2276 670 2370 728 ’ίνα
2426 673 2503 746 μὴ
2557 672 2706 749 λέγω
2755 671 2837 729 ὅτι
2884 672 2975 729 καὶ
3026 672 3078 729 ἐν
3118 679 3292 752 καιρῷ
3325 695 3417 749 μοι
3447 671 3629 746 ἐδόθη,
3663 672 3753 730 ὅτε

2093 759 2219 818 οὐδέ
2266 766 2375 817 τῶν
2424 763 2561 818 πάνυ
2608 760 2914 819 σπουδαίων
2989 761 3211 819 δυνατὸν
3256 764 3324 834 ἦν
3372 762 3470 839 ἐμὲ
3514 762 3751 820 κυκλού-

2096 873 2255 927 μενον
2303 851 2405 907 ὑπὸ
2448 851 2676 909 πολλῶν
2726 853 2817 909 καὶ
2861 847 3264 930 θορυϐούμενον
3314 852 3747 932 ἐπιστρέφεσθαι.

2092 939 2252 997 Ἀλλ’
2284 940 2437 1016 ὅμως
2471 941 2554 996 ὅτι
2583 944 2919 998 παντάπασιν
2954 936 3271 1014 ἀπόϐλητον
3303 941 3431 1019 ἔχον
3461 943 3554 999 τὸν
3599 947 3749 1013 νοῦν,

2093 1028 2192 1104 ἐμὲ
2247 1030 2371 1086 τότε
2408 1028 2726 1109 παρέδραμε
2782 1035 3005 1087 τοιαῦτα
3066 1032 3226 1110 φέρον
3283 1033 3442 1100 κακά,
3490 1037 3570 1105 τῷ
3629 1033 3751 1088 ἀνα-

2092 1119 2281 1193 θέματι
2313 1119 2467 1190 αὐτὸ,
2494 1119 2627 1196 ὅπερ
2657 1120 2748 1176 καὶ
2780 1120 2892 1176 ἄνω
2934 1117 3166 1197 εἶ’ρηται,
3192 1118 3567 1198 παραδίδωμι.

2166 1207 2313 1263 Ἐπεὶ
2363 1206 2409 1263 δ’
2457 1208 2617 1263 αὐτὸν
2659 1210 2751 1265 καὶ
2796 1210 2888 1265 τὸν
2927 1208 3097 1283 τόμον
3156 1209 3424 1265 αἰτιᾶσθαι
3486 1209 3750 1265 πυνθάνο-

2097 1319 2215 1370 μαι,
2246 1297 2282 1367 ἢ
2338 1295 2576 1371 μάλιστά
2621 1319 2685 1373 γε
2734 1298 2903 1354 ἐκεῖνο
2950 1298 3113 1354 τοῦτό
3167 1319 3271 1373 μου
3330 1297 3464 1376 ὅπερ
3515 1297 3677 1378 φησὶν
3710 1302 3747 1369 ἡ

2096 1383 2224 1442 «δι’
2270 1387 2398 1442 Υἱοῦ
2438 1413 2465 1439 ››
2525 1385 2669 1461 λέξις
2717 1387 2961 1458 ἐνταῦθα,
3012 1389 3113 1458 τὴν
3179 1388 3257 1451 εἷς
3306 1385 3478 1444 ἀίδιον
3538 1384 3747 1462 ἐκλαμ-

2093 1479 2205 1550 ψιν,
2235 1475 2297 1531 οὐ
2326 1477 2425 1545 τὴν
2476 1475 2552 1538 είς
2597 1476 2660 1533 τὸ
2712 1475 2843 1532 εἶναι
2900 1478 3151 1553 καθαρῶς
3199 1475 3485 1551 σημαίνειν
3548 1475 3745 1553 βούλε-

2091 1586 2178 1620 ται
2238 1562 2493 1642 πρόοδον,
2542 1569 2641 1621 τοῦ
2700 1564 2760 1620 ἐκ
2818 1565 3028 1642 Πατρὸς
3086 1565 3185 1634 τὴν
3246 1564 3468 1639 ὕπαρξιν
3520 1564 3747 1641 ἔχοντος

2093 1654 2431 1728 Πνεύματος.
2486 1656 2556 1710 Τὸ
2604 1656 2707 1731 γὰρ
2760 1654 2979 1710 ἐνταῦθα
3025 1653 3302 1729 κείμενον,
3351 1655 3535 1733 φησὶν,
3568 1654 3621 1710 ἐν
3668 1659 3750 1728 τῷ

2098 1743 2245 1817 μέσῳ
2323 1744 2656 1820 συναρπάσαι
2727 1764 2787 1799 τε
2852 1743 3038 1817 αὐτὸν,
3095 1744 3185 1799 καὶ
3267 1742 3344 1806 είς
3428 1744 3746 1817 ὁμωνυμίαν

2094 1831 2306 1905 ἐξῶσαι,
2367 1830 2492 1888 οὐδὲ
2557 1831 2755 1889 τούτου
2810 1830 2979 1909 κρίνω
3037 1831 3418 1909 ἀθεράπευτον,
3476 1830 3752 1908 παραδρα-

2099 1926 2216 1996 μεῖν
2259 1922 2359 1991 τὴν
2407 1922 2612 1997 μέμψιν
2675 1920 2803 1997 ἐγώ.
2836 1923 2992 1977 ’Ὀθεν
3042 1921 3133 1977 καὶ
3189 1920 3553 2000 ἀποστραφεὶς
3610 1922 3749 1997 πρὸς

2096 2011 2278 2083 αὐτὸν,
2310 2011 2372 2067 τὸ
2417 2010 2579 2066 τοῦτό
2636 2031 2739 2085 μου
2770 2009 2992 2067 ἐνταῦθα
3022 2010 3189 2091 φημὶ,
3223 2011 3252 2066 ’ὀ
3285 2009 3348 2065 σύ
3378 2031 3440 2088 γε
3480 2015 3748 2083 καταιτιᾷ,

2095 2102 2184 2157 καὶ
2230 2099 2299 2157 δι’
2329 2102 2357 2156 ’ὸ
2389 2100 2497 2179 φῂς
2548 2101 2624 2163 εἰς
2678 2101 2775 2164 τὰς
2820 2100 3141 2175 ὁμωνυμίας
3200 2099 3599 2156 ἐκπεπτωκέναι
3652 2100 3749 2161 τὰς

2093 2194 2351 2246 τοσοῦτον
2382 2190 2574 2267 πόρῥω
2601 2194 2699 2246 τοῦ
2757 2184 3009 2252 εὐσεϐοῦς
3064 2189 3155 2245 καὶ
3201 2189 3473 2264 ἡμετέρου
3532 2184 3748 2258 διεστη-

2095 2278 2248 2342 κυίας
2298 2281 2676 2358 φρονήματος,
2724 2278 2814 2334 καὶ
2856 2275 3064 2354 σφόδρα
3125 2276 3312 2341 καλῶς
3351 2298 3412 2333 τε
3456 2275 3546 2333 καὶ
3602 2275 3749 2332 εὐσε-

2097 2363 2226 2431 ϐῶς.
2283 2369 2383 2424 Ναὶ
2439 2368 2534 2443 μὲν
2582 2369 2672 2423 καί
2720 2368 3045 2445 ἀναγκαίως,
3094 2369 3176 2431 οἷς
3228 2367 3542 2442 πρόσκειται
3584 2364 3750 2441 πρόσ-

2096 2479 2288 2525 κειται,
2319 2457 2424 2534 οὐχ
2447 2454 2541 2513 ’ίνα
2587 2456 2649 2512 σὺ
2698 2456 3014 2534 κακούργως
3069 2458 3161 2512 καὶ
3216 2457 3440 2531 ἀμαθῶς
3493 2457 3594 2526 τήν
3648 2459 3747 2511 τοῦ

2095 2546 2359 2622 παναγίνυ
2417 2546 2732 2621 Πνεύματος
2785 2544 2987 2619 τρόπον
3043 2544 3201 2601 οὖσαν
3258 2544 3424 2601 αὐτοῦ
3453 2547 3552 2614 τῆς
3583 2545 3750 2621 ὑπάρ-

2099 2636 2250 2707 ξεως,
2302 2635 2390 2691 καὶ
2451 2634 2592 2691 ἄλλο
2644 2657 2697 2690 τι
2741 2636 2904 2711 Δπαρά
2964 2638 3127 2690 τοῦτο
3181 2634 3467 2709 σημαίνειν
3521 2635 3746 2709 νοήσῃς,

2098 2724 2229 2802 ὅπερ
2262 2722 2377 2789 οὔθ’
2428 2726 2612 2797 ἡμεῖς,
2673 2706 2786 2789 οὐθ’
2834 2706 3018 2796 ἐτερος
3076 2706 3268 2798 εἷ’ρηκε
3312 2727 3420 2778 τῶν
3454 2706 3698 2777 ἁπάντων
3732 2740 3745 2755 ⁸

2099 2812 2227 2871 ἀλλ’
2270 2811 2457 2883 ἐπειδὴ
2508 2814 2607 2883 τὴν
2642 2836 2670 2865 ‹‹
2703 2810 2773 2868 δι’
2804 2814 2933 2867 Υἰοῦ
2972 2813 3033 2868 τὸ
3062 2818 3284 2886 Πνεῦμα
3315 2836 3342 2865 ››
3392 2814 3574 2891 φωνὴν
3624 2811 3752 2867 Βέκ-

2097 2924 2194 2965 κος
2271 2903 2365 2977 μὲν
2421 2901 2643 2979 ὕπαρξιν
2706 2899 2773 2957 δι’
2827 2902 2957 2957 Υὶοῦ
3038 2906 3137 2956 τοῦ
3216 2901 3478 2979 παναγίου
3532 2899 3751 2971 νενόηκε

2098 2990 2437 3066 Πνεύματος,
2488 2986 2710 3068 βόθυνον
2773 2989 3127 3071 βλασφημίας
3202 2990 3511 3068 ἀνορύσσων
3576 2990 3751 3047 ἐντεῦ-

2100 3082 2212 3136 θεψ
2272 3083 2437 3155 ἡμεῖς
2488 3079 2545 3136 δὲ
2588 3077 2842 3154 οὐδαμῶς
2891 3080 3034 3135 οὕτω
3072 3084 3320 3154 νοοῦμεν,
3364 3078 3490 3136 ἀλλ’
3520 3079 3611 3135 ὁτὲ
3652 3079 3748 3153 μὲν

2096 3172 2196 3240 τήν
2230 3168 2299 3225 δι’
2329 3170 2458 3225 Υἱοῦ
2489 3166 2664 3225 ἀίδιον
2705 3168 2868 3225 αὐτοῦ
2907 3164 3158 3248 ἔκφανσιν
3206 3169 3297 3224 καὶ
3344 3167 3614 3245 ἔκλαμψιν
3658 3167 3750 3224 καὶ

2099 3259 2398 3338 φανέρωσιν
2455 3256 2609 3333 ἴσμεν
2690 3258 2975 3334 σημαίνειν
3030 3259 3174 3315 πασὰ
3227 3263 3345 3322 τοῖς
3404 3258 3606 3335 ἁγίοις,
3665 3258 3755 3314 ὁτὲ

325 3334 538 3428 πρῶτον
590 3334 688 3427 μίέν
748 3351 1042 3425 ἀναθέματι
1109 3334 1537 3419 καθυποϐάλλω,
1596 3334 1727 3406 αὐτό
1894 3349 1985 3403 καὶ
2016 3334 2059 3400 C
2098 3334 2157 3405 δὲ
2198 3334 2297 3419 τὴν
2345 3348 2421 3412 εἷς
2451 3350 2602 3422 ἡμὰς
2634 3349 2907 3426 χορηγίαν
2961 3347 3051 3405 καὶ
3085 3350 3293 3423 πέμψιν
3341 3349 3431 3404 καὶ
3456 3334 3647 3406 δόσιν.
3680 3345 3751 3405 Τί

317 3441 498 3504 τάςέν
530 3442 680 3515 αὐτῷ
736 3439 1110 3519 βλασφημίας.
1144 3439 1401 3517 Δεύτερον
1457 3438 1516 3495 δὲ
1570 3440 1658 3495 καί
1720 3435 1977 3495 ὑπόδικον

314 3529 553 3604 ἐμαυτὸν
590 3535 861 3604 ποιοῦμαι
906 3535 1028 3592 ταῖς
1075 3528 1581 3603 παλαμναιοτάταις
1627 3529 1717 3584 καὶ
1771 3549 1978 3607 φρικω-

311 3616 599 3682 δεστάταις
659 3620 837 3697 ἀραῖς,
898 3616 1048 3693 εἷ’περ
1090 3617 1201 3693 ἐγώ
1257 3639 1390 3674 ποτε
1441 3617 1688 3674 τοιοῦτόν
1740 3638 1792 3672 τι
1834 3616 1981 3689 αύτῷ

309 3708 347 3778 ἢ
406 3709 521 3763 τινὶ
575 3712 687 3762 τῶν
746 3703 995 3761 ἁπάντων
1061 3706 1229 3782 ἐτέρῳ
1284 3708 1507 3785 γράφειν
1569 3706 1977 3782 εἰσηγησάμην.

310 3796 385 3852 Οὐ
422 3797 533 3870 μὴν
570 3793 720 3852 ἀλλά
749 3794 841 3850 καὶ
872 3795 1093 3873 γράφων
1124 3794 1216 3849 τὸν
1268 3796 1439 3869 τόμον
1482 3795 1573 3850 καὶ
1604 3793 1703 3850 ὅσα
1732 3815 1796 3869 γε
1821 3790 1982 3870 ἕτερα

311 3886 451 3961 ὑπέρ
508 3905 571 3940 τε
624 3890 727 3953 τῆς
778 3882 1128 3955 Ἐκκλησίας,
1159 3884 1250 3938 καὶ
1296 3883 1433 3939 κατὰ
1489 3889 1587 3940 τοῦ
1644 3883 1865 3957 Βέκκου,
1901 3882 1979 3946 είς

307 3971 470 4029 οὐδὲν
512 3977 762 4028 τοιοῦτον
810 3970 1185 4027 ἐκπεπτωκότι
1232 3972 1414 4048 νόημα
1459 3970 1678 4029 σύνοιδα
1735 3975 1980 4048 ἐμαυτῷ,

307 4065 506 4118 ὁποῖον
578 4065 1036 4140 συκοφαντοῦντες
1102 4061 1200 4135 ἐμὲ
1266 4062 1357 4117 καὶ
1443 4058 1837 4125 διαϐάλλοντες
1891 4061 1980 4118 λέ-

306 4173 500 4229 γουσι,
557 4151 655 4214 τάς
717 4151 920 4206 ἑαυτῶν
974 4152 1159 4227 ψυχάς
1240 4156 1421 4231 ςαφῶς
1483 4151 1542 4207 ἐκ
1576 4151 1783 4207 τούτων
1844 4150 1980 4228 βλά-

310 4261 570 4311 πτοντες,
603 4239 703 4295 οὐκ
753 4238 871 4314 ἐμέ.
905 4238 1005 4295 Καὶ
1034 4241 1139 4317 γάρ
1190 4240 1295 4317 ἐγὼ
1347 4241 1409 4295 τὸ
1460 4246 1684 4316 Πνεῦμα
1732 4244 1795 4299 τὸ
1827 4244 1978 4319 ἅγιον

311 4326 787 4404 συμπληρωτικόν
822 4324 984 4390 εἷδὼς
1032 4335 1136 4398 τῆς
1185 4328 1341 4405 ἁγίας
1382 4327 1633 4406 Τριάδος,
1667 4331 1797 4387 Θεὸν
1858 4330 1985 4388 οἴδα

306 4418 551 4489 τέλειον,
586 4416 663 4479 ὡς
700 4415 862 4472 αὐτὸν
916 4415 1009 4471 τὸν
1061 4419 1294 4494 Πατέρα,
1326 4418 1417 4473 καὶ
1474 4417 1632 4474 αὐτὸν
1682 4420 1774 4475 τὸν
1834 4422 1982 4493 Υὶὸν,

315 4508 381 4563 ἐκ
430 4511 533 4562 τοῦ
585 4510 719 4562 Θεοῦ
768 4505 860 4561 καὶ
906 4507 1114 4583 Πατρὸς
1157 4505 1608 4584 ἐκπορευόμενον,
1639 4509 1730 4565 καὶ
1775 4510 1985 4566 τέλειον

316 4595 373 4667 ἐξ
398 4595 571 4651 αὐτοῦ
601 4591 728 4671 ἕχον
758 4595 822 4651 τὸ
855 4593 1012 4667 εἶναι,
1045 4594 1336 4669 ὁμοούσιόν
1367 4617 1428 4651 τε
1453 4600 1533 4670 τῷ
1580 4603 1696 4671 Θεῷ
1742 4599 1832 4655 καὶ
1882 4605 1988 4656 Πα-

2092 3460 2256 3518 φησιν
2287 3439 2315 3493 ὁ
2353 3432 2564 3513 τόμος;
2598 3442 2675 3512 Τῇ
2723 3437 2876 3514 ῥήσει
2929 3438 3149 3501 ἐπιστὰς
3200 3443 3270 3514 τῇ
3329 3437 3389 3493 ἐκ
3432 3437 3646 3515 [ἰατρὸς
3695 3434 3750 3492 δι

2089 3529 2218 3583 Υίοῦ
2274 3527 2657 3602 ἐκπορεύεσθαι
2717 3525 2951 3603 λεγούσῃ
3007 3528 3069 3582 τὸ
3124 3532 3347 3602 Πνεῦμα
3388 3528 3451 3582 τὸ
3484 3528 3635 3603 ἅγιον
3667 3525 3751 3580 δτι

2087 3615 2151 3673 τὸ
2185 3640 2212 3668 ‹‹
2244 3614 2313 3672 δι’
2344 3618 2473 3672 Υἱοῦ
2501 3641 2529 3669 ››
2562 3615 2785 3681 ἐνταῦθα
2842 3613 2968 3672 οὐτε
3024 3617 3161 3672 καθά
3215 3637 3348 3697 φησι
3402 3616 3605 3677 Βέκκος
3667 3611 3758 3669 διὰ

2087 3712 2185 3763 τοῦ
2243 3707 2373 3762 Υἳοῦ
2417 3705 2641 3783 ὕπαρξιν
2696 3709 2794 3760 τοῦ
2849 3705 3119 3782 παναγίου
3175 3704 3494 3779 Πνεύματος
3550 3701 3754 3778 σημαί-

2089 3818 2189 3867 νει,
2225 3796 2340 3851 ἐπεὶ
2395 3792 2523 3869 μηδ’
2555 3793 2814 3871 ἀλλαχοῦ
2868 3794 3147 3867 σημαίνει,
3181 3793 3243 3850 οὐ
3293 3795 3398 3871 γάρ
3451 3793 3591 3848 ἐστιν
3639 3793 3755 3848 ἐτέ-

2092 3899 2261 3963 ρωθεν
2330 3884 2556 3961 ὕπαρξις
2614 3888 2694 3957 τῷ
2753 3884 2890 3961 ἁγίῳ
2947 3884 3247 3958 Πνεύματι,
3279 3882 3363 3939 ὅτι
3412 3884 3489 3956 μὴ
3542 3882 3603 3937 ἐκ
3630 3888 3749 3937 Πα-

2090 3975 2238 4052 τρὸς,
2298 3972 2416 4029 ὅθεν
2490 3972 2581 4028 καὶ
2659 3972 3027 4048 ἐκπορεύεται,
3089 3969 3214 4028 οὔτε
3287 3973 3386 4041 τήν
3463 3971 3540 4033 είς
3599 3973 3750 4045 ἡμᾶς

2092 4063 2366 4141 χορηγίαν
2399 4063 2489 4118 καὶ
2520 4062 2726 4136 πέμψιν
2758 4062 2847 4118 καὶ
2880 4059 3048 4131 δόσιν,
3079 4062 3125 4117 εί
3164 4061 3255 4117 καὶ
3286 4059 3544 4137 ἀλλαχοῦ
3593 4064 3756 4115 τοῦτο

2093 4154 2368 4228 σημαίνει,
2402 4151 2529 4208 ἀλλ’
2579 4150 2745 4221 αὐτὴν
2774 4151 2940 4207 αὐτοῦ
2968 4153 3067 4221 τήν
3119 4148 3209 4206 διὰ
3254 4156 3351 4206 τοῦ
3399 4151 3528 4204 ι’ἱοῦ
3578 4147 3752 4205 ἀΐδιον

2094 4241 2364 4321 ἕκφανσιν,
2426 4241 2819 4317 συντρέχουσαν
2873 4242 2966 4296 καὶ
3019 4238 3510 4321 συνεπινοουμένην
3566 4242 3635 4313 τῇ
3694 4237 3755 4294 ἐκ

2094 4317 2306 4409 Πατρὸς
2337 4330 2502 4387 αὐτοῦ
2533 4330 2609 4393 εἰς
2640 4331 2703 4385 τὸ
2735 4329 2865 4385 εἶναι
2895 4327 3141 4407 προόδῳ.
3320 4317 3337 4328 ’

2166 4425 2286 4477 ’Ότι
2319 4419 2377 4476 δὲ
2423 4425 2671 4475 τοιοῦτον
2727 4420 2965 4496 ἀρχῆθεν
3015 4421 3176 4493 ἡμῶν
3232 4420 3296 4475 τὸ
3356 4416 3629 4497 φρόνημα,
3660 4414 3750 4471 καὶ

2095 4516 2201 4567 τῶν
2280 4514 2380 4566 τοῦ
2455 4508 2678 4584 Μάρκου
2760 4509 3124 4587 φρονημάτων
3184 4528 3243 4562 τε
3308 4507 3398 4562 καὶ
3459 4503 3749 4580 δογμάτων

2097 4599 2354 4656 πλεῖστον
2412 4597 2736 4677 ἀφεστηκὸς,
2802 4602 3156 4676 μαρτυροῦσι,
3189 4597 3280 4652 καὶ
3338 4594 3437 4651 ὅσα
3492 4594 3599 4671 πρὸ
3655 4596 3752 4648 τοῦ

320 4685 441 4761 τρὶ,
478 4683 531 4755 ἐξ
557 4683 620 4738 οὗ
651 4683 1023 4759 ἐκπορεύεται,
1053 4687 1143 4739 και
1169 4689 1250 4757 τῷ
1293 4683 1490 4741 ἐκεῖθεν
1541 4686 1826 4765 ἀφράστως
1872 4710 1993 4765 γεν-
2022 4699 2069 4764 D
2097 4688 2274 4764 τόμου
2325 4685 2563 4750 πολλοῖς
2624 4683 2794 4742 ἔτεσιν
2854 4683 3133 4742 ἐκδέδοταί
3184 4705 3300 4759 μοι,
3337 4683 3428 4739 καὶ
3468 4681 3569 4738 ὅσα
3617 4681 3754 4756 μετά

314 4773 542 4845 νηθέντι
603 4773 733 4846 Υἱῷ,
792 4773 840 4846 ᾧ
894 4772 987 4827 καὶ
1044 4774 1361 4829 συνάπτεται
1418 4776 1567 4852 παρά
1621 4781 1719 4832 τοῦ
1777 4778 1992 4853 Πατρὸς

312 4861 410 4917 καὶ
460 4865 943 4938 συμπαρομαρτεῖ,
971 4861 1061 4915 καὶ
1110 4858 1181 4915 δι’
1222 4861 1284 4916 οὗ
1322 4860 1531 4940 πέφηνε
1577 4863 1666 4919 καὶ
1720 4863 1991 4939 ἐκλάμπει

315 4951 412 5007 καὶ
465 4955 818 5029 φανεροῦται,
869 4947 1302 5025 ἐκπορευόμενον
1354 4949 1413 5006 ἐκ
1457 4956 1553 5006 τοῦ
1607 4954 1841 5029 Πατρὸς,
1900 4954 1991 5009 καὶ

312 5037 541 5096 τελείαν
598 5038 801 5103 ἐκεῖθεν
858 5036 989 5115 ἕχον
1054 5039 1155 5108 τήν
1208 5038 1452 5115 ὕπαρξιν,
1484 5039 1575 5095 καὶ
1631 5042 1730 5111 τήν
1765 5042 1906 5106 θείαν
1934 5063 1994 5097 τε

308 5130 408 5186 καὶ
468 5127 708 5205 ἄρρητον
764 5126 825 5182 ἐκ
880 5126 1093 5202 Πατρὸς
1152 5125 1467 5201 ἐκπόρευσιν
1548 5128 1714 5185 αὐτοῦ
1787 5132 1989 5206 τρόπον

311 5218 455 5275 εἶναι
512 5214 965 5293 μυσταγωγηθείς
996 5213 1163 5270 αὐτοῦ
1209 5221 1308 5286 τῆς
1361 5216 1660 5293 ὑπάρξεως,
1693 5216 1806 5274 οὔθ’
1836 5222 1989 5294 ὁμώ-

312 5328 490 5382 νυμον
524 5305 711 5386 φωνὴν
758 5303 1064 5376 ἐννενόηκα,
1098 5301 1219 5360 ούνε
1266 5306 1402 5361 ποτὶ
1446 5307 1535 5362 καὶ
1581 5312 1749 5364 ταῦτα
1805 5309 1995 5367 πολλά

324 5395 785 5475 συγγραψάμενος
857 5392 1119 5473 γέγραφα.
1179 5395 1250 5450 Τὸ
1326 5395 1384 5450 δέ
1461 5403 1686 5474 Μάρκου
1767 5400 1993 5475 χαρτίον

320 5482 461 5543 ἔστω
511 5485 654 5541 κατά
698 5487 799 5538 τοῦ
850 5482 1214 5560 γεγραφότος,
1264 5482 1366 5540 οὐκ
1412 5484 1548 5559 ἐμοῦ
1595 5509 1656 5563 γε
1702 5487 1849 5544 αἰτία
1902 5489 1994 5545 καί

313 5575 718 5653 κατηγόρημα,
752 5570 813 5634 ὅς
852 5591 916 5648 γε
950 5570 1120 5646 μηδὲν
1170 5580 1466 5652 προσσχεῖν
1518 5574 1799 5650 ἐπιμελῶς
1846 5577 1994 5652 αὐτῷ

383 5687 466 5758 (1)
497 5684 699 5758 Μαιδεἒ
743 5699 759 5738 :

311 5749 889 5834 πρδάεχῶςξβραχὺς
917 5749 1054 5825 ἡμῖν
1080 5749 1171 5808 καὶ
1201 5753 1269 5808 τὰ
1305 5758 1530 5809 τοιαῦτα
1561 5749 1746 5832 λόγος.

2097 4780 2188 4836 τὸν
2247 4773 2441 4852 τόμον,
2478 4776 2531 4832 ἐν
2565 4778 2649 4839 οἷς
2679 4777 2873 4832 ἅπασιν
2920 4773 3037 4831 οὐδ’
3067 4775 3124 4830 ἂν
3185 4774 3337 4830 σκιὰν
3396 4772 3613 4849 εὐρήσει
3666 4791 3751 4834 τις

2102 4868 2458 4942 ὁμοιότητος.
2493 4870 2768 4942 Μαρτυρεῖ
2810 4862 2856 4919 δ’
2888 4864 2996 4941 οὐχ
3024 4864 3240 4934 ἥκιστα,
3271 4862 3360 4918 καὶ
3400 4865 3435 4932 ἡ
3466 4861 3604 4939 πρὸς
3650 4861 3750 4930 τήν

2099 4962 2196 5013 τοῦ
2238 4956 2441 5012 Βέκκου
2489 4953 2715 5029 ἀπορίαν
2765 4953 3084 5025 ἀπάντησις,
3117 4951 3187 5009 δι’
3230 4955 3299 5023 ἧς
3343 4951 3573 5029 ἀπορίας
3614 4949 3757 5005 ἐκεῖ-

2099 5068 2193 5109 νος
2239 5048 2391 5119 ἡμᾶς
2433 5041 2768 5102 συνελαύνει.
2800 5041 3075 5113 Ἐδόκειῆ
3120 5042 3184 5098 τὸ
3229 5045 3448 5116 Πνεῦμα
3490 5040 3555 5096 τὸ
3597 5040 3752 5115 ἅγιον

2107 5137 2182 5210 μὴ
2238 5134 2453 5208 ἀμέσως
2512 5130 2805 5210 ὁμολογεῖν
2859 5132 2917 5188 ἐκ
2961 5137 3058 5188 τοῦ
3104 5132 3335 5209 ΙΙατρὸς,
3368 5131 3397 5187 ’ὀ
3426 5130 3517 5185 καὶ
3553 5127 3756 5191 σκοπὸς

2102 5224 2248 5297 αὐτῷ
2276 5223 2365 5278 καὶ
2423 5220 2677 5300 πρόθεσις
2732 5223 2819 5294 ἦν,
2852 5222 2887 5292 ἢ
2917 5222 3013 5285 τὰς
3071 5218 3159 5276 διὰ
3213 5223 3311 5276 τοῦ
3360 5220 3487 5274 Υἱοῦ
3535 5216 3625 5274 καί
3660 5220 3758 5271 τοῦ

2101 5317 2391 5392 προσεχῶς
2439 5311 2812 5389 κηρυττούσας
2861 5311 2991 5366 αὐτὸ
3032 5315 3141 5367 τῶν
3184 5309 3354 5386 ἁγίων
3412 5308 3595 5389 φωνάς
3652 5326 3759 5361 πα-

2104 5403 2488 5481 ραγράφεσθαι.
2539 5401 2699 5477 Ἔχει
2753 5397 2812 5455 δὲ
2864 5402 2933 5455 τὰ
2982 5407 3086 5470 τῆς
3150 5400 3500 5470 ἀπαντήσεως
3568 5395 3757 5458 αὐταῖς

2104 5492 2306 5563 λέξεσιν
2338 5489 2537 5545 οὑτωσί
2564 5509 2577 5521 ·
3012 5514 3015 5517 ·

2177 5583 2255 5655 (1)
2284 5581 2477 5653 Ἡμεῖς
2507 5599 2682 5657 φαμεν
2720 5578 2810 5633 καὶ
2858 5578 3074 5653 ἀμέσως
3120 5578 3384 5655 ὑπάρχειν
3425 5576 3488 5631 τὸ
3536 5577 3759 5648 Πνεῦμα

814 5678 879 5762 gi
925 5678 1051 5762 περὶ
1098 5685 1199 5762 τῆς
1245 5685 1346 5762 τοῦ
1396 5683 1525 5762 Υίοῦ
1561 5684 1846 5762 ’μεσιτείας
1895 5683 2045 5762 λέγει
2098 5708 2182 5749 τις
2268 5686 2358 5742 καὶ
2434 5682 2582 5749 ὅλως
2652 5684 2748 5748 τὰς
2816 5681 2907 5740 διὰ
2978 5689 3074 5741 τοῦ
3143 5685 3293 5759 Υἱοῦ,
3352 5684 3443 5740 καὶ
3518 5680 3609 5739 διὰ
3660 5683 3760 5737 τοῦ
