4108 6430
363 443 478 508 251
1384 445 1705 512 GEORGII
1748 446 1985 512 CYPRI

2142 450 2180 509 ⁵.
2227 446 2764 511 ΡΛΤΒΙΑΒΟΗΛΕ
3655 447 3764 509 252

363 575 422 633 ἐκ
473 581 571 633 τοῦ
623 577 857 652 ΙΙατρὸς,
888 578 980 635 καὶ
1035 575 1125 635 διὰ
1179 584 1277 636 τοῦ
1332 581 1484 637 Υίοῦ.
1543 581 1644 637 Καὶ
1701 577 1825 637 οὔτε
1879 582 2018 636 κατὰ
2048 584 2095 649 Α
2131 582 2313 652 Ἰησοῦ
2369 585 2603 657 Χριστοῦ
2663 580 2895 656 βήματι,
2925 581 3023 634 τοῦ
3076 575 3172 641 τὰς
3229 572 3556 648 συνειδήσεις
3610 579 3759 650 ἡμῶν

359 665 487 735 τοὺς
540 667 846 731 ἀντιθέτους
906 669 1096 740 εἰπεῖν,
1158 669 1373 743 ἀμέσως
1432 668 1562 725 αὐτὸ
1619 669 1890 746 λέγοντες,
1948 670 2014 725 τὸ
2121 676 2438 748 κρινοῦντος
2467 670 2557 725 καὶ
2591 670 2801 743 ἑκάστῳ
2829 670 2968 725 κατὰ
2996 667 3065 723 τά
3094 665 3227 745 ἔργα
3255 665 3420 722 αὐτοῦ
3463 663 3760 722 ἀποδώσον-

364 753 435 811 δι’
482 757 609 812 Υἱοῦ
670 763 1070 834 καταργοῦμεν,
1130 754 1254 814 οὔτε
1301 758 1365 813 τὸ
1424 755 1495 813 δι’
1551 760 1680 814 Υίοῦ
1737 756 2014 833 ἀνομολο-
2121 782 2234 823 τος.
2270 761 2331 816 Εἰ
2360 758 2419 816 δὲ
2447 759 2762 833 πλάττομαι
2790 758 2880 813 καὶ
2918 759 2993 832 μὴ
3021 756 3162 813 κατά
3204 757 3273 811 τὰ
3330 755 3549 831 ῥήματα
3604 760 3766 812 ταῦτα

361 850 600 922 γοῦντες,
658 847 721 901 τὸ
797 845 1014 921 ἀμέσως
1089 847 1416 922 ἀρνούμεθα.
1476 848 1576 903 Καὶ
1630 850 1735 927 γὰρ
1796 849 2013 923 ἀμέσως
2122 851 2306 906 καὶτὸ
2332 852 2431 919 τῆς
2461 848 2601 922 ἐμῆς
2634 851 2818 924 ψυχῆς
2851 846 2960 903 ἐστι
3012 845 3286 925 φρόνημα,
3319 844 3608 920 ἀλλότριος
3656 843 3764 916 εἷήν

363 932 790 1010 δογματίζομεν,
833 934 1127 1011 ἐπειδήπερ
1175 938 1276 1006 τήν
1325 938 1442 992 καθ’
1490 937 1779 993 ὑπόστασιν
1848 939 2016 1016 ὕπαρ·
2125 944 2361 1017 Χριστοῦ
2415 939 2505 994 καὶ
2561 943 2660 994 τοῦ
2716 942 2825 993 τῶν
2876 934 3143 992 ἐκλεκτῶν
3196 934 3413 1012 κλήρου
3470 933 3767 1007 ἐκπέσοιμι.

362 1026 461 1097 ξιν,
491 1024 582 1080 καὶ
613 1022 761 1088 ὅλως
792 1024 921 1080 αὐτὸ
953 1023 1021 1094 δὴ
1050 1026 1113 1081 τὸ
1144 1026 1273 1082 εἰναι
1324 1026 1374 1099 ἐξ
1431 1026 1597 1082 αὐτοῦ
1648 1031 1745 1082 τοῦ
1803 1029 2013 1105 Ιιατρὸς
2125 1028 2224 1084 Καὶ
2276 1032 2445 1084 ταῦτα
2502 1028 2596 1101 μὶν
2656 1026 2817 1090 αὐτὸς
2864 1025 2970 1103 ἐγὼ
3022 1025 3146 1103 περὶ
3196 1023 3457 1098 ἐμαυτοῦ.
3491 1025 3673 1085 Ὅστις
3716 1020 3771 1077 δέ

363 1109 480 1189 ἔχει
535 1113 600 1169 τὸ
658 1119 896 1189 Πνεῦμα,
929 1114 1020 1169 καὶ
1069 1114 1169 1170 οὐκ
1197 1114 1257 1170 ἐκ
1283 1120 1379 1171 τοῦ
1410 1116 1559 1185 Υἱοῦ,
1593 1114 1718 1173 οὐδὲ
1775 1115 1864 1172 διὰ
1917 1122 2014 1172 τοῦ
2129 1138 2197 1191 με
2249 1122 2357 1173 τῶν
2419 1118 2668 1172 ἁπάντων
2729 1116 2863 1189 μετά
2917 1113 3121 1185 ταύτην
3158 1135 3265 1188 μου
3317 1114 3417 1183 τὴν
3477 1110 3774 1187 ὁμολογίαν

363 1204 512 1275 Υίξοῦ.
546 1204 615 1258 Ἢ
670 1204 772 1280 γὰρ
830 1204 889 1258 ἂν
942 1204 1033 1259 καὶ
1090 1203 1263 1267 αἷίτιος
1318 1206 1462 1261 οὕτω
1517 1209 1616 1261 τοῦ
1651 1205 2013 1281 Παρακλήτου
2123 1209 2221 1277 τὴν
2282 1206 2424 1263 οὕτω
2479 1204 2996 1286 κατησφαλισμένην
3056 1201 3135 1260 ἔτι
3208 1207 3550 1282 συκοφαντῶν
3613 1200 3777 1276 ἐμμέ-

364 1292 393 1347 6
436 1292 560 1356 Υἱὸς
618 1293 866 1369 ὑπῆρχεν
925 1293 1375 1372 ἀναμφηρίστως,
1427 1294 1560 1372 ὅπερ
1630 1294 1742 1350 οὔτ’
1801 1291 2014 1359 εὐσεϐές
2125 1319 2201 1353 νει
2249 1297 2340 1352 καὶ
2391 1291 2730 1366 διαϐάλλων,
2779 1294 2871 1350 καὶ
2935 1293 3035 1349 οὐκ
3098 1288 3478 1349 εὐσεϐέστατον
3527 1297 3776 1367 Χριστια-

362 1381 497 1454 ἐστι,
527 1381 617 1436 καὶ
649 1380 826 1445 οὐδεὶς
859 1380 1120 1439 οὐδέποτε
1148 1389 1255 1440 τῶν
1310 1385 1475 1461 ἁγίων
1525 1383 1638 1441 οὔτ’
1670 1385 1858 1453 εἰπὼν,
1891 1384 2017 1442 οὔτε
2123 1388 2215 1443 νὸν
2272 1388 2363 1442 τὸν
2410 1385 2637 1456 ἀληθῶς
2695 1384 2777 1440 ἀεὶ
2829 1388 3080 1439 τοιοῦτον
3135 1383 3234 1457 ἐμὲ
3289 1382 3382 1437 καὶ
3438 1384 3656 1456 ⁴ἡγεῖται
3692 1380 3780 1435 καὶ

362 1470 577 1546 γράψας
637 1469 822 1549 ἐφάνη·
869 1473 967 1526 Διά
1020 1476 1119 1527 τοῦ
1169 1474 1299 1528 Υἰοῦ
1357 1470 1416 1528 δέ
1463 1474 1637 1552 φαμὲν
1685 1474 1749 1529 τὸ
1796 1480 2018 1547 Πνεῦμα
2127 1476 2412 1553 ὁμολογεῖ,
2446 1476 2647 1537 ἐκεῖνος
2706 1472 2932 1544 ἀληθῶς
2990 1480 3090 1544 τῆς
3142 1466 3417 1534 εὐσεϐείας
3466 1468 3780 1543 ἀλλότριος,

361 1559 450 1614 καὶ
505 1559 605 1629 τὴν
665 1560 885 1633 ἀμέσως
941 1560 1241 1637 ὁμολογίαν
1298 1565 1460 1636 ἡμῶν
1498 1564 1575 1636 μὴ
1634 1562 2014 1638 λυμαίνεσθαι,
2127 1565 2326 1628 ἐκεῖνος
2383 1563 2574 1641 πόῤῥω
2630 1565 2729 1633 τῆς
2783 1561 3103 1639 ὀρθότητος,
3155 1559 3245 1615 καὶ
3293 1562 3397 1629 τῆς
3449 1563 3781 1635 Χριστιανῶν

363 1645 551 1717 ἐπειδὴ
612 1646 672 1703 ἐκ
728 1650 939 1726 Πατρὸς
997 1650 1428 1727 ἐκπορευόμενον
1486 1652 1579 1706 καὶ
1630 1653 2013 1730 ἀφιστάμενον,
2127 1656 2438 1728 ἀμωμήτου
2493 1653 2726 1715 πίστεως
2782 1649 3084 1725 πολέμιος·
3134 1650 3339 1712 ἐκεῖνος
3366 1647 3460 1704 καὶ
3527 1644 3784 1709 ὑπόδικος

361 1735 414 1808 ἐξ
444 1736 507 1792 οὗ
538 1733 605 1807 δὴ
656 1738 805 1793 καὶὸ
838 1739 961 1801 Υἱὸς
1004 1745 1277 1815 γεννᾶται,
1311 1737 1381 1794 δι’
1411 1740 1578 1795 αὐτοῦ
1626 1739 1692 1810 δή
1741 1746 1840 1797 τοῦ
1888 1743 2017 1797 Υίοῦ
2129 1741 2213 1815 εἴη
2265 1749 2385 1807 ταῖς
2435 1742 2594 1820 ἀραῖς
2624 1740 2686 1805 ἃς
2720 1738 3015 1816 διαγέγονα
3062 1739 3419 1816 ἐπαρώμενος
3470 1736 3713 1812 ἐμαυτῷ,
3743 1734 3791 1789 εἷ’

360 1826 695 1903 προέρχεται
721 1825 812 1881 καί
844 1826 1133 1900 ἐκλάμπει,
1172 1827 1382 1884 τέλειον
1414 1826 1562 1897 πλὴν
1623 1827 1752 1905 ἔχον
1782 1831 1846 1885 τὸ
1882 1830 2018 1886 εἶναι
2132 1834 2208 1907 μή
2252 1837 2373 1895 ταῖς
2434 1832 2596 1905 ἐμαῖς
2652 1831 2875 1893 ταύταις
2931 1829 3057 1903 περὶ
3102 1827 3337 1890 πίστεως
3366 1832 3578 1906 φωναῖς
3608 1824 3698 1881 καὶ
3729 1824 3788 1879 τὸ

359 1916 487 1991 παρ’
517 1915 682 2024 αὐτοῦ
736 1920 833 2024 υἱοῦ
890 1915 1140 1993 Πατρός·
1198 1919 1317 1981 καθ’
1346 1918 1405 1973 ὃν
1467 1915 1533 1987 δὴ
1592 1918 1796 1996 τρόπον
1841 1920 1929 1975 καὶ
1956 1921 2017 1976 τὸ
2052 1959 2098 2024 Β
2125 1924 2225 1992 τῆς
2266 1924 2454 1997 ψυχῆς
2499 1915 2784 1993 συμϐαίνει
2833 1918 3114 2024 φρόνημα,
3148 1916 3436 2024 λογισθείη
3486 1922 3589 2021 τῆς
3650 1912 3795 2024 μερί-

362 2009 477 2083 φῶς
508 2000 721 2080 εἷ’ρηται
751 2001 842 2059 διά
868 2012 972 2075 τῆς
1002 2005 1221 2068 ἀκτῖνος
1266 2005 1325 2060 ἐκ
1373 2011 1472 2061 τοῦ
1520 2006 1709 2081 ἡλίου,
1739 2005 1866 2086 ἔχον
1923 2011 2019 2083 μὲν
2052 2000 2098 2024 υ
2130 2009 2225 2072 δος
2275 2013 2383 2064 τῶν
2428 2006 2524 2065 δύο
2583 2012 2955 2087 συκοφαντῶν,
3002 2004 3200 2069 ο⁹ίτινες
3261 2004 3351 2061 ἐπὶ
3412 2004 3633 2080 Καϊάφα
3682 2000 3794 2078 κρί-

357 2093 548 2167 πηγῆν
573 2092 664 2147 καὶ
696 2092 869 2148 αῗτίαν
902 2098 999 2148 τοῦ
1037 2093 1172 2149 εἶναι
1220 2094 1313 2150 τὸν
1366 2093 1531 2165 ἥλιον
1577 2097 1654 2160 ὡς
1704 2098 1885 2175 ἀρχὴν
1930 2098 2023 2154 αὐ·
2128 2118 2314 2160 νοντος
2425 2097 2654 2171 Χριστὸν
2768 2094 3119 2167 ἐξανέστησαν
3247 2097 3798 2169 καταμαρτυροῦντες

359 2185 461 2237 τοῦ
489 2183 719 2260 φυσικήν
748 2203 761 2216 ·
814 2179 950 2237 διιὸν
1003 2179 1051 2237 δ’
1099 2180 1256 2255 ὅμως
1297 2184 1388 2239 καὶ
1435 2186 1627 2261 προϊὸν
1668 2185 1758 2241 καὶ
1809 2186 2022 2261 ἐκλάμ-
2131 2190 2389 2263 Χριστοῦ.
2420 2183 2523 2256 Εῗη
2584 2186 2719 2260 μετά
2766 2189 2873 2240 τῶν
2937 2183 3236 2261 εἰρηκότων
3295 2182 3510 2240 πλάνον
3574 2180 3801 2258 Χριστὸν

366 2292 468 2325 πον
530 2267 618 2325 διὰ
672 2278 774 2341 τῆς
838 2272 1073 2340 ἀκτῖνος,
1108 2271 1159 2343 ἐξ
1188 2275 1257 2343 ῆς
1291 2273 1401 2350 οὐχ
1446 2274 1670 2351 ὕπαρξις
1724 2280 1802 2350 τῷ
1858 2278 2019 2356 φωτὶ,
2131 2275 2289 2331 αὐτὸν
2343 2276 2433 2330 τὸν
2494 2274 2677 2346 ἀληθῆ
2723 2275 2852 2330 Θεὸν
2914 2274 3005 2328 καὶ
3061 2275 3322 2349 Σωτῆρα,
3354 2273 3461 2341 τήν
3524 2267 3801 2340 αὐτοαλή-

364 2356 482 2414 οὐδ’
541 2358 834 2422 οὐσίωσις·
894 2359 1022 2417 ἀλλ’
1064 2360 1190 2431 ⁴ἥκει
1245 2363 1341 2436 μὲν
1400 2363 1590 2436 αὐτῆς,
1652 2365 1727 2427 ὡς
1787 2362 2022 2442 εἷ’ρηται,
2134 2377 2301 2437 θειαν,
2334 2365 2392 2426 ’ὀς
2435 2362 2581 2420 ἄλλα
2630 2364 2805 2440 λέγειν
2863 2363 3003 2436 ὑμᾶς
3047 2362 3137 2418 καὶ
3187 2359 3335 2419 ἄλλα
3390 2366 3621 2441 φρονεῖν
3655 2357 3802 2415 ὑπεί-

366 2445 483 2523 ἔχει
533 2444 592 2502 δὲ
638 2447 819 2525 ἀρχὴν
850 2453 947 2504 τοῦ
978 2448 1113 2505 εἶναι
1146 2448 1218 2506 δι’
1263 2452 1433 2523 αὐτῆς
1482 2452 1518 2522 ἢ
1566 2452 1617 2527 ἐξ
1666 2453 1836 2523 αὐτῆς
1866 2454 2024 2511 οὐδα-
2132 2453 2300 2534 ληφε,
2326 2454 2419 2510 καὶ
2448 2453 2577 2517 τοὺς
2620 2451 2827 2516 ἄλλους
2878 2452 3052 2515 οὕτως
3110 2446 3531 2526 ὑπολαμϐάνειν
3580 2445 3809 2526 προτρέ-

366 2540 504 2610 μῶς,
552 2534 701 2592 ἀλλά
755 2541 1010 2615 καθαρῶς
1068 2539 1158 2595 καὶ
1220 2539 1436 2614 ἀμέσως
1490 2542 1549 2597 ἐκ
1585 2548 1682 2598 τοῦ
1739 2542 1926 2616 ἡλίου,
1970 2545 2021 2617 ἐξ
2132 2566 2312 2615 πεται,
2342 2544 2434 2599 καὶ
2497 2545 2572 2618 μὴ
2636 2540 2864 2619 δάκρυα,
2902 2544 2978 2615 μὴ
3037 2540 3284 2610 νηστεία,
3334 2542 3416 2615 μὴ
3481 2540 3811 2615 σκληραγω-

364 2625 430 2680 οὗ
489 2623 556 2696 δὴ
604 2627 696 2682 καὶ
753 2627 889 2697 αὐτή
922 2630 957 2698 ἡ
989 2627 1162 2702 ἀκτὶς,
1197 2627 1265 2684 δι’
1292 2633 1466 2707 ῆσπερ
1521 2632 1584 2687 τὸ
1633 2636 1748 2711 φῶς
1779 2633 2020 2711 φαίνεται
2130 2634 2221 2711 γία
2271 2634 2361 2689 καὶ
2408 2635 2483 2707 μὴ
2534 2633 2688 2704 τῆξις
2735 2633 3017 2706 σώματος,
3054 2632 3131 2704 μὴ
3162 2631 3359 2695 πένθος
3424 2628 3674 2702 διηνεκὲς
3722 2626 3811 2683 καὶ

360 2714 581 2791 προϊόν.
1106 2798 1109 2799 ν
2064 2797 2089 2799 ι
2135 2721 2301 2795 ὀδύνη
2361 2726 2571 2799 ψυχῆς,
2610 2720 2751 2797 μηδέ
2805 2743 2892 2784 τις
2941 2720 3087 2783 ὅλως
3136 2719 3342 2798 τρόπος
3376 2718 3684 2794 μετανοίας
3713 2724 3812 2787 τῆς

438 2803 593 2873 ΙΙλήν
619 2804 688 2859 τὰ
714 2811 814 2874 τῆς
848 2798 1155 2882 ὁμολογίας
1189 2806 1313 2881 ἐμοὶ
1348 2808 1521 2873 οὕτως
1554 2808 1697 2887 ἔχει’
1750 2812 1840 2867 καὶ
1887 2813 2017 2867 καθ·
2051 2797 2095 2865 C
2132 2797 2394 2884 τοιαύτης
2439 2797 2601 2868 αὐτὸν
2650 2810 2923 2883 ἐξελέσθαι
2971 2807 3269 2880 καταδίκης
3320 2808 3629 2886 ίσχύσειεν.
3661 2803 3818 2865 Ἀλλ’

364 2892 548 2980 ωσπερ
589 2898 707 2949 τοῖς
756 2893 998 2972 χείλεσιν
1057 2896 1425 2973 ὡμολόγησα,
1457 2898 1602 2955 οὕτω
1640 2901 1729 2956 καὶ
1772 2905 1842 2976 τῇ
1892 2922 2022 2980 καρ-
2134 2903 2211 2965 ὦς
2286 2906 2619 2979 Χριστιανῶν
2703 2899 3044 2977 ἐπηρεαστής
3097 2900 3188 2955 καὶ
3245 2898 3603 2978 συκοφάντης
3657 2897 3821 2966 κατή-

362 2978 456 3053 δίᾳ
528 2981 881 3054 πεπίστευκα,
939 2985 1031 3039 καὶ
1089 2986 1167 3048 ὡς
1223 2986 1477 3058 ἀληθεύω
1531 2987 1583 3043 ἐν
1634 2988 1852 3053 τούτοις
1906 2978 2026 3055 τοῖς
2136 2978 2468 3069 γορος,τῆς
2521 2994 2631 3045 τῶν
2692 2994 3032 3064 Χριστιανῶν
3095 2985 3317 3065 μερίδος
3377 2983 3823 3061 ἀλλοτριωθείη,

368 3069 606 3159 ῥήμασιν
658 3069 830 3145 μηδὲν
882 3069 957 3127 ὢν
1016 3074 1344 3153 ἀσύμφωνος
1399 3078 1536 3132 κατὰ
1580 3083 1753 3135 ταῦτα
1798 3080 1933 3156 πρὸς
1961 3081 2030 3136 τὰ
2136 3082 2228 3137 καὶ
2281 3079 2704 3159 παραπεμφθείη
2760 3085 2882 3142 ταῖς
2945 3076 3334 3149 ἀτελευτήτοις
3392 3077 3697 3154 βασάνοις,
3730 3075 3826 3136 τὰς

368 3154 515 3213 ἔνδον
576 3162 677 3229 τῆς
738 3158 980 3225 διανοίας
1037 3166 1333 3237 κινήματα,
1364 3164 1580 3241 γένοιτό
1642 3188 1736 3241 μοι
1785 3154 2032 3247 σωτηρία
2138 3177 2243 3241 τῆς
2300 3154 2941 3247 Χριστιανόκατηγορίας
2998 3167 3220 3234 εὐθύνας
3271 3167 3494 3247 ὑφέξων
3547 3166 3630 3231 εἰς
3658 3164 3830 3221 αἰῶνα

372 3250 583 3324 ψυχῆς.
614 3248 704 3304 καί
761 3248 1036 3324 ἀμέμπτῳ
1089 3257 1429 3327 παραστῆναι
1484 3260 1567 3329 τῷ
1620 3260 1719 3312 τοῦ
1769 3261 2032 3336 Σωτῆρος
2143 3260 2233 3315 τὸν
2267 3259 2496 3315 ἅπαντα.

870 3565 1121 3662 ΤΟΥ
1191 3567 1614 3667 ΑΥΤΟΥ
1690 3570 2426 3669 ΑΓΙΩΤΑΤΟΥ
2503 3570 3323 3669 ΠΑΤΡΙΑΡΧΟΥ

1574 3824 2591 3956 ΓΡΗΓΟΡΙΟΥ

978 4084 1337 4139 ΑΙΙΟΛΟΓΙΔ
1377 4087 1560 4139 ῙΙΡΟΣ
1599 4089 1736 4141 ΤΗΝ
1775 4088 1957 4140 ΚΑΤΑ
1994 4088 2117 4139 ΤΟΥ
2152 4086 2385 4143 ΤΟΜΟΥ
2420 4087 2711 4144 ΜΕΜΨΙΝ
2749 4086 3193 4141 ΙΣΧΥΡΟΤΑἸἨ.

448 4327 559 4385 Ἀεὶ
595 4329 689 4402 μὲν
722 4327 834 4403 ἐγὼ
862 4328 1126 4406 πρότερον
1151 4329 1279 4394 τοὺς
1308 4328 1498 4387 πολλὰ
1526 4334 1651 4409 περὶ
1697 4337 1833 4389 Θεοῦ
1863 4335 2028 4411 φθεγ-
2141 4328 2423 4389 ϐἀνεσθαιο
2481 4331 2641 4401 ὥστε,
2700 4328 2869 4401 οῦσης
2937 4328 3175 4406 ἀνάγκης
3244 4329 3384 4405 πρὸς
3466 4329 3836 4411 ἀμφοτέρους

375 4417 653 4490 γομένους
699 4414 892 4494 ἄνδρας
938 4418 1262 4493 ἐθαύμαζον,
1300 4419 1355 4476 τί
1401 4441 1535 4476 ποτε
1581 4421 1767 4484 αὐτοῖς
1813 4422 1875 4477 τὸ
1919 4427 2028 4477 τῶν
2140 4422 2456 4500 στρέφεσθαί
2485 4443 2546 4478 τε
2588 4421 2679 4477 καὶ
2730 4422 2986 4492 ἀπαντᾷν,
3019 4418 3245 4480 εἰκότως
3302 4418 3396 4473 καὶ
3464 4427 3659 4494 μῆκος
3717 4422 3839 4479 τοῖς

375 4503 558 4580 λόγων
610 4504 825 4576 πλῆθος
875 4502 1173 4581 ἠϐούλετο,
1208 4507 1322 4579 ἐξὸν
1370 4508 1620 4572 εἰπόντας
1676 4506 1907 4587 βραχέα,
1939 4510 2030 4566 καὶ
2139 4511 2266 4588 περὶ
2320 4517 2456 4567 Θεοῦ
2515 4510 2765 4588 λέγουσιν
2798 4511 2828 4565 6
2872 4504 3043 4585 λόγος
3101 4505 3399 4582 ἐλάμϐανε,
3442 4508 3837 4585 βουλομένοις

371 4592 540 4669 ταύτῃ
592 4595 685 4651 τὸν
741 4592 932 4667 εὐσεϐῆ
994 4601 1119 4652 νοῦν
1189 4597 1535 4676 ἐμφήναντας
1591 4600 1818 4669 ἑαυτῶν,
1878 4605 2029 4676 σιγᾷν
2140 4602 2341 4663 ἱκανῶς
2426 4600 2759 4679 ἀμφοτέροις
2837 4597 3096 4670 ἐπεξιέναι
3171 4602 3289 4659 τοῖς
3370 4596 3598 4675 μέρεσι.
3660 4601 3841 4654 Τοῦτο

375 4683 587 4758 ἀγαπᾷν
642 4689 740 4739 τοῦ
797 4682 1022 4756 λοιποῦ,
1053 4685 1131 4750 ὡς
1164 4687 1330 4760 μόνου
1372 4684 1440 4758 δὴ
1490 4686 1737 4751 πολλοὺς
1768 4688 1830 4745 οὐ
1861 4710 2029 4766 προσ·
2141 4685 2352 4765 συμϐὰν
2406 4687 2516 4745 ἴδοι
2561 4709 2646 4752 τις
2696 4688 2755 4744 ἂν
2802 4688 3049 4764 ἀτεχνῶς
3099 4685 3150 4742 ἐν
3197 4690 3279 4758 τῷ
3328 4687 3578 4764 παρόντι
3626 4688 3725 4744 καὶ
3755 4686 3841 4767 ἐφ’

372 4770 603 4856 τεμένου
647 4777 747 4829 τοῦ
803 4772 927 4849 περὶ
978 4775 1171 4830 ἑαυτοῦ
1220 4771 1417 4853 λόγους
1467 4781 1623 4849 Θεοῦ,
1656 4778 1789 4854 ὑπὲρ
1832 4777 2029 4833 οὐσιῶν
2138 4781 2298 4853 ἡμῖν.
2332 4780 2500 4855 Σιγῆν
2553 4779 2656 4856 γὰρ
2713 4782 2821 4834 τῶν
2874 4777 3003 4855 περὶ
3031 4779 3168 4835 Θεοῦ
3198 4772 3385 4850 λόγων
3421 4776 3518 4831 ἀεὶ
3568 4774 3669 4832 διὰ
3702 4796 3845 4832 παν-

375 4855 531 4924 ὅντος
582 4861 673 4917 καὶ
725 4862 887 4939 λόγον
936 4863 1026 4919 καὶ
1081 4870 1254 4920 πᾶσαν
1300 4864 1642 4941 κατάληψιν
1701 4867 1813 4923 νυνὶ
1863 4866 1920 4923 δέ
1965 4889 2032 4941 με
2138 4868 2234 4930 τὸς
2286 4855 2681 4944 ἀγαπήσαντες,
2712 4870 2830 4929 τοῖς
2886 4886 2945 4921 τε
3005 4863 3108 4920 ὑπὸ
3164 4866 3274 4919 τῶν
3327 4866 3431 4917 τοῦ
3496 4862 3844 4938 Πνεύματος

372 4951 437 5006 τὸ
493 4951 617 5027 περὶ
673 4956 781 5007 τῶν
842 4952 986 5009 οὕτω
1058 4952 1539 5030 τεθεολογηκότων
1599 4953 1857 5029 οὐδαμῶς
1914 4952 2029 5033 ἔχει
2141 4953 2351 5033 ἀνδρῶν
2410 4955 2749 5033 εἰρημένοις,
2784 4956 2860 5017 ὡς
2892 4953 2993 5009 οὐκ
3020 4953 3087 5023 ἦν
3124 4949 3341 5029 βέλτιον
3401 4947 3618 5015 ἄλλως
3679 4952 3845 5028 εἰρῆ-

374 5041 574 5112 θαῦμα.
627 5041 727 5095 Καὶ
768 5042 871 5118 γὰρ
926 5041 1055 5105 τοὺς
1110 5040 1359 5106 πολλοὺς
1417 5042 1635 5099 ἐκείνων
1697 5044 1899 5122 ἀνάγκη
1960 5043 2028 5116 δή
2139 5048 2282 5117 σθαι,
2322 5045 2670 5122 ἀρκούμενοι,
2701 5044 2794 5101 καὶ
2827 5044 3043 5106 ἄκοντες
3101 5040 3258 5116 ὅμως
3309 5040 3387 5103 εἰς
3440 5040 3661 5106 αὐτοὺς
3697 5039 3846 5113 ἐλη-

374 5150 481 5183 τινι
528 5132 932 5207 προσενήνεγκα
993 5130 1214 5207 λόγους,
1265 5129 1390 5188 ἀλλ’
1442 5132 1505 5187 οὐ
1553 5130 1844 5212 φιλοτιμίᾳ
1899 5155 2028 5189 κατ·
2141 5132 2406 5209 λύθαμεν,
2438 5135 2528 5190 καὶ
2583 5131 2725 5209 μηδέ
2775 5133 3003 5210 βραχεῖς
3045 5132 3145 5201 τὴν
3196 5130 3376 5206 ἀρχὴν
3427 5129 3621 5187 εἰπεῖν
3684 5130 3847 5189 ἐννο-

350 5216 600 5296 εείληφα.
662 5219 855 5275 Ἐκίνει
921 5220 1016 5293 μὶν
1092 5218 1184 5276 οῦν
1243 5220 1321 5283 εἰς
1374 5226 1635 5277 τοσοῦτον
1691 5222 1781 5278 καὶ
1829 5226 1865 5293 ἠ
1922 5228 2031 5279 τῶν
2060 5212 2108 5278 D
2140 5227 2321 5286 οῦντες
2376 5223 2454 5286 εἰς
2516 5230 2693 5297 μῆκος
2744 5220 2938 5284 αὐτοὺς
2995 5218 3267 5289 ἐκτείνειν,
3302 5216 3494 5295 ὥσπερ
3549 5219 3715 5283 τινὸς
3751 5219 3848 5275 ὑπ’

375 5307 660 5381 αἱρετικῶν
752 5308 1060 5384 φιλόνεικος
1135 5311 1356 5386 γνώμη,
1436 5310 1724 5375 ἀντιθέσεις
1798 5313 1880 5368 ἀεὶ
1948 5318 2029 5386 τῷ
2139 5313 2377 5389 ἀνάγκης
2447 5314 2802 5389 ὑπήχθημεν.
2881 5310 2981 5366 Καὶ
3057 5309 3179 5364 τίνα
3254 5306 3518 5384 τρόπον;
3594 5310 3845 5380 Ἀνέστη

380 5396 527 5472 ὀρθῷ
556 5394 913 5473 λόγῳάλλας
958 5398 1039 5454 ἐπ’
1070 5397 1267 5462 ἄλλαις
1320 5398 1500 5477 ὥσπερ
1558 5400 1798 5456 θάλασσα
1852 5401 2030 5476 κύμα-
2138 5406 2356 5479 πρῶτον
2416 5402 2673 5472 Ἰωάννης
2733 5402 2762 5456 6
2818 5399 3022 5462 Βέκκος
3080 5395 3268 5454 λαλῶν
3323 5416 3383 5450 τε
3441 5396 3546 5451 καὶ
3601 5396 3845 5475 γράφων

377 5506 458 5539 σιν
515 5484 843 5565 ἐπιφέρουσα
918 5487 1161 5561 κύματαο
1213 5487 1374 5544 ἐκίνει
1442 5487 1500 5544 δὲ
1556 5487 1691 5553 ἴσως
1768 5491 1858 5547 καὶ
1920 5496 2029 5546 τῶν
2141 5488 2559 5568 διεστρημμένα.
2620 5488 2770 5547 Ἔδει
2818 5488 3038 5551 πάντως
3094 5486 3331 5557 ἀπαντᾷν
3380 5485 3538 5561 πρὸς
3600 5485 3845 5543 ἐκεῖνον.

378 5570 564 5631 ἄλλων
651 5582 851 5632 σκαιῶν
924 5577 1224 5653 ἀνθρώπων
1292 5577 1383 5633 καὶ
1443 5578 1719 5654 βασκάνων
1780 5579 2029 5656 ἐπήρεικ,
2141 5576 2289 5635 Ἔδει
2347 5581 2423 5652 μὴ
2472 5581 2573 5650 τὴν
2622 5584 2787 5657 χεῖρα
2829 5576 2919 5634 ἐπὶ
2968 5576 3238 5651 στόματος
3274 5575 3472 5646 θεῖναι,
3512 5572 3675 5647 μηδὲ
3714 5576 3845 5652 χώ-

376 5663 694 5741 πεφυκότων
758 5667 839 5721 ἀεὶ
890 5667 987 5729 τάς
1047 5664 1218 5730 καλὰς
1299 5666 1721 5746 ἐπιμέμφεσθαι,
1777 5670 1870 5725 καὶ
1924 5670 2033 5724 τῶν
2142 5688 2239 5745 ραν
2272 5666 2362 5723 διὰ
2387 5670 2486 5737 τῆς
2515 5675 2731 5739 omn";
2761 5664 2971 5723 διδόναι
3014 5664 3162 5737 αὐτῷ
3215 5664 3317 5733 τὴν
3378 5658 3589 5735 λύμην
3655 5662 3844 5721 ἐκτεί-

379 5751 514 5828 πρὸς
547 5748 817 5813 εὐσέϐειαν
855 5753 1162 5832 εἰρημένων
1212 5755 1288 5819 ὡς
1351 5756 1427 5829 μή
1474 5757 1738 5813 τοιούτων
1793 5756 2028 5834 ἐπιλαμ-
2138 5769 2343 5824 νεσθαι.
2375 5756 2441 5814 Εἰ
2498 5759 2604 5835 γὰρ
2659 5757 2750 5814 καὶ
2804 5757 2869 5812 τὸ
2914 5761 3018 5825 τῆς
3074 5758 3291 5823 σιωπῆς
3346 5747 3663 5808 ἀκίνδυνον
3694 5753 3843 5809 εἶναι
