4108 6442
354 482 475 545 253

1611 482 1946 548 SCRIPTA
1990 481 2563 548 APOLOGETIGA.

3669 483 3791 547 254

357 618 523 693 γέρας
583 612 881 690 ἀκούομεν,
937 621 1062 690 μιᾶς
1119 612 1187 687 δὴ
1244 615 1451 688 ταύτης
1503 615 1655 691 ὅμως
1719 622 1936 685 σιωπῆς
1993 614 2021 668 ὁ
2051 618 2108 683 Α
2136 613 2291 669 αὐτοί
2327 637 2420 689 μοι
2452 614 2671 672 δοκοῦσι
2704 615 2796 673 καὶ
2828 616 2970 690 ὑμᾶς
3001 614 3260 693 προέχειν
3313 612 3525 690 μᾶλλον
3574 612 3787 673 ἐθέλον-

362 704 577 782 καρπὸς
628 704 732 760 οὐκ
780 703 1082 769 ἀκίνδυνος.
1116 707 1531 780 Ἀπηντήκαμεν
1592 704 1683 762 οῦν
1743 707 1819 769 ὡς
1877 705 2025 783 ἐνῆν,

364 793 452 851 καί
504 794 602 850 τὸν
660 792 946 871 ἄνθρωπον
1006 799 1142 851 Θεοῦ
1202 800 1590 872 συνεργοῦντος
1628 795 1855 873 βραχέσι
1909 800 2057 857 τοῖς*

371 882 570 958 ῥήμασι
624 890 728 953 τῆς
793 890 1002 961 μακρᾶς
1063 882 1355 959 δογμάτων
1413 885 1642 947 ἀτοπίας
1695 884 2025 961 ἐπέσχομεν.

370 972 588 1042 Ἀνέστη
675 973 813 1046 μετά
884 973 975 1029 τὸν
1049 973 1249 1029 Βέκκον
1306 970 1515 1049 ἕτερος,
1572 975 1879 1029 συντάττων
1937 966 2029 1029 καὶ

376 1060 524 1123 οὗτος
577 1060 637 1116 ἐκ
697 1059 1021 1139 φιλοτιμίας
1084 1058 1294 1139 βιϐλία,
1348 1060 1595 1134 λεξιδίων
1652 1062 1752 1119 οὐκ
1808 1059 1930 1118 οἴδα
1974 1061 2028 1117 τί

377 1148 732 1225 βουλομένων
791 1151 1076 1225 σημαίνειν
1136 1151 1226 1207 καὶ
1286 1151 1573 1228 ῥηματίων
1636 1152 1821 1225 μεστά.
1872 1152 1930 1205 Ὁ
1971 1148 2030 1206 δὲ

370 1236 527 1299 αὐτὸς
579 1239 671 1293 καὶ
728 1241 867 1312 ἡμῖν
926 1238 1211 1311 ἐπανέστη,
1259 1235 1513 1316 ἔγκλημα
1559 1239 1910 1314 ποιούμενος,
1944 1238 2026 1295 ὅτι

362 1326 462 1394 τήν
521 1325 707 1402 ἀρχὴν
766 1326 1033 1404 ἀνταίρειν
1090 1332 1171 1401 τῷ
1228 1328 1413 1402 Βέκκῷ
1472 1332 1641 1403 ἡμεῖς
1686 1326 2030 1402 τετολμήκα-

364 1435 484 1487 μεν,
534 1416 627 1470 καὶ
686 1415 786 1471 οὐκ
840 1416 987 1490 αὐτῷ
1043 1414 1101 1473 δὲ
1160 1416 1307 1491 μόνῳ
1364 1419 1426 1474 τὸ
1482 1418 1677 1495 κράτος
1735 1417 1786 1474 ἐν
1837 1415 2028 1494 λόγοις

359 1498 558 1580 ἔχοντι
588 1508 688 1560 τοῦ
716 1507 918 1568 παντὸς
964 1505 1102 1582 πρὸς
1155 1506 1358 1563 ἐκεῖνον
1403 1506 1570 1584 λόγου
1623 1509 2026 1584 παρεχωρήσα-

363 1614 490 1667 μεν.
526 1593 626 1649 Διά
653 1598 816 1650 τοῦτο
845 1595 937 1650 καὶ
983 1600 1064 1667 τῷ
1107 1597 1245 1651 κατά
1287 1601 1386 1652 τοῦ
1428 1596 1630 1653 Βέκκου
1676 1596 1816 1673 πρὸς
1864 1598 2024 1669 ἡμῶν

360 1682 730 1756 έκτεθειμένῳ
805 1685 941 1739 κατά
1012 1685 1242 1759 γνώμην
1311 1683 1450 1748 τέως
1526 1692 1628 1755 τῆς
1703 1683 2029 1755 Ἐκκλησίας

363 1770 657 1849 ἐπιφύεται
684 1771 865 1846 τόμῳ,
897 1773 988 1828 καὶ
1019 1773 1096 1837 ὡς
1155 1773 1217 1829 οὐ
1273 1772 1459 1837 καλῶς
1515 1770 1717 1850 ἔχοντα
1780 1773 2028 1853 βλασφη-

366 1866 484 1935 μεῖ,
517 1862 579 1917 ’ὸν
630 1860 696 1917 οὐ
748 1862 916 1936 μόνον
960 1863 1028 1917 τὰ
1072 1864 1180 1934 πρὸ
1217 1867 1315 1918 τοῦ
1356 1864 1645 1933 ἐκθειάζων
1672 1862 1761 1920 καί
1792 1863 2025 1919 ἐπαινῶν

2140 725 2237 767 τας
2282 705 2467 769 καλῶς
2514 705 2574 762 ἂν
2626 706 2701 769 εἷς
2733 706 2901 776 αὐτὴν
2946 703 3263 781 ὁδηγήσετν,
3286 710 3457 761 πᾶσαν
3505 709 3613 761 τῶν
3664 706 3792 779 ὑμε-

2135 795 2306 870 τέρων
2342 790 2678 874 ἀμφιϐολίαν
2735 795 3003 867 ἐξελόντες
3034 798 3249 871 ψυχῶν.
3282 794 3382 850 Καί
3434 816 3499 870 γε
3547 796 3639 850 τὸν
3687 798 3788 865 τῆς

2139 882 2364 962 ὁδηγίας
2413 885 2616 960 τρόπον
2674 885 2907 941 ἐντεῦθεν
2956 883 3142 947 καλῶς
3188 890 3294 948 πᾶς
3332 885 3361 939 ὁ
3397 885 3472 958 μή
3525 881 3789 940 ἐθελοκω-

2139 979 2254 1051 φεῖν
2314 975 2648 1051 βουλόμενος
2698 972 2915 1046 εἷ’σεται,
2948 975 3124 1048 οἶμαι,
3177 975 3376 1037 πάντας
3425 973 3617 1052 ἐφῆκεν
3667 972 3789 1028 ἀνο-

2143 1062 2452 1142 μολογῆσαι
2503 1066 2665 1139 ὑμᾶς.
2712 1065 2811 1120 Καὶ
2860 1064 2964 1141 γὰρ
3012 1062 3479 1138 ἀνομολογήσετε,
3516 1059 3790 1136 μηδεμιᾶς

2140 1152 2309 1227 οὔσης
2365 1155 2512 1230 παρά
2567 1152 2799 1228 μηδενὸς
2869 1153 3237 1232 ἀντιρρήσεως
3320 1151 3408 1207 ἐπὶ
3480 1156 3578 1207 τοῦ
3644 1150 3789 1207 θείου

2138 1244 2476 1318 Πνεύματος,
2507 1243 2606 1313 τὴν
2657 1241 2971 1319 ἐκπόρευσιν
3020 1240 3120 1296 οὐκ
3164 1238 3305 1296 ἄλλο
3346 1238 3576 1313 δηλοῦν,
3602 1241 3638 1311 ἢ
3668 1239 3791 1317 τρό-

2136 1354 2238 1389 πον
2298 1334 2464 1388 αὐτοῦ
2509 1339 2611 1403 τῆς
2666 1330 2941 1406 ὑπάρξεως
2991 1329 3305 1407 βούλεσθαι.
3336 1329 3436 1386 Καὶ
3496 1326 3789 1406 ἐπειδήπερ

2139 1421 2323 1495 δηλοῖ,
2356 1421 2446 1479 καί
2506 1423 2662 1495 ὑμεῖς
2717 1442 2780 1497 γε
2837 1420 3158 1492 συντίθεσθε,
3214 1420 3375 1496 ὁρᾶτε
3430 1416 3496 1488 δῆ
3555 1418 3646 1474 καὶ
3694 1417 3795 1474 ὅσα

2136 1514 2253 1569 κατ’
2310 1511 2547 1589 ἀνάγκην
2628 1509 2864 1575 ἐντεῦθεν
2952 1509 3259 1565 ἀκολουθεῖ.
3312 1509 3383 1563 Τὸ
3440 1512 3663 1581 Πνεῦμα
3731 1508 3795 1563 τὸ

2138 1604 2318 1679 ἅγιον,
2353 1599 2539 1673 ἐπειδή
2603 1621 2762 1680 φασιν
2805 1598 2900 1662 οῦς
2956 1597 3057 1654 οὐκ
3112 1595 3254 1654 ἔστιν
3304 1598 3473 1653 εἰπεῖν
3510 1599 3585 1672 μὴ
3618 1596 3795 1673 ὀρθῶς

2139 1692 2435 1769 εἰρηκέναι,
2497 1688 2566 1746 δι’
2623 1691 2752 1747 Υἳοῦ
2829 1687 3233 1765 ἐκπορεύεσθαι,
3290 1689 3353 1743 τὸ
3412 1685 3471 1743 δέ
3523 1687 3574 1763 γ’
3631 1686 3796 1742 ἐκπο-

2137 1780 2381 1857 ρεύεσθαι
2452 1780 2659 1858 τρόπος
2719 1779 2862 1834 ἐστὶν
2936 1778 3236 1855 ὑπάρξεως,
3292 1776 3454 1832 παντὶ
3512 1775 3795 1853 πρόκειται

2138 1876 2480 1946 συναγαγεῖν,
2540 1871 2616 1932 ὡς
2684 1867 2907 1946 ὕπαρξιν
2982 1867 3113 1923 εἶναι
3184 1863 3254 1921 δι’
3305 1867 3431 1921 Υὶοῦ
3486 1870 3566 1939 τῷ
3623 1865 3791 1920 Πνεύ-

360 1947 705 2052 ξιαιγὲγεζνενζ
733 1949 862 2052 ἀλλλῖ
909 1949 1019 2022 ἤδη
1053 1952 1153 2052 ,καὶ
1202 1953 1279 2052 εἷς
1311 1952 1469 2052 αὐτὸν
1504 1950 1869 2052 οὐδὲχιὲτερον
1902 1949 2029 2052 ὅγτα
2055 1986 2106 2052 Β
2144 1981 2271 2035 ματι
2324 1960 2376 2014 οἱ
2430 1957 2500 2014 δι’
2553 1959 2693 2052 not:
2747 1957 3125 2033 ἐκπορεύεσθαι
3184 1956 3475 2033 φάσκοντες
3528 1953 3657 2010 αὐτὸ
3712 1952 3801 2010 δο-

362 2038 450 2096 δτι
516 2041 593 2113 μὴ
653 2035 926 2104 εὐσεϐείας
1003 2041 1172 2116 τόμον
1234 2042 1562 2122 ὑπέγραφεν,
1619 2040 1881 2107 ἕλκοντος
1937 2042 2026 2099 ἐπὶ
2055 2035 2105 2052 ”
2136 2048 2513 2125 γματίζουσιν.
2546 2046 2619 2103 Εἴ
2670 2043 2729 2102 δὲ
2783 2043 2854 2102 δι’
2883 2046 3011 2105 ι·ἱοῦ
3057 2044 3279 2122 ὕπαρξίς
3335 2044 3478 2100 ἐστιν
3508 2043 3675 2117 αὐτῷ,
3705 2043 3796 2098 καὶ

356 2133 561 2185 τοῦτον
617 2130 709 2185 καὶ
776 2134 946 2186 ταῦτα
1000 2132 1037 2201 ἢ
1091 2132 1587 2207 συναναγκάζοντος
1655 2127 1895 2195 οὐδενός.
1956 2133 2031 2187 Τά

371 2219 473 2293 μέν
510 2216 602 2273 οῦν
633 2220 771 2297 πρὸς
801 2220 999 2275 Βέκκον
1034 2219 1087 2276 ἐν
1122 2220 1319 2284 ἄλλοις
1349 2220 1440 2277 καὶ
1472 2221 1618 2295 αὐτῷ
1649 2219 1716 2291 δὴ
1755 2226 1836 2295 τῷ
1872 2222 2032 2295 τόμῳ

366 2308 476 2364 ὑπὸ
528 2312 645 2381 Θεῷ
696 2314 920 2385 Σωτῆρι
970 2309 1059 2365 καὶ
1115 2312 1305 2387 βοηθῷ
1349 2309 1509 2375 τέλος
1561 2315 1696 2385 ἡμῖν
1738 2310 1944 2388 ἔσχηκε
1969 2313 2033 2367 τὸ

363 2403 679 2475 προσῆκον.
742 2398 883 2475 Φέρε
939 2396 1006 2469 δή
1067 2399 1261 2456 λοιπὸν
1315 2405 1483 2456 ταῦτα
1536 2402 1672 2477 πρὸς
1726 2405 1916 2457 τοῦτον
1979 2400 2032 2457 ἐν

368 2486 661 2564 βραχέσιν,
710 2489 786 2551 ὡς
845 2487 961 2545 οἷόν
1016 2510 1076 2545 τε
1132 2486 1677 2565 ἀντιλαμϐανομένου
1733 2492 1825 2547 καὶ
1882 2489 2034 2554 αῦθις

364 2582 512 2633 Θεοῦ
573 2574 913 2651 διαθώμεθα,
963 2578 1061 2641 τάς
1110 2600 1169 2635 τε
1223 2581 1361 2635 κατά
1412 2585 1510 2636 τοῦ
1564 2580 1742 2655 τόμου
1805 2580 2037 2656 μέμψεις

368 2666 546 2722 αὐτοῦ
600 2666 750 2739 αὐτῷ
812 2668 908 2741 μὲν
959 2676 1237 2745 προσῆκον
1286 2674 1366 2742 τῷ
1418 2671 1782 2744 μεμψαμένῳ,
1814 2670 1877 2726 οὐ
1930 2671 2038 2743 μὴν

368 2754 435 2811 δὲ
464 2756 591 2819 καθ’
620 2756 683 2811 οὗ
714 2756 1024 2828 κεκίνηνται
1074 2755 1453 2832 ἀποδείξομεν.
1486 2759 1586 2813 Καὶ
1638 2757 1705 2829 δὴ
1760 2756 2035 2835 βούλομαι

372 2845 578 2918 μικρὸν
635 2845 869 2922 ἐνεγκεῖν
922 2844 998 2909 εἴς
1036 2847 1159 2903 τινά
1197 2869 1259 2903 τε
1304 2850 1684 2925 προσήκουσαν
1733 2848 1911 2926 ἀρχὴν
1942 2848 2035 2903 τὸν

370 2934 551 3010 λόγον
615 2934 923 3012 ἀναγαγεῖν,
972 2934 1046 2991 ⁸ίν’
1104 2937 1219 3011 ἅμα
1277 2935 1720 3014 διευκρινημένος
1782 2935 1889 3008 εἷίη,
1946 2936 2039 2992 καὶ

366 3026 496 3080 καθ’
556 3021 682 3080 ὁδὸν
752 3021 1064 3102 προϐαίνων
1135 3028 1296 3099 ἡμῖν.
1350 3024 1649 3104 Προῦκειτο
1716 3032 1796 3101 τῷ
1854 3028 2039 3100 Βέκκῳ

371 3114 710 3191 φρονήσαντι
755 3114 824 3169 τὰ
865 3118 974 3169 τῶν
1023 3113 1268 3186 Ἰταλῶν,
1300 3115 1524 3172 κατόπιν
1571 3137 1633 3172 τε
1673 3123 1775 3187 τῆς
1821 3115 2037 3172 ἐκείνων

376 3201 503 3277 περὶ
557 3205 698 3258 Θεοῦ
757 3200 919 3275 δόξης
977 3201 1431 3277 ἀκολουθήσαντι,
1488 3206 1675 3263 ἑαυτόν
1717 3228 1806 3263 -τε
1857 3207 2037 3262 κάκεί-

386 3312 504 3353 νους
537 3288 711 3365 μηδὲν
768 3290 919 3356 ὅλως
974 3293 1314 3373 ἀπεμφαῖνον
1368 3301 1696 3375 φρονοῦντας
1752 3294 2039 3362 δεικνύναι,

389 3378 518 3454 μηδ’
537 3380 959 3446 ἐκπεπτωκότας
982 3385 1081 3453 τῆς
1110 3384 1411 3461 ὀρθότητος
1431 3405 1445 3418 ·
1488 3386 1554 3457 ἦν
1591 3386 1775 3460 μέντοι
1821 3387 1891 3442 τὰ
1933 3390 2042 3442 τῶν

381 3469 625 3544 Ἰταλῶν,
660 3471 736 3533 ὡς
783 3470 835 3527 ἐν
884 3472 1168 3551 κεφαλαίῳ
1215 3473 1398 3553 φάναι,
1431 3477 1787 3554 φρονήματα⁶
1836 3475 1891 3531 ἓν
1945 3476 2039 3549 μὲν

377 3557 466 3614 ὅτι
517 3560 587 3614 τὸ
646 3564 873 3634 Πνεῦμα
926 3561 991 3616 τὸ
1048 3561 1202 3639 ἅγιον
1234 3561 1294 3618 ἐκ
1323 3564 1532 3641 [ἰατρὸς
1578 3563 1668 3620 καὶ
1716 3566 1847 3620 Υὶοῦ
1887 3564 2045 3620 ἐκπο-

376 3646 615 3724 ρεύεται,
647 3648 704 3704 ’ἐν
746 3646 805 3704 δὶ
843 3647 928 3705 ὅτι
974 3649 1066 3705 καὶ
1116 3650 1169 3720 ἐξ
1215 3651 1419 3731 ἀμφοῖν
1474 3648 1592 3729 ἔχει
1646 3654 1746 3723 τὴν
1795 3653 2043 3731 ὕπαρξιν,

374 3742 477 3794 τοῦ
527 3739 749 3814 ΙΙατρὸς
798 3736 888 3794 καί
935 3740 1067 3796 Ποῦ
1120 3737 1368 3813 δηλαδή·
1422 3741 1513 3797 καὶ
1568 3742 1747 3818 τρίτον
1782 3744 1832 3821 γ’
1860 3740 2042 3821 ἕτερον

378 3827 467 3883 δτι
495 3827 593 3883 καὶ
621 3828 793 3906 ἄμφω
821 3829 1085 3885 ταῦτατά
1130 3829 1398 3904 πρόσωπα
1444 3828 1500 3887 ἐν
1547 3832 1678 3887 εἰσιν
1734 3832 1900 3888 αὐτοῦ
1945 3840 2047 3904 τῆς

384 3917 742 3979 ὑποστάσεως
809 3914 1007 3975 αἶ’τιον.
1065 3920 1167 3974 Ἦν
1228 3916 1275 3974 δ’
1331 3920 1468 3976 αὐτά
1540 3926 1708 3977 ταῦτα
1777 3921 1915 3977 κατὰ
1983 3922 2048 3977 τὸ

380 4004 812 4082 ἀπαράλλακτον
857 4008 949 4063 καὶ
993 4012 1093 4064 τοῦ
1140 4008 1344 4065 Βέκκου
1393 4012 1765 4088 φρονήματος,
1797 4012 1940 4084 ὁμοῦ
1991 4007 2050 4066 δὲ

382 4095 476 4151 καὶ
552 4099 663 4151 τῶν
733 4095 907 4173 ὀρθῶν
966 4100 1066 4167 τῆς
1125 4097 1454 4170 Ἐκκλησίας
1530 4101 1897 4178 φρονημάτων
1957 4098 2047 4154 καὶ

386 4181 709 4259 δογμάτων.
742 4187 900 4251 Ὅθεν
934 4186 1030 4260 μὲν
1060 4184 1152 4242 οῦν
1189 4186 1280 4243 καὶ
1332 4187 1484 4251 ὅπως
1532 4187 1609 4251 εἰς
1655 4192 1824 4244 ταῦτα
1870 4190 2051 4265 προή-

386 4275 602 4350 χθησαν
662 4274 887 4347 Ἰταλοὶ,
916 4274 1062 4338 τίνας
1117 4297 1176 4331 τε
1229 4275 1462 4352 πατέρας
1521 4275 1684 4353 ἔσχον
1713 4281 1813 4333 τοῦ
1844 4274 2050 4355 δόγμα-

386 4383 505 4434 τος,
538 4359 735 4418 εἷ’δειαν
795 4363 857 4418 ἃν
917 4363 1072 4421 αὐτοὶ
1126 4367 1219 4420 καὶ
1272 4368 1357 4428 οἷς
1416 4364 1675 4439 ἐξετάζειν
1728 4368 1798 4422 τὰ
1836 4366 2048 4422 ἐκείνων

390 4450 605 4527 σχολή.
666 4450 825 4510 Ἀλλ’
855 4452 888 4508 6'
915 4474 981 4530 γε
1032 4455 1230 4518 Βέκκος
1288 4454 1646 4533 ἐρωτώμενος
1704 4455 1832 4512 ὅτου
1887 4458 2049 4532 χάριν

392 4542 564 4620 φυγάς
624 4539 869 4605 ἐκούσιος
917 4545 1023 4597 τῶν
1078 4543 1335 4621 ΙΙατέρων
1383 4544 1689 4621 γενόμενος,
1739 4546 2051 4621 αὐτόμολος

390 4633 633 4708 πρσσήει
661 4636 780 4695 τοῖς
819 4629 1163 4709 ἀλλοτρίοις,
1194 4633 1288 4688 καὶ
1327 4633 1405 4696 εἷς
1456 4634 1613 4689 τόσον
1667 4633 1725 4691 δὲ
1784 4635 2052 4713 βάραθρον

2140 2139 2194 2210 ἐξ
2223 2140 2351 2194 Υὶοῦ
2382 2135 2639 2209 δηλονότι
2670 2135 2898 2213 ίίπαρξις
2950 2134 3009 2191 ἂν
3058 2132 3141 2205 εἴη
3174 2134 3342 2207 αὐτῷ,
3376 2133 3438 2189 οὐ
3501 2128 3662 2209 μόνον
3710 2131 3793 2189 ὅτι

2143 2226 2499 2284 ἐπαλλαττειν
2570 2223 2848 2297 ἀλλήλαις
2924 2222 3093 2281 ἐνιότε
3154 2222 3246 2279 καὶ
3288 2220 3597 2303 ἀδιαφόρως
3644 2221 3794 2298 ἔχειν

2142 2319 2198 2373 αἱ
2254 2315 2542 2391 προτάσεις
2600 2313 2754 2370 αῦται
2838 2308 3372 2389 καταλαμϐάνονται,
3431 2307 3656 2390 θατέρας
3716 2312 3794 2375 εἰς

2140 2408 2242 2476 τήν
2299 2412 2401 2475 τῆς
2452 2406 2636 2483 ἐτέρας
2696 2411 2897 2481 χρῆσιν
2929 2397 3521 2482 παραλαμϐανομένης,
3556 2399 3684 2457 ἀλλ’
3712 2400 3795 2457 ὅτι

2142 2495 2234 2553 καὶ
2266 2495 2403 2551 κατὰ
2430 2494 2584 2574 φύσιν
2614 2493 2839 2571 ὕπαρξιν
2886 2493 3185 2571 προσώπου
3230 2489 3442 2548 τελείου
3502 2488 3592 2547 διά
3645 2510 3795 2553 τινος

2146 2586 2448 2663 ὁμοφυοῦς,
2478 2582 2569 2638 καὶ
2620 2581 2782 2638 αὐτοῦ
2836 2602 2899 2659 γε
2944 2582 3241 2658 προσώπου
3297 2578 3511 2636 τελείου
3568 2579 3795 2655 ἀμήχα-

2146 2696 2236 2729 νον
2285 2673 2375 2729 καὶ
2418 2679 2634 2743 νοῆσαι,
2668 2671 2713 2727 εἰ
2767 2672 2843 2745 μὴ
2892 2670 3096 2747 κυρίως
3125 2668 3175 2743 ἐξ
3206 2668 3414 2725 ἐκείνου
3461 2666 3568 2739 εἷή,
3601 2666 3671 2724 δι’
3702 2669 3795 2723 οὗ·

2146 2785 2247 2840 περ
2322 2761 2468 2840 ἔχειν
2540 2762 2631 2817 καὶ
2687 2762 2785 2831 τῆν
2859 2760 3082 2837 ὕπαρξιν
3164 2758 3398 2837 λέγεται.
3453 2759 3551 2814 Καὶ
3625 2756 3797 2813 οὕτων

2146 2856 2334 2928 ἡμεῖς,
2370 2852 2525 2932 φησὶ,
2581 2855 2701 2913 ταῖς
2754 2854 2861 2906 τῶν
2922 2848 3087 2926 ἁγίων
3148 2853 3351 2927 φωναῖς
3408 2845 3799 2923 ὁδηγούμενοι,

2149 2938 2387 3004 εὐσεϐεῖς
2442 2940 2534 2997 καὶ
2590 2937 2738 3014 μάλα
2791 2936 3016 3001 δικαίως
3068 2941 3437 3011 κατανοοῦμεν
3482 2935 3611 2999 τοὺς
3660 2936 3799 2991 Ἰτα-

2149 3032 2317 3094 λούς’
2370 3029 2433 3086 τό
2479 3052 2539 3085 τε
2582 3030 2702 3084 κατ’
2732 3026 2965 3090 ἐκείνους
3008 3023 3187 3103 δόγμα
3231 3026 3308 3088 ὡς
3355 3024 3609 3100 ΙΙατέρων
3643 3023 3804 3089 θείων

2150 3121 2251 3177 οὐκ
2307 3119 2633 3193 ἀναινόμεθα
2689 3116 2967 3196 φρόνημα,
2998 3114 3380 3192 ἐκπορεύεσθαι
3442 3113 3699 3192 λέγοντας
3741 3113 3805 3168 τὸ

2152 3214 2373 3284 Πνεῦμα
2421 3209 2486 3264 τὸ
2543 3208 2714 3285 ἅγιον,
2739 3205 2830 3262 ’ίνα
2884 3206 2975 3261 καὶ
3025 3204 3191 3261 πάλιν
3250 3204 3359 3282 ἐρῶ
3413 3204 3483 3261 τὰ
3529 3202 3664 3259 αὐτὰ
3711 3222 3803 3257 σα-

2152 3299 2373 3380 φηνείας
2430 3297 2704 3371 μείζονος,
2749 3292 2949 3363 ἕνεκεν,
2998 3294 3089 3351 καὶ
3135 3294 3237 3363 τήν
3278 3292 3503 3370 ὕπαρξιν
3540 3294 3642 3363 τῆς
3676 3291 3808 3347 ὑπο-

2153 3388 2391 3451 στάσεως
2440 3383 2587 3463 ἕχειν
2636 3385 2697 3441 ἐκ
2742 3388 2846 3440 τοῦ
2888 3385 3040 3457 Υἱοῦ,
3089 3384 3181 3439 καὶ
3220 3382 3380 3440 αὑτὸν
3432 3380 3501 3452 δὴ
3546 3382 3639 3437 τὸν
3683 3380 3806 3440 Υἱὸν

2153 3476 2300 3556 ἔχειν
2344 3477 2540 3533 αἴτιον.
2593 3472 2780 3531 Αἴτιον
2815 3474 2910 3549 μὲν
3022 3471 3147 3550 γὰρ,
3191 3470 3277 3527 ὅτι
3331 3474 3431 3542 τὴν
3491 3470 3715 3549 ὕπαρξιν
3755 3469 3809 3541 ἐξ

2154 3568 2319 3624 αὐτοῦ
2344 3586 2358 3599 ⁸
2421 3565 2474 3637 ἐξ
2526 3564 2692 3620 αὐτοῦ
2743 3561 2802 3619 δὲ
2853 3565 2953 3634 τήν
3012 3561 3260 3641 ὕπαρξιν,
3292 3560 3377 3618 ὅτι
3429 3562 3520 3617 καὶ
3569 3563 3809 3639 φυσικῶς

2156 3655 2227 3713 δι’
2256 3655 2443 3725 αὐτοῦ,
2472 3652 2683 3711 τέλειον
2711 3653 2769 3709 ’ὀν
2802 3650 2893 3708 διά
2917 3650 3156 3725 τελείου,
3187 3651 3331 3728 ἥπερ
3380 3647 3591 3727 εἷ’ρηται
3639 3668 3809 3725 προσ-

2155 3748 2370 3817 ωπική·
2431 3742 2503 3799 δι’
2565 3742 2731 3798 αὐτοῦ
2787 3739 2847 3797 δὲ
2899 3742 3000 3810 τήν
3057 3739 3303 3815 ὕπαρξιν,
3362 3737 3445 3794 ὅτι
3523 3736 3594 3793 δι’
3643 3735 3810 3793 αὐτοῦ

2157 3834 2529 3913 ἐκπορεύεται,
2571 3832 2664 3888 καὶ
2722 3831 2786 3887 τὸ
2842 3829 3225 3907 ἐκπορεύεσθαι
3297 3827 3503 3906 τρόπος
3560 3824 3811 3901 ἀναντιρ-

2159 3911 2342 4005 ῥήτως
2403 3921 2704 4001 ὑπάρξεως.
2736 3920 2887 3976 Ἐπεὶ
2946 3917 3006 3975 δὲ
3059 3923 3158 3974 τοῦ
3214 3916 3382 3974 αὐτοῦ
3430 3916 3550 3981 καθ’
3576 3911 3672 3971 ἕνα
3724 3914 3815 3969 καὶ

2157 4003 2248 4072 τὸν
2308 4014 2467 4069 αὐτὸν
2527 4011 2690 4089 λόγον
2745 4006 2893 4066 αἴτια
2950 4006 3047 4065 δύο
3094 4007 3406 4064 καθεστάναι
3459 4007 3535 4079 μή
3567 4003 3811 4078 θεμιτὸν,

2155 4105 2212 4161 ’ὲν
2246 4103 2305 4160 ἂν
2337 4104 2557 4163 πάντως
2589 4101 2617 4155 ὁ
2649 4103 2838 4175 Πατήρ
2889 4118 2945 4153 τι
2993 4096 3085 4153 καὶ
3115 4096 3144 4152 ὁ
3190 4096 3315 4159 Υἱὸς
3366 4094 3468 4150 εἶεν
3507 4097 3606 4150 τοῦ
3652 4090 3816 4149 Πνεύ-

2164 4214 2333 4269 ματος
2375 4188 2569 4263 αίθειον,
2618 4187 2943 4265 συνάγοντος
3001 4188 3099 4256 τήν
3150 4184 3380 4255 ἑνότητα
3423 4186 3524 4239 τοῦ
3570 4178 3814 4259 ἀπαραλ-

2160 4281 2365 4339 λάκτου
2393 4287 2494 4351 τῆς
2526 4279 2780 4355 ἑκατέρας
2813 4275 3112 4351 ὑπάρξεως.

2228 4372 2402 4445 Ἃμὶν
2453 4367 2544 4425 οῦν
2595 4371 2624 4425 ὁ
2672 4368 2871 4430 Βέκκος
2920 4365 3074 4444 φησὶ,
3108 4362 3331 4421 δικαιῶν
3378 4362 3565 4419 ἐαυτὸν
3607 4361 3816 4433 ἀνομή-

2162 4481 2344 4534 σαντα,
2374 4459 2465 4515 καὶ
2510 4456 2579 4514 δι’
2628 4458 2702 4512 ὧν
2741 4455 2871 4519 τοὺς
2918 4453 3126 4517 ἄλλους
3176 4450 3344 4509 οἷέται
3394 4449 3574 4526 λέγων
3606 4469 3665 4505 σε
3707 4448 3814 4504 ἀπὸ

2162 4551 2431 4625 στόματος
2486 4545 2574 4603 ιιαὲ
2648 4547 2870 4624 γράφων
2948 4544 3283 4619 συμπείθειν,
3336 4540 3507 4596 ταῦτά
3560 4538 3670 4595 ἐστι
3725 4538 3815 4593 καὶ

2160 4639 2368 4697 τοιαῦθ’
2422 4634 2599 4714 ἕτερα.
2660 4633 2839 4690 Ἀλλά
2886 4634 3025 4709 πρὸς
3077 4636 3268 4704 ταῦτα,
3305 4632 3546 4707 καθάπερ
3606 4628 3698 4683 καὶ
3732 4649 3819 4701 μι-

394 4718 767 4791 ἀπολισθῆναι
872 4720 1231 4801 βλασφημίας
1308 4723 1585 4800 ἠγάπησε,
1651 4724 1779 4788 τοὺς
1863 4725 2052 4802 ἁγίους
2082 4724 2289 4806 Βκρὸν
2370 4728 2570 4791 ἄνωθεν
2644 4721 2879 4802 εἷ’ρηται,
2936 4722 3110 4798 τόμος
3186 4720 3498 4789 ἐκτέθειται,
3548 4716 3641 4774 καί
3713 4717 3814 4787 τήν

393 4809 844 4887 ἀπερυθριάστως
872 4832 934 4867 τε
976 4812 1068 4866 καὶ
1124 4812 1349 4886 ἀμαθῶς
1404 4812 1494 4869 ἐπὶ
1549 4818 1716 4869 ταῦτα
1767 4813 2054 4871 συνελάσαι

393 4899 560 4955 αὐτὸν
645 4899 1012 4977 ἀποκρίνεται.
1069 4901 1228 4964 Τίνας
1275 4902 1504 4977 ἀγίους;
1551 4902 1797 4977 Μάξιμόν
1848 4923 1907 4959 τε
1961 4904 2053 4960 τὸν

395 4992 567 5067 σοφὸν
624 4989 1005 5067 ὁμολογητὴν,
1037 4989 1292 5063 Ἰωάννην
1347 4992 1440 5047 τὸν
1498 4994 1658 5065 πάνυ,
1694 4990 1912 5064 δηλαδή
1963 4995 2056 5049 τὸν

397 5082 458 5137 ἐκ
505 5080 817 5154 Δαμασκοῦ,
847 5080 937 5136 καὶ
988 5080 1050 5136 οὗ
1097 5078 1243 5136 πολὺ
1293 5081 1456 5145 κλέος
1505 5081 1556 5136 ἐν
1609 5081 1923 5160 ἀρχιερεῦσι
1951 5088 2059 5138 Τα-

396 5171 612 5247 ράσιον.
670 5175 826 5246 Τρεῖς
879 5171 982 5246 γὰρ
1042 5170 1215 5241 οὗτοι,
1262 5171 1448 5249 φησὶν,
1505 5169 1597 5233 οὓς
1655 5171 1745 5227 καὶ
1806 5168 2061 5227 διδασκά-

396 5258 536 5324 λους
587 5254 857 5322 εὐσεϐείας
896 5258 934 5329 ἥ
972 5260 1021 5315 τ’
1067 5258 1367 5331 Ἐκκλησία
1423 5258 1795 5332 πεπλούτηκε,
1824 5261 1914 5316 καὶ
1972 5260 2065 5317 αὐ-

391 5352 490 5414 τὸς
544 5345 693 5426 ἔχειν
741 5349 834 5405 τὸν
883 5349 1057 5405 πάντα
1112 5348 1313 5427 ¹χρόνον
1372 5349 1647 5426 ἠγάπησε.
1706 5355 1861 5427 Τρεῖς
1910 5349 2063 5405 αὐτοὶ

396 5440 457 5497 ἐκ
508 5438 724 5512 Ππρὸς
772 5436 841 5495 δι’
880 5438 1005 5496 Υὶοῦ
1054 5436 1438 5515 ἐκπορεύεσθαι
1483 5439 1547 5495 τὸ
1594 5442 1812 5514 Πνεῦμα
1872 5438 2063 5504 θεολο-

394 5534 627 5607 γοῦντες
654 5524 719 5584 τό
762 5527 944 5603 ἅγιον,
980 5532 1303 5601 θαυμαστῶς
1330 5548 1450 5591 πως
1500 5527 1772 5584 πείθουσιν
1826 5528 1886 5584 ἐκ
1936 5534 2066 5603 μιᾶς

400 5619 583 5675 αὐτῶν
640 5615 844 5688 ταύτης
900 5622 1089 5694 φωνῆς
1150 5616 1345 5690 μηκέτι
1401 5615 1546 5691 κάμὲ
1599 5618 1717 5672 καθ’
1776 5618 1917 5691 ὑμᾶς
1963 5619 2066 5688 τῆν

400 5706 681 5775 Ἰταλικὴν
724 5705 1011 5780 ἀτιμάζειν
1063 5700 1358 5779 εὐσέϐειαν,
1406 5704 1688 5783 προΐεσθαι
1737 5703 1796 5761 δὲ
1850 5694 2065 5781 μᾶλλον

401 5798 495 5854 καὶ
554 5795 797 5874 στέργειν
857 5792 937 5857 ὡς
996 5793 1250 5873 ΙΙατέρων
1312 5794 1485 5871 ἁγίων
1546 5790 1837 5853 εὐσέϐειαν.
1898 5796 1962 5850 Οἱ
2020 5794 2068 5851 δ’

2167 4816 2456 4895 ἀνθρώπου
2517 4813 2696 4892 ῥύμην
2744 4834 2802 4867 τε
2846 4811 2937 4867 καὶ
2996 4809 3179 4886 λύμην
3237 4810 3538 4890 φερομένας
3568 4806 3818 4895 ἀκρατῶς

2167 4893 2365 4969 ἱκανῶς
2451 4902 2806 4979 ἀνεχαίτισεν,
2857 4899 2982 4956 ὥστ’
3039 4900 3217 4964 οὐκέθ’
3270 4902 3407 4973 ἡμῖν
3470 4896 3606 4973 πρὸς
3657 4893 3818 4950 αὐτὸν

2171 4996 2365 5055 λοιπὸν
2395 4996 2423 5049 6
2471 4992 2662 5068 λόγος,
2706 4989 2833 5048 ἀλλ’
2863 4991 2892 5045 6
2922 4996 3027 5052 πᾶς
3082 4992 3220 5063 ἡμῖν
3279 4992 3382 5045 τοῦ
3439 4987 3639 5044 λοιποῦ
3683 4984 3819 5059 πρὸς

2167 5087 2259 5142 τὸν
2292 5083 2661 5160 ἐπηρεάζοντα
2687 5085 2767 5153 τῷ
2792 5078 2951 5153 τόμῳ
2985 5077 3197 5155 γένοιτο
3228 5076 3309 5135 ἄν.

2241 5174 2317 5229 Τὰ
2374 5173 2467 5249 μὲν
2519 5168 2699 5226 τοίνυν
2777 5165 2944 5238 ἄλλα,
3004 5166 3165 5246 φησὶν
3226 5167 3405 5238 οὗτος,
3461 5168 3559 5219 τοῦ
3624 5161 3824 5236 τόμου,

2174 5262 2358 5324 σκαιὸς
2404 5259 2463 5315 ἂν
2515 5256 2598 5329 εἷή
2650 5257 2740 5314 καὶ
2788 5255 2974 5333 γέμων
3021 5255 3252 5330 ἀμαθίας
3304 5253 3614 5332 ἄνθρωπος,
3647 5251 3694 5308 εἰ
3746 5251 3824 5324 μὴ

2174 5351 2403 5408 ἐπαινῶν
2457 5343 2564 5417 εἴη,
2611 5345 2703 5402 καὶ
2755 5345 2831 5408 ὡς
2876 5346 3068 5422 ἄριστα
3108 5344 3226 5422 ἔχει
3275 5340 3618 5420 ὁμολογοίη·
3675 5339 3731 5396 ἓν
3784 5336 3833 5394 δ’

2175 5440 2329 5514 ὅμως
2394 5436 2589 5511 μηκέτι
2638 5433 2814 5491 δοκεῖν
2873 5435 3021 5508 αὐτῷ
3064 5433 3431 5505 ἀνεπίληπτον
3463 5431 3598 5487 κατά
3625 5426 3826 5501 τᾶλλα,

2181 5526 2308 5605 μηδ’
2340 5523 2753 5601 ἀκατηγόρητον
2819 5524 3019 5598 μένειν,
3057 5523 3291 5598 μάλιστα
3339 5519 3407 5591 δὴ
3464 5520 3556 5576 καὶ
3610 5516 3830 5586 πολλῆς

2175 5622 2274 5688 τῆς
2322 5613 2664 5691 διορθώσεως
2710 5612 2963 5691 χρῄζειν.
2994 5614 3145 5669 Εἶναι
3198 5610 3255 5667 δὲ
3296 5615 3481 5682 τοῦτο,
3512 5607 3596 5664 ὅτι
3626 5608 3830 5663 Βέκκου

2178 5709 2471 5786 φήσαντος,
2505 5702 2566 5759 ἐκ
2622 5702 2833 5779 Πατρὸς
2890 5701 3160 5779 λεγόντων
3216 5706 3324 5757 τῶν
3377 5698 3543 5776 ἁγίων
3604 5695 3674 5786 διξ
3702 5694 3830 5786 Υἱοῦ

2177 5779 2241 5851 τὸ
2300 5797 2522 5869 Πνεῦμα
2595 5789 2998 5869 ἐκπορεύεσθαι,
3056 5791 3296 5868 ἀνάγκην
3371 5787 3503 5843 εἶναι
3558 5785 3676 5841 κατ’
3730 5779 3828 5842 αὖ·
