  <div class='ocr_page' id='page_1' title='image "/cluster/home/n/w/nwhite01/storage/ocr_20150623/142/coo.31924054870476/135.png"; bbox 0 0 4108 6466; ppageno 0'>
   <div class='ocr_carea' id='block_1_1' title="bbox 298 446 418 515">
    <p class='ocr_par' dir='ltr' id='par_1_1' title="bbox 298 446 418 515">
     <span class='ocr_line' id='line_1_1' title="bbox 298 446 418 515; baseline -0.008 0"><span class='ocrx_word' id='word_1_1' title='bbox 298 446 418 515; x_wconf 62' lang='grc' dir='ltr'>κθ</span> 
     </span>
    </p>
   </div>
   <div class='ocr_carea' id='block_1_2' title="bbox 1344 453 2722 526">
    <p class='ocr_par' dir='ltr' id='par_1_2' title="bbox 1344 453 2722 526">
     <span class='ocr_line' id='line_1_2' title="bbox 1344 453 2722 526; baseline 0.002 -3"><span class='ocrx_word' id='word_1_2' title='bbox 1344 453 1665 524; x_wconf 80' lang='lat' dir='ltr'>GEORGII</span> <span class='ocrx_word' id='word_1_3' title='bbox 1709 458 1973 524; x_wconf 82' lang='lat' dir='ltr'>CYPRII</span> <span class='ocrx_word' id='word_1_4' title='bbox 2017 461 2139 523; x_wconf 85' lang='lat' dir='ltr'>GP.</span> <span class='ocrx_word' id='word_1_5' title='bbox 2186 459 2722 526; x_wconf 69' lang='lat' dir='ltr'>PATRIARCHE</span> 
     </span>
    </p>
   </div>
   <div class='ocr_carea' id='block_1_3' title="bbox 3598 460 3714 524">
    <p class='ocr_par' dir='ltr' id='par_1_3' title="bbox 3598 460 3714 524">
     <span class='ocr_line' id='line_1_3' title="bbox 3598 460 3714 524; baseline 0 -1"><span class='ocrx_word' id='word_1_6' title='bbox 3598 460 3714 524; x_wconf 75' lang='lat'>256</span> 
     </span>
    </p>
   </div>
   <div class='ocr_carea' id='block_1_4' title="bbox 297 579 3711 672">
    <p class='ocr_par' dir='ltr' id='par_1_4' title="bbox 297 579 3711 672">
     <span class='ocr_line' id='line_1_4' title="bbox 297 579 3711 672; baseline 0.003 -34"><span class='ocrx_word' id='word_1_7' title='bbox 297 582 427 648; x_wconf 73' lang='grc' dir='ltr'>τοὺς</span> <span class='ocrx_word' id='word_1_8' title='bbox 454 582 544 641; x_wconf 83' lang='grc' dir='ltr'>καὶ</span> <span class='ocrx_word' id='word_1_9' title='bbox 575 579 646 642; x_wconf 81' lang='grc' dir='ltr'>δι’</span> <span class='ocrx_word' id='word_1_10' title='bbox 674 585 801 646; x_wconf 75' lang='grc' dir='ltr'>Υἱοῦ</span> <span class='ocrx_word' id='word_1_11' title='bbox 849 583 993 668; x_wconf 75' lang='grc' dir='ltr'>ἔχειν</span> <span class='ocrx_word' id='word_1_12' title='bbox 1046 588 1145 660; x_wconf 79' lang='grc' dir='ltr'>τὴν</span> <span class='ocrx_word' id='word_1_13' title='bbox 1189 590 1434 670; x_wconf 72' lang='grc' dir='ltr'>ὕπαρξιν,</span> <span class='ocrx_word' id='word_1_14' title='bbox 1475 594 1621 649; x_wconf 82' lang='grc' dir='ltr'>τοῦτ’</span> <span class='ocrx_word' id='word_1_15' title='bbox 1667 592 1827 655; x_wconf 86' lang='grc' dir='ltr'>αὐτός</span> <span class='ocrx_word' id='word_1_16' title='bbox 1884 614 1945 649; x_wconf 86' lang='grc' dir='ltr'>τε</span> <span class='ocrx_word' id='word_1_17' title='bbox 1974 597 2027 662; x_wconf 79' lang='grc' dir='ltr'><strong>Α</strong></span> <span class='ocrx_word' id='word_1_18' title='bbox 2059 592 2185 671; x_wconf 78' lang='grc' dir='ltr'>ἔφη,</span> <span class='ocrx_word' id='word_1_19' title='bbox 2217 595 2481 672; x_wconf 88' lang='grc' dir='ltr'>πρότερον</span> <span class='ocrx_word' id='word_1_20' title='bbox 2543 595 2603 652; x_wconf 80' lang='grc' dir='ltr'>ἐκ</span> <span class='ocrx_word' id='word_1_21' title='bbox 2657 599 2755 650; x_wconf 86' lang='grc' dir='ltr'>τοῦ</span> <span class='ocrx_word' id='word_1_22' title='bbox 2814 591 3051 672; x_wconf 86' lang='grc' dir='ltr'>Πατρὸς,</span> <span class='ocrx_word' id='word_1_23' title='bbox 3083 588 3174 650; x_wconf 82' lang='grc' dir='ltr'>καὶ</span> <span class='ocrx_word' id='word_1_24' title='bbox 3221 594 3309 649; x_wconf 81' lang='grc' dir='ltr'>νῦν</span> <span class='ocrx_word' id='word_1_25' title='bbox 3359 587 3510 655; x_wconf 75' lang='grc' dir='ltr'>αὖθίς</span> <span class='ocrx_word' id='word_1_26' title='bbox 3549 613 3711 672; x_wconf 87' lang='grc' dir='ltr'>φημι.</span> 
     </span>
    </p>
   </div>
   <div class='ocr_carea' id='block_1_5' title="bbox 299 672 1949 756">
    <p class='ocr_par' dir='ltr' id='par_1_5' title="bbox 299 672 1949 756">
     <span class='ocr_line' id='line_1_5' title="bbox 299 672 1949 756; baseline 0.005 -28"><span class='ocrx_word' id='word_1_27' title='bbox 299 672 537 753; x_wconf 80' lang='grc' dir='ltr'>ἀναιρῶν</span> <span class='ocrx_word' id='word_1_28' title='bbox 592 676 644 732; x_wconf 82' lang='grc' dir='ltr'>έν</span> <span class='ocrx_word' id='word_1_29' title='bbox 697 682 776 751; x_wconf 85' lang='grc' dir='ltr'>τῷ</span> <span class='ocrx_word' id='word_1_30' title='bbox 822 679 1003 754; x_wconf 86' lang='grc' dir='ltr'>τόμῳ,</span> <span class='ocrx_word' id='word_1_31' title='bbox 1047 679 1121 735; x_wconf 74' lang='grc' dir='ltr'>ἵν’</span> <span class='ocrx_word' id='word_1_32' title='bbox 1164 682 1306 756; x_wconf 88' lang='grc' dir='ltr'>ὁμοῦ</span> <span class='ocrx_word' id='word_1_33' title='bbox 1347 682 1438 737; x_wconf 87' lang='grc' dir='ltr'>καὶ</span> <span class='ocrx_word' id='word_1_34' title='bbox 1485 682 1655 738; x_wconf 85' lang='grc' dir='ltr'>πάντα</span> <span class='ocrx_word' id='word_1_35' title='bbox 1701 704 1949 737; x_wconf 82' lang='grc' dir='ltr'>συναναι-</span> 
     </span>
    </p>
   </div>
   <div class='ocr_carea' id='block_1_6' title="bbox 300 762 1953 850">
    <p class='ocr_par' dir='ltr' id='par_1_6' title="bbox 300 762 1953 850">
     <span class='ocr_line' id='line_1_6' title="bbox 300 762 1953 850; baseline -0.001 -23"><span class='ocrx_word' id='word_1_36' title='bbox 300 762 470 838; x_wconf 60' lang='grc' dir='ltr'>ρῇσῃς</span> <span class='ocrx_word' id='word_1_37' title='bbox 502 766 570 820; x_wconf 75' lang='grc' dir='ltr'>τὰ</span> <span class='ocrx_word' id='word_1_38' title='bbox 617 766 857 843; x_wconf 71' lang='grc' dir='ltr'>ἑπόμενα</span> <span class='ocrx_word' id='word_1_39' title='bbox 908 768 1229 849; x_wconf 73' lang='grc' dir='ltr'>βλάσφημα,</span> <span class='ocrx_word' id='word_1_40' title='bbox 1260 773 1359 841; x_wconf 84' lang='grc' dir='ltr'>τήν</span> <span class='ocrx_word' id='word_1_41' title='bbox 1410 772 1488 835; x_wconf 90' lang='grc' dir='ltr'>εἰς</span> <span class='ocrx_word' id='word_1_42' title='bbox 1538 769 1712 827; x_wconf 79' lang='grc' dir='ltr'>ἀίδιον</span> <span class='ocrx_word' id='word_1_43' title='bbox 1763 767 1953 850; x_wconf 78' lang='grc' dir='ltr'>ἕκφαν-</span> 
     </span>
    </p>
   </div>
   <div class='ocr_carea' id='block_1_7' title="bbox 301 850 1954 939">
    <p class='ocr_par' dir='ltr' id='par_1_7' title="bbox 301 850 1954 939">
     <span class='ocr_line' id='line_1_7' title="bbox 301 850 1954 939; baseline 0.006 -34"><span class='ocrx_word' id='word_1_44' title='bbox 301 872 383 906; x_wconf 89' lang='grc' dir='ltr'>σιν</span> <span class='ocrx_word' id='word_1_45' title='bbox 428 856 464 922; x_wconf 81' lang='grc' dir='ltr'>ἠ</span> <span class='ocrx_word' id='word_1_46' title='bbox 516 850 587 908; x_wconf 88' lang='grc' dir='ltr'>δι’</span> <span class='ocrx_word' id='word_1_47' title='bbox 632 857 781 930; x_wconf 75' lang='grc' dir='ltr'>Υἱοῦ,</span> <span class='ocrx_word' id='word_1_48' title='bbox 833 860 908 922; x_wconf 85' lang='grc' dir='ltr'>ὡς</span> <span class='ocrx_word' id='word_1_49' title='bbox 963 858 1191 939; x_wconf 77' lang='grc' dir='ltr'>ἔφησθα,</span> <span class='ocrx_word' id='word_1_50' title='bbox 1242 860 1391 931; x_wconf 88' lang='grc' dir='ltr'>λέζις</span> <span class='ocrx_word' id='word_1_51' title='bbox 1453 862 1697 934; x_wconf 85' lang='grc' dir='ltr'>ἐνταῦθα,</span> <span class='ocrx_word' id='word_1_52' title='bbox 1744 861 1806 916; x_wconf 88' lang='lat' dir='ltr'>o6</span> <span class='ocrx_word' id='word_1_53' title='bbox 1854 862 1954 930; x_wconf 86' lang='grc' dir='ltr'>τήν</span> 
     </span>
    </p>
   </div>
   <div class='ocr_carea' id='block_1_8' title="bbox 301 940 1950 1027">
    <p class='ocr_par' dir='ltr' id='par_1_8' title="bbox 301 940 1950 1027">
     <span class='ocr_line' id='line_1_8' title="bbox 301 940 1950 1027; baseline 0.005 -33"><span class='ocrx_word' id='word_1_54' title='bbox 301 940 384 1003; x_wconf 77' lang='grc' dir='ltr'>εἰς</span> <span class='ocrx_word' id='word_1_55' title='bbox 435 941 500 997; x_wconf 82' lang='lat'>16</span> <span class='ocrx_word' id='word_1_56' title='bbox 559 944 692 1001; x_wconf 78' lang='grc' dir='ltr'>εἶναι</span> <span class='ocrx_word' id='word_1_57' title='bbox 748 953 997 1022; x_wconf 80' lang='grc' dir='ltr'>καθαρῶς</span> <span class='ocrx_word' id='word_1_58' title='bbox 1050 950 1332 1024; x_wconf 83' lang='grc' dir='ltr'>σημαίνειν</span> <span class='ocrx_word' id='word_1_59' title='bbox 1397 949 1649 1027; x_wconf 88' lang='grc' dir='ltr'>βούλεται</span> <span class='ocrx_word' id='word_1_60' title='bbox 1715 947 1950 1025; x_wconf 78' lang='grc' dir='ltr'>πρόοδον</span> 
     </span>
    </p>
   </div>
   <div class='ocr_carea' id='block_1_9' title="bbox 300 1030 1953 1116">
    <p class='ocr_par' dir='ltr' id='par_1_9' title="bbox 300 1030 1953 1116">
     <span class='ocr_line' id='line_1_9' title="bbox 300 1030 1953 1116; baseline 0.005 -32"><span class='ocrx_word' id='word_1_61' title='bbox 300 1035 400 1085; x_wconf 91' lang='grc' dir='ltr'>τοῦ</span> <span class='ocrx_word' id='word_1_62' title='bbox 450 1030 661 1089; x_wconf 88' lang='grc' dir='ltr'>τελείαν</span> <span class='ocrx_word' id='word_1_63' title='bbox 712 1034 774 1091; x_wconf 83' lang='grc' dir='ltr'>ἐκ</span> <span class='ocrx_word' id='word_1_64' title='bbox 819 1039 1030 1114; x_wconf 88' lang='grc' dir='ltr'>Πατρὸς</span> <span class='ocrx_word' id='word_1_65' title='bbox 1077 1040 1177 1108; x_wconf 79' lang='grc' dir='ltr'>τὴν</span> <span class='ocrx_word' id='word_1_66' title='bbox 1238 1040 1460 1116; x_wconf 82' lang='grc' dir='ltr'>ὕπαρξιν</span> <span class='ocrx_word' id='word_1_67' title='bbox 1512 1037 1739 1116; x_wconf 80' lang='grc' dir='ltr'>ἔχοντος</span> <span class='ocrx_word' id='word_1_68' title='bbox 1792 1038 1953 1095; x_wconf 85' lang='grc' dir='ltr'>Πνεύ-</span> 
     </span>
    </p>
   </div>
   <div class='ocr_carea' id='block_1_10' title="bbox 305 1128 1955 1206">
    <p class='ocr_par' dir='ltr' id='par_1_10' title="bbox 305 1128 1955 1206">
     <span class='ocr_line' id='line_1_10' title="bbox 305 1128 1955 1206; baseline 0.005 -32"><span class='ocrx_word' id='word_1_69' title='bbox 305 1138 495 1192; x_wconf 83' lang='grc' dir='ltr'>ματος.</span> <span class='ocrx_word' id='word_1_70' title='bbox 547 1129 771 1188; x_wconf 84' lang='grc' dir='ltr'>Ἔοικας</span> <span class='ocrx_word' id='word_1_71' title='bbox 813 1128 937 1203; x_wconf 78' lang='grc' dir='ltr'>γὰρ,</span> <span class='ocrx_word' id='word_1_72' title='bbox 973 1128 1129 1206; x_wconf 82' lang='grc' dir='ltr'>φησὶ,</span> <span class='ocrx_word' id='word_1_73' title='bbox 1177 1134 1345 1184; x_wconf 87' lang='grc' dir='ltr'>ταῦτα</span> <span class='ocrx_word' id='word_1_74' title='bbox 1393 1128 1593 1205; x_wconf 87' lang='grc' dir='ltr'>λέγων,</span> <span class='ocrx_word' id='word_1_75' title='bbox 1631 1133 1706 1204; x_wconf 80' lang='grc' dir='ltr'>μὴ</span> <span class='ocrx_word' id='word_1_76' title='bbox 1754 1130 1955 1206; x_wconf 83' lang='grc' dir='ltr'>τρόπον</span> 
     </span>
    </p>
   </div>
   <div class='ocr_carea' id='block_1_11' title="bbox 303 1206 1953 1295">
    <p class='ocr_par' dir='ltr' id='par_1_11' title="bbox 303 1206 1953 1295">
     <span class='ocr_line' id='line_1_11' title="bbox 303 1206 1953 1295; baseline -0.002 -20"><span class='ocrx_word' id='word_1_77' title='bbox 303 1206 582 1285; x_wconf 80' lang='grc' dir='ltr'>ὑπάρξεως</span> <span class='ocrx_word' id='word_1_78' title='bbox 649 1216 891 1288; x_wconf 85' lang='grc' dir='ltr'>νομίζειν</span> <span class='ocrx_word' id='word_1_79' title='bbox 952 1216 1034 1272; x_wconf 87' lang='grc' dir='ltr'>ἀεὶ</span> <span class='ocrx_word' id='word_1_80' title='bbox 1083 1219 1184 1288; x_wconf 78' lang='grc' dir='ltr'>τήν</span> <span class='ocrx_word' id='word_1_81' title='bbox 1238 1217 1566 1295; x_wconf 82' lang='grc' dir='ltr'>έκπέρευσιν,</span> <span class='ocrx_word' id='word_1_82' title='bbox 1626 1222 1691 1288; x_wconf 80' lang='grc' dir='ltr'>ἣν</span> <span class='ocrx_word' id='word_1_83' title='bbox 1751 1217 1953 1283; x_wconf 76' lang='grc' dir='ltr'>ἄνωθεν</span> 
     </span>
    </p>
   </div>
   <div class='ocr_carea' id='block_1_12' title="bbox 302 1295 1958 1380">
    <p class='ocr_par' dir='ltr' id='par_1_12' title="bbox 302 1295 1958 1380">
     <span class='ocr_line' id='line_1_12' title="bbox 302 1295 1958 1380; baseline 0.006 -28"><span class='ocrx_word' id='word_1_84' title='bbox 302 1295 359 1359; x_wconf 69' lang='grc' dir='ltr'>ἐς</span> <span class='ocrx_word' id='word_1_85' title='bbox 418 1295 576 1377; x_wconf 83' lang='grc' dir='ltr'>δεῦρο</span> <span class='ocrx_word' id='word_1_86' title='bbox 631 1302 825 1367; x_wconf 83' lang='grc' dir='ltr'>πάντες</span> <span class='ocrx_word' id='word_1_87' title='bbox 873 1305 1018 1361; x_wconf 74' lang='grc' dir='ltr'>οὕτω</span> <span class='ocrx_word' id='word_1_88' title='bbox 1067 1308 1369 1380; x_wconf 86' lang='grc' dir='ltr'>νομίζουσι.</span> <span class='ocrx_word' id='word_1_89' title='bbox 1420 1309 1517 1363; x_wconf 85' lang='grc' dir='ltr'>Καὶ</span> <span class='ocrx_word' id='word_1_90' title='bbox 1564 1310 1743 1364; x_wconf 80' lang='grc' dir='ltr'>τοίνυν</span> <span class='ocrx_word' id='word_1_91' title='bbox 1789 1313 1958 1363; x_wconf 84' lang='grc' dir='ltr'>ταῦτα</span> 
     </span>
    </p>
   </div>
   <div class='ocr_carea' id='block_1_13' title="bbox 303 1385 1961 1476">
    <p class='ocr_par' dir='ltr' id='par_1_13' title="bbox 303 1385 1961 1476">
     <span class='ocr_line' id='line_1_13' title="bbox 303 1385 1961 1476; baseline 0.007 -35"><span class='ocrx_word' id='word_1_92' title='bbox 303 1385 685 1476; x_wconf 69' lang='grc' dir='ltr'>έπαιτιωμένῳ</span> <span class='ocrx_word' id='word_1_93' title='bbox 743 1396 892 1467; x_wconf 78' lang='grc' dir='ltr'>ἡμᾶς</span> <span class='ocrx_word' id='word_1_94' title='bbox 949 1397 1136 1472; x_wconf 88' lang='grc' dir='ltr'>καιρὸν</span> <span class='ocrx_word' id='word_1_95' title='bbox 1194 1396 1342 1474; x_wconf 80' lang='grc' dir='ltr'>ἔχειν</span> <span class='ocrx_word' id='word_1_96' title='bbox 1405 1419 1497 1472; x_wconf 88' lang='grc' dir='ltr'>μοι</span> <span class='ocrx_word' id='word_1_97' title='bbox 1559 1400 1739 1476; x_wconf 86' lang='grc' dir='ltr'>φάναι,</span> <span class='ocrx_word' id='word_1_98' title='bbox 1771 1399 1859 1453; x_wconf 85' lang='grc' dir='ltr'>τὸν</span> <span class='ocrx_word' id='word_1_99' title='bbox 1911 1394 1961 1452; x_wconf 88' lang='grc' dir='ltr'>δ’</span> 
     </span>
    </p>
   </div>
   <div class='ocr_carea' id='block_1_14' title="bbox 302 1475 1957 1565">
    <p class='ocr_par' dir='ltr' id='par_1_14' title="bbox 302 1475 1957 1565">
     <span class='ocr_line' id='line_1_14' title="bbox 302 1475 1957 1565; baseline 0.01 -32"><span class='ocrx_word' id='word_1_100' title='bbox 302 1475 623 1552; x_wconf 74' lang='grc' dir='ltr'>ἐρωτήσεως</span> <span class='ocrx_word' id='word_1_101' title='bbox 696 1484 898 1560; x_wconf 87' lang='grc' dir='ltr'>τρόπον</span> <span class='ocrx_word' id='word_1_102' title='bbox 957 1487 1046 1540; x_wconf 89' lang='grc' dir='ltr'>καὶ</span> <span class='ocrx_word' id='word_1_103' title='bbox 1101 1486 1442 1564; x_wconf 83' lang='grc' dir='ltr'>ἀποκρίσεως</span> <span class='ocrx_word' id='word_1_104' title='bbox 1519 1475 1957 1565; x_wconf 76' lang='grc' dir='ltr'>προσενεχθῆναι</span> 
     </span>
    </p>
   </div>
   <div class='ocr_carea' id='block_1_15' title="bbox 302 1566 1956 1655">
    <p class='ocr_par' dir='ltr' id='par_1_15' title="bbox 302 1566 1956 1655">
     <span class='ocr_line' id='line_1_15' title="bbox 302 1566 1956 1655; baseline 0.008 -34"><span class='ocrx_word' id='word_1_105' title='bbox 302 1566 452 1655; x_wconf 77' lang='grc' dir='ltr'>αὐτῷ</span> <span class='ocrx_word' id='word_1_106' title='bbox 509 1568 611 1625; x_wconf 80' lang='grc' dir='ltr'>οὐκ</span> <span class='ocrx_word' id='word_1_107' title='bbox 658 1570 833 1628; x_wconf 82' lang='grc' dir='ltr'>ἄλλου</span> <span class='ocrx_word' id='word_1_108' title='bbox 878 1571 943 1645; x_wconf 81' lang='grc' dir='ltr'>δή</span> <span class='ocrx_word' id='word_1_109' title='bbox 994 1596 1144 1638; x_wconf 90' lang='grc' dir='ltr'>τινος</span> <span class='ocrx_word' id='word_1_110' title='bbox 1173 1576 1207 1645; x_wconf 76' lang='grc' dir='ltr'>ἢ</span> <span class='ocrx_word' id='word_1_111' title='bbox 1257 1582 1355 1632; x_wconf 89' lang='grc' dir='ltr'>τοῦ</span> <span class='ocrx_word' id='word_1_112' title='bbox 1402 1582 1603 1655; x_wconf 88' lang='grc' dir='ltr'>σαφοῦς</span> <span class='ocrx_word' id='word_1_113' title='bbox 1651 1574 1804 1634; x_wconf 66' lang='grc' dir='ltr'>ἕνεκα</span> <span class='ocrx_word' id='word_1_114' title='bbox 1848 1583 1956 1635; x_wconf 88' lang='grc' dir='ltr'>τῶν</span> 
     </span>
    </p>
   </div>
   <div class='ocr_carea' id='block_1_16' title="bbox 303 1654 1955 1745">
    <p class='ocr_par' dir='ltr' id='par_1_16' title="bbox 303 1654 1955 1745">
     <span class='ocr_line' id='line_1_16' title="bbox 303 1654 1955 1745; baseline 0.009 -35"><span class='ocrx_word' id='word_1_115' title='bbox 303 1654 572 1745; x_wconf 60' lang='grc' dir='ltr'>ξλέγχων,</span> <span class='ocrx_word' id='word_1_116' title='bbox 604 1661 693 1716; x_wconf 81' lang='grc' dir='ltr'>καὶ</span> <span class='ocrx_word' id='word_1_117' title='bbox 745 1667 844 1718; x_wconf 85' lang='grc' dir='ltr'>τοῦ</span> <span class='ocrx_word' id='word_1_118' title='bbox 901 1662 1179 1736; x_wconf 75' lang='grc' dir='ltr'>εὒλήπτου</span> <span class='ocrx_word' id='word_1_119' title='bbox 1234 1671 1340 1721; x_wconf 88' lang='grc' dir='ltr'>τῶν</span> <span class='ocrx_word' id='word_1_120' title='bbox 1390 1654 1737 1739; x_wconf 79' lang='grc' dir='ltr'>ἀποδείξεων.</span> <span class='ocrx_word' id='word_1_121' title='bbox 1772 1669 1955 1745; x_wconf 85' lang='grc' dir='ltr'>’Δρχή</span> 
     </span>
    </p>
   </div>
   <div class='ocr_carea' id='block_1_17' title="bbox 302 1741 724 1824">
    <p class='ocr_par' dir='ltr' id='par_1_17' title="bbox 302 1741 724 1824">
     <span class='ocr_line' id='line_1_17' title="bbox 302 1741 724 1824; baseline 0.014 -25"><span class='ocrx_word' id='word_1_122' title='bbox 302 1741 360 1801; x_wconf 70' lang='grc' dir='ltr'>δὲ</span> <span class='ocrx_word' id='word_1_123' title='bbox 389 1751 486 1801; x_wconf 90' lang='grc' dir='ltr'>τοῦ</span> <span class='ocrx_word' id='word_1_124' title='bbox 518 1745 687 1824; x_wconf 85' lang='grc' dir='ltr'>λόγου</span> <span class='ocrx_word' id='word_1_125' title='bbox 714 1774 724 1784; x_wconf 95' lang='grc'>·</span> 
     </span>
    </p>
   </div>
   <div class='ocr_carea' id='block_1_18' title="bbox 374 1837 1959 1923">
    <p class='ocr_par' dir='ltr' id='par_1_18' title="bbox 374 1837 1959 1923">
     <span class='ocr_line' id='line_1_18' title="bbox 374 1837 1959 1923; baseline 0.008 -33"><span class='ocrx_word' id='word_1_126' title='bbox 374 1837 758 1913; x_wconf 89' lang='grc' dir='ltr'>Πεπίστευκας,</span> <span class='ocrx_word' id='word_1_127' title='bbox 837 1841 881 1896; x_wconf 85' lang='grc' dir='ltr'>ὦ</span> <span class='ocrx_word' id='word_1_128' title='bbox 958 1843 1134 1916; x_wconf 78' lang='grc' dir='ltr'>οὗτος,</span> <span class='ocrx_word' id='word_1_129' title='bbox 1204 1845 1280 1908; x_wconf 88' lang='grc' dir='ltr'>εἰς</span> <span class='ocrx_word' id='word_1_130' title='bbox 1359 1847 1595 1923; x_wconf 88' lang='grc' dir='ltr'>Πατέρα,</span> <span class='ocrx_word' id='word_1_131' title='bbox 1664 1847 1807 1919; x_wconf 77' lang='grc' dir='ltr'>Υἱὸν,</span> <span class='ocrx_word' id='word_1_132' title='bbox 1867 1846 1959 1902; x_wconf 83' lang='grc' dir='ltr'>καὶ</span> 
     </span>
    </p>
   </div>
   <div class='ocr_carea' id='block_1_19' title="bbox 2060 680 3710 760">
    <p class='ocr_par' dir='ltr' id='par_1_19' title="bbox 2060 680 3710 760">
     <span class='ocr_line' id='line_1_19' title="bbox 2060 680 3710 760; baseline -0.001 -22"><span class='ocrx_word' id='word_1_133' title='bbox 2060 684 2129 738; x_wconf 86' lang='grc' dir='ltr'><strong><em>Ἦ</em></strong></span> <span class='ocrx_word' id='word_1_134' title='bbox 2183 684 2346 749; x_wconf 87' lang='grc' dir='ltr'>πόθεν</span> <span class='ocrx_word' id='word_1_135' title='bbox 2407 686 2704 760; x_wconf 53' lang='grc' dir='ltr'>ἱτέρωθεη</span> <span class='ocrx_word' id='word_1_136' title='bbox 2737 684 2798 739; x_wconf 84' lang='grc' dir='ltr'>ἐκ</span> <span class='ocrx_word' id='word_1_137' title='bbox 2854 680 2909 739; x_wconf 72' lang='grc' dir='ltr'>δὲ</span> <span class='ocrx_word' id='word_1_138' title='bbox 2966 687 3063 739; x_wconf 86' lang='grc' dir='ltr'>τοῦ</span> <span class='ocrx_word' id='word_1_139' title='bbox 3122 683 3253 743; x_wconf 76' lang='grc' dir='ltr'>Υἱοῦ</span> <span class='ocrx_word' id='word_1_140' title='bbox 3309 681 3362 737; x_wconf 85' lang='grc' dir='ltr'>τί</span> <span class='ocrx_word' id='word_1_141' title='bbox 3417 680 3523 757; x_wconf 75' lang='grc' dir='ltr'>φῂς</span> <span class='ocrx_word' id='word_1_142' title='bbox 3582 680 3710 738; x_wconf 76' lang='grc' dir='ltr'>εἶναι</span> 
     </span>
    </p>
   </div>
   <div class='ocr_carea' id='block_1_20' title="bbox 2060 768 3713 850">
    <p class='ocr_par' dir='ltr' id='par_1_20' title="bbox 2060 768 3713 850">
     <span class='ocr_line' id='line_1_20' title="bbox 2060 768 3713 850; baseline -0.001 -23"><span class='ocrx_word' id='word_1_143' title='bbox 2060 771 2244 845; x_wconf 84' lang='grc' dir='ltr'>αύτῷ;</span> <span class='ocrx_word' id='word_1_144' title='bbox 2299 772 2417 849; x_wconf 81' lang='grc' dir='ltr'>Ούχ</span> <span class='ocrx_word' id='word_1_145' title='bbox 2458 773 2681 850; x_wconf 80' lang='grc' dir='ltr'>ὕπαρξιν</span> <span class='ocrx_word' id='word_1_146' title='bbox 2734 772 2931 849; x_wconf 79' lang='grc' dir='ltr'>ἔγωγε,</span> <span class='ocrx_word' id='word_1_147' title='bbox 2984 772 3098 828; x_wconf 78' lang='grc' dir='ltr'>ἐπεὶ</span> <span class='ocrx_word' id='word_1_148' title='bbox 3150 771 3360 827; x_wconf 90' lang='grc' dir='ltr'>τέλειον</span> <span class='ocrx_word' id='word_1_149' title='bbox 3412 768 3535 826; x_wconf 77' lang='grc' dir='ltr'>οἰδα</span> <span class='ocrx_word' id='word_1_150' title='bbox 3580 772 3713 825; x_wconf 76' lang='grc' dir='ltr'>κατὰ</span> 
     </span>
    </p>
   </div>
   <div class='ocr_carea' id='block_1_21' title="bbox 2060 859 3713 939">
    <p class='ocr_par' dir='ltr' id='par_1_21' title="bbox 2060 859 3713 939">
     <span class='ocr_line' id='line_1_21' title="bbox 2060 859 3713 939; baseline 0 -24"><span class='ocrx_word' id='word_1_151' title='bbox 2060 861 2151 917; x_wconf 90' lang='grc' dir='ltr'>τὸν</span> <span class='ocrx_word' id='word_1_152' title='bbox 2200 863 2315 920; x_wconf 75' lang='grc' dir='ltr'>Υἱὸν</span> <span class='ocrx_word' id='word_1_153' title='bbox 2377 862 2437 919; x_wconf 82' lang='grc' dir='ltr'>ἐκ</span> <span class='ocrx_word' id='word_1_154' title='bbox 2477 868 2575 919; x_wconf 90' lang='grc' dir='ltr'>τοῦ</span> <span class='ocrx_word' id='word_1_155' title='bbox 2630 863 2844 937; x_wconf 83' lang='grc' dir='ltr'>ΙΙατρὸς</span> <span class='ocrx_word' id='word_1_156' title='bbox 2896 862 2987 917; x_wconf 80' lang='grc' dir='ltr'>καὶ</span> <span class='ocrx_word' id='word_1_157' title='bbox 3033 860 3164 916; x_wconf 98' lang='lat'>01616</span> <span class='ocrx_word' id='word_1_158' title='bbox 3214 861 3522 939; x_wconf 82' lang='grc' dir='ltr'>ὑφεστάναι.</span> <span class='ocrx_word' id='word_1_159' title='bbox 3558 859 3654 915; x_wconf 80' lang='grc' dir='ltr'>Καὶ</span> <span class='ocrx_word' id='word_1_160' title='bbox 3686 860 3713 915; x_wconf 98' lang='lat'>6</span> 
     </span>
    </p>
   </div>
   <div class='ocr_carea' id='block_1_22' title="bbox 2062 948 3715 1029">
    <p class='ocr_par' dir='ltr' id='par_1_22' title="bbox 2062 948 3715 1029">
     <span class='ocr_line' id='line_1_22' title="bbox 2062 948 3715 1029; baseline -0.001 -23"><span class='ocrx_word' id='word_1_161' title='bbox 2062 953 2256 1029; x_wconf 76' lang='grc' dir='ltr'>Πατὴρ</span> <span class='ocrx_word' id='word_1_162' title='bbox 2316 950 2406 1008; x_wconf 78' lang='grc' dir='ltr'>διὰ</span> <span class='ocrx_word' id='word_1_163' title='bbox 2458 957 2627 1008; x_wconf 85' lang='grc' dir='ltr'>ταῦτα</span> <span class='ocrx_word' id='word_1_164' title='bbox 2687 952 2851 1026; x_wconf 83' lang='grc' dir='ltr'>μόνος</span> <span class='ocrx_word' id='word_1_165' title='bbox 2909 948 3082 1013; x_wconf 65' lang='grc' dir='ltr'>αἰίτιος</span> <span class='ocrx_word' id='word_1_166' title='bbox 3122 950 3213 1005; x_wconf 87' lang='grc' dir='ltr'>καὶ</span> <span class='ocrx_word' id='word_1_167' title='bbox 3262 949 3401 1023; x_wconf 89' lang='grc' dir='ltr'>μόνη</span> <span class='ocrx_word' id='word_1_168' title='bbox 3433 950 3587 1024; x_wconf 86' lang='grc' dir='ltr'>πηγὴ</span> <span class='ocrx_word' id='word_1_169' title='bbox 3617 951 3715 1017; x_wconf 74' lang='grc' dir='ltr'>τῆς</span> 
     </span>
    </p>
   </div>
   <div class='ocr_carea' id='block_1_23' title="bbox 2065 1037 3715 1117">
    <p class='ocr_par' dir='ltr' id='par_1_23' title="bbox 2065 1037 3715 1117">
     <span class='ocr_line' id='line_1_23' title="bbox 2065 1037 3715 1117; baseline -0.001 -23"><span class='ocrx_word' id='word_1_170' title='bbox 2065 1040 2343 1112; x_wconf 88' lang='grc' dir='ltr'>θεότητος.</span> <span class='ocrx_word' id='word_1_171' title='bbox 2378 1040 2477 1096; x_wconf 85' lang='grc' dir='ltr'>Καὶ</span> <span class='ocrx_word' id='word_1_172' title='bbox 2509 1039 2574 1096; x_wconf 73' lang='grc' dir='ltr'>αὗ</span> <span class='ocrx_word' id='word_1_173' title='bbox 2603 1041 2755 1117; x_wconf 77' lang='grc' dir='ltr'>ἀρχὴ</span> <span class='ocrx_word' id='word_1_174' title='bbox 2813 1041 2903 1096; x_wconf 86' lang='grc' dir='ltr'>καὶ</span> <span class='ocrx_word' id='word_1_175' title='bbox 2962 1039 3083 1116; x_wconf 84' lang='grc' dir='ltr'>ῥίζα</span> <span class='ocrx_word' id='word_1_176' title='bbox 3136 1040 3266 1095; x_wconf 77' lang='grc' dir='ltr'>Υἱοῦ</span> <span class='ocrx_word' id='word_1_177' title='bbox 3321 1038 3411 1093; x_wconf 85' lang='grc' dir='ltr'>καὶ</span> <span class='ocrx_word' id='word_1_178' title='bbox 3467 1037 3715 1110; x_wconf 87' lang='grc' dir='ltr'>Πνεύμα-</span> 
     </span>
    </p>
   </div>
   <div class='ocr_carea' id='block_1_24' title="bbox 2061 1125 3719 1207">
    <p class='ocr_par' dir='ltr' id='par_1_24' title="bbox 2061 1125 3719 1207">
     <span class='ocr_line' id='line_1_24' title="bbox 2061 1125 3719 1207; baseline -0.002 -24"><span class='ocrx_word' id='word_1_179' title='bbox 2061 1149 2177 1202; x_wconf 89' lang='grc' dir='ltr'>τος,</span> <span class='ocrx_word' id='word_1_180' title='bbox 2210 1130 2301 1185; x_wconf 83' lang='grc' dir='ltr'>καὶ</span> <span class='ocrx_word' id='word_1_181' title='bbox 2354 1132 2529 1186; x_wconf 83' lang='grc' dir='ltr'>πάντα</span> <span class='ocrx_word' id='word_1_182' title='bbox 2583 1130 2784 1207; x_wconf 82' lang='grc' dir='ltr'>ὅσαπερ</span> <span class='ocrx_word' id='word_1_183' title='bbox 2842 1127 2959 1206; x_wconf 78' lang='grc' dir='ltr'>ἔχει</span> <span class='ocrx_word' id='word_1_184' title='bbox 3010 1133 3106 1184; x_wconf 89' lang='grc' dir='ltr'>τοῦ</span> <span class='ocrx_word' id='word_1_185' title='bbox 3165 1129 3290 1183; x_wconf 79' lang='grc' dir='ltr'>Υἱοῦ</span> <span class='ocrx_word' id='word_1_186' title='bbox 3331 1126 3478 1196; x_wconf 74' lang='grc' dir='ltr'>πλὴν</span> <span class='ocrx_word' id='word_1_187' title='bbox 3508 1128 3606 1195; x_wconf 76' lang='grc' dir='ltr'>τῆς</span> <span class='ocrx_word' id='word_1_188' title='bbox 3639 1125 3719 1180; x_wconf 65' lang='lat' dir='ltr'>ul-</span> 
     </span>
    </p>
   </div>
   <div class='ocr_carea' id='block_1_25' title="bbox 2063 1213 3719 1293">
    <p class='ocr_par' dir='ltr' id='par_1_25' title="bbox 2063 1213 3719 1293">
     <span class='ocr_line' id='line_1_25' title="bbox 2063 1213 3719 1293; baseline -0.002 -21"><span class='ocrx_word' id='word_1_189' title='bbox 2063 1218 2203 1281; x_wconf 90' lang='grc' dir='ltr'>τίας.</span> <span class='ocrx_word' id='word_1_190' title='bbox 2237 1218 2396 1275; x_wconf 85' lang='grc' dir='ltr'>Ἀλλ’</span> <span class='ocrx_word' id='word_1_191' title='bbox 2444 1219 2495 1291; x_wconf 81' lang='grc' dir='ltr'>ἐξ</span> <span class='ocrx_word' id='word_1_192' title='bbox 2544 1219 2710 1275; x_wconf 76' lang='grc' dir='ltr'>αὐτοῦ</span> <span class='ocrx_word' id='word_1_193' title='bbox 2762 1220 2856 1293; x_wconf 72' lang='grc' dir='ltr'>μὲν</span> <span class='ocrx_word' id='word_1_194' title='bbox 2904 1216 3034 1281; x_wconf 67' lang='grc' dir='ltr'>ἴσως</span> <span class='ocrx_word' id='word_1_195' title='bbox 3096 1215 3389 1291; x_wconf 78' lang='grc' dir='ltr'>μηδαμῶς,</span> <span class='ocrx_word' id='word_1_196' title='bbox 3438 1213 3508 1270; x_wconf 83' lang='grc' dir='ltr'>δι’</span> <span class='ocrx_word' id='word_1_197' title='bbox 3558 1214 3719 1269; x_wconf 78' lang='grc' dir='ltr'>αὐτοῦ</span> 
     </span>
    </p>
   </div>
   <div class='ocr_carea' id='block_1_26' title="bbox 2067 1304 3719 1384">
    <p class='ocr_par' dir='ltr' id='par_1_26' title="bbox 2067 1304 3719 1384">
     <span class='ocr_line' id='line_1_26' title="bbox 2067 1304 3719 1384; baseline -0.003 -21"><span class='ocrx_word' id='word_1_198' title='bbox 2067 1304 2144 1363; x_wconf 90' lang='grc' dir='ltr'>δέ.</span> <span class='ocrx_word' id='word_1_199' title='bbox 2178 1307 2290 1363; x_wconf 79' lang='grc' dir='ltr'>Οὐκ</span> <span class='ocrx_word' id='word_1_200' title='bbox 2319 1306 2409 1364; x_wconf 75' lang='grc' dir='ltr'>οὖν</span> <span class='ocrx_word' id='word_1_201' title='bbox 2444 1307 2570 1364; x_wconf 75' lang='grc' dir='ltr'>οὐδὲ</span> <span class='ocrx_word' id='word_1_202' title='bbox 2601 1307 2671 1364; x_wconf 88' lang='grc' dir='ltr'>δι’</span> <span class='ocrx_word' id='word_1_203' title='bbox 2702 1307 2888 1364; x_wconf 69' lang='grc' dir='ltr'>αὐτοῦ.</span> <span class='ocrx_word' id='word_1_204' title='bbox 2920 1308 3021 1362; x_wconf 83' lang='grc' dir='ltr'>Καὶ</span> <span class='ocrx_word' id='word_1_205' title='bbox 3062 1307 3164 1384; x_wconf 78' lang='grc' dir='ltr'>γὰρ</span> <span class='ocrx_word' id='word_1_206' title='bbox 3209 1305 3394 1362; x_wconf 86' lang='grc' dir='ltr'>τελεία</span> <span class='ocrx_word' id='word_1_207' title='bbox 3439 1307 3502 1360; x_wconf 91' lang='grc' dir='ltr'>τὸ</span> <span class='ocrx_word' id='word_1_208' title='bbox 3548 1307 3719 1359; x_wconf 84' lang='grc' dir='ltr'>Πνεῦ-</span> 
     </span>
    </p>
   </div>
   <div class='ocr_carea' id='block_1_27' title="bbox 2070 1391 3713 1472">
    <p class='ocr_par' dir='ltr' id='par_1_27' title="bbox 2070 1391 3713 1472">
     <span class='ocr_line' id='line_1_27' title="bbox 2070 1391 3713 1472; baseline -0.001 -21"><span class='ocrx_word' id='word_1_209' title='bbox 2070 1417 2147 1468; x_wconf 86' lang='grc' dir='ltr'>μα</span> <span class='ocrx_word' id='word_1_210' title='bbox 2195 1397 2506 1468; x_wconf 83' lang='grc' dir='ltr'>ὑπόστασις,</span> <span class='ocrx_word' id='word_1_211' title='bbox 2534 1398 2624 1453; x_wconf 82' lang='grc' dir='ltr'>καὶ</span> <span class='ocrx_word' id='word_1_212' title='bbox 2670 1396 2879 1453; x_wconf 84' lang='grc' dir='ltr'>τέλειον</span> <span class='ocrx_word' id='word_1_213' title='bbox 2928 1395 2989 1452; x_wconf 84' lang='grc' dir='ltr'>έκ</span> <span class='ocrx_word' id='word_1_214' title='bbox 3039 1396 3255 1472; x_wconf 90' lang='grc' dir='ltr'>Πατρὸς</span> <span class='ocrx_word' id='word_1_215' title='bbox 3306 1391 3436 1472; x_wconf 79' lang='grc' dir='ltr'>ἔχον</span> <span class='ocrx_word' id='word_1_216' title='bbox 3462 1395 3525 1448; x_wconf 90' lang='grc' dir='ltr'>τὸ</span> <span class='ocrx_word' id='word_1_217' title='bbox 3558 1393 3713 1449; x_wconf 79' lang='grc' dir='ltr'>εἶναι.</span> 
     </span>
    </p>
   </div>
   <div class='ocr_carea' id='block_1_28' title="bbox 2066 1481 3722 1561">
    <p class='ocr_par' dir='ltr' id='par_1_28' title="bbox 2066 1481 3722 1561">
     <span class='ocr_line' id='line_1_28' title="bbox 2066 1481 3722 1561; baseline -0.002 -21"><span class='ocrx_word' id='word_1_218' title='bbox 2066 1484 2258 1541; x_wconf 84' lang='grc' dir='ltr'>Τελεία</span> <span class='ocrx_word' id='word_1_219' title='bbox 2305 1483 2363 1541; x_wconf 78' lang='grc' dir='ltr'>δὲ</span> <span class='ocrx_word' id='word_1_220' title='bbox 2411 1486 2501 1542; x_wconf 88' lang='grc' dir='ltr'>καὶ</span> <span class='ocrx_word' id='word_1_221' title='bbox 2544 1487 2572 1541; x_wconf 94' lang='lat'>6</span> <span class='ocrx_word' id='word_1_222' title='bbox 2606 1486 2744 1549; x_wconf 73' lang='grc' dir='ltr'>Υἱός.</span> <span class='ocrx_word' id='word_1_223' title='bbox 2796 1489 2957 1541; x_wconf 84' lang='grc' dir='ltr'>Ὥστε</span> <span class='ocrx_word' id='word_1_224' title='bbox 2999 1482 3149 1561; x_wconf 83' lang='grc' dir='ltr'>εἷ’περ</span> <span class='ocrx_word' id='word_1_225' title='bbox 3196 1484 3263 1554; x_wconf 80' lang='grc' dir='ltr'>ἦν</span> <span class='ocrx_word' id='word_1_226' title='bbox 3316 1481 3386 1539; x_wconf 85' lang='grc' dir='ltr'>δι’</span> <span class='ocrx_word' id='word_1_227' title='bbox 3427 1483 3591 1538; x_wconf 73' lang='grc' dir='ltr'>αὐτοῦ</span> <span class='ocrx_word' id='word_1_228' title='bbox 3644 1485 3722 1553; x_wconf 81' lang='grc' dir='ltr'>τῷ</span> 
     </span>
    </p>
   </div>
   <div class='ocr_carea' id='block_1_29' title="bbox 2072 1566 3723 1651">
    <p class='ocr_par' dir='ltr' id='par_1_29' title="bbox 2072 1566 3723 1651">
     <span class='ocr_line' id='line_1_29' title="bbox 2072 1566 3723 1651; baseline -0.004 -22"><span class='ocrx_word' id='word_1_229' title='bbox 2072 1574 2356 1648; x_wconf 86' lang='grc' dir='ltr'>ὁμοουσίῳ</span> <span class='ocrx_word' id='word_1_230' title='bbox 2382 1597 2443 1630; x_wconf 91' lang='grc' dir='ltr'>τε</span> <span class='ocrx_word' id='word_1_231' title='bbox 2471 1575 2562 1631; x_wconf 85' lang='grc' dir='ltr'>καὶ</span> <span class='ocrx_word' id='word_1_232' title='bbox 2609 1577 2846 1651; x_wconf 84' lang='grc' dir='ltr'>ὁμοφυεῖ</span> <span class='ocrx_word' id='word_1_233' title='bbox 2896 1573 3177 1647; x_wconf 89' lang='grc' dir='ltr'>Πνεύματι</span> <span class='ocrx_word' id='word_1_234' title='bbox 3226 1572 3474 1650; x_wconf 74' lang='grc' dir='ltr'>ὕπαρξις,</span> <span class='ocrx_word' id='word_1_235' title='bbox 3504 1571 3571 1641; x_wconf 76' lang='grc' dir='ltr'>ἦν</span> <span class='ocrx_word' id='word_1_236' title='bbox 3623 1566 3723 1646; x_wconf 75' lang='grc' dir='ltr'>ἄρα</span> 
     </span>
    </p>
   </div>
   <div class='ocr_carea' id='block_1_30' title="bbox 2068 1654 3720 1738">
    <p class='ocr_par' dir='ltr' id='par_1_30' title="bbox 2068 1654 3720 1738">
     <span class='ocr_line' id='line_1_30' title="bbox 2068 1654 3720 1738; baseline -0.004 -19"><span class='ocrx_word' id='word_1_237' title='bbox 2068 1664 2158 1719; x_wconf 87' lang='grc' dir='ltr'>καὶ</span> <span class='ocrx_word' id='word_1_238' title='bbox 2203 1664 2254 1738; x_wconf 78' lang='grc' dir='ltr'>ἐξ</span> <span class='ocrx_word' id='word_1_239' title='bbox 2304 1664 2489 1721; x_wconf 80' lang='grc' dir='ltr'>αὐτοῦ.</span> <span class='ocrx_word' id='word_1_240' title='bbox 2521 1670 2616 1721; x_wconf 79' lang='grc' dir='ltr'>Ἠν</span> <span class='ocrx_word' id='word_1_241' title='bbox 2668 1662 2727 1720; x_wconf 73' lang='grc' dir='ltr'>δὲ</span> <span class='ocrx_word' id='word_1_242' title='bbox 2776 1664 2869 1719; x_wconf 87' lang='grc' dir='ltr'>καὶ</span> <span class='ocrx_word' id='word_1_243' title='bbox 2901 1665 2930 1719; x_wconf 90' lang='lat'>6</span> <span class='ocrx_word' id='word_1_244' title='bbox 2960 1664 3081 1726; x_wconf 73' lang='grc' dir='ltr'>Υἱὸς</span> <span class='ocrx_word' id='word_1_245' title='bbox 3132 1666 3228 1718; x_wconf 89' lang='grc' dir='ltr'>τοῦ</span> <span class='ocrx_word' id='word_1_246' title='bbox 3275 1661 3597 1735; x_wconf 89' lang='grc' dir='ltr'>ΙΙνεύματος</span> <span class='ocrx_word' id='word_1_247' title='bbox 3640 1654 3720 1713; x_wconf 82' lang='grc' dir='ltr'>αἶ’-</span> 
     </span>
    </p>
   </div>
   <div class='ocr_carea' id='block_1_31' title="bbox 2066 1743 3723 1830">
    <p class='ocr_par' dir='ltr' id='par_1_31' title="bbox 2066 1743 3723 1830">
     <span class='ocr_line' id='line_1_31' title="bbox 2066 1743 3723 1830; baseline -0.005 -22"><span class='ocrx_word' id='word_1_248' title='bbox 2066 1774 2205 1825; x_wconf 90' lang='grc' dir='ltr'>τιος,</span> <span class='ocrx_word' id='word_1_249' title='bbox 2238 1754 2328 1809; x_wconf 87' lang='grc' dir='ltr'>καὶ</span> <span class='ocrx_word' id='word_1_250' title='bbox 2360 1754 2459 1809; x_wconf 77' lang='grc' dir='ltr'>οὐκ</span> <span class='ocrx_word' id='word_1_251' title='bbox 2510 1755 2569 1810; x_wconf 81' lang='grc' dir='ltr'>ἃν</span> <span class='ocrx_word' id='word_1_252' title='bbox 2629 1748 2869 1816; x_wconf 78' lang='grc' dir='ltr'>σύσεϐῶς</span> <span class='ocrx_word' id='word_1_253' title='bbox 2926 1752 3070 1830; x_wconf 75' lang='grc' dir='ltr'>εἶχεν</span> <span class='ocrx_word' id='word_1_254' title='bbox 3131 1755 3267 1825; x_wconf 78' lang='grc' dir='ltr'>ἡμῖν</span> <span class='ocrx_word' id='word_1_255' title='bbox 3331 1751 3497 1825; x_wconf 90' lang='grc' dir='ltr'>μόνον</span> <span class='ocrx_word' id='word_1_256' title='bbox 3558 1743 3723 1803; x_wconf 69' lang='grc' dir='ltr'>αἷίτιον</span> 
     </span>
    </p>
   </div>
   <div class='ocr_carea' id='block_1_32' title="bbox 2067 1837 3719 1922">
    <p class='ocr_par' dir='ltr' id='par_1_32' title="bbox 2067 1837 3719 1922">
     <span class='ocr_line' id='line_1_32' title="bbox 2067 1837 3719 1922; baseline -0.001 -23"><span class='ocrx_word' id='word_1_257' title='bbox 2067 1844 2159 1899; x_wconf 91' lang='grc' dir='ltr'>τὸν</span> <span class='ocrx_word' id='word_1_258' title='bbox 2208 1843 2426 1922; x_wconf 90' lang='grc' dir='ltr'>Πατέρα</span> <span class='ocrx_word' id='word_1_259' title='bbox 2472 1841 2738 1915; x_wconf 75' lang='grc' dir='ltr'>δοξάζειν,</span> <span class='ocrx_word' id='word_1_260' title='bbox 2795 1840 2921 1898; x_wconf 73' lang='grc' dir='ltr'>οὐδὲ</span> <span class='ocrx_word' id='word_1_261' title='bbox 2980 1842 3151 1916; x_wconf 90' lang='grc' dir='ltr'>μόνην</span> <span class='ocrx_word' id='word_1_262' title='bbox 3201 1842 3385 1918; x_wconf 81' lang='grc' dir='ltr'>τι-ηγήν</span> <span class='ocrx_word' id='word_1_263' title='bbox 3446 1837 3719 1922; x_wconf 81' lang='grc' dir='ltr'>θεότητος,</span> 
     </span>
    </p>
   </div>
   <div class='ocr_carea' id='block_1_33' title="bbox 302 1920 3723 2035">
    <p class='ocr_par' dir='ltr' id='par_1_33' title="bbox 302 1920 3723 2035">
     <span class='ocr_line' id='line_1_33' title="bbox 302 1920 3723 2035; baseline -0 -56"><span class='ocrx_word' id='word_1_264' title='bbox 302 1929 523 2028; x_wconf 50' lang='grc' dir='ltr'>Πνεῦμα</span> <span class='ocrx_word' id='word_1_265' title='bbox 565 1928 754 2035; x_wconf 52' lang='lat' dir='ltr'>di‘ywv;</span> <span class='ocrx_word' id='word_1_266' title='bbox 806 1931 906 2035; x_wconf 57' lang='grc' dir='ltr'>Ιςαὶ</span> <span class='ocrx_word' id='word_1_267' title='bbox 965 1927 1331 2009; x_wconf 75' lang='grc' dir='ltr'>βεϐάπτισμαί</span> <span class='ocrx_word' id='word_1_268' title='bbox 1379 1956 1464 2010; x_wconf 89' lang='grc' dir='ltr'>γε,</span> <span class='ocrx_word' id='word_1_269' title='bbox 1506 1920 1693 2013; x_wconf 84' lang='grc' dir='ltr'>φησὶν,</span> <span class='ocrx_word' id='word_1_270' title='bbox 1744 1935 1820 1999; x_wconf 85' lang='grc' dir='ltr'>εἰς</span> <span class='ocrx_word' id='word_1_271' title='bbox 1867 1933 1960 1992; x_wconf 72' lang='grc' dir='ltr'>ἕνα</span> <span class='ocrx_word' id='word_1_272' title='bbox 1987 1970 2035 2035; x_wconf 81' lang='grc' dir='ltr'><strong>Β</strong></span> <span class='ocrx_word' id='word_1_273' title='bbox 2071 1930 2197 1988; x_wconf 76' lang='grc' dir='ltr'>οὐδὲ</span> <span class='ocrx_word' id='word_1_274' title='bbox 2226 1920 2425 2011; x_wconf 69' lang='grc' dir='ltr'>ἀρχῆν,</span> <span class='ocrx_word' id='word_1_275' title='bbox 2460 1931 2584 1989; x_wconf 72' lang='grc' dir='ltr'>οὐδὲ</span> <span class='ocrx_word' id='word_1_276' title='bbox 2617 1933 2791 2010; x_wconf 78' lang='grc' dir='ltr'>ῥίζαν,</span> <span class='ocrx_word' id='word_1_277' title='bbox 2823 1930 2949 1988; x_wconf 77' lang='grc' dir='ltr'>οὐδὲ</span> <span class='ocrx_word' id='word_1_278' title='bbox 2982 1930 3183 2035; x_wconf 68' lang='grc' dir='ltr'>ὅσαπερ</span> <span class='ocrx_word' id='word_1_279' title='bbox 3235 1931 3310 1993; x_wconf 85' lang='grc' dir='ltr'>ὡς</span> <span class='ocrx_word' id='word_1_280' title='bbox 3361 1928 3521 2035; x_wconf 66' lang='grc' dir='ltr'>αἰτίῳ</span> <span class='ocrx_word' id='word_1_281' title='bbox 3576 1920 3723 2035; x_wconf 49' lang='grc' dir='ltr'>μόνω</span> 
     </span>
    </p>
   </div>
   <div class='ocr_carea' id='block_1_34' title="bbox 300 2012 3726 2103">
    <p class='ocr_par' dir='ltr' id='par_1_34' title="bbox 300 2012 3726 2103">
     <span class='ocr_line' id='line_1_34' title="bbox 300 2012 3726 2103; baseline 0 -36"><span class='ocrx_word' id='word_1_282' title='bbox 300 2017 469 2069; x_wconf 90' lang='grc' dir='ltr'>ταῦτα</span> <span class='ocrx_word' id='word_1_283' title='bbox 515 2018 665 2091; x_wconf 87' lang='grc' dir='ltr'>Θεὸν,</span> <span class='ocrx_word' id='word_1_284' title='bbox 698 2019 777 2081; x_wconf 81' lang='grc' dir='ltr'>εἰς</span> <span class='ocrx_word' id='word_1_285' title='bbox 823 2016 917 2075; x_wconf 73' lang='grc' dir='ltr'>ἕνα</span> <span class='ocrx_word' id='word_1_286' title='bbox 961 2026 1129 2077; x_wconf 88' lang='grc' dir='ltr'>ταῦτα</span> <span class='ocrx_word' id='word_1_287' title='bbox 1173 2024 1264 2078; x_wconf 87' lang='grc' dir='ltr'>καὶ</span> <span class='ocrx_word' id='word_1_288' title='bbox 1325 2012 1617 2096; x_wconf 46' lang='grc' dir='ltr'>μόνον.ού</span> <span class='ocrx_word' id='word_1_289' title='bbox 1656 2024 1758 2101; x_wconf 85' lang='grc' dir='ltr'>γάρ</span> <span class='ocrx_word' id='word_1_290' title='bbox 1810 2046 1955 2103; x_wconf 86' lang='grc' dir='ltr'>φημι</span> <span class='ocrx_word' id='word_1_291' title='bbox 1987 2012 2035 2035; x_wconf 69' lang='grc' dir='ltr'><strong><em>υ</em></strong></span> <span class='ocrx_word' id='word_1_292' title='bbox 2064 2022 2349 2099; x_wconf 88' lang='grc' dir='ltr'>πρόσεστιν</span> <span class='ocrx_word' id='word_1_293' title='bbox 2379 2022 2544 2095; x_wconf 80' lang='grc' dir='ltr'>αὐτῷ.</span> <span class='ocrx_word' id='word_1_294' title='bbox 2580 2022 2759 2078; x_wconf 84' lang='grc' dir='ltr'>’Δλλά</span> <span class='ocrx_word' id='word_1_295' title='bbox 2813 2022 2920 2096; x_wconf 74' lang='grc' dir='ltr'>μὴν</span> <span class='ocrx_word' id='word_1_296' title='bbox 2970 2020 3070 2076; x_wconf 85' lang='grc' dir='ltr'>ούκ</span> <span class='ocrx_word' id='word_1_297' title='bbox 3108 2017 3247 2075; x_wconf 78' lang='grc' dir='ltr'>ἔστιν</span> <span class='ocrx_word' id='word_1_298' title='bbox 3303 2019 3354 2093; x_wconf 77' lang='grc' dir='ltr'><strong>ἐξ</strong></span> <span class='ocrx_word' id='word_1_299' title='bbox 3414 2018 3597 2073; x_wconf 82' lang='grc' dir='ltr'>αὐτοῦ.</span> <span class='ocrx_word' id='word_1_300' title='bbox 3632 2012 3726 2069; x_wconf 80' lang='grc' dir='ltr'>Διὰ</span> 
     </span>
    </p>
   </div>
   <div class='ocr_carea' id='block_1_35' title="bbox 301 2105 1953 2188">
    <p class='ocr_par' dir='ltr' id='par_1_35' title="bbox 301 2105 1953 2188">
     <span class='ocr_line' id='line_1_35' title="bbox 301 2105 1953 2188; baseline 0.007 -31"><span class='ocrx_word' id='word_1_301' title='bbox 301 2105 448 2178; x_wconf 86' lang='grc' dir='ltr'>παρά</span> <span class='ocrx_word' id='word_1_302' title='bbox 499 2106 600 2175; x_wconf 83' lang='grc' dir='ltr'>τήν</span> <span class='ocrx_word' id='word_1_303' title='bbox 662 2108 926 2186; x_wconf 81' lang='grc' dir='ltr'>μακαρίαν</span> <span class='ocrx_word' id='word_1_304' title='bbox 985 2110 1185 2182; x_wconf 87' lang='grc' dir='ltr'>ταύτην</span> <span class='ocrx_word' id='word_1_305' title='bbox 1229 2110 1433 2188; x_wconf 81' lang='grc' dir='ltr'>Τριάδα</span> <span class='ocrx_word' id='word_1_306' title='bbox 1480 2115 1608 2169; x_wconf 85' lang='grc' dir='ltr'>Θεὸν</span> <span class='ocrx_word' id='word_1_307' title='bbox 1664 2112 1836 2170; x_wconf 81' lang='grc' dir='ltr'>ἄλλον</span> <span class='ocrx_word' id='word_1_308' title='bbox 1878 2115 1953 2169; x_wconf 88' lang='grc' dir='ltr'>εἰ-</span> 
     </span>
    </p>
   </div>
   <div class='ocr_carea' id='block_1_36' title="bbox 306 2188 1957 2279">
    <p class='ocr_par' dir='ltr' id='par_1_36' title="bbox 306 2188 1957 2279">
     <span class='ocr_line' id='line_1_36' title="bbox 306 2188 1957 2279; baseline 0.008 -33"><span class='ocrx_word' id='word_1_309' title='bbox 306 2188 473 2249; x_wconf 88' lang='grc' dir='ltr'>δέναι.</span> <span class='ocrx_word' id='word_1_310' title='bbox 527 2196 675 2250; x_wconf 85' lang='grc' dir='ltr'>Ἐπεὶ</span> <span class='ocrx_word' id='word_1_311' title='bbox 737 2194 794 2252; x_wconf 70' lang='grc' dir='ltr'>δὲ</span> <span class='ocrx_word' id='word_1_312' title='bbox 849 2196 1001 2261; x_wconf 74' lang='grc' dir='ltr'>οἶδας</span> <span class='ocrx_word' id='word_1_313' title='bbox 1056 2200 1146 2255; x_wconf 84' lang='grc' dir='ltr'>καὶ</span> <span class='ocrx_word' id='word_1_314' title='bbox 1201 2200 1386 2264; x_wconf 89' lang='grc' dir='ltr'>καλῶς</span> <span class='ocrx_word' id='word_1_315' title='bbox 1442 2225 1503 2279; x_wconf 88' lang='grc' dir='ltr'>γε</span> <span class='ocrx_word' id='word_1_316' title='bbox 1562 2203 1760 2276; x_wconf 73' lang='grc' dir='ltr'>οὕτως,</span> <span class='ocrx_word' id='word_1_317' title='bbox 1806 2203 1957 2267; x_wconf 74' lang='grc' dir='ltr'>ὅπως</span> 
     </span>
    </p>
   </div>
   <div class='ocr_carea' id='block_1_37' title="bbox 302 2280 1959 2368">
    <p class='ocr_par' dir='ltr' id='par_1_37' title="bbox 302 2280 1959 2368">
     <span class='ocr_line' id='line_1_37' title="bbox 302 2280 1959 2368; baseline 0.009 -34"><span class='ocrx_word' id='word_1_318' title='bbox 302 2280 399 2335; x_wconf 84' lang='grc' dir='ltr'>κάν</span> <span class='ocrx_word' id='word_1_319' title='bbox 446 2288 565 2346; x_wconf 87' lang='grc' dir='ltr'>τοῖς</span> <span class='ocrx_word' id='word_1_320' title='bbox 615 2285 738 2356; x_wconf 72' lang='grc' dir='ltr'>ἑξῆς</span> <span class='ocrx_word' id='word_1_321' title='bbox 769 2287 905 2363; x_wconf 91' lang='grc' dir='ltr'>πρὸς</span> <span class='ocrx_word' id='word_1_322' title='bbox 958 2286 1117 2365; x_wconf 91' lang='grc' dir='ltr'>λόγον</span> <span class='ocrx_word' id='word_1_323' title='bbox 1169 2288 1457 2366; x_wconf 79' lang='grc' dir='ltr'>ἀποκρινῇ.</span> <span class='ocrx_word' id='word_1_324' title='bbox 1495 2294 1690 2368; x_wconf 86' lang='grc' dir='ltr'>Λέγοις</span> <span class='ocrx_word' id='word_1_325' title='bbox 1738 2292 1797 2347; x_wconf 83' lang='grc' dir='ltr'>ἃν</span> <span class='ocrx_word' id='word_1_326' title='bbox 1852 2292 1959 2367; x_wconf 88' lang='grc' dir='ltr'>μό-</span> 
     </span>
    </p>
   </div>
   <div class='ocr_carea' id='block_1_38' title="bbox 302 2372 1955 2457">
    <p class='ocr_par' dir='ltr' id='par_1_38' title="bbox 302 2372 1955 2457">
     <span class='ocr_line' id='line_1_38' title="bbox 302 2372 1955 2457; baseline 0.008 -34"><span class='ocrx_word' id='word_1_327' title='bbox 302 2389 413 2441; x_wconf 88' lang='grc' dir='ltr'>νον,</span> <span class='ocrx_word' id='word_1_328' title='bbox 463 2372 647 2449; x_wconf 89' lang='grc' dir='ltr'>φησὶν,</span> <span class='ocrx_word' id='word_1_329' title='bbox 698 2375 959 2452; x_wconf 86' lang='grc' dir='ltr'>ἄναρχον,</span> <span class='ocrx_word' id='word_1_330' title='bbox 1004 2376 1242 2434; x_wconf 85' lang='grc' dir='ltr'>ἀναίτιόν</span> <span class='ocrx_word' id='word_1_331' title='bbox 1286 2400 1346 2435; x_wconf 91' lang='grc' dir='ltr'>τε</span> <span class='ocrx_word' id='word_1_332' title='bbox 1394 2381 1485 2436; x_wconf 87' lang='grc' dir='ltr'>καὶ</span> <span class='ocrx_word' id='word_1_333' title='bbox 1528 2380 1821 2457; x_wconf 76' lang='grc' dir='ltr'>ἀγέννητον</span> <span class='ocrx_word' id='word_1_334' title='bbox 1865 2383 1955 2437; x_wconf 92' lang='grc' dir='ltr'>τὸν</span> 
     </span>
    </p>
   </div>
   <div class='ocr_carea' id='block_1_39' title="bbox 305 2457 1957 2549">
    <p class='ocr_par' dir='ltr' id='par_1_39' title="bbox 305 2457 1957 2549">
     <span class='ocr_line' id='line_1_39' title="bbox 305 2457 1957 2549; baseline 0.008 -37"><span class='ocrx_word' id='word_1_335' title='bbox 305 2457 804 2549; x_wconf 17' lang='grc' dir='ltr'>Θεὸν-καὶῨΠατέρα</span> <span class='ocrx_word' id='word_1_336' title='bbox 849 2465 1165 2543; x_wconf 85' lang='grc' dir='ltr'>ὁμολογεῖς.</span> <span class='ocrx_word' id='word_1_337' title='bbox 1199 2469 1267 2523; x_wconf 89' lang='grc' dir='ltr'><strong><em>Ἦ</em></strong></span> <span class='ocrx_word' id='word_1_338' title='bbox 1312 2473 1429 2532; x_wconf 90' lang='grc' dir='ltr'>πῶς</span> <span class='ocrx_word' id='word_1_339' title='bbox 1481 2469 1763 2547; x_wconf 78' lang='grc' dir='ltr'>ὁμολογῶ,</span> <span class='ocrx_word' id='word_1_340' title='bbox 1795 2469 1957 2549; x_wconf 87' lang='grc' dir='ltr'>φησίς</span> 
     </span>
    </p>
   </div>
   <div class='ocr_carea' id='block_1_40' title="bbox 303 2546 1960 2635">
    <p class='ocr_par' dir='ltr' id='par_1_40' title="bbox 303 2546 1960 2635">
     <span class='ocr_line' id='line_1_40' title="bbox 303 2546 1960 2635; baseline 0.008 -33"><span class='ocrx_word' id='word_1_341' title='bbox 303 2546 403 2603; x_wconf 73' lang='grc' dir='ltr'>Τὸν</span> <span class='ocrx_word' id='word_1_342' title='bbox 451 2546 508 2604; x_wconf 78' lang='grc' dir='ltr'>δὲ</span> <span class='ocrx_word' id='word_1_343' title='bbox 556 2548 624 2620; x_wconf 83' lang='grc' dir='ltr'>δὴ</span> <span class='ocrx_word' id='word_1_344' title='bbox 676 2554 817 2626; x_wconf 74' lang='grc' dir='ltr'>Υἱὸν,</span> <span class='ocrx_word' id='word_1_345' title='bbox 848 2554 912 2610; x_wconf 88' lang='grc' dir='ltr'>τό</span> <span class='ocrx_word' id='word_1_346' title='bbox 954 2576 1013 2611; x_wconf 91' lang='grc' dir='ltr'>τε</span> <span class='ocrx_word' id='word_1_347' title='bbox 1061 2561 1283 2631; x_wconf 89' lang='grc' dir='ltr'>Πνεῦμα</span> <span class='ocrx_word' id='word_1_348' title='bbox 1325 2558 1390 2613; x_wconf 92' lang='grc' dir='ltr'>τὸ</span> <span class='ocrx_word' id='word_1_349' title='bbox 1446 2559 1623 2635; x_wconf 78' lang='grc' dir='ltr'>ἅγιον,</span> <span class='ocrx_word' id='word_1_350' title='bbox 1658 2546 1758 2615; x_wconf 81' lang='grc' dir='ltr'>οὐκ</span> <span class='ocrx_word' id='word_1_351' title='bbox 1803 2546 1960 2615; x_wconf 83' lang='grc' dir='ltr'>ἀναί-</span> 
     </span>
    </p>
   </div>
   <div class='ocr_carea' id='block_1_41' title="bbox 301 2638 1955 2724">
    <p class='ocr_par' dir='ltr' id='par_1_41' title="bbox 301 2638 1955 2724">
     <span class='ocr_line' id='line_1_41' title="bbox 301 2638 1955 2724; baseline 0.009 -33"><span class='ocrx_word' id='word_1_352' title='bbox 301 2658 412 2697; x_wconf 92' lang='grc' dir='ltr'>τια.</span> <span class='ocrx_word' id='word_1_353' title='bbox 449 2638 567 2713; x_wconf 75' lang='grc' dir='ltr'>Φῂς</span> <span class='ocrx_word' id='word_1_354' title='bbox 616 2638 708 2695; x_wconf 77' lang='grc' dir='ltr'>οὖν</span> <span class='ocrx_word' id='word_1_355' title='bbox 760 2639 819 2697; x_wconf 80' lang='grc' dir='ltr'>ἔκ</span> <span class='ocrx_word' id='word_1_356' title='bbox 855 2664 1006 2707; x_wconf 88' lang='grc' dir='ltr'>τινος</span> <span class='ocrx_word' id='word_1_357' title='bbox 1055 2645 1228 2716; x_wconf 77' lang='grc' dir='ltr'>εἷναι;</span> <span class='ocrx_word' id='word_1_358' title='bbox 1284 2648 1405 2721; x_wconf 79' lang='grc' dir='ltr'>Ναὶ,</span> <span class='ocrx_word' id='word_1_359' title='bbox 1453 2648 1514 2704; x_wconf 81' lang='grc' dir='ltr'>ἐκ</span> <span class='ocrx_word' id='word_1_360' title='bbox 1568 2653 1665 2705; x_wconf 89' lang='grc' dir='ltr'>τοῦ</span> <span class='ocrx_word' id='word_1_361' title='bbox 1722 2648 1955 2724; x_wconf 84' lang='grc' dir='ltr'>Πατρός.</span> 
     </span>
    </p>
   </div>
   <div class='ocr_carea' id='block_1_42' title="bbox 305 2726 1959 2814">
    <p class='ocr_par' dir='ltr' id='par_1_42' title="bbox 305 2726 1959 2814">
     <span class='ocr_line' id='line_1_42' title="bbox 305 2726 1959 2814; baseline 0.006 -30"><span class='ocrx_word' id='word_1_362' title='bbox 305 2726 487 2789; x_wconf 73' lang='grc' dir='ltr'>Μόνος</span> <span class='ocrx_word' id='word_1_363' title='bbox 535 2726 636 2805; x_wconf 80' lang='grc' dir='ltr'>ἄρα</span> <span class='ocrx_word' id='word_1_364' title='bbox 680 2731 886 2788; x_wconf 89' lang='grc' dir='ltr'>τούτων</span> <span class='ocrx_word' id='word_1_365' title='bbox 934 2730 1127 2808; x_wconf 66' lang='grc' dir='ltr'>αἷίτιον,</span> <span class='ocrx_word' id='word_1_366' title='bbox 1161 2735 1251 2791; x_wconf 82' lang='grc' dir='ltr'>καὶ</span> <span class='ocrx_word' id='word_1_367' title='bbox 1296 2736 1467 2812; x_wconf 82' lang='grc' dir='ltr'>ἀρχὴ,</span> <span class='ocrx_word' id='word_1_368' title='bbox 1498 2737 1588 2793; x_wconf 84' lang='grc' dir='ltr'>καὶ</span> <span class='ocrx_word' id='word_1_369' title='bbox 1639 2737 1760 2814; x_wconf 76' lang='grc' dir='ltr'>ῥίζα</span> <span class='ocrx_word' id='word_1_370' title='bbox 1789 2739 1817 2793; x_wconf 92' lang='lat'>6</span> <span class='ocrx_word' id='word_1_371' title='bbox 1850 2744 1959 2793; x_wconf 85' lang='grc' dir='ltr'>Πα-</span> 
     </span>
    </p>
   </div>
   <div class='ocr_carea' id='block_1_43' title="bbox 302 2817 1958 2901">
    <p class='ocr_par' dir='ltr' id='par_1_43' title="bbox 302 2817 1958 2901">
     <span class='ocr_line' id='line_1_43' title="bbox 302 2817 1958 2901; baseline 0.007 -31"><span class='ocrx_word' id='word_1_372' title='bbox 302 2817 448 2892; x_wconf 77' lang='grc' dir='ltr'>τήρ;</span> <span class='ocrx_word' id='word_1_373' title='bbox 481 2817 592 2873; x_wconf 83' lang='grc' dir='ltr'>Ούκ</span> <span class='ocrx_word' id='word_1_374' title='bbox 643 2817 838 2895; x_wconf 79' lang='grc' dir='ltr'>ἄλλος,</span> <span class='ocrx_word' id='word_1_375' title='bbox 871 2819 999 2877; x_wconf 83' lang='grc' dir='ltr'>ἀλλ’</span> <span class='ocrx_word' id='word_1_376' title='bbox 1034 2824 1062 2878; x_wconf 92' lang='lat'>6</span> <span class='ocrx_word' id='word_1_377' title='bbox 1102 2826 1314 2901; x_wconf 80' lang='grc' dir='ltr'>Πατήρ.</span> <span class='ocrx_word' id='word_1_378' title='bbox 1363 2825 1601 2901; x_wconf 87' lang='grc' dir='ltr'>Πότερον</span> <span class='ocrx_word' id='word_1_379' title='bbox 1652 2827 1729 2889; x_wconf 86' lang='grc' dir='ltr'>ὡς</span> <span class='ocrx_word' id='word_1_380' title='bbox 1768 2829 1803 2897; x_wconf 76' lang='grc' dir='ltr'>ἡ</span> <span class='ocrx_word' id='word_1_381' title='bbox 1843 2827 1958 2883; x_wconf 90' lang='grc' dir='ltr'>κτί-</span> 
     </span>
    </p>
   </div>
   <div class='ocr_carea' id='block_1_44' title="bbox 305 2906 1960 2987">
    <p class='ocr_par' dir='ltr' id='par_1_44' title="bbox 305 2906 1960 2987">
     <span class='ocr_line' id='line_1_44' title="bbox 305 2906 1960 2987; baseline 0.009 -29"><span class='ocrx_word' id='word_1_382' title='bbox 305 2925 426 2975; x_wconf 89' lang='grc' dir='ltr'>σις;</span> <span class='ocrx_word' id='word_1_383' title='bbox 474 2906 592 2984; x_wconf 77' lang='grc' dir='ltr'>Οὐχ</span> <span class='ocrx_word' id='word_1_384' title='bbox 649 2909 723 2972; x_wconf 86' lang='grc' dir='ltr'>ὡς</span> <span class='ocrx_word' id='word_1_385' title='bbox 773 2913 808 2980; x_wconf 82' lang='grc' dir='ltr'><strong>ἡ</strong></span> <span class='ocrx_word' id='word_1_386' title='bbox 853 2910 1049 2974; x_wconf 84' lang='grc' dir='ltr'>κτίσις.</span> <span class='ocrx_word' id='word_1_387' title='bbox 1084 2918 1212 2976; x_wconf 90' lang='grc' dir='ltr'>Πῶς</span> <span class='ocrx_word' id='word_1_388' title='bbox 1257 2912 1373 2987; x_wconf 80' lang='grc' dir='ltr'>οῦν,</span> <span class='ocrx_word' id='word_1_389' title='bbox 1414 2921 1571 2986; x_wconf 90' lang='grc' dir='ltr'>πῶς;</span> <span class='ocrx_word' id='word_1_390' title='bbox 1620 2918 1710 2980; x_wconf 74' lang='grc' dir='ltr'>Ὠς</span> <span class='ocrx_word' id='word_1_391' title='bbox 1755 2916 1815 2972; x_wconf 84' lang='grc' dir='ltr'>έκ</span> <span class='ocrx_word' id='word_1_392' title='bbox 1858 2923 1960 2987; x_wconf 85' lang='grc' dir='ltr'>τῆς</span> 
     </span>
    </p>
   </div>
   <div class='ocr_carea' id='block_1_45' title="bbox 307 2991 1962 3080">
    <p class='ocr_par' dir='ltr' id='par_1_45' title="bbox 307 2991 1962 3080">
     <span class='ocr_line' id='line_1_45' title="bbox 307 2991 1962 3080; baseline 0.008 -33"><span class='ocrx_word' id='word_1_393' title='bbox 307 2992 488 3057; x_wconf 78' lang='grc' dir='ltr'>οὐσίας</span> <span class='ocrx_word' id='word_1_394' title='bbox 536 2991 666 3051; x_wconf 77' lang='grc' dir='ltr'>ὄντα</span> <span class='ocrx_word' id='word_1_395' title='bbox 704 2997 889 3072; x_wconf 80' lang='grc' dir='ltr'>αὐτοῦ,</span> <span class='ocrx_word' id='word_1_396' title='bbox 920 3002 1012 3056; x_wconf 85' lang='grc' dir='ltr'>καὶ</span> <span class='ocrx_word' id='word_1_397' title='bbox 1058 3001 1270 3080; x_wconf 89' lang='grc' dir='ltr'>φύσεως</span> <span class='ocrx_word' id='word_1_398' title='bbox 1317 3001 1406 3059; x_wconf 82' lang='grc' dir='ltr'>διὰ</span> <span class='ocrx_word' id='word_1_399' title='bbox 1452 3009 1621 3060; x_wconf 88' lang='grc' dir='ltr'>ταῦτα</span> <span class='ocrx_word' id='word_1_400' title='bbox 1663 3012 1765 3076; x_wconf 79' lang='grc' dir='ltr'>τῆς</span> <span class='ocrx_word' id='word_1_401' title='bbox 1794 3006 1962 3076; x_wconf 81' lang='grc' dir='ltr'>αὐτῆς</span> 
     </span>
    </p>
   </div>
   <div class='ocr_carea' id='block_1_46' title="bbox 309 3080 1961 3172">
    <p class='ocr_par' dir='ltr' id='par_1_46' title="bbox 309 3080 1961 3172">
     <span class='ocr_line' id='line_1_46' title="bbox 309 3080 1961 3172; baseline 0.009 -36"><span class='ocrx_word' id='word_1_402' title='bbox 309 3080 476 3155; x_wconf 81' lang='grc' dir='ltr'>αύτῷ.</span> <span class='ocrx_word' id='word_1_403' title='bbox 509 3084 608 3140; x_wconf 83' lang='grc' dir='ltr'>Καὶ</span> <span class='ocrx_word' id='word_1_404' title='bbox 638 3084 887 3142; x_wconf 75' lang='grc' dir='ltr'>συναίδιά</span> <span class='ocrx_word' id='word_1_405' title='bbox 931 3110 997 3165; x_wconf 89' lang='grc' dir='ltr'>γε</span> <span class='ocrx_word' id='word_1_406' title='bbox 1033 3095 1201 3146; x_wconf 89' lang='grc' dir='ltr'>ταῦτα</span> <span class='ocrx_word' id='word_1_407' title='bbox 1249 3091 1356 3170; x_wconf 68' lang='grc' dir='ltr'>φῂς</span> <span class='ocrx_word' id='word_1_408' title='bbox 1403 3098 1484 3165; x_wconf 83' lang='grc' dir='ltr'>τῷ</span> <span class='ocrx_word' id='word_1_409' title='bbox 1531 3094 1724 3171; x_wconf 82' lang='grc' dir='ltr'>Πατρὶ,</span> <span class='ocrx_word' id='word_1_410' title='bbox 1757 3096 1793 3165; x_wconf 74' lang='grc' dir='ltr'>ἢ</span> <span class='ocrx_word' id='word_1_411' title='bbox 1825 3094 1961 3172; x_wconf 89' lang='grc' dir='ltr'>πρό-</span> 
     </span>
    </p>
   </div>
   <div class='ocr_carea' id='block_1_47' title="bbox 307 3174 1960 3261">
    <p class='ocr_par' dir='ltr' id='par_1_47' title="bbox 307 3174 1960 3261">
     <span class='ocr_line' id='line_1_47' title="bbox 307 3174 1960 3261; baseline 0.009 -36"><span class='ocrx_word' id='word_1_412' title='bbox 307 3191 461 3261; x_wconf 81' lang='grc' dir='ltr'>τερον</span> <span class='ocrx_word' id='word_1_413' title='bbox 539 3175 655 3229; x_wconf 89' lang='grc' dir='ltr'>καθ’</span> <span class='ocrx_word' id='word_1_414' title='bbox 714 3174 937 3255; x_wconf 79' lang='grc' dir='ltr'>ὕπαρξιν</span> <span class='ocrx_word' id='word_1_415' title='bbox 994 3180 1085 3235; x_wconf 88' lang='grc' dir='ltr'>τὸν</span> <span class='ocrx_word' id='word_1_416' title='bbox 1143 3180 1392 3256; x_wconf 86' lang='grc' dir='ltr'>Πατέρα;</span> <span class='ocrx_word' id='word_1_417' title='bbox 1452 3181 1712 3239; x_wconf 80' lang='grc' dir='ltr'>Σοναΐδια</span> <span class='ocrx_word' id='word_1_418' title='bbox 1767 3182 1960 3261; x_wconf 79' lang='grc' dir='ltr'>ἔγωγε.</span> 
     </span>
    </p>
   </div>
   <div class='ocr_carea' id='block_1_48' title="bbox 2061 2104 3724 2186">
    <p class='ocr_par' dir='ltr' id='par_1_48' title="bbox 2061 2104 3724 2186">
     <span class='ocr_line' id='line_1_48' title="bbox 2061 2104 3724 2186; baseline -0.006 -20"><span class='ocrx_word' id='word_1_419' title='bbox 2061 2116 2229 2167; x_wconf 91' lang='grc' dir='ltr'>ταῦτα</span> <span class='ocrx_word' id='word_1_420' title='bbox 2259 2110 2385 2168; x_wconf 68' lang='grc' dir='ltr'>οὐδὲ</span> <span class='ocrx_word' id='word_1_421' title='bbox 2429 2109 2499 2167; x_wconf 91' lang='grc' dir='ltr'>δι’</span> <span class='ocrx_word' id='word_1_422' title='bbox 2532 2112 2697 2167; x_wconf 79' lang='grc' dir='ltr'>αὐτοῦ</span> <span class='ocrx_word' id='word_1_423' title='bbox 2748 2108 2870 2186; x_wconf 79' lang='grc' dir='ltr'>ἄρα.</span> <span class='ocrx_word' id='word_1_424' title='bbox 2900 2110 2999 2165; x_wconf 86' lang='grc' dir='ltr'>Καὶ</span> <span class='ocrx_word' id='word_1_425' title='bbox 3050 2107 3194 2165; x_wconf 82' lang='grc' dir='ltr'>ἔοικέ</span> <span class='ocrx_word' id='word_1_426' title='bbox 3249 2130 3310 2186; x_wconf 90' lang='grc' dir='ltr'>γε</span> <span class='ocrx_word' id='word_1_427' title='bbox 3357 2109 3487 2182; x_wconf 80' lang='grc' dir='ltr'>μήτ’</span> <span class='ocrx_word' id='word_1_428' title='bbox 3537 2104 3596 2161; x_wconf 87' lang='grc' dir='ltr'>έκ</span> <span class='ocrx_word' id='word_1_429' title='bbox 3632 2106 3724 2158; x_wconf 88' lang='grc' dir='ltr'>τοῦ</span> 
     </span>
    </p>
   </div>
   <div class='ocr_carea' id='block_1_49' title="bbox 2064 2192 3725 2278">
    <p class='ocr_par' dir='ltr' id='par_1_49' title="bbox 2064 2192 3725 2278">
     <span class='ocr_line' id='line_1_49' title="bbox 2064 2192 3725 2278; baseline -0.007 -21"><span class='ocrx_word' id='word_1_430' title='bbox 2064 2203 2191 2260; x_wconf 74' lang='grc' dir='ltr'>Υἱοῦ</span> <span class='ocrx_word' id='word_1_431' title='bbox 2248 2207 2326 2274; x_wconf 78' lang='grc' dir='ltr'>τῷ</span> <span class='ocrx_word' id='word_1_432' title='bbox 2382 2199 2756 2278; x_wconf 75' lang='grc' dir='ltr'>Παρακλήτῳ,</span> <span class='ocrx_word' id='word_1_433' title='bbox 2817 2203 2957 2275; x_wconf 78' lang='grc' dir='ltr'>μήτε</span> <span class='ocrx_word' id='word_1_434' title='bbox 3016 2196 3257 2254; x_wconf 61' lang='grc' dir='ltr'>διὰίτοῦ</span> <span class='ocrx_word' id='word_1_435' title='bbox 3319 2198 3450 2257; x_wconf 81' lang='grc' dir='ltr'>Υἱοῦ</span> <span class='ocrx_word' id='word_1_436' title='bbox 3508 2192 3725 2265; x_wconf 72' lang='grc' dir='ltr'>ὕπαρξτς</span> 
     </span>
    </p>
   </div>
   <div class='ocr_carea' id='block_1_50' title="bbox 2067 2282 3727 2366">
    <p class='ocr_par' dir='ltr' id='par_1_50' title="bbox 2067 2282 3727 2366">
     <span class='ocr_line' id='line_1_50' title="bbox 2067 2282 3727 2366; baseline -0.007 -19"><span class='ocrx_word' id='word_1_437' title='bbox 2067 2291 2223 2348; x_wconf 80' lang='grc' dir='ltr'>εἶναι.</span> <span class='ocrx_word' id='word_1_438' title='bbox 2284 2286 2456 2347; x_wconf 82' lang='grc' dir='ltr'>ἔοικεν</span> <span class='ocrx_word' id='word_1_439' title='bbox 2510 2289 2571 2345; x_wconf 74' lang='grc' dir='ltr'>ἐκ</span> <span class='ocrx_word' id='word_1_440' title='bbox 2610 2295 2708 2345; x_wconf 87' lang='grc' dir='ltr'>τοῦ</span> <span class='ocrx_word' id='word_1_441' title='bbox 2756 2288 2945 2366; x_wconf 86' lang='grc' dir='ltr'>λόγου.</span> <span class='ocrx_word' id='word_1_442' title='bbox 2979 2286 3138 2345; x_wconf 85' lang='grc' dir='ltr'>Ἀλλ’</span> <span class='ocrx_word' id='word_1_443' title='bbox 3198 2283 3351 2363; x_wconf 78' lang='grc' dir='ltr'>εἷ’περ</span> <span class='ocrx_word' id='word_1_444' title='bbox 3412 2282 3727 2360; x_wconf 83' lang='grc' dir='ltr'>μηδέτερον,</span> 
     </span>
    </p>
   </div>
   <div class='ocr_carea' id='block_1_51' title="bbox 2067 2371 3725 2455">
    <p class='ocr_par' dir='ltr' id='par_1_51' title="bbox 2067 2371 3725 2455">
     <span class='ocr_line' id='line_1_51' title="bbox 2067 2371 3725 2455; baseline -0.006 -19"><span class='ocrx_word' id='word_1_445' title='bbox 2067 2383 2141 2445; x_wconf 88' lang='grc' dir='ltr'>ὡς</span> <span class='ocrx_word' id='word_1_446' title='bbox 2174 2380 2232 2436; x_wconf 81' lang='grc' dir='ltr'>ἃν</span> <span class='ocrx_word' id='word_1_447' title='bbox 2272 2377 2412 2455; x_wconf 76' lang='grc' dir='ltr'>μηδὲ</span> <span class='ocrx_word' id='word_1_448' title='bbox 2438 2381 2506 2435; x_wconf 75' lang='grc' dir='ltr'>τὰ</span> <span class='ocrx_word' id='word_1_449' title='bbox 2535 2380 2859 2436; x_wconf 76' lang='grc' dir='ltr'>ἀτοπώτατα</span> <span class='ocrx_word' id='word_1_450' title='bbox 2906 2375 3120 2453; x_wconf 72' lang='grc' dir='ltr'>ἕψεται,</span> <span class='ocrx_word' id='word_1_451' title='bbox 3151 2382 3270 2440; x_wconf 91' lang='grc' dir='ltr'>πῶς</span> <span class='ocrx_word' id='word_1_452' title='bbox 3320 2374 3463 2446; x_wconf 81' lang='grc' dir='ltr'>δῆτά</span> <span class='ocrx_word' id='word_1_453' title='bbox 3509 2394 3591 2435; x_wconf 90' lang='grc' dir='ltr'>τις</span> <span class='ocrx_word' id='word_1_454' title='bbox 3631 2371 3725 2440; x_wconf 72' lang='grc' dir='ltr'>τὴν</span> 
     </span>
    </p>
   </div>
   <div class='ocr_carea' id='block_1_52' title="bbox 2069 2465 3731 2544">
    <p class='ocr_par' dir='ltr' id='par_1_52' title="bbox 2069 2465 3731 2544">
     <span class='ocr_line' id='line_1_52' title="bbox 2069 2465 3731 2544; baseline -0.005 -20"><span class='ocrx_word' id='word_1_455' title='bbox 2069 2466 2158 2524; x_wconf 82' lang='grc' dir='ltr'>διὰ</span> <span class='ocrx_word' id='word_1_456' title='bbox 2210 2474 2308 2524; x_wconf 87' lang='grc' dir='ltr'>τοῦ</span> <span class='ocrx_word' id='word_1_457' title='bbox 2367 2471 2491 2525; x_wconf 75' lang='grc' dir='ltr'>Γὶοῦ</span> <span class='ocrx_word' id='word_1_458' title='bbox 2542 2469 2601 2524; x_wconf 80' lang='grc' dir='ltr'>ἐκ</span> <span class='ocrx_word' id='word_1_459' title='bbox 2657 2469 2881 2544; x_wconf 86' lang='grc' dir='ltr'>Ιῐατρὸς</span> <span class='ocrx_word' id='word_1_460' title='bbox 2941 2466 3325 2543; x_wconf 75' lang='grc' dir='ltr'>ἐκπορεύεσθαι</span> <span class='ocrx_word' id='word_1_461' title='bbox 3380 2467 3452 2521; x_wconf 91' lang='grc' dir='ltr'>τὸ</span> <span class='ocrx_word' id='word_1_462' title='bbox 3512 2465 3731 2533; x_wconf 84' lang='grc' dir='ltr'>Πνεῦμα</span> 
     </span>
    </p>
   </div>
   <div class='ocr_carea' id='block_1_53' title="bbox 2068 2548 3732 2638">
    <p class='ocr_par' dir='ltr' id='par_1_53' title="bbox 2068 2548 3732 2638">
     <span class='ocr_line' id='line_1_53' title="bbox 2068 2548 3732 2638; baseline -0.007 -24"><span class='ocrx_word' id='word_1_463' title='bbox 2068 2560 2254 2638; x_wconf 77' lang='grc' dir='ltr'>φωνὴν</span> <span class='ocrx_word' id='word_1_464' title='bbox 2315 2560 2391 2633; x_wconf 83' lang='grc' dir='ltr'>μή</span> <span class='ocrx_word' id='word_1_465' title='bbox 2447 2560 2546 2628; x_wconf 76' lang='grc' dir='ltr'>τήν</span> <span class='ocrx_word' id='word_1_466' title='bbox 2608 2557 2683 2621; x_wconf 93' lang='grc' dir='ltr'>εἰς</span> <span class='ocrx_word' id='word_1_467' title='bbox 2740 2558 2803 2613; x_wconf 90' lang='grc' dir='ltr'>τὸ</span> <span class='ocrx_word' id='word_1_468' title='bbox 2861 2557 2993 2612; x_wconf 77' lang='grc' dir='ltr'>εἶναι</span> <span class='ocrx_word' id='word_1_469' title='bbox 3032 2554 3101 2611; x_wconf 87' lang='grc' dir='ltr'>δι’</span> <span class='ocrx_word' id='word_1_470' title='bbox 3136 2557 3262 2611; x_wconf 82' lang='grc' dir='ltr'>Υἱοῦ</span> <span class='ocrx_word' id='word_1_471' title='bbox 3301 2554 3507 2633; x_wconf 80' lang='grc' dir='ltr'>φάσκον</span> <span class='ocrx_word' id='word_1_472' title='bbox 3540 2548 3732 2624; x_wconf 84' lang='grc' dir='ltr'>σημαί-</span> 
     </span>
    </p>
   </div>
   <div class='ocr_carea' id='block_1_54' title="bbox 2067 2637 3728 2725">
    <p class='ocr_par' dir='ltr' id='par_1_54' title="bbox 2067 2637 3728 2725">
     <span class='ocr_line' id='line_1_54' title="bbox 2067 2637 3728 2725; baseline -0.007 -21"><span class='ocrx_word' id='word_1_473' title='bbox 2067 2637 2176 2705; x_wconf 86' lang='grc' dir='ltr'>νειν</span> <span class='ocrx_word' id='word_1_474' title='bbox 2227 2647 2514 2725; x_wconf 81' lang='grc' dir='ltr'>βούλεσθαι</span> <span class='ocrx_word' id='word_1_475' title='bbox 2576 2644 2814 2723; x_wconf 82' lang='grc' dir='ltr'>πρόοδον</span> <span class='ocrx_word' id='word_1_476' title='bbox 2851 2651 2949 2702; x_wconf 88' lang='grc' dir='ltr'>τοῦ</span> <span class='ocrx_word' id='word_1_477' title='bbox 2994 2644 3207 2702; x_wconf 88' lang='grc' dir='ltr'>τελείαν</span> <span class='ocrx_word' id='word_1_478' title='bbox 3260 2643 3321 2699; x_wconf 82' lang='grc' dir='ltr'>ἐκ</span> <span class='ocrx_word' id='word_1_479' title='bbox 3370 2639 3592 2720; x_wconf 81' lang='grc' dir='ltr'>ΙΙατρὸς</span> <span class='ocrx_word' id='word_1_480' title='bbox 3633 2637 3728 2707; x_wconf 79' lang='grc' dir='ltr'>τήν</span> 
     </span>
    </p>
   </div>
   <div class='ocr_carea' id='block_1_55' title="bbox 2070 2725 3730 2816">
    <p class='ocr_par' dir='ltr' id='par_1_55' title="bbox 2070 2725 3730 2816">
     <span class='ocr_line' id='line_1_55' title="bbox 2070 2725 3730 2816; baseline -0.006 -23"><span class='ocrx_word' id='word_1_481' title='bbox 2070 2738 2293 2816; x_wconf 74' lang='grc' dir='ltr'>ὕπαρξιν</span> <span class='ocrx_word' id='word_1_482' title='bbox 2337 2735 2562 2814; x_wconf 83' lang='grc' dir='ltr'>ἔχοντος</span> <span class='ocrx_word' id='word_1_483' title='bbox 2613 2737 2957 2809; x_wconf 88' lang='grc' dir='ltr'>Πνεύματος,</span> <span class='ocrx_word' id='word_1_484' title='bbox 2991 2736 3246 2805; x_wconf 82' lang='grc' dir='ltr'>ἀτοπάζει</span> <span class='ocrx_word' id='word_1_485' title='bbox 3295 2731 3382 2789; x_wconf 83' lang='grc' dir='ltr'>καὶ</span> <span class='ocrx_word' id='word_1_486' title='bbox 3443 2739 3545 2802; x_wconf 86' lang='grc' dir='ltr'>τῆς</span> <span class='ocrx_word' id='word_1_487' title='bbox 3593 2725 3730 2816; x_wconf 81' lang='grc' dir='ltr'>ἀλη-</span> 
     </span>
    </p>
   </div>
   <div class='ocr_carea' id='block_1_56' title="bbox 2073 2815 3729 2903">
    <p class='ocr_par' dir='ltr' id='par_1_56' title="bbox 2073 2815 3729 2903">
     <span class='ocr_line' id='line_1_56' title="bbox 2073 2815 3729 2903; baseline -0.007 -19"><span class='ocrx_word' id='word_1_488' title='bbox 2073 2815 2217 2893; x_wconf 86' lang='grc' dir='ltr'>θείας</span> <span class='ocrx_word' id='word_1_489' title='bbox 2267 2827 2327 2883; x_wconf 80' lang='grc' dir='ltr'>ἐκ</span> <span class='ocrx_word' id='word_1_490' title='bbox 2387 2824 2682 2903; x_wconf 75' lang='grc' dir='ltr'>διαμέτρου</span> <span class='ocrx_word' id='word_1_491' title='bbox 2750 2824 2931 2902; x_wconf 86' lang='grc' dir='ltr'>λέγειν</span> <span class='ocrx_word' id='word_1_492' title='bbox 3004 2824 3309 2899; x_wconf 87' lang='grc' dir='ltr'>νομίζεται,</span> <span class='ocrx_word' id='word_1_493' title='bbox 3367 2823 3466 2878; x_wconf 86' lang='grc' dir='ltr'>καὶ</span> <span class='ocrx_word' id='word_1_494' title='bbox 3523 2818 3622 2876; x_wconf 78' lang='grc' dir='ltr'>οὐκ</span> <span class='ocrx_word' id='word_1_495' title='bbox 3673 2815 3729 2871; x_wconf 74' lang='grc' dir='ltr'>ἂν</span> 
     </span>
    </p>
   </div>
   <div class='ocr_carea' id='block_1_57' title="bbox 2075 2907 3733 2991">
    <p class='ocr_par' dir='ltr' id='par_1_57' title="bbox 2075 2907 3733 2991">
     <span class='ocr_line' id='line_1_57' title="bbox 2075 2907 3733 2991; baseline -0.008 -19"><span class='ocrx_word' id='word_1_496' title='bbox 2075 2916 2290 2991; x_wconf 80' lang='grc' dir='ltr'>μᾶλλον</span> <span class='ocrx_word' id='word_1_497' title='bbox 2339 2916 2501 2979; x_wconf 78' lang='grc' dir='ltr'>αὐτὸς</span> <span class='ocrx_word' id='word_1_498' title='bbox 2541 2913 2742 2979; x_wconf 80' lang='grc' dir='ltr'>ἄτοπος</span> <span class='ocrx_word' id='word_1_499' title='bbox 2769 2912 2887 2987; x_wconf 67' lang='grc' dir='ltr'>εἴης</span> <span class='ocrx_word' id='word_1_500' title='bbox 2924 2916 3024 2984; x_wconf 86' lang='grc' dir='ltr'>τήν</span> <span class='ocrx_word' id='word_1_501' title='bbox 3058 2913 3153 2987; x_wconf 72' lang='grc' dir='ltr'>μὲν</span> <span class='ocrx_word' id='word_1_502' title='bbox 3186 2910 3276 2968; x_wconf 82' lang='grc' dir='ltr'>διὰ</span> <span class='ocrx_word' id='word_1_503' title='bbox 3302 2916 3406 2967; x_wconf 88' lang='grc' dir='ltr'>τοῦ</span> <span class='ocrx_word' id='word_1_504' title='bbox 3468 2911 3591 2968; x_wconf 78' lang='grc' dir='ltr'>ῐίοῦ</span> <span class='ocrx_word' id='word_1_505' title='bbox 3642 2907 3733 2961; x_wconf 89' lang='grc' dir='ltr'>τοῦ</span> 
     </span>
    </p>
   </div>
   <div class='ocr_carea' id='block_1_58' title="bbox 2071 2995 3735 3081">
    <p class='ocr_par' dir='ltr' id='par_1_58' title="bbox 2071 2995 3735 3081">
     <span class='ocr_line' id='line_1_58' title="bbox 2071 2995 3735 3081; baseline -0.008 -18"><span class='ocrx_word' id='word_1_506' title='bbox 2071 3006 2391 3081; x_wconf 89' lang='grc' dir='ltr'>Πνεύματος</span> <span class='ocrx_word' id='word_1_507' title='bbox 2452 3004 2675 3081; x_wconf 74' lang='grc' dir='ltr'>ὕπαρξιν</span> <span class='ocrx_word' id='word_1_508' title='bbox 2732 3002 2874 3078; x_wconf 74' lang='grc' dir='ltr'>μηδὲ</span> <span class='ocrx_word' id='word_1_509' title='bbox 2933 3003 3131 3079; x_wconf 84' lang='grc' dir='ltr'>μέχρις</span> <span class='ocrx_word' id='word_1_510' title='bbox 3202 3002 3372 3070; x_wconf 80' lang='grc' dir='ltr'>ἀκοῆς</span> <span class='ocrx_word' id='word_1_511' title='bbox 3440 2995 3735 3075; x_wconf 86' lang='grc' dir='ltr'>προσιέμε-</span> 
     </span>
    </p>
   </div>
   <div class='ocr_carea' id='block_1_59' title="bbox 2070 3084 3737 3172">
    <p class='ocr_par' dir='ltr' id='par_1_59' title="bbox 2070 3084 3737 3172">
     <span class='ocr_line' id='line_1_59' title="bbox 2070 3084 3737 3172; baseline -0.008 -21"><span class='ocrx_word' id='word_1_512' title='bbox 2070 3117 2178 3165; x_wconf 86' lang='grc' dir='ltr'>νος,</span> <span class='ocrx_word' id='word_1_513' title='bbox 2229 3094 2419 3169; x_wconf 86' lang='grc' dir='ltr'>έκείνῳ</span> <span class='ocrx_word' id='word_1_514' title='bbox 2468 3092 2526 3149; x_wconf 71' lang='grc' dir='ltr'>δὲ</span> <span class='ocrx_word' id='word_1_515' title='bbox 2570 3094 2669 3163; x_wconf 79' lang='grc' dir='ltr'>τήν</span> <span class='ocrx_word' id='word_1_516' title='bbox 2722 3093 2906 3172; x_wconf 78' lang='grc' dir='ltr'>φωνὴν</span> <span class='ocrx_word' id='word_1_517' title='bbox 2951 3091 3151 3163; x_wconf 86' lang='grc' dir='ltr'>ταύτην</span> <span class='ocrx_word' id='word_1_518' title='bbox 3206 3092 3281 3165; x_wconf 77' lang='grc' dir='ltr'>μὴ</span> <span class='ocrx_word' id='word_1_519' title='bbox 3323 3087 3425 3146; x_wconf 78' lang='grc' dir='ltr'>διδι</span> <span class='ocrx_word' id='word_1_520' title='bbox 3472 3089 3597 3143; x_wconf 76' lang='grc' dir='ltr'>Υἰοῦ</span> <span class='ocrx_word' id='word_1_521' title='bbox 3640 3084 3737 3152; x_wconf 75' lang='grc' dir='ltr'>τὴν</span> 
     </span>
    </p>
   </div>
   <div class='ocr_carea' id='block_1_60' title="bbox 2074 3173 3737 3258">
    <p class='ocr_par' dir='ltr' id='par_1_60' title="bbox 2074 3173 3737 3258">
     <span class='ocr_line' id='line_1_60' title="bbox 2074 3173 3737 3258; baseline -0.005 -19"><span class='ocrx_word' id='word_1_522' title='bbox 2074 3183 2149 3247; x_wconf 58' lang='grc' dir='ltr'>εἷς</span> <span class='ocrx_word' id='word_1_523' title='bbox 2199 3185 2260 3240; x_wconf 90' lang='grc' dir='ltr'>τὸ</span> <span class='ocrx_word' id='word_1_524' title='bbox 2312 3184 2445 3240; x_wconf 76' lang='grc' dir='ltr'>εἶναι</span> <span class='ocrx_word' id='word_1_525' title='bbox 2499 3189 2596 3239; x_wconf 88' lang='grc' dir='ltr'>τοῦ</span> <span class='ocrx_word' id='word_1_526' title='bbox 2646 3181 2969 3256; x_wconf 87' lang='grc' dir='ltr'>Πνεύματος</span> <span class='ocrx_word' id='word_1_527' title='bbox 3019 3179 3304 3255; x_wconf 87' lang='grc' dir='ltr'>σημαίνειν</span> <span class='ocrx_word' id='word_1_528' title='bbox 3355 3175 3605 3258; x_wconf 72' lang='grc' dir='ltr'>πρόοδον</span> <span class='ocrx_word' id='word_1_529' title='bbox 3639 3173 3737 3253; x_wconf 82' lang='grc' dir='ltr'>φά-</span> 
     </span>
    </p>
   </div>
   <div class='ocr_carea' id='block_1_61' title="bbox 307 3258 3737 3349">
    <p class='ocr_par' dir='ltr' id='par_1_61' title="bbox 307 3258 3737 3349">
     <span class='ocr_line' id='line_1_61' title="bbox 307 3258 3737 3349; baseline 0 -30"><span class='ocrx_word' id='word_1_530' title='bbox 307 3258 373 3314; x_wconf 84' lang='grc' dir='ltr'><strong>Εἷ</strong></span> <span class='ocrx_word' id='word_1_531' title='bbox 419 3261 522 3337; x_wconf 80' lang='grc' dir='ltr'>γὰρ</span> <span class='ocrx_word' id='word_1_532' title='bbox 571 3263 661 3318; x_wconf 85' lang='grc' dir='ltr'>καὶ</span> <span class='ocrx_word' id='word_1_533' title='bbox 707 3264 760 3336; x_wconf 80' lang='grc' dir='ltr'>ἐξ</span> <span class='ocrx_word' id='word_1_534' title='bbox 808 3266 992 3340; x_wconf 77' lang='grc' dir='ltr'>αὐτοῦ,</span> <span class='ocrx_word' id='word_1_535' title='bbox 1034 3267 1181 3325; x_wconf 86' lang='grc' dir='ltr'>ἀλλά</span> <span class='ocrx_word' id='word_1_536' title='bbox 1235 3272 1351 3343; x_wconf 89' lang='grc' dir='ltr'>μετ’</span> <span class='ocrx_word' id='word_1_537' title='bbox 1397 3271 1584 3328; x_wconf 81' lang='grc' dir='ltr'>αὐτοῦ.</span> <span class='ocrx_word' id='word_1_538' title='bbox 1635 3258 1858 3346; x_wconf 81' lang='grc' dir='ltr'>Πνεῦμα</span> <span class='ocrx_word' id='word_1_539' title='bbox 1895 3258 1965 3328; x_wconf 16' lang='grc' dir='ltr'>*δὲ</span> <span class='ocrx_word' id='word_1_540' title='bbox 1999 3336 2035 3349; x_wconf 49' lang='grc' dir='ltr'><strong>Α</strong></span> <span class='ocrx_word' id='word_1_541' title='bbox 2074 3294 2278 3346; x_wconf 89' lang='grc' dir='ltr'>σκοντι,</span> <span class='ocrx_word' id='word_1_542' title='bbox 2338 3274 2412 3335; x_wconf 86' lang='grc' dir='ltr'>ὡς</span> <span class='ocrx_word' id='word_1_543' title='bbox 2459 3272 2521 3328; x_wconf 89' lang='lat'>06</span> <span class='ocrx_word' id='word_1_544' title='bbox 2579 3274 2930 3349; x_wconf 73' lang='grc' dir='ltr'>προσήκοντα</span> <span class='ocrx_word' id='word_1_545' title='bbox 3002 3270 3362 3349; x_wconf 70' lang='grc' dir='ltr'>φθεγγομένῳ</span> <span class='ocrx_word' id='word_1_546' title='bbox 3432 3261 3737 3341; x_wconf 83' lang='grc' dir='ltr'>ἐπιμεμφό-</span> 
     </span>
    </p>
   </div>
   <div class='ocr_carea' id='block_1_62' title="bbox 309 3336 3735 3442">
    <p class='ocr_par' dir='ltr' id='par_1_62' title="bbox 309 3336 3735 3442">
     <span class='ocr_line' id='line_1_62' title="bbox 309 3336 3735 3442; baseline -0.001 -29"><span class='ocrx_word' id='word_1_547' title='bbox 309 3352 428 3442; x_wconf 56' lang='grc' dir='ltr'>πῶς</span> <span class='ocrx_word' id='word_1_548' title='bbox 484 3351 548 3407; x_wconf 86' lang='grc' dir='ltr'>τὸ</span> <span class='ocrx_word' id='word_1_549' title='bbox 609 3354 703 3426; x_wconf 74' lang='grc' dir='ltr'>μὲν</span> <span class='ocrx_word' id='word_1_550' title='bbox 763 3358 1221 3435; x_wconf 79' lang='grc' dir='ltr'>προσαγορεύεται</span> <span class='ocrx_word' id='word_1_551' title='bbox 1279 3359 1369 3414; x_wconf 81' lang='grc' dir='ltr'>καὶ</span> <span class='ocrx_word' id='word_1_552' title='bbox 1426 3361 1752 3430; x_wconf 78' lang='grc' dir='ltr'>πιστεύεται,</span> <span class='ocrx_word' id='word_1_553' title='bbox 1782 3336 1866 3417; x_wconf 45' lang='grc' dir='ltr'>’τὸ</span> <span class='ocrx_word' id='word_1_554' title='bbox 1915 3360 1961 3417; x_wconf 87' lang='grc' dir='ltr'>δ’</span> <span class='ocrx_word' id='word_1_555' title='bbox 1993 3336 2035 3401; x_wconf 77' lang='lat' dir='ltr'>C</span> <span class='ocrx_word' id='word_1_556' title='bbox 2078 3336 2277 3437; x_wconf 61' lang='grc' dir='ltr'>μενοςξ</span> <span class='ocrx_word' id='word_1_557' title='bbox 2312 3336 2633 3442; x_wconf 46' lang='grc' dir='ltr'>ἐπισφαλῶς.</span> <span class='ocrx_word' id='word_1_558' title='bbox 2666 3359 2734 3417; x_wconf 85' lang='grc' dir='ltr'>δι’</span> <span class='ocrx_word' id='word_1_559' title='bbox 2787 3361 2914 3418; x_wconf 78' lang='grc' dir='ltr'>Υἱοῦ</span> <span class='ocrx_word' id='word_1_560' title='bbox 2958 3336 3039 3433; x_wconf 71' lang='grc' dir='ltr'>τῶ</span> <span class='ocrx_word' id='word_1_561' title='bbox 3089 3358 3367 3433; x_wconf 88' lang='grc' dir='ltr'>ΙΙνεύματι</span> <span class='ocrx_word' id='word_1_562' title='bbox 3413 3360 3514 3429; x_wconf 78' lang='grc' dir='ltr'>τήν</span> <span class='ocrx_word' id='word_1_563' title='bbox 3573 3355 3735 3429; x_wconf 78' lang='grc' dir='ltr'>ὕπαρ-</span> 
     </span>
    </p>
   </div>
   <div class='ocr_carea' id='block_1_63' title="bbox 312 3438 1962 3524">
    <p class='ocr_par' dir='ltr' id='par_1_63' title="bbox 312 3438 1962 3524">
     <span class='ocr_line' id='line_1_63' title="bbox 312 3438 1962 3524; baseline 0.01 -35"><span class='ocrx_word' id='word_1_564' title='bbox 312 3438 432 3501; x_wconf 78' lang='grc' dir='ltr'>Υἱὸς</span> <span class='ocrx_word' id='word_1_565' title='bbox 489 3441 581 3495; x_wconf 89' lang='grc' dir='ltr'>καὶ</span> <span class='ocrx_word' id='word_1_566' title='bbox 637 3441 738 3499; x_wconf 87' lang='grc' dir='ltr'>ούκ</span> <span class='ocrx_word' id='word_1_567' title='bbox 794 3442 960 3524; x_wconf 76' lang='grc' dir='ltr'>ἄμφω</span> <span class='ocrx_word' id='word_1_568' title='bbox 1014 3443 1198 3524; x_wconf 73' lang='grc' dir='ltr'>ἕτερον</span> <span class='ocrx_word' id='word_1_569' title='bbox 1259 3444 1409 3524; x_wconf 55' lang='grc' dir='ltr'>εἷίπερ</span> <span class='ocrx_word' id='word_1_570' title='bbox 1444 3448 1504 3506; x_wconf 84' lang='grc' dir='ltr'>ἐκ</span> <span class='ocrx_word' id='word_1_571' title='bbox 1530 3454 1627 3506; x_wconf 88' lang='grc' dir='ltr'>τοῦ</span> <span class='ocrx_word' id='word_1_572' title='bbox 1657 3450 1822 3506; x_wconf 80' lang='grc' dir='ltr'>αὐτοῦ</span> <span class='ocrx_word' id='word_1_573' title='bbox 1872 3452 1962 3506; x_wconf 85' lang='grc' dir='ltr'>καὶ</span> 
     </span>
    </p>
   </div>
   <div class='ocr_carea' id='block_1_64' title="bbox 311 3524 1967 3616">
    <p class='ocr_par' dir='ltr' id='par_1_64' title="bbox 311 3524 1967 3616">
     <span class='ocr_line' id='line_1_64' title="bbox 311 3524 1967 3616; baseline 0.009 -35"><span class='ocrx_word' id='word_1_574' title='bbox 311 3524 477 3606; x_wconf 75' lang='grc' dir='ltr'>ἄμφω</span> <span class='ocrx_word' id='word_1_575' title='bbox 524 3530 741 3607; x_wconf 86' lang='grc' dir='ltr'>Πατρός</span> <span class='ocrx_word' id='word_1_576' title='bbox 771 3551 785 3602; x_wconf 88' lang='grc'>;</span> <span class='ocrx_word' id='word_1_577' title='bbox 816 3536 937 3589; x_wconf 73' lang='grc' dir='ltr'>’Ότι</span> <span class='ocrx_word' id='word_1_578' title='bbox 983 3557 1091 3607; x_wconf 87' lang='grc' dir='ltr'>τοι,</span> <span class='ocrx_word' id='word_1_579' title='bbox 1137 3532 1263 3616; x_wconf 77' lang='grc' dir='ltr'>ἔφη,</span> <span class='ocrx_word' id='word_1_580' title='bbox 1315 3538 1406 3594; x_wconf 83' lang='grc' dir='ltr'>καὶ</span> <span class='ocrx_word' id='word_1_581' title='bbox 1437 3540 1465 3594; x_wconf 93' lang='lat'>6</span> <span class='ocrx_word' id='word_1_582' title='bbox 1507 3539 1710 3613; x_wconf 89' lang='grc' dir='ltr'>τρόπος</span> <span class='ocrx_word' id='word_1_583' title='bbox 1756 3545 1857 3595; x_wconf 88' lang='grc' dir='ltr'>τοῦ</span> <span class='ocrx_word' id='word_1_584' title='bbox 1907 3540 1967 3597; x_wconf 82' lang='grc' dir='ltr'>ἐκ</span> 
     </span>
    </p>
   </div>
   <div class='ocr_carea' id='block_1_65' title="bbox 312 3617 1965 3707">
    <p class='ocr_par' dir='ltr' id='par_1_65' title="bbox 312 3617 1965 3707">
     <span class='ocr_line' id='line_1_65' title="bbox 312 3617 1965 3707; baseline 0.007 -34"><span class='ocrx_word' id='word_1_585' title='bbox 312 3617 700 3707; x_wconf 11' lang='grc' dir='ltr'>Πατρὸςνεῖναι</span> <span class='ocrx_word' id='word_1_586' title='bbox 756 3618 941 3697; x_wconf 72' lang='grc' dir='ltr'>ἕτερος</span> <span class='ocrx_word' id='word_1_587' title='bbox 999 3625 1275 3702; x_wconf 71' lang='grc' dir='ltr'>ἑκατέρου.</span> <span class='ocrx_word' id='word_1_588' title='bbox 1308 3632 1530 3701; x_wconf 83' lang='grc' dir='ltr'>Πνεῦμα</span> <span class='ocrx_word' id='word_1_589' title='bbox 1589 3629 1683 3702; x_wconf 76' lang='grc' dir='ltr'>μὲν</span> <span class='ocrx_word' id='word_1_590' title='bbox 1742 3631 1846 3707; x_wconf 85' lang='grc' dir='ltr'>γὰρ</span> <span class='ocrx_word' id='word_1_591' title='bbox 1900 3629 1965 3685; x_wconf 91' lang='grc' dir='ltr'>τὸ</span> 
     </span>
    </p>
   </div>
   <div class='ocr_carea' id='block_1_66' title="bbox 312 3705 1962 3793">
    <p class='ocr_par' dir='ltr' id='par_1_66' title="bbox 312 3705 1962 3793">
     <span class='ocr_line' id='line_1_66' title="bbox 312 3705 1962 3793; baseline 0.01 -34"><span class='ocrx_word' id='word_1_592' title='bbox 312 3705 469 3793; x_wconf 69' lang='grc' dir='ltr'>ᾅγιον</span> <span class='ocrx_word' id='word_1_593' title='bbox 529 3706 590 3763; x_wconf 82' lang='grc' dir='ltr'>ἐκ</span> <span class='ocrx_word' id='word_1_594' title='bbox 649 3712 862 3786; x_wconf 88' lang='grc' dir='ltr'>ΙΙατρὸς</span> <span class='ocrx_word' id='word_1_595' title='bbox 922 3711 1303 3788; x_wconf 73' lang='grc' dir='ltr'>ἐκπορεύεσθαι</span> <span class='ocrx_word' id='word_1_596' title='bbox 1367 3720 1781 3793; x_wconf 78' lang='grc' dir='ltr'>μεμαθήκαμεν,</span> <span class='ocrx_word' id='word_1_597' title='bbox 1820 3705 1962 3776; x_wconf 12' lang='grc' dir='ltr'>*Υἱὸν</span> 
     </span>
    </p>
   </div>
   <div class='ocr_carea' id='block_1_67' title="bbox 313 3791 1965 3882">
    <p class='ocr_par' dir='ltr' id='par_1_67' title="bbox 313 3791 1965 3882">
     <span class='ocr_line' id='line_1_67' title="bbox 313 3791 1965 3882; baseline 0.009 -33"><span class='ocrx_word' id='word_1_598' title='bbox 313 3791 374 3850; x_wconf 79' lang='grc' dir='ltr'>δὲ</span> <span class='ocrx_word' id='word_1_599' title='bbox 444 3800 744 3871; x_wconf 78' lang='grc' dir='ltr'>γεννᾶσθαι.</span> <span class='ocrx_word' id='word_1_600' title='bbox 807 3802 905 3859; x_wconf 79' lang='grc' dir='ltr'>Καὶ</span> <span class='ocrx_word' id='word_1_601' title='bbox 980 3805 1043 3859; x_wconf 92' lang='grc' dir='ltr'>τὸ</span> <span class='ocrx_word' id='word_1_602' title='bbox 1108 3803 1491 3882; x_wconf 79' lang='grc' dir='ltr'>ἐκπορεύεσθαι</span> <span class='ocrx_word' id='word_1_603' title='bbox 1546 3804 1604 3863; x_wconf 79' lang='grc' dir='ltr'>δὲ</span> <span class='ocrx_word' id='word_1_604' title='bbox 1657 3791 1819 3863; x_wconf 83' lang='grc' dir='ltr'>τοῦτο</span> <span class='ocrx_word' id='word_1_605' title='bbox 1875 3809 1965 3864; x_wconf 88' lang='grc' dir='ltr'>καὶ</span> 
     </span>
    </p>
   </div>
   <div class='ocr_carea' id='block_1_68' title="bbox 310 3886 1967 3969">
    <p class='ocr_par' dir='ltr' id='par_1_68' title="bbox 310 3886 1967 3969">
     <span class='ocr_line' id='line_1_68' title="bbox 310 3886 1967 3969; baseline 0.01 -30"><span class='ocrx_word' id='word_1_606' title='bbox 310 3886 589 3960; x_wconf 82' lang='grc' dir='ltr'>γεννᾶσθαι</span> <span class='ocrx_word' id='word_1_607' title='bbox 664 3890 755 3945; x_wconf 88' lang='grc' dir='ltr'>τὸν</span> <span class='ocrx_word' id='word_1_608' title='bbox 842 3892 938 3964; x_wconf 74' lang='grc' dir='ltr'>μὲν</span> <span class='ocrx_word' id='word_1_609' title='bbox 1013 3894 1134 3953; x_wconf 75' lang='grc' dir='ltr'>Υἱὸν</span> <span class='ocrx_word' id='word_1_610' title='bbox 1209 3894 1495 3969; x_wconf 86' lang='grc' dir='ltr'>ὀνομάζειν</span> <span class='ocrx_word' id='word_1_611' title='bbox 1549 3896 1736 3967; x_wconf 85' lang='grc' dir='ltr'>ἀνῆκε,</span> <span class='ocrx_word' id='word_1_612' title='bbox 1793 3898 1856 3954; x_wconf 90' lang='grc' dir='ltr'>τὸ</span> <span class='ocrx_word' id='word_1_613' title='bbox 1908 3896 1967 3955; x_wconf 74' lang='grc' dir='ltr'>δὲ</span> 
     </span>
    </p>
   </div>
   <div class='ocr_carea' id='block_1_69' title="bbox 314 3975 1965 4059">
    <p class='ocr_par' dir='ltr' id='par_1_69' title="bbox 314 3975 1965 4059">
     <span class='ocr_line' id='line_1_69' title="bbox 314 3975 1965 4059; baseline 0.008 -30"><span class='ocrx_word' id='word_1_614' title='bbox 314 3975 539 4047; x_wconf 87' lang='grc' dir='ltr'>Πνεῦμα</span> <span class='ocrx_word' id='word_1_615' title='bbox 586 3977 763 4052; x_wconf 79' lang='grc' dir='ltr'>ἅγιον.</span> <span class='ocrx_word' id='word_1_616' title='bbox 791 3980 913 4037; x_wconf 76' lang='grc' dir='ltr'>Εἶεν</span> <span class='ocrx_word' id='word_1_617' title='bbox 963 3979 1020 4038; x_wconf 73' lang='grc' dir='ltr'>δὲ</span> <span class='ocrx_word' id='word_1_618' title='bbox 1067 3985 1216 4039; x_wconf 87' lang='grc' dir='ltr'>ταῦθ’</span> <span class='ocrx_word' id='word_1_619' title='bbox 1266 3984 1463 4059; x_wconf 74' lang='grc' dir='ltr'>οὕτως,</span> <span class='ocrx_word' id='word_1_620' title='bbox 1496 3984 1685 4056; x_wconf 78' lang='grc' dir='ltr'>ἐπειδὴ</span> <span class='ocrx_word' id='word_1_621' title='bbox 1735 3987 1825 4041; x_wconf 81' lang='grc' dir='ltr'>καὶ</span> <span class='ocrx_word' id='word_1_622' title='bbox 1867 4009 1965 4043; x_wconf 86' lang='grc' dir='ltr'>κα-</span> 
     </span>
    </p>
   </div>
   <div class='ocr_carea' id='block_1_70' title="bbox 315 4062 1967 4151">
    <p class='ocr_par' dir='ltr' id='par_1_70' title="bbox 315 4062 1967 4151">
     <span class='ocr_line' id='line_1_70' title="bbox 315 4062 1967 4151; baseline 0.009 -34"><span class='ocrx_word' id='word_1_623' title='bbox 315 4062 429 4126; x_wconf 90' lang='grc' dir='ltr'>λῶς</span> <span class='ocrx_word' id='word_1_624' title='bbox 459 4065 845 4143; x_wconf 84' lang='grc' dir='ltr'>ὡμολόγηται.</span> <span class='ocrx_word' id='word_1_625' title='bbox 880 4069 1038 4127; x_wconf 84' lang='grc' dir='ltr'>Ἀλλ’</span> <span class='ocrx_word' id='word_1_626' title='bbox 1068 4073 1167 4148; x_wconf 79' lang='grc' dir='ltr'>ἄγε</span> <span class='ocrx_word' id='word_1_627' title='bbox 1198 4095 1294 4146; x_wconf 88' lang='grc' dir='ltr'>μοι</span> <span class='ocrx_word' id='word_1_628' title='bbox 1341 4075 1431 4129; x_wconf 85' lang='grc' dir='ltr'>καὶ</span> <span class='ocrx_word' id='word_1_629' title='bbox 1480 4074 1607 4131; x_wconf 87' lang='grc' dir='ltr'>τόδε</span> <span class='ocrx_word' id='word_1_630' title='bbox 1662 4077 1801 4151; x_wconf 88' lang='grc' dir='ltr'>πρὸς</span> <span class='ocrx_word' id='word_1_631' title='bbox 1850 4082 1967 4140; x_wconf 90' lang='grc' dir='ltr'>τοῖς</span> 
     </span>
    </p>
   </div>
   <div class='ocr_carea' id='block_1_71' title="bbox 316 4151 1964 4242">
    <p class='ocr_par' dir='ltr' id='par_1_71' title="bbox 316 4151 1964 4242">
     <span class='ocr_line' id='line_1_71' title="bbox 316 4151 1964 4242; baseline 0.009 -37"><span class='ocrx_word' id='word_1_632' title='bbox 316 4151 626 4228; x_wconf 71' lang='grc' dir='ltr'>εἰρημένοις</span> <span class='ocrx_word' id='word_1_633' title='bbox 686 4158 993 4236; x_wconf 86' lang='grc' dir='ltr'>ἀπόκριναι.</span> <span class='ocrx_word' id='word_1_634' title='bbox 1042 4160 1260 4218; x_wconf 87' lang='grc' dir='ltr'>Τέλειον</span> <span class='ocrx_word' id='word_1_635' title='bbox 1312 4163 1372 4219; x_wconf 78' lang='grc' dir='ltr'>ἐκ</span> <span class='ocrx_word' id='word_1_636' title='bbox 1415 4167 1513 4219; x_wconf 87' lang='grc' dir='ltr'>τοῦ</span> <span class='ocrx_word' id='word_1_637' title='bbox 1560 4166 1776 4240; x_wconf 89' lang='grc' dir='ltr'>ΙΙατρὸς</span> <span class='ocrx_word' id='word_1_638' title='bbox 1840 4188 1964 4242; x_wconf 90' lang='grc' dir='ltr'>γεν-</span> 
     </span>
    </p>
   </div>
   <div class='ocr_carea' id='block_1_72' title="bbox 314 4245 1964 4333">
    <p class='ocr_par' dir='ltr' id='par_1_72' title="bbox 314 4245 1964 4333">
     <span class='ocr_line' id='line_1_72' title="bbox 314 4245 1964 4333; baseline 0.009 -39"><span class='ocrx_word' id='word_1_639' title='bbox 314 4246 506 4333; x_wconf 67' lang='grc' dir='ltr'>νᾷσθαι</span> <span class='ocrx_word' id='word_1_640' title='bbox 559 4245 651 4300; x_wconf 90' lang='grc' dir='ltr'>τὸν</span> <span class='ocrx_word' id='word_1_641' title='bbox 709 4249 832 4303; x_wconf 78' lang='grc' dir='ltr'>Υἱὸν</span> <span class='ocrx_word' id='word_1_642' title='bbox 888 4248 1213 4327; x_wconf 81' lang='grc' dir='ltr'>ὁμολογεῖς,</span> <span class='ocrx_word' id='word_1_643' title='bbox 1246 4250 1461 4322; x_wconf 76' lang='grc' dir='ltr'>ἤτινος</span> <span class='ocrx_word' id='word_1_644' title='bbox 1521 4254 1706 4331; x_wconf 75' lang='grc' dir='ltr'>ἑτέρου</span> <span class='ocrx_word' id='word_1_645' title='bbox 1762 4257 1964 4333; x_wconf 81' lang='grc' dir='ltr'>φήσαις</span> 
     </span>
    </p>
   </div>
   <div class='ocr_carea' id='block_1_73' title="bbox 316 4330 1963 4416">
    <p class='ocr_par' dir='ltr' id='par_1_73' title="bbox 316 4330 1963 4416">
     <span class='ocr_line' id='line_1_73' title="bbox 316 4330 1963 4416; baseline 0.01 -33"><span class='ocrx_word' id='word_1_646' title='bbox 316 4330 395 4392; x_wconf 86' lang='grc' dir='ltr'>εἰς</span> <span class='ocrx_word' id='word_1_647' title='bbox 433 4330 754 4407; x_wconf 85' lang='grc' dir='ltr'>τελειότητα</span> <span class='ocrx_word' id='word_1_648' title='bbox 811 4335 921 4393; x_wconf 90' lang='grc' dir='ltr'>δεῖν</span> <span class='ocrx_word' id='word_1_649' title='bbox 974 4345 1053 4413; x_wconf 81' lang='grc' dir='ltr'>τῷ</span> <span class='ocrx_word' id='word_1_650' title='bbox 1103 4348 1435 4416; x_wconf 87' lang='grc' dir='ltr'>Μονογενεῖ;</span> <span class='ocrx_word' id='word_1_651' title='bbox 1471 4330 1848 4408; x_wconf 81' lang='grc' dir='ltr'>Ἀτοπώτατος</span> <span class='ocrx_word' id='word_1_652' title='bbox 1903 4345 1963 4400; x_wconf 80' lang='grc' dir='ltr'>ἂν</span> 
     </span>
    </p>
   </div>
   <div class='ocr_carea' id='block_1_74' title="bbox 316 4416 1968 4510">
    <p class='ocr_par' dir='ltr' id='par_1_74' title="bbox 316 4416 1968 4510">
     <span class='ocr_line' id='line_1_74' title="bbox 316 4416 1968 4510; baseline 0.012 -38"><span class='ocrx_word' id='word_1_653' title='bbox 316 4416 455 4510; x_wconf 75' lang='grc' dir='ltr'>εἷἠν,</span> <span class='ocrx_word' id='word_1_654' title='bbox 489 4422 535 4476; x_wconf 87' lang='grc' dir='ltr'>εἰ</span> <span class='ocrx_word' id='word_1_655' title='bbox 596 4425 673 4497; x_wconf 82' lang='grc' dir='ltr'>μή</span> <span class='ocrx_word' id='word_1_656' title='bbox 723 4428 966 4499; x_wconf 78' lang='grc' dir='ltr'>καθάπαξ</span> <span class='ocrx_word' id='word_1_657' title='bbox 1011 4430 1221 4486; x_wconf 77' lang='grc' dir='ltr'>τέλειον</span> <span class='ocrx_word' id='word_1_658' title='bbox 1275 4431 1566 4510; x_wconf 86' lang='grc' dir='ltr'>ὁμολογῶν</span> <span class='ocrx_word' id='word_1_659' title='bbox 1616 4431 1751 4505; x_wconf 74' lang='grc' dir='ltr'>εἶήν.</span> <span class='ocrx_word' id='word_1_660' title='bbox 1793 4433 1864 4490; x_wconf 82' lang='grc' dir='ltr'>Τὸ</span> <span class='ocrx_word' id='word_1_661' title='bbox 1910 4432 1968 4491; x_wconf 83' lang='grc' dir='ltr'>δὲ</span> 
     </span>
    </p>
   </div>
   <div class='ocr_carea' id='block_1_75' title="bbox 318 4505 1969 4595">
    <p class='ocr_par' dir='ltr' id='par_1_75' title="bbox 318 4505 1969 4595">
     <span class='ocr_line' id='line_1_75' title="bbox 318 4505 1969 4595; baseline 0.011 -33"><span class='ocrx_word' id='word_1_662' title='bbox 318 4505 385 4578; x_wconf 77' lang='grc' dir='ltr'>δὴ</span> <span class='ocrx_word' id='word_1_663' title='bbox 435 4516 663 4587; x_wconf 86' lang='grc' dir='ltr'>Πνεῦμα</span> <span class='ocrx_word' id='word_1_664' title='bbox 704 4515 768 4570; x_wconf 89' lang='grc' dir='ltr'>τὸ</span> <span class='ocrx_word' id='word_1_665' title='bbox 816 4516 990 4593; x_wconf 74' lang='grc' dir='ltr'>ἅγιον,</span> <span class='ocrx_word' id='word_1_666' title='bbox 1032 4518 1137 4595; x_wconf 81' lang='grc' dir='ltr'>ἆρά</span> <span class='ocrx_word' id='word_1_667' title='bbox 1183 4541 1266 4575; x_wconf 93' lang='grc' dir='ltr'>σοι</span> <span class='ocrx_word' id='word_1_668' title='bbox 1315 4520 1405 4575; x_wconf 86' lang='grc' dir='ltr'>καὶ</span> <span class='ocrx_word' id='word_1_669' title='bbox 1452 4521 1583 4578; x_wconf 80' lang='grc' dir='ltr'>αὐτὸ</span> <span class='ocrx_word' id='word_1_670' title='bbox 1636 4520 1787 4578; x_wconf 84' lang='grc' dir='ltr'>δοκεῖ</span> <span class='ocrx_word' id='word_1_671' title='bbox 1830 4526 1969 4580; x_wconf 81' lang='grc' dir='ltr'>κατὰ</span> 
     </span>
    </p>
   </div>
   <div class='ocr_carea' id='block_1_76' title="bbox 313 4596 1965 4690">
    <p class='ocr_par' dir='ltr' id='par_1_76' title="bbox 313 4596 1965 4690">
     <span class='ocr_line' id='line_1_76' title="bbox 313 4596 1965 4690; baseline 0.011 -39"><span class='ocrx_word' id='word_1_672' title='bbox 313 4598 406 4652; x_wconf 89' lang='grc' dir='ltr'>τὸν</span> <span class='ocrx_word' id='word_1_673' title='bbox 436 4596 548 4655; x_wconf 78' lang='lat' dir='ltr'>’1&#39;00v</span> <span class='ocrx_word' id='word_1_674' title='bbox 573 4608 676 4672; x_wconf 83' lang='grc' dir='ltr'>τῆς</span> <span class='ocrx_word' id='word_1_675' title='bbox 705 4603 1054 4679; x_wconf 86' lang='grc' dir='ltr'>τελειότητος</span> <span class='ocrx_word' id='word_1_676' title='bbox 1085 4606 1249 4685; x_wconf 89' lang='grc' dir='ltr'>λόγον</span> <span class='ocrx_word' id='word_1_677' title='bbox 1303 4608 1362 4665; x_wconf 81' lang='grc' dir='ltr'>ἐκ</span> <span class='ocrx_word' id='word_1_678' title='bbox 1405 4612 1618 4687; x_wconf 91' lang='grc' dir='ltr'>Πατρὸς</span> <span class='ocrx_word' id='word_1_679' title='bbox 1679 4611 1965 4690; x_wconf 79' lang='grc' dir='ltr'>ἐκπορεύε-</span> 
     </span>
    </p>
   </div>
   <div class='ocr_carea' id='block_1_77' title="bbox 2073 3442 3732 3527">
    <p class='ocr_par' dir='ltr' id='par_1_77' title="bbox 2073 3442 3732 3527">
     <span class='ocr_line' id='line_1_77' title="bbox 2073 3442 3732 3527; baseline -0.002 -20"><span class='ocrx_word' id='word_1_680' title='bbox 2073 3452 2150 3523; x_wconf 82' lang='grc' dir='ltr'>ξιν</span> <span class='ocrx_word' id='word_1_681' title='bbox 2211 3453 2343 3507; x_wconf 78' lang='grc' dir='ltr'>εἶναι</span> <span class='ocrx_word' id='word_1_682' title='bbox 2403 3449 2702 3527; x_wconf 86' lang='grc' dir='ltr'>ὁμολογεῖν</span> <span class='ocrx_word' id='word_1_683' title='bbox 2757 3446 3040 3524; x_wconf 77' lang='grc' dir='ltr'>καταδέξῃ,</span> <span class='ocrx_word' id='word_1_684' title='bbox 3084 3449 3177 3504; x_wconf 87' lang='grc' dir='ltr'>καὶ</span> <span class='ocrx_word' id='word_1_685' title='bbox 3236 3448 3313 3511; x_wconf 85' lang='grc' dir='ltr'>εἰς</span> <span class='ocrx_word' id='word_1_686' title='bbox 3380 3442 3732 3525; x_wconf 83' lang='grc' dir='ltr'>βλασφημίας</span> 
     </span>
    </p>
   </div>
   <div class='ocr_carea' id='block_1_78' title="bbox 2074 3529 3733 3617">
    <p class='ocr_par' dir='ltr' id='par_1_78' title="bbox 2074 3529 3733 3617">
     <span class='ocr_line' id='line_1_78' title="bbox 2074 3529 3733 3617; baseline -0.005 -21"><span class='ocrx_word' id='word_1_687' title='bbox 2074 3541 2309 3597; x_wconf 77' lang='grc' dir='ltr'>ἐντεῦθεν</span> <span class='ocrx_word' id='word_1_688' title='bbox 2374 3541 2535 3617; x_wconf 86' lang='grc' dir='ltr'>βυθὸν</span> <span class='ocrx_word' id='word_1_689' title='bbox 2583 3534 2955 3611; x_wconf 75' lang='grc' dir='ltr'>κυϐιστήσεις,</span> <span class='ocrx_word' id='word_1_690' title='bbox 2987 3539 3023 3607; x_wconf 79' lang='grc' dir='ltr'><strong>ἢ</strong></span> <span class='ocrx_word' id='word_1_691' title='bbox 3060 3538 3136 3610; x_wconf 79' lang='grc' dir='ltr'>μὴ</span> <span class='ocrx_word' id='word_1_692' title='bbox 3183 3533 3626 3614; x_wconf 83' lang='grc' dir='ltr'>καταδεχόμενος</span> <span class='ocrx_word' id='word_1_693' title='bbox 3675 3529 3733 3617; x_wconf 62' lang='grc' dir='ltr'>ἐκ</span> 
     </span>
    </p>
   </div>
   <div class='ocr_carea' id='block_1_79' title="bbox 2070 3615 3730 3705">
    <p class='ocr_par' dir='ltr' id='par_1_79' title="bbox 2070 3615 3730 3705">
     <span class='ocr_line' id='line_1_79' title="bbox 2070 3615 3730 3705; baseline -0.008 -19"><span class='ocrx_word' id='word_1_694' title='bbox 2070 3634 2169 3686; x_wconf 89' lang='grc' dir='ltr'>τοῦ</span> <span class='ocrx_word' id='word_1_695' title='bbox 2236 3630 2328 3685; x_wconf 88' lang='grc' dir='ltr'>τὸν</span> <span class='ocrx_word' id='word_1_696' title='bbox 2375 3615 2659 3705; x_wconf 21' lang='grc' dir='ltr'>νμέγιστον</span> <span class='ocrx_word' id='word_1_697' title='bbox 2726 3627 2943 3683; x_wconf 90' lang='grc' dir='ltr'>τουτονὶ</span> <span class='ocrx_word' id='word_1_698' title='bbox 3000 3624 3248 3682; x_wconf 83' lang='grc' dir='ltr'>κίνδυνον</span> <span class='ocrx_word' id='word_1_699' title='bbox 3304 3623 3563 3690; x_wconf 87' lang='grc' dir='ltr'>δεδιέναι,</span> <span class='ocrx_word' id='word_1_700' title='bbox 3621 3615 3730 3675; x_wconf 75' lang='lat'>061’</span> 
     </span>
    </p>
   </div>
   <div class='ocr_carea' id='block_1_80' title="bbox 2075 3709 3733 3793">
    <p class='ocr_par' dir='ltr' id='par_1_80' title="bbox 2075 3709 3733 3793">
     <span class='ocr_line' id='line_1_80' title="bbox 2075 3709 3733 3793; baseline -0.005 -16"><span class='ocrx_word' id='word_1_701' title='bbox 2075 3719 2247 3776; x_wconf 81' lang='grc' dir='ltr'>έκεῖνο</span> <span class='ocrx_word' id='word_1_702' title='bbox 2332 3720 2549 3782; x_wconf 85' lang='grc' dir='ltr'>πάντως</span> <span class='ocrx_word' id='word_1_703' title='bbox 2621 3717 3017 3793; x_wconf 77' lang='grc' dir='ltr'>ὁμολογήσεις,</span> <span class='ocrx_word' id='word_1_704' title='bbox 3074 3713 3186 3771; x_wconf 68' lang='grc' dir='ltr'>οὗθ’</span> <span class='ocrx_word' id='word_1_705' title='bbox 3249 3716 3331 3778; x_wconf 77' lang='grc' dir='ltr'>οἷς</span> <span class='ocrx_word' id='word_1_706' title='bbox 3403 3709 3733 3792; x_wconf 83' lang='grc' dir='ltr'>έγκέκληκας</span> 
     </span>
    </p>
   </div>
   <div class='ocr_carea' id='block_1_81' title="bbox 2072 3802 3726 3884">
    <p class='ocr_par' dir='ltr' id='par_1_81' title="bbox 2072 3802 3726 3884">
     <span class='ocr_line' id='line_1_81' title="bbox 2072 3802 3726 3884; baseline -0.008 -19"><span class='ocrx_word' id='word_1_707' title='bbox 2072 3814 2170 3865; x_wconf 92' lang='grc' dir='ltr'>τοῦ</span> <span class='ocrx_word' id='word_1_708' title='bbox 2201 3807 2422 3880; x_wconf 89' lang='grc' dir='ltr'>λοιποῦ,</span> <span class='ocrx_word' id='word_1_709' title='bbox 2473 3806 2724 3884; x_wconf 79' lang='grc' dir='ltr'>ἐγκαλεῖν</span> <span class='ocrx_word' id='word_1_710' title='bbox 2779 3806 3052 3878; x_wconf 79' lang='grc' dir='ltr'>ἀξιώσεις.</span> <span class='ocrx_word' id='word_1_711' title='bbox 3081 3805 3302 3882; x_wconf 82' lang='grc' dir='ltr'>Θατέρῳ</span> <span class='ocrx_word' id='word_1_712' title='bbox 3358 3806 3463 3882; x_wconf 77' lang='grc' dir='ltr'>γὰρ</span> <span class='ocrx_word' id='word_1_713' title='bbox 3510 3802 3726 3876; x_wconf 80' lang='grc' dir='ltr'>θάτερον</span> 
     </span>
    </p>
   </div>
   <div class='ocr_carea' id='block_1_82' title="bbox 2072 3884 3733 3975">
    <p class='ocr_par' dir='ltr' id='par_1_82' title="bbox 2072 3884 3733 3975">
     <span class='ocr_line' id='line_1_82' title="bbox 2072 3884 3733 3975; baseline -0.007 -20"><span class='ocrx_word' id='word_1_714' title='bbox 2072 3897 2278 3957; x_wconf 71' lang='grc' dir='ltr'>ἕπεται.</span> <span class='ocrx_word' id='word_1_715' title='bbox 2336 3898 2437 3953; x_wconf 85' lang='grc' dir='ltr'>Καὶ</span> <span class='ocrx_word' id='word_1_716' title='bbox 2491 3900 2602 3969; x_wconf 77' lang='grc' dir='ltr'>ναὶ,</span> <span class='ocrx_word' id='word_1_717' title='bbox 2661 3896 2816 3975; x_wconf 85' lang='grc' dir='ltr'>φησὶ,</span> <span class='ocrx_word' id='word_1_718' title='bbox 2876 3894 3210 3951; x_wconf 83' lang='grc' dir='ltr'>παντάπασιν</span> <span class='ocrx_word' id='word_1_719' title='bbox 3275 3891 3459 3957; x_wconf 82' lang='grc' dir='ltr'>ἔοικας</span> <span class='ocrx_word' id='word_1_720' title='bbox 3532 3884 3733 3975; x_wconf 54' lang='grc' dir='ltr'>ἀληθέξ-</span> 
     </span>
    </p>
   </div>
   <div class='ocr_carea' id='block_1_83' title="bbox 2074 3974 3735 4063">
    <p class='ocr_par' dir='ltr' id='par_1_83' title="bbox 2074 3974 3735 4063">
     <span class='ocr_line' id='line_1_83' title="bbox 2074 3974 3735 4063; baseline -0.007 -19"><span class='ocrx_word' id='word_1_721' title='bbox 2074 4010 2240 4044; x_wconf 90' lang='grc' dir='ltr'>στατα</span> <span class='ocrx_word' id='word_1_722' title='bbox 2279 3986 2480 4063; x_wconf 85' lang='grc' dir='ltr'>λέγειν.</span> <span class='ocrx_word' id='word_1_723' title='bbox 2531 3974 2803 4059; x_wconf 13' lang='grc' dir='ltr'>’Ότινμὶν</span> <span class='ocrx_word' id='word_1_724' title='bbox 2849 3983 2941 4040; x_wconf 80' lang='grc' dir='ltr'>οῦν</span> <span class='ocrx_word' id='word_1_725' title='bbox 3002 3985 3229 4040; x_wconf 79' lang='grc' dir='ltr'>ἐνταῦθα</span> <span class='ocrx_word' id='word_1_726' title='bbox 3280 3983 3332 4038; x_wconf 74' lang='grc' dir='ltr'>οἱ</span> <span class='ocrx_word' id='word_1_727' title='bbox 3385 3981 3456 4039; x_wconf 87' lang='grc' dir='ltr'>δι’</span> <span class='ocrx_word' id='word_1_728' title='bbox 3502 3982 3628 4035; x_wconf 78' lang='grc' dir='ltr'>Υἱοῦ</span> <span class='ocrx_word' id='word_1_729' title='bbox 3675 3974 3735 4029; x_wconf 87' lang='grc' dir='ltr'>τὸ</span> 
     </span>
    </p>
   </div>
   <div class='ocr_carea' id='block_1_84' title="bbox 2075 4070 3734 4152">
    <p class='ocr_par' dir='ltr' id='par_1_84' title="bbox 2075 4070 3734 4152">
     <span class='ocr_line' id='line_1_84' title="bbox 2075 4070 3734 4152; baseline -0.007 -18"><span class='ocrx_word' id='word_1_730' title='bbox 2075 4081 2300 4152; x_wconf 87' lang='grc' dir='ltr'>Πνεῦμα</span> <span class='ocrx_word' id='word_1_731' title='bbox 2352 4077 2415 4131; x_wconf 92' lang='grc' dir='ltr'>τὸ</span> <span class='ocrx_word' id='word_1_732' title='bbox 2463 4077 2617 4151; x_wconf 75' lang='grc' dir='ltr'>ἅγιον</span> <span class='ocrx_word' id='word_1_733' title='bbox 2670 4074 2731 4129; x_wconf 80' lang='grc' dir='ltr'>ἐκ</span> <span class='ocrx_word' id='word_1_734' title='bbox 2788 4074 3002 4148; x_wconf 85' lang='grc' dir='ltr'>ΙΙατρὸς</span> <span class='ocrx_word' id='word_1_735' title='bbox 3060 4071 3446 4150; x_wconf 76' lang='grc' dir='ltr'>ἐκπορεύεσθαι</span> <span class='ocrx_word' id='word_1_736' title='bbox 3507 4070 3734 4148; x_wconf 86' lang='grc' dir='ltr'>φάμενοι</span> 
     </span>
    </p>
   </div>
   <div class='ocr_carea' id='block_1_85' title="bbox 2074 4155 3738 4240">
    <p class='ocr_par' dir='ltr' id='par_1_85' title="bbox 2074 4155 3738 4240">
     <span class='ocr_line' id='line_1_85' title="bbox 2074 4155 3738 4240; baseline -0.008 -18"><span class='ocrx_word' id='word_1_737' title='bbox 2074 4164 2313 4240; x_wconf 86' lang='grc' dir='ltr'>Πατέρες</span> <span class='ocrx_word' id='word_1_738' title='bbox 2361 4169 2442 4237; x_wconf 78' lang='grc' dir='ltr'>τῷ</span> <span class='ocrx_word' id='word_1_739' title='bbox 2493 4164 2771 4238; x_wconf 85' lang='grc' dir='ltr'>Πνεύματι</span> <span class='ocrx_word' id='word_1_740' title='bbox 2830 4160 2899 4217; x_wconf 82' lang='grc' dir='ltr'>δι’</span> <span class='ocrx_word' id='word_1_741' title='bbox 2928 4164 3053 4217; x_wconf 77' lang='grc' dir='ltr'>Υἱοῦ</span> <span class='ocrx_word' id='word_1_742' title='bbox 3108 4162 3209 4217; x_wconf 78' lang='grc' dir='ltr'>οὐκ</span> <span class='ocrx_word' id='word_1_743' title='bbox 3257 4161 3542 4233; x_wconf 80' lang='grc' dir='ltr'>ένενόησαν</span> <span class='ocrx_word' id='word_1_744' title='bbox 3574 4155 3738 4240; x_wconf 50' lang='grc' dir='ltr'>ὕπαρέ</span> 
     </span>
    </p>
   </div>
   <div class='ocr_carea' id='block_1_86' title="bbox 2076 4238 3735 4328">
    <p class='ocr_par' dir='ltr' id='par_1_86' title="bbox 2076 4238 3735 4328">
     <span class='ocr_line' id='line_1_86' title="bbox 2076 4238 3735 4328; baseline -0.01 -17"><span class='ocrx_word' id='word_1_745' title='bbox 2076 4256 2173 4328; x_wconf 78' lang='grc' dir='ltr'>ξιν,</span> <span class='ocrx_word' id='word_1_746' title='bbox 2226 4238 2455 4325; x_wconf 10' lang='grc' dir='ltr'>ἡίκανῶς,</span> <span class='ocrx_word' id='word_1_747' title='bbox 2516 4254 2694 4326; x_wconf 79' lang='grc' dir='ltr'>οἶμαι,</span> <span class='ocrx_word' id='word_1_748' title='bbox 2752 4249 3079 4323; x_wconf 80' lang='grc' dir='ltr'>δεδήλωται.</span> <span class='ocrx_word' id='word_1_749' title='bbox 3141 4253 3205 4305; x_wconf 76' lang='grc' dir='ltr'>Οἱ</span> <span class='ocrx_word' id='word_1_750' title='bbox 3256 4252 3361 4327; x_wconf 81' lang='grc' dir='ltr'>γὰρ</span> <span class='ocrx_word' id='word_1_751' title='bbox 3432 4246 3585 4305; x_wconf 80' lang='grc' dir='ltr'>αὐτοὶ</span> <span class='ocrx_word' id='word_1_752' title='bbox 3641 4238 3735 4298; x_wconf 83' lang='grc' dir='ltr'>καί</span> 
     </span>
    </p>
   </div>
   <div class='ocr_carea' id='block_1_87' title="bbox 2079 4329 3735 4421">
    <p class='ocr_par' dir='ltr' id='par_1_87' title="bbox 2079 4329 3735 4421">
     <span class='ocr_line' id='line_1_87' title="bbox 2079 4329 3735 4421; baseline -0.01 -19"><span class='ocrx_word' id='word_1_753' title='bbox 2079 4346 2241 4419; x_wconf 89' lang='grc' dir='ltr'>μόνον</span> <span class='ocrx_word' id='word_1_754' title='bbox 2300 4343 2470 4399; x_wconf 70' lang='grc' dir='ltr'>αἴτιον</span> <span class='ocrx_word' id='word_1_755' title='bbox 2531 4338 2729 4421; x_wconf 75' lang='grc' dir='ltr'>ἔφασαν</span> <span class='ocrx_word' id='word_1_756' title='bbox 2799 4342 2891 4398; x_wconf 88' lang='grc' dir='ltr'>τὸν</span> <span class='ocrx_word' id='word_1_757' title='bbox 2954 4338 3192 4413; x_wconf 88' lang='grc' dir='ltr'>Πατέρα,</span> <span class='ocrx_word' id='word_1_758' title='bbox 3252 4338 3343 4394; x_wconf 88' lang='grc' dir='ltr'>καὶ</span> <span class='ocrx_word' id='word_1_759' title='bbox 3419 4337 3595 4416; x_wconf 81' lang='grc' dir='ltr'>ῥίζαν,</span> <span class='ocrx_word' id='word_1_760' title='bbox 3647 4329 3735 4421; x_wconf 83' lang='grc' dir='ltr'>καὶ</span> 
     </span>
    </p>
   </div>
   <div class='ocr_carea' id='block_1_88' title="bbox 2075 4419 3735 4511">
    <p class='ocr_par' dir='ltr' id='par_1_88' title="bbox 2075 4419 3735 4511">
     <span class='ocr_line' id='line_1_88' title="bbox 2075 4419 3735 4511; baseline -0.013 -17"><span class='ocrx_word' id='word_1_761' title='bbox 2075 4436 2285 4511; x_wconf 74' lang='grc' dir='ltr'>πηγὴν,</span> <span class='ocrx_word' id='word_1_762' title='bbox 2317 4434 2408 4489; x_wconf 83' lang='grc' dir='ltr'>καὶ</span> <span class='ocrx_word' id='word_1_763' title='bbox 2465 4419 2642 4510; x_wconf 62' lang='grc' dir='ltr'>ἀρχὴν</span> <span class='ocrx_word' id='word_1_764' title='bbox 2703 4432 2833 4488; x_wconf 75' lang='grc' dir='ltr'>Υἰοῦ</span> <span class='ocrx_word' id='word_1_765' title='bbox 2890 4429 2980 4486; x_wconf 87' lang='grc' dir='ltr'>καὶ</span> <span class='ocrx_word' id='word_1_766' title='bbox 3038 4430 3366 4502; x_wconf 90' lang='grc' dir='ltr'>Πνεύματος</span> <span class='ocrx_word' id='word_1_767' title='bbox 3414 4426 3506 4483; x_wconf 91' lang='grc' dir='ltr'>τὸν</span> <span class='ocrx_word' id='word_1_768' title='bbox 3558 4419 3735 4511; x_wconf 75' lang='grc' dir='ltr'>αύτὸν,</span> 
     </span>
    </p>
   </div>
   <div class='ocr_carea' id='block_1_89' title="bbox 2074 4505 3718 4599">
    <p class='ocr_par' dir='ltr' id='par_1_89' title="bbox 2074 4505 3718 4599">
     <span class='ocr_line' id='line_1_89' title="bbox 2074 4505 3718 4599; baseline -0.01 -19"><span class='ocrx_word' id='word_1_769' title='bbox 2074 4505 2181 4580; x_wconf 51' lang='grc' dir='ltr'>κάξ</span> <span class='ocrx_word' id='word_1_770' title='bbox 2224 4505 2322 4579; x_wconf 80' lang='grc' dir='ltr'>ὅσα</span> <span class='ocrx_word' id='word_1_771' title='bbox 2374 4544 2435 4599; x_wconf 90' lang='grc' dir='ltr'>γε</span> <span class='ocrx_word' id='word_1_772' title='bbox 2486 4505 2575 4593; x_wconf 31' lang='grc' dir='ltr'>δή-</span> <span class='ocrx_word' id='word_1_773' title='bbox 2609 4542 2726 4584; x_wconf 90' lang='grc' dir='ltr'>πως</span> <span class='ocrx_word' id='word_1_774' title='bbox 2771 4517 2949 4595; x_wconf 70' lang='grc' dir='ltr'>ἕτερα,</span> <span class='ocrx_word' id='word_1_775' title='bbox 2980 4520 3082 4589; x_wconf 74' lang='grc' dir='ltr'>τὴν</span> <span class='ocrx_word' id='word_1_776' title='bbox 3132 4518 3226 4592; x_wconf 70' lang='grc' dir='ltr'>μὲν</span> <span class='ocrx_word' id='word_1_777' title='bbox 3276 4516 3328 4588; x_wconf 79' lang='grc' dir='ltr'>ἐξ</span> <span class='ocrx_word' id='word_1_778' title='bbox 3362 4518 3513 4585; x_wconf 75' lang='grc' dir='ltr'>Υίοῦ,</span> <span class='ocrx_word' id='word_1_779' title='bbox 3545 4509 3636 4568; x_wconf 78' lang='grc' dir='ltr'>καὶ</span> <span class='ocrx_word' id='word_1_780' title='bbox 3666 4505 3718 4562; x_wconf 79' lang='grc' dir='ltr'>δι</span> 
     </span>
    </p>
   </div>
   <div class='ocr_carea' id='block_1_90' title="bbox 2075 4600 3737 4686">
    <p class='ocr_par' dir='ltr' id='par_1_90' title="bbox 2075 4600 3737 4686">
     <span class='ocr_line' id='line_1_90' title="bbox 2075 4600 3737 4686; baseline -0.008 -16"><span class='ocrx_word' id='word_1_781' title='bbox 2075 4615 2203 4669; x_wconf 74' lang='grc' dir='ltr'>Υἶοῦ</span> <span class='ocrx_word' id='word_1_782' title='bbox 2257 4617 2355 4668; x_wconf 91' lang='grc' dir='ltr'>τοῦ</span> <span class='ocrx_word' id='word_1_783' title='bbox 2402 4611 2718 4686; x_wconf 87' lang='grc' dir='ltr'>Πνεύματος</span> <span class='ocrx_word' id='word_1_784' title='bbox 2781 4608 2997 4686; x_wconf 79' lang='grc' dir='ltr'>ἐπαρξιν</span> <span class='ocrx_word' id='word_1_785' title='bbox 3058 4608 3313 4684; x_wconf 84' lang='grc' dir='ltr'>ἀναιρεῖν,</span> <span class='ocrx_word' id='word_1_786' title='bbox 3354 4607 3447 4661; x_wconf 89' lang='grc' dir='ltr'>τὸν</span> <span class='ocrx_word' id='word_1_787' title='bbox 3507 4600 3566 4659; x_wconf 70' lang='grc' dir='ltr'>δὲ</span> <span class='ocrx_word' id='word_1_788' title='bbox 3621 4602 3737 4686; x_wconf 74' lang='grc' dir='ltr'>Πα-</span> 
     </span>
    </p>
   </div>
   <div class='ocr_carea' id='block_1_91' title="bbox 318 4685 3736 4778">
    <p class='ocr_par' dir='ltr' id='par_1_91' title="bbox 318 4685 3736 4778">
     <span class='ocr_line' id='line_1_91' title="bbox 318 4685 3736 4778; baseline -0.004 -19"><span class='ocrx_word' id='word_1_789' title='bbox 318 4688 528 4778; x_wconf 50' lang='lat'>09011.13</span> <span class='ocrx_word' id='word_1_790' title='bbox 559 4695 678 4753; x_wconf 72' lang='grc' dir='ltr'>πῶς</span> <span class='ocrx_word' id='word_1_791' title='bbox 705 4693 903 4768; x_wconf 72' lang='grc' dir='ltr'>ἑτέρως</span> <span class='ocrx_word' id='word_1_792' title='bbox 930 4715 943 4766; x_wconf 92' lang='grc'><strong>;</strong></span> <span class='ocrx_word' id='word_1_793' title='bbox 978 4696 1095 4774; x_wconf 80' lang='grc' dir='ltr'>Οὐχ</span> <span class='ocrx_word' id='word_1_794' title='bbox 1143 4698 1363 4775; x_wconf 72' lang='grc' dir='ltr'>ἑτέρως,</span> <span class='ocrx_word' id='word_1_795' title='bbox 1396 4685 1543 4756; x_wconf 83' lang='grc' dir='ltr'>ἀλλά</span> <span class='ocrx_word' id='word_1_796' title='bbox 1586 4685 1833 4765; x_wconf 49' lang='grc' dir='ltr'>τελείωςξ</span> <span class='ocrx_word' id='word_1_797' title='bbox 1865 4702 1977 4758; x_wconf 78' lang='grc' dir='ltr'>Οὐκ</span> <span class='ocrx_word' id='word_1_798' title='bbox 2003 4707 2051 4772; x_wconf 87' lang='lat' dir='ltr'><strong>D</strong></span> <span class='ocrx_word' id='word_1_799' title='bbox 2080 4703 2210 4778; x_wconf 89' lang='grc' dir='ltr'>τέρα</span> <span class='ocrx_word' id='word_1_800' title='bbox 2265 4701 2441 4757; x_wconf 78' lang='grc' dir='ltr'>ἐκεῖνα</span> <span class='ocrx_word' id='word_1_801' title='bbox 2490 4685 2663 4755; x_wconf 78' lang='grc' dir='ltr'>πάντα</span> <span class='ocrx_word' id='word_1_802' title='bbox 2695 4701 2771 4775; x_wconf 93' lang='grc'>(1)</span> <span class='ocrx_word' id='word_1_803' title='bbox 2802 4685 2927 4757; x_wconf 73' lang='grc' dir='ltr'>Υἳοῦ</span> <span class='ocrx_word' id='word_1_804' title='bbox 2984 4718 3043 4752; x_wconf 91' lang='grc' dir='ltr'>τε</span> <span class='ocrx_word' id='word_1_805' title='bbox 3096 4695 3187 4751; x_wconf 88' lang='grc' dir='ltr'>καὶ</span> <span class='ocrx_word' id='word_1_806' title='bbox 3247 4693 3568 4768; x_wconf 88' lang='grc' dir='ltr'>Πνεύματος</span> <span class='ocrx_word' id='word_1_807' title='bbox 3622 4685 3736 4778; x_wconf 53' lang='lat'>61¢-</span> 
     </span>
    </p>
   </div>
   <div class='ocr_carea' id='block_1_92' title="bbox 318 4773 1969 4865">
    <p class='ocr_par' dir='ltr' id='par_1_92' title="bbox 318 4773 1969 4865">
     <span class='ocr_line' id='line_1_92' title="bbox 318 4773 1969 4865; baseline 0.012 -36"><span class='ocrx_word' id='word_1_808' title='bbox 318 4773 410 4865; x_wconf 78' lang='grc' dir='ltr'>οῦν</span> <span class='ocrx_word' id='word_1_809' title='bbox 472 4777 737 4853; x_wconf 84' lang='grc' dir='ltr'>ἰσοτίμως</span> <span class='ocrx_word' id='word_1_810' title='bbox 787 4781 847 4839; x_wconf 81' lang='grc' dir='ltr'>ἐκ</span> <span class='ocrx_word' id='word_1_811' title='bbox 894 4790 995 4840; x_wconf 90' lang='grc' dir='ltr'>τοῦ</span> <span class='ocrx_word' id='word_1_812' title='bbox 1040 4773 1205 4842; x_wconf 84' lang='grc' dir='ltr'>αύτοῦ</span> <span class='ocrx_word' id='word_1_813' title='bbox 1295 4789 1418 4852; x_wconf 70' lang='grc' dir='ltr'>Υἱὸς</span> <span class='ocrx_word' id='word_1_814' title='bbox 1469 4790 1557 4844; x_wconf 88' lang='grc' dir='ltr'>κσὶ</span> <span class='ocrx_word' id='word_1_815' title='bbox 1603 4791 1667 4846; x_wconf 92' lang='grc' dir='ltr'>τὸ</span> <span class='ocrx_word' id='word_1_816' title='bbox 1706 4796 1969 4865; x_wconf 87' lang='grc' dir='ltr'>Πνεῦμα·</span> 
     </span>
    </p>
   </div>
   <div class='ocr_carea' id='block_1_93' title="bbox 314 4864 1969 4946">
    <p class='ocr_par' dir='ltr' id='par_1_93' title="bbox 314 4864 1969 4946">
     <span class='ocr_line' id='line_1_93' title="bbox 314 4864 1969 4946; baseline 0.01 -28"><span class='ocrx_word' id='word_1_817' title='bbox 314 4864 367 4919; x_wconf 84' lang='grc' dir='ltr'>τί</span> <span class='ocrx_word' id='word_1_818' title='bbox 422 4869 568 4940; x_wconf 75' lang='grc' dir='ltr'>μήν;</span> <span class='ocrx_word' id='word_1_819' title='bbox 602 4868 732 4932; x_wconf 76' lang='grc' dir='ltr'>Θεὸς</span> <span class='ocrx_word' id='word_1_820' title='bbox 783 4870 872 4926; x_wconf 74' lang='grc' dir='ltr'>οὖν</span> <span class='ocrx_word' id='word_1_821' title='bbox 926 4874 953 4929; x_wconf 91' lang='lat'>6</span> <span class='ocrx_word' id='word_1_822' title='bbox 995 4874 1151 4946; x_wconf 64' lang='lat' dir='ltr'>r1154;</span> <span class='ocrx_word' id='word_1_823' title='bbox 1188 4876 1339 4939; x_wconf 89' lang='grc' dir='ltr'>Θεός.</span> <span class='ocrx_word' id='word_1_824' title='bbox 1372 4878 1500 4941; x_wconf 89' lang='grc' dir='ltr'>Θεὸς</span> <span class='ocrx_word' id='word_1_825' title='bbox 1547 4879 1637 4933; x_wconf 79' lang='grc' dir='ltr'>καὶ</span> <span class='ocrx_word' id='word_1_826' title='bbox 1685 4880 1747 4935; x_wconf 92' lang='grc' dir='ltr'>τὸ</span> <span class='ocrx_word' id='word_1_827' title='bbox 1794 4864 1969 4937; x_wconf 83' lang='grc' dir='ltr'>Πνεῦ-</span> 
     </span>
    </p>
   </div>
   <div class='ocr_carea' id='block_1_94' title="bbox 321 4957 1972 5043">
    <p class='ocr_par' dir='ltr' id='par_1_94' title="bbox 321 4957 1972 5043">
     <span class='ocr_line' id='line_1_94' title="bbox 321 4957 1972 5043; baseline 0.011 -34"><span class='ocrx_word' id='word_1_828' title='bbox 321 4975 432 5027; x_wconf 90' lang='grc' dir='ltr'>μα;</span> <span class='ocrx_word' id='word_1_829' title='bbox 489 4957 640 5020; x_wconf 90' lang='grc' dir='ltr'>Θεός.</span> <span class='ocrx_word' id='word_1_830' title='bbox 691 4960 779 5023; x_wconf 79' lang='grc' dir='ltr'>Ὡς</span> <span class='ocrx_word' id='word_1_831' title='bbox 813 4962 841 5016; x_wconf 91' lang='lat'>6</span> <span class='ocrx_word' id='word_1_832' title='bbox 884 4965 1119 5039; x_wconf 52' lang='lat' dir='ltr'>IIem/‘9;</span> <span class='ocrx_word' id='word_1_833' title='bbox 1164 4962 1333 5043; x_wconf 61' lang='grc' dir='ltr'>Εἴπερ</span> <span class='ocrx_word' id='word_1_834' title='bbox 1376 4966 1578 5037; x_wconf 88' lang='grc' dir='ltr'>τέλεια,</span> <span class='ocrx_word' id='word_1_835' title='bbox 1610 4969 1699 5023; x_wconf 80' lang='grc' dir='ltr'>καὶ</span> <span class='ocrx_word' id='word_1_836' title='bbox 1757 4969 1817 5024; x_wconf 84' lang='grc' dir='ltr'>ὲκ</span> <span class='ocrx_word' id='word_1_837' title='bbox 1870 4973 1972 5040; x_wconf 71' lang='grc' dir='ltr'>τῆς</span> 
     </span>
    </p>
   </div>
   <div class='ocr_carea' id='block_1_95' title="bbox 319 5043 1970 5129">
    <p class='ocr_par' dir='ltr' id='par_1_95' title="bbox 319 5043 1970 5129">
     <span class='ocr_line' id='line_1_95' title="bbox 319 5043 1970 5129; baseline 0.01 -31"><span class='ocrx_word' id='word_1_838' title='bbox 319 5043 501 5109; x_wconf 79' lang='grc' dir='ltr'>οὐσίας</span> <span class='ocrx_word' id='word_1_839' title='bbox 558 5046 749 5118; x_wconf 79' lang='grc' dir='ltr'>αὐτῆς.</span> <span class='ocrx_word' id='word_1_840' title='bbox 779 5051 911 5114; x_wconf 89' lang='grc' dir='ltr'>Θεὸς</span> <span class='ocrx_word' id='word_1_841' title='bbox 967 5051 1072 5129; x_wconf 74' lang='grc' dir='ltr'>ἄρα</span> <span class='ocrx_word' id='word_1_842' title='bbox 1114 5054 1204 5108; x_wconf 82' lang='grc' dir='ltr'>καὶ</span> <span class='ocrx_word' id='word_1_843' title='bbox 1237 5056 1367 5119; x_wconf 85' lang='grc' dir='ltr'>Θεὸς</span> <span class='ocrx_word' id='word_1_844' title='bbox 1416 5056 1505 5110; x_wconf 87' lang='grc' dir='ltr'>καὶ</span> <span class='ocrx_word' id='word_1_845' title='bbox 1559 5057 1728 5129; x_wconf 87' lang='grc' dir='ltr'>Θεός;</span> <span class='ocrx_word' id='word_1_846' title='bbox 1762 5057 1970 5122; x_wconf 76' lang='grc' dir='ltr'>Οὕτως.</span> 
     </span>
    </p>
   </div>
   <div class='ocr_carea' id='block_1_96' title="bbox 316 5133 1972 5217">
    <p class='ocr_par' dir='ltr' id='par_1_96' title="bbox 316 5133 1972 5217">
     <span class='ocr_line' id='line_1_96' title="bbox 316 5133 1972 5217; baseline 0.011 -31"><span class='ocrx_word' id='word_1_847' title='bbox 316 5139 473 5209; x_wconf 88' lang='grc' dir='ltr'>Τρεῖς</span> <span class='ocrx_word' id='word_1_848' title='bbox 528 5133 619 5191; x_wconf 77' lang='grc' dir='ltr'>οὖν</span> <span class='ocrx_word' id='word_1_849' title='bbox 679 5138 828 5209; x_wconf 87' lang='grc' dir='ltr'>θεοί;</span> <span class='ocrx_word' id='word_1_850' title='bbox 889 5139 1176 5215; x_wconf 87' lang='grc' dir='ltr'>Ούδαμῶς,</span> <span class='ocrx_word' id='word_1_851' title='bbox 1226 5146 1301 5206; x_wconf 84' lang='grc' dir='ltr'>εἴς</span> <span class='ocrx_word' id='word_1_852' title='bbox 1363 5141 1443 5216; x_wconf 72' lang='grc' dir='ltr'>δὲ,</span> <span class='ocrx_word' id='word_1_853' title='bbox 1499 5147 1695 5209; x_wconf 86' lang='grc' dir='ltr'>παντὸς</span> <span class='ocrx_word' id='word_1_854' title='bbox 1759 5146 1972 5217; x_wconf 80' lang='grc' dir='ltr'>μᾶλλον</span> 
     </span>
    </p>
   </div>
   <div class='ocr_carea' id='block_1_97' title="bbox 317 5224 1968 5312">
    <p class='ocr_par' dir='ltr' id='par_1_97' title="bbox 317 5224 1968 5312">
     <span class='ocr_line' id='line_1_97' title="bbox 317 5224 1968 5312; baseline 0.004 -27"><span class='ocrx_word' id='word_1_855' title='bbox 317 5224 430 5285; x_wconf 81' lang='grc' dir='ltr'>εἶς’</span> <span class='ocrx_word' id='word_1_856' title='bbox 475 5224 510 5293; x_wconf 73' lang='grc' dir='ltr'><strong>ἢ</strong></span> <span class='ocrx_word' id='word_1_857' title='bbox 566 5230 683 5288; x_wconf 73' lang='grc' dir='ltr'>πῶς</span> <span class='ocrx_word' id='word_1_858' title='bbox 727 5249 788 5303; x_wconf 85' lang='grc' dir='ltr'>γε</span> <span class='ocrx_word' id='word_1_859' title='bbox 842 5231 940 5303; x_wconf 81' lang='grc' dir='ltr'>μὴ,</span> <span class='ocrx_word' id='word_1_860' title='bbox 993 5230 1130 5286; x_wconf 80' lang='grc' dir='ltr'>ὅπου</span> <span class='ocrx_word' id='word_1_861' title='bbox 1180 5232 1276 5306; x_wconf 81' lang='grc' dir='ltr'>μία</span> <span class='ocrx_word' id='word_1_862' title='bbox 1322 5254 1386 5309; x_wconf 91' lang='grc' dir='ltr'>γε</span> <span class='ocrx_word' id='word_1_863' title='bbox 1437 5233 1617 5312; x_wconf 83' lang='grc' dir='ltr'>φύσις,</span> <span class='ocrx_word' id='word_1_864' title='bbox 1659 5235 1832 5310; x_wconf 82' lang='grc' dir='ltr'>οὐσία,</span> <span class='ocrx_word' id='word_1_865' title='bbox 1877 5234 1968 5291; x_wconf 86' lang='grc' dir='ltr'>δύ-</span> 
     </span>
    </p>
   </div>
   <div class='ocr_carea' id='block_1_98' title="bbox 316 5313 1968 5400">
    <p class='ocr_par' dir='ltr' id='par_1_98' title="bbox 316 5313 1968 5400">
     <span class='ocr_line' id='line_1_98' title="bbox 316 5313 1968 5400; baseline 0.01 -36"><span class='ocrx_word' id='word_1_866' title='bbox 316 5333 502 5384; x_wconf 90' lang='grc' dir='ltr'>ναμις,</span> <span class='ocrx_word' id='word_1_867' title='bbox 552 5313 812 5391; x_wconf 81' lang='grc' dir='ltr'>ἐνέργεια,</span> <span class='ocrx_word' id='word_1_868' title='bbox 867 5319 1154 5395; x_wconf 83' lang='grc' dir='ltr'>βούλησις,</span> <span class='ocrx_word' id='word_1_869' title='bbox 1203 5321 1292 5376; x_wconf 75' lang='grc' dir='ltr'>καὶ</span> <span class='ocrx_word' id='word_1_870' title='bbox 1353 5322 1417 5377; x_wconf 87' lang='grc' dir='ltr'>τὸ</span> <span class='ocrx_word' id='word_1_871' title='bbox 1484 5322 1867 5400; x_wconf 84' lang='grc' dir='ltr'>παραλλάττον</span> <span class='ocrx_word' id='word_1_872' title='bbox 1916 5325 1968 5381; x_wconf 82' lang='grc' dir='ltr'>ἐν</span> 
     </span>
    </p>
   </div>
   <div class='ocr_carea' id='block_1_99' title="bbox 314 5403 1970 5488">
    <p class='ocr_par' dir='ltr' id='par_1_99' title="bbox 314 5403 1970 5488">
     <span class='ocr_line' id='line_1_99' title="bbox 314 5403 1970 5488; baseline 0.01 -34"><span class='ocrx_word' id='word_1_873' title='bbox 314 5406 433 5463; x_wconf 89' lang='grc' dir='ltr'>τοῖς</span> <span class='ocrx_word' id='word_1_874' title='bbox 490 5403 762 5467; x_wconf 87' lang='grc' dir='ltr'>τοιούτοις</span> <span class='ocrx_word' id='word_1_875' title='bbox 818 5406 1107 5479; x_wconf 81' lang='grc' dir='ltr'>οὐδέν;Τί</span> <span class='ocrx_word' id='word_1_876' title='bbox 1155 5408 1247 5479; x_wconf 88' lang='grc' dir='ltr'>δέ;</span> <span class='ocrx_word' id='word_1_877' title='bbox 1280 5410 1379 5465; x_wconf 75' lang='grc' dir='ltr'>Καὶ</span> <span class='ocrx_word' id='word_1_878' title='bbox 1439 5411 1587 5475; x_wconf 74' lang='grc' dir='ltr'>ὅπως</span> <span class='ocrx_word' id='word_1_879' title='bbox 1649 5416 1726 5488; x_wconf 79' lang='grc' dir='ltr'>μὴ</span> <span class='ocrx_word' id='word_1_880' title='bbox 1785 5415 1970 5471; x_wconf 81' lang='grc' dir='ltr'>ἐπανε-</span> 
     </span>
    </p>
   </div>
   <div class='ocr_carea' id='block_1_100' title="bbox 319 5492 1972 5576">
    <p class='ocr_par' dir='ltr' id='par_1_100' title="bbox 319 5492 1972 5576">
     <span class='ocr_line' id='line_1_100' title="bbox 319 5492 1972 5576; baseline 0.009 -31"><span class='ocrx_word' id='word_1_881' title='bbox 319 5492 645 5565; x_wconf 85' lang='grc' dir='ltr'>ρωτώμενος</span> <span class='ocrx_word' id='word_1_882' title='bbox 708 5495 999 5572; x_wconf 80' lang='grc' dir='ltr'>ἀχθεσθῇς,</span> <span class='ocrx_word' id='word_1_883' title='bbox 1058 5503 1137 5571; x_wconf 79' lang='grc' dir='ltr'>τῷ</span> <span class='ocrx_word' id='word_1_884' title='bbox 1203 5500 1447 5574; x_wconf 82' lang='grc' dir='ltr'>παναγίῳ</span> <span class='ocrx_word' id='word_1_885' title='bbox 1525 5503 1803 5576; x_wconf 89' lang='grc' dir='ltr'>Πνεύματι</span> <span class='ocrx_word' id='word_1_886' title='bbox 1872 5504 1972 5560; x_wconf 84' lang='grc' dir='ltr'>οὐκ</span> 
     </span>
    </p>
   </div>
   <div class='ocr_carea' id='block_1_101' title="bbox 318 5577 1965 5671">
    <p class='ocr_par' dir='ltr' id='par_1_101' title="bbox 318 5577 1965 5671">
     <span class='ocr_line' id='line_1_101' title="bbox 318 5577 1965 5671; baseline 0.009 -38"><span class='ocrx_word' id='word_1_887' title='bbox 318 5577 379 5633; x_wconf 77' lang='grc' dir='ltr'>ἐκ</span> <span class='ocrx_word' id='word_1_888' title='bbox 422 5586 520 5636; x_wconf 89' lang='grc' dir='ltr'>τοῦ</span> <span class='ocrx_word' id='word_1_889' title='bbox 569 5584 786 5660; x_wconf 87' lang='grc' dir='ltr'>Πατρὸς</span> <span class='ocrx_word' id='word_1_890' title='bbox 816 5589 851 5656; x_wconf 80' lang='grc' dir='ltr'><strong>ἡ</strong></span> <span class='ocrx_word' id='word_1_891' title='bbox 884 5586 1110 5666; x_wconf 75' lang='grc' dir='ltr'>ὕπαρξις</span> <span class='ocrx_word' id='word_1_892' title='bbox 1157 5587 1336 5664; x_wconf 80' lang='grc' dir='ltr'>ὥσπερ</span> <span class='ocrx_word' id='word_1_893' title='bbox 1367 5590 1457 5644; x_wconf 82' lang='grc' dir='ltr'>καὶ</span> <span class='ocrx_word' id='word_1_894' title='bbox 1497 5595 1576 5663; x_wconf 76' lang='grc' dir='ltr'>τῷ</span> <span class='ocrx_word' id='word_1_895' title='bbox 1606 5593 1731 5664; x_wconf 78' lang='grc' dir='ltr'>Γὶᾦ·</span> <span class='ocrx_word' id='word_1_896' title='bbox 1765 5597 1965 5671; x_wconf 86' lang='grc' dir='ltr'>’¹Εφην,</span> 
     </span>
    </p>
   </div>
   <div class='ocr_carea' id='block_1_102' title="bbox 392 5763 1758 5843">
    <p class='ocr_par' dir='ltr' id='par_1_102' title="bbox 392 5763 1758 5843">
     <span class='ocr_line' id='line_1_102' title="bbox 392 5763 1758 5843; baseline 0.008 -25"><span class='ocrx_word' id='word_1_897' title='bbox 392 5763 471 5834; x_wconf 92' lang='grc'>(1)</span> <span class='ocrx_word' id='word_1_898' title='bbox 500 5766 671 5821; x_wconf 85' lang='lat' dir='ltr'>Deest</span> <span class='ocrx_word' id='word_1_899' title='bbox 699 5764 797 5824; x_wconf 82' lang='lat' dir='ltr'>hic</span> <span class='ocrx_word' id='word_1_900' title='bbox 823 5767 1071 5842; x_wconf 80' lang='lat' dir='ltr'>aliquid,</span> <span class='ocrx_word' id='word_1_901' title='bbox 1108 5771 1173 5825; x_wconf 83' lang='lat' dir='ltr'>ut</span> <span class='ocrx_word' id='word_1_902' title='bbox 1199 5773 1364 5843; x_wconf 82' lang='lat' dir='ltr'>puta,</span> <span class='ocrx_word' id='word_1_903' title='bbox 1397 5764 1567 5825; x_wconf 66' lang='lat' dir='ltr'>ai’nov</span> <span class='ocrx_word' id='word_1_904' title='bbox 1602 5770 1758 5829; x_wconf 80' lang='grc' dir='ltr'>εἶναι.</span> 
     </span>
    </p>
   </div>
   <div class='ocr_carea' id='block_1_103' title="bbox 2080 4772 3735 4869">
    <p class='ocr_par' dir='ltr' id='par_1_103' title="bbox 2080 4772 3735 4869">
     <span class='ocr_line' id='line_1_103' title="bbox 2080 4772 3735 4869; baseline -0.01 -21"><span class='ocrx_word' id='word_1_905' title='bbox 2080 4772 2288 4869; x_wconf 31' lang='grc' dir='ltr'>τρΙανοῖ.</span> <span class='ocrx_word' id='word_1_906' title='bbox 2323 4791 2422 4845; x_wconf 83' lang='grc' dir='ltr'>Καὶ</span> <span class='ocrx_word' id='word_1_907' title='bbox 2470 4789 2645 4867; x_wconf 84' lang='grc' dir='ltr'>χωρίς</span> <span class='ocrx_word' id='word_1_908' title='bbox 2693 4772 2761 4865; x_wconf 82' lang='grc' dir='ltr'>γε</span> <span class='ocrx_word' id='word_1_909' title='bbox 2803 4785 3011 4842; x_wconf 90' lang='grc' dir='ltr'>τούτων</span> <span class='ocrx_word' id='word_1_910' title='bbox 3062 4782 3153 4840; x_wconf 83' lang='grc' dir='ltr'>διὰ</span> <span class='ocrx_word' id='word_1_911' title='bbox 3196 4788 3295 4838; x_wconf 88' lang='grc' dir='ltr'>τοῦ</span> <span class='ocrx_word' id='word_1_912' title='bbox 3342 4784 3471 4838; x_wconf 76' lang='grc' dir='ltr'>Υὶοῦ</span> <span class='ocrx_word' id='word_1_913' title='bbox 3524 4777 3618 4853; x_wconf 71' lang='grc' dir='ltr'>μὲν</span> <span class='ocrx_word' id='word_1_914' title='bbox 3651 4772 3735 4869; x_wconf 51' lang='grc' dir='ltr'>ἒκῖ</span> 
     </span>
    </p>
   </div>
   <div class='ocr_carea' id='block_1_104' title="bbox 2079 4856 3737 4957">
    <p class='ocr_par' dir='ltr' id='par_1_104' title="bbox 2079 4856 3737 4957">
     <span class='ocr_line' id='line_1_104' title="bbox 2079 4856 3737 4957; baseline -0.013 -21"><span class='ocrx_word' id='word_1_915' title='bbox 2079 4856 2399 4957; x_wconf 70' lang='grc' dir='ltr'>πορεύεσθαι</span> <span class='ocrx_word' id='word_1_916' title='bbox 2459 4877 2656 4957; x_wconf 78' lang='grc' dir='ltr'>ἔφασαν</span> <span class='ocrx_word' id='word_1_917' title='bbox 2718 4876 2932 4948; x_wconf 78' lang='grc' dir='ltr'>ἐκεῖνοι,</span> <span class='ocrx_word' id='word_1_918' title='bbox 2966 4871 3019 4929; x_wconf 66' lang='grc' dir='ltr'>οἵ</span> <span class='ocrx_word' id='word_1_919' title='bbox 3074 4895 3138 4949; x_wconf 86' lang='grc' dir='ltr'>γε</span> <span class='ocrx_word' id='word_1_920' title='bbox 3184 4870 3276 4927; x_wconf 87' lang='grc' dir='ltr'>καὶ</span> <span class='ocrx_word' id='word_1_921' title='bbox 3310 4870 3617 4946; x_wconf 73' lang='grc' dir='ltr'>εἰρήκεσαν,</span> <span class='ocrx_word' id='word_1_922' title='bbox 3646 4856 3737 4957; x_wconf 66' lang='grc' dir='ltr'>καί</span> 
     </span>
    </p>
   </div>
   <div class='ocr_carea' id='block_1_105' title="bbox 2080 4947 3738 5044">
    <p class='ocr_par' dir='ltr' id='par_1_105' title="bbox 2080 4947 3738 5044">
     <span class='ocr_line' id='line_1_105' title="bbox 2080 4947 3738 5044; baseline -0.013 -18"><span class='ocrx_word' id='word_1_923' title='bbox 2080 4947 2243 5044; x_wconf 75' lang='grc' dir='ltr'>ἡμεῖς</span> <span class='ocrx_word' id='word_1_924' title='bbox 2277 4966 2432 5041; x_wconf 64' lang='grc' dir='ltr'>ἴσμεν</span> <span class='ocrx_word' id='word_1_925' title='bbox 2463 4947 2714 5029; x_wconf 71' lang='grc' dir='ltr'>εῖπόντας</span> <span class='ocrx_word' id='word_1_926' title='bbox 2741 4988 2755 5002; x_wconf 91' lang='grc'><strong>·</strong></span> <span class='ocrx_word' id='word_1_927' title='bbox 2808 4964 2893 5020; x_wconf 85' lang='grc' dir='ltr'>ὅτι</span> <span class='ocrx_word' id='word_1_928' title='bbox 2924 4961 2981 5019; x_wconf 76' lang='grc' dir='ltr'>δὲ</span> <span class='ocrx_word' id='word_1_929' title='bbox 3013 4947 3103 5018; x_wconf 78' lang='grc' dir='ltr'>καί</span> <span class='ocrx_word' id='word_1_930' title='bbox 3153 4960 3378 5038; x_wconf 76' lang='grc' dir='ltr'>ὕπαρξις</span> <span class='ocrx_word' id='word_1_931' title='bbox 3435 4963 3515 5031; x_wconf 80' lang='grc' dir='ltr'>τῷ</span> <span class='ocrx_word' id='word_1_932' title='bbox 3575 4947 3738 5044; x_wconf 77' lang='grc' dir='ltr'>Πνεύ-</span> 
     </span>
    </p>
   </div>
   <div class='ocr_carea' id='block_1_106' title="bbox 2085 5042 3736 5132">
    <p class='ocr_par' dir='ltr' id='par_1_106' title="bbox 2085 5042 3736 5132">
     <span class='ocr_line' id='line_1_106' title="bbox 2085 5042 3736 5132; baseline -0.01 -18"><span class='ocrx_word' id='word_1_933' title='bbox 2085 5079 2213 5132; x_wconf 88' lang='grc' dir='ltr'>ματι</span> <span class='ocrx_word' id='word_1_934' title='bbox 2246 5055 2337 5113; x_wconf 76' lang='grc' dir='ltr'>διὰ</span> <span class='ocrx_word' id='word_1_935' title='bbox 2374 5061 2472 5113; x_wconf 89' lang='grc' dir='ltr'>τοῦ</span> <span class='ocrx_word' id='word_1_936' title='bbox 2502 5058 2628 5112; x_wconf 76' lang='grc' dir='ltr'>Υἰοῦ</span> <span class='ocrx_word' id='word_1_937' title='bbox 2661 5055 2760 5111; x_wconf 82' lang='grc' dir='ltr'>οὐκ</span> <span class='ocrx_word' id='word_1_938' title='bbox 2787 5051 2951 5122; x_wconf 78' lang='grc' dir='ltr'>ἔστιν,</span> <span class='ocrx_word' id='word_1_939' title='bbox 2985 5051 3059 5114; x_wconf 83' lang='grc' dir='ltr'>ὥς</span> <span class='ocrx_word' id='word_1_940' title='bbox 3108 5071 3191 5113; x_wconf 88' lang='grc' dir='ltr'>τις</span> <span class='ocrx_word' id='word_1_941' title='bbox 3241 5048 3416 5104; x_wconf 75' lang='grc' dir='ltr'>αὐτῶν</span> <span class='ocrx_word' id='word_1_942' title='bbox 3468 5042 3736 5122; x_wconf 76' lang='grc' dir='ltr'>λεγόντων</span> 
     </span>
    </p>
   </div>
   <div class='ocr_carea' id='block_1_107' title="bbox 2080 5133 3734 5222">
    <p class='ocr_par' dir='ltr' id='par_1_107' title="bbox 2080 5133 3734 5222">
     <span class='ocr_line' id='line_1_107' title="bbox 2080 5133 3734 5222; baseline -0.006 -23"><span class='ocrx_word' id='word_1_943' title='bbox 2080 5147 2303 5219; x_wconf 80' lang='grc' dir='ltr'>ἀκήκοε.</span> <span class='ocrx_word' id='word_1_944' title='bbox 2335 5151 2506 5202; x_wconf 87' lang='grc' dir='ltr'>Τοῦτο</span> <span class='ocrx_word' id='word_1_945' title='bbox 2542 5146 2635 5219; x_wconf 75' lang='grc' dir='ltr'>μὶν</span> <span class='ocrx_word' id='word_1_946' title='bbox 2688 5141 2780 5199; x_wconf 76' lang='grc' dir='ltr'>οὖν</span> <span class='ocrx_word' id='word_1_947' title='bbox 2839 5139 2942 5222; x_wconf 77' lang='grc' dir='ltr'>ἔφη</span> <span class='ocrx_word' id='word_1_948' title='bbox 3000 5139 3129 5203; x_wconf 74' lang='grc' dir='ltr'>τοὺς</span> <span class='ocrx_word' id='word_1_949' title='bbox 3188 5138 3433 5215; x_wconf 75' lang='grc' dir='ltr'>Πατέρας</span> <span class='ocrx_word' id='word_1_950' title='bbox 3487 5133 3734 5222; x_wconf 48' lang='grc' dir='ltr'>ἂνοῆςαξ</span> 
     </span>
    </p>
   </div>
   <div class='ocr_carea' id='block_1_108' title="bbox 2080 5217 3735 5312">
    <p class='ocr_par' dir='ltr' id='par_1_108' title="bbox 2080 5217 3735 5312">
     <span class='ocr_line' id='line_1_108' title="bbox 2080 5217 3735 5312; baseline -0.011 -20"><span class='ocrx_word' id='word_1_951' title='bbox 2080 5217 2181 5291; x_wconf 12' lang='lat' dir='ltr'>xuii</span> <span class='ocrx_word' id='word_1_952' title='bbox 2202 5232 2349 5306; x_wconf 82' lang='grc' dir='ltr'>δόξαι</span> <span class='ocrx_word' id='word_1_953' title='bbox 2379 5240 2499 5297; x_wconf 90' lang='grc' dir='ltr'>ταῖς</span> <span class='ocrx_word' id='word_1_954' title='bbox 2544 5217 2736 5312; x_wconf 15' lang='grc' dir='ltr'>ηρήσεσι</span> <span class='ocrx_word' id='word_1_955' title='bbox 2786 5217 3006 5292; x_wconf 81' lang='grc' dir='ltr'>ταύταις</span> <span class='ocrx_word' id='word_1_956' title='bbox 3055 5229 3280 5304; x_wconf 74' lang='grc' dir='ltr'>ὕπαρξιν</span> <span class='ocrx_word' id='word_1_957' title='bbox 3330 5224 3419 5282; x_wconf 77' lang='grc' dir='ltr'>διὰ</span> <span class='ocrx_word' id='word_1_958' title='bbox 3464 5225 3563 5278; x_wconf 88' lang='grc' dir='ltr'>τοῦ</span> <span class='ocrx_word' id='word_1_959' title='bbox 3610 5217 3735 5276; x_wconf 71' lang='grc' dir='ltr'>Υἱσῦ</span> 
     </span>
    </p>
   </div>
   <div class='ocr_carea' id='block_1_109' title="bbox 2079 5311 3732 5398">
    <p class='ocr_par' dir='ltr' id='par_1_109' title="bbox 2079 5311 3732 5398">
     <span class='ocr_line' id='line_1_109' title="bbox 2079 5311 3732 5398; baseline -0.012 -17"><span class='ocrx_word' id='word_1_960' title='bbox 2079 5331 2263 5398; x_wconf 90' lang='grc' dir='ltr'>νεῖμαι</span> <span class='ocrx_word' id='word_1_961' title='bbox 2319 5329 2398 5397; x_wconf 79' lang='grc' dir='ltr'>τῷ</span> <span class='ocrx_word' id='word_1_962' title='bbox 2452 5311 2756 5397; x_wconf 86' lang='grc' dir='ltr'>Πνεύματι,</span> <span class='ocrx_word' id='word_1_963' title='bbox 2812 5320 2911 5376; x_wconf 84' lang='grc' dir='ltr'>ούκ</span> <span class='ocrx_word' id='word_1_964' title='bbox 2966 5317 3110 5375; x_wconf 74' lang='grc' dir='ltr'>ἔστιν</span> <span class='ocrx_word' id='word_1_965' title='bbox 3184 5316 3334 5380; x_wconf 82' lang='grc' dir='ltr'>ὅπως</span> <span class='ocrx_word' id='word_1_966' title='bbox 3403 5311 3732 5398; x_wconf 73' lang='grc' dir='ltr'>συνθήσομαι</span> 
     </span>
    </p>
   </div>
   <div class='ocr_carea' id='block_1_110' title="bbox 2081 5395 3735 5486">
    <p class='ocr_par' dir='ltr' id='par_1_110' title="bbox 2081 5395 3735 5486">
     <span class='ocr_line' id='line_1_110' title="bbox 2081 5395 3735 5486; baseline -0.01 -17"><span class='ocrx_word' id='word_1_967' title='bbox 2081 5418 2176 5469; x_wconf 88' lang='grc' dir='ltr'>τοῦ</span> <span class='ocrx_word' id='word_1_968' title='bbox 2207 5413 2428 5470; x_wconf 89' lang='grc' dir='ltr'>λοιποῦ.</span> <span class='ocrx_word' id='word_1_969' title='bbox 2463 5412 2611 5468; x_wconf 86' lang='grc' dir='ltr'>Ἐπεὶ</span> <span class='ocrx_word' id='word_1_970' title='bbox 2645 5409 2814 5482; x_wconf 81' lang='grc' dir='ltr'>δῆλόν</span> <span class='ocrx_word' id='word_1_971' title='bbox 2870 5430 2930 5486; x_wconf 87' lang='grc' dir='ltr'>γε</span> <span class='ocrx_word' id='word_1_972' title='bbox 2976 5408 3069 5464; x_wconf 83' lang='grc' dir='ltr'>καὶ</span> <span class='ocrx_word' id='word_1_973' title='bbox 3123 5406 3329 5476; x_wconf 85' lang='grc' dir='ltr'>παισὶν,</span> <span class='ocrx_word' id='word_1_974' title='bbox 3363 5405 3439 5466; x_wconf 85' lang='grc' dir='ltr'>ὡς</span> <span class='ocrx_word' id='word_1_975' title='bbox 3495 5395 3648 5486; x_wconf 69' lang='grc' dir='ltr'>αὐτοί</span> <span class='ocrx_word' id='word_1_976' title='bbox 3675 5412 3735 5486; x_wconf 67' lang='grc' dir='ltr'>γε</span> 
     </span>
    </p>
   </div>
   <div class='ocr_carea' id='block_1_111' title="bbox 2081 5483 3728 5573">
    <p class='ocr_par' dir='ltr' id='par_1_111' title="bbox 2081 5483 3728 5573">
     <span class='ocr_line' id='line_1_111' title="bbox 2081 5483 3728 5573; baseline -0.011 -15"><span class='ocrx_word' id='word_1_977' title='bbox 2081 5504 2293 5565; x_wconf 75' lang='grc' dir='ltr'>ἑαυτοῖς</span> <span class='ocrx_word' id='word_1_978' title='bbox 2345 5502 2435 5557; x_wconf 83' lang='grc' dir='ltr'>καὶ</span> <span class='ocrx_word' id='word_1_979' title='bbox 2495 5500 2726 5573; x_wconf 80' lang='grc' dir='ltr'>ἀληθείᾳ</span> <span class='ocrx_word' id='word_1_980' title='bbox 2778 5483 3150 5573; x_wconf 82' lang='grc' dir='ltr'>πολεμοῦντες</span> <span class='ocrx_word' id='word_1_981' title='bbox 3207 5495 3268 5550; x_wconf 78' lang='grc' dir='ltr'>ἂν</span> <span class='ocrx_word' id='word_1_982' title='bbox 3325 5490 3532 5562; x_wconf 71' lang='grc' dir='ltr'>εἶήσαν.</span> <span class='ocrx_word' id='word_1_983' title='bbox 3576 5483 3728 5573; x_wconf 58' lang='grc' dir='ltr'>Πλήγ</span> 
     </span>
    </p>
   </div>
   <div class='ocr_carea' id='block_1_112' title="bbox 2077 5567 3731 5667">
    <p class='ocr_par' dir='ltr' id='par_1_112' title="bbox 2077 5567 3731 5667">
     <span class='ocr_line' id='line_1_112' title="bbox 2077 5567 3731 5667; baseline -0.014 -19"><span class='ocrx_word' id='word_1_984' title='bbox 2077 5589 2205 5647; x_wconf 90' lang='grc' dir='ltr'>τόδε</span> <span class='ocrx_word' id='word_1_985' title='bbox 2241 5613 2333 5666; x_wconf 90' lang='grc' dir='ltr'>μοι</span> <span class='ocrx_word' id='word_1_986' title='bbox 2392 5588 2550 5667; x_wconf 82' lang='grc' dir='ltr'>δεῦρο</span> <span class='ocrx_word' id='word_1_987' title='bbox 2593 5567 2762 5661; x_wconf 38' lang='grc' dir='ltr'>’λέξον</span> <span class='ocrx_word' id='word_1_988' title='bbox 2823 5567 3030 5667; x_wconf 81' lang='grc' dir='ltr'>σαφῶς,</span> <span class='ocrx_word' id='word_1_989' title='bbox 3060 5586 3114 5641; x_wconf 87' lang='grc' dir='ltr'>τί</span> <span class='ocrx_word' id='word_1_990' title='bbox 3146 5584 3340 5641; x_wconf 87' lang='grc' dir='ltr'>λοιπὸν</span> <span class='ocrx_word' id='word_1_991' title='bbox 3367 5578 3551 5658; x_wconf 61' lang='grc' dir='ltr'>ἕτερον</span> <span class='ocrx_word' id='word_1_992' title='bbox 3579 5567 3731 5629; x_wconf 80' lang='grc' dir='ltr'>ταυτὶ</span> 
     </span>
    </p>
   </div>
  </div>
