4108 6460
344 402 461 466 257

342 535 409 591 τὰ
469 533 693 611 ῥήματα
753 531 1007 610 βούλεται
1064 533 1179 594 τοῖς
1257 529 1468 587 εἰποῦσι
1523 530 1805 604 σημαίνειν
1843 571 1856 583 .

345 623 527 681 Ἀλλὰ
578 622 843 699 πρότερον
897 622 933 690 ἢ
990 622 1058 676 τὰ
1114 618 1377 677 δοκοῦντα
1434 619 1602 675 εἰπεῖν
1638 666 1652 692 ,

347 712 463 770 δέον
526 713 603 775 ὡς
661 710 779 788 ἔχει
835 710 925 767 καὶ
979 711 1046 765 τὰ
1101 708 1355 784 ὑμέτερα,
1404 708 1602 786 ὅσαπερ
1649 709 2005 785 ἐξηγούμενοι

1592 391 1923 461 SGRIPTA
1967 393 2534 460 APOLOGETICA.

3646 398 3765 466 258

1915 527 2008 591 Τίς
2037 533 2089 600 Α
2193 529 2554 601 Φιλονεικεῖς,
2601 525 2740 601 οἶδα,
2789 529 2928 603 πρὸς
2967 532 3155 600 ταῦτα,
3199 530 3288 586 καὶ
3326 535 3605 604 πειθήνιον
3636 556 3763 591 σαυ-

1713 620 2005 693 σκέψασθαι
2113 618 2205 673 τὸν
2262 616 2519 692 οὐδαμῶς
2575 619 2838 695 παρέχεις
2893 624 2972 691 τῷ
3029 617 3198 696 λόγῳ·
3245 617 3395 698 ἄθρει
3443 620 3509 692 δὴ
3570 621 3763 680 λοιπὸν

2114 708 2214 776 τὴν
2268 708 2579 780 θαυμαστὴν
2638 707 2970 786 φιλονεικίαν
3016 708 3091 769 είς
3143 710 3256 764 οἷον
3290 711 3438 788 φέρει
3489 712 3553 767 τὸ
3582 711 3764 776 τέλος.

348 804 406 859 τὸ
463 801 526 857 ἐκ
583 801 796 876 Πατρὸς
877 798 945 856 δι’
1022 801 1152 854 Υίοῦ
1219 798 1599 874 ἐκπορεύεσθαι
1670 798 1732 852 τὸ
1791 794 2011 869 Πνεῦμά
2116 796 2187 851 Τὸ
2237 794 2307 851 δι’
2353 801 2457 852 Υοῦ
2506 796 2566 852 ἐκ
2608 801 2705 851 τοῦ
2753 799 2968 874 Πατρὸς
3016 797 3394 873 ἐκπορεύεσθαι
3440 802 3505 856 τὸ
3546 805 3772 876 Πνεῦμα

356 913 499 971 φατε.
554 892 768 946 Ἐκεῖνα
825 886 883 944 δὲ
938 888 1153 950 πάντως
1210 887 1364 965 φατὲ,
1421 886 1495 948 ὡς
1554 888 1589 956 ἡ
1641 882 1731 940 διὰ
1758 884 2011 958 πρόθεσις
2116 886 2179 940 τὸ
2210 885 2362 960 όίγιον
2416 886 2521 963 οὐχ
2550 883 2732 960 ἕτερον
2782 888 2918 941 κατὰ
2971 908 3028 941 σε
3073 887 3109 956 ἢ
3160 887 3223 941 τὸ
3273 887 3364 943 σὺν
3407 894 3486 961 τῷ
3535 889 3643 964 Υἱῷ
3680 890 3771 946 καὶ

362 981 466 1037 ἀντὶ
518 987 622 1050 τῆς
679 978 772 1034 σὺν
836 977 1079 1050 ἐνταῦθα,
1134 976 1252 1032 ἀντὶ
1308 983 1409 1046 τῆς
1463 976 1619 1049 μετὰ,
1675 971 1821 1029 ἔσται
1849 994 2008 1029 νοου-

369 1070 492 1144 μένη
545 1066 882 1145 προθέσεως,
938 1066 1029 1123 καὶ
1087 1066 1197 1121 ἀντ’
1253 1065 1419 1121 αὐτοῦ
1473 1085 1534 1119 τε
1596 1068 1694 1118 τοῦ
1752 1064 1865 1137 ἅμα
1920 1062 2011 1117 καὶ

365 1159 494 1232 ὁμοῦ
549 1157 950 1235 ἐπιρῥήματος,
1005 1154 1080 1211 τίν’
1131 1154 1169 1231 ᾖ
1226 1155 1346 1210 καθ’
1398 1154 1536 1227 ὑμᾶς
1580 1154 1643 1208 τὸ
1695 1150 1754 1207 ἐκ
1799 1151 2012 1228 Πατρὸς

362 1245 423 1303 δι’
474 1248 603 1305 Υἱοῦ
658 1246 1037 1324 ἐκπορεύεσθαι
1091 1246 1154 1301 τὸ
1201 1249 1420 1319 Πνεῦμα
1472 1245 1535 1299 τὸ
1577 1244 1731 1318 ἅγιον
1782 1240 1912 1297 αὐτό
1950 1261 2017 1316 γε

358 1334 558 1408 δηλοῦν
587 1336 673 1408 τὸ,
707 1334 801 1390 σὺν
829 1339 909 1408 τῷ
937 1335 1065 1407 Υίῷ,
1096 1335 1132 1403 ἢ
1188 1334 1321 1407 μετὰ
1358 1336 1455 1387 τοῦ
1502 1332 1648 1403 Υἱοῦ,
1699 1330 1735 1400 ἢ
1786 1330 1900 1403 ἅμα
1935 1333 2016 1400 τῷ

353 1427 455 1498 Υίῷ
510 1424 572 1481 ἐκ
616 1429 716 1480 τοῦ
772 1425 984 1501 Πατρὸς
1043 1422 1443 1499 ἐκπορεύεσθαι.
1493 1425 1670 1476 Τοῦτο
1716 1417 1763 1474 δ’
1806 1419 1881 1481 ὡς
1919 1418 2011 1491 μὲν

349 1510 590 1588 γελοῖον,
642 1512 720 1575 ὡς
771 1508 830 1566 δὲ
872 1506 1082 1585 κομιδῇ
1137 1503 1390 1570 δυσσεϐὲς
1439 1508 1515 1570 εἷς
1542 1508 1634 1563 τὸν
1688 1505 1826 1575 ἴσον,
1856 1507 1892 1576 ἢ
1924 1505 2014 1561 καὶ

349 1600 577 1677 χείρονα
621 1607 721 1670 τῆς
769 1605 867 1656 τοῦ
914 1598 1117 1655 Βέκκου
1170 1596 1524 1676 βλασφημίας
1557 1598 1718 1675 φέρον
1762 1591 2013 1670 ὄλισβον,

350 1690 413 1745 οὐ
441 1689 665 1746 πολλοῦ
711 1709 859 1751 τινος
904 1687 1062 1761 οἶμαι
1111 1685 1284 1763 λόγου
1336 1684 1605 1756 δηλῶσαι.
1639 1683 1862 1740 Γελοῖον
1919 1685 2012 1757 μὲν

353 1780 458 1855 γὰρ
490 1777 552 1834 ἂν
587 1775 671 1849 εἷίη
705 1775 795 1833 διὰ
839 1778 938 1846 τήν
989 1776 1291 1832 ἀλλόκοτον
1333 1773 1423 1831 καί
1468 1775 1619 1847 ξένην
1672 1774 1761 1830 καὶ
1818 1771 2017 1828 παντά-

2125 974 2258 1049 μετὰ
2286 975 2431 1048 Υίοῦ,
2483 975 2573 1030 καὶ
2621 976 2734 1047 ἅμα
2777 980 2856 1046 τῷ
2901 977 3007 1047 Υἱῷ
3054 974 3114 1030 ἐκ
3152 980 3250 1030 τοῦ
3290 978 3501 1051 ΙΙατρὸς
3552 978 3773 1057 ὑφεστά-

2120 1086 2208 1119 ναι
2258 1065 2321 1119 τὸ
2376 1070 2597 1137 Πνεῦμα
2647 1063 2711 1119 τὸ
2769 1065 2942 1139 ἅγιον.
2989 1065 3096 1133 Τὴν
3128 1064 3230 1141 γὰρ
3281 1062 3371 1120 διά
3408 1067 3658 1143 πρόθεσιν
3690 1068 3773 1124 ἐν·

2121 1154 2292 1208 ταῦθα
2335 1155 2434 1222 τὴν
2486 1152 2577 1206 σὺν
2627 1150 2807 1228 λέγεις
2861 1149 3151 1224 δύνασθαι,
3201 1152 3292 1208 καὶ
3337 1155 3437 1224 τήν
3501 1157 3635 1230 μετὰ
3682 1159 3773 1213 καὶ

2121 1240 2185 1296 τὸ
2242 1242 2355 1313 ἅμα
2412 1240 2712 1317 ἐπίῤῥημα.
2757 1239 2818 1295 Τί
2869 1239 2958 1295 οῦν
3007 1240 3253 1314 κάμνεις,
3287 1242 3365 1305 είς
3411 1248 3579 1300 ταῦτα
3612 1267 3776 1319 μετα-

2121 1330 2289 1392 τιθεὶς
2335 1330 2435 1399 τὴν
2485 1327 2619 1398 διά;
2670 1335 2850 1384 Ἔστω
2910 1326 2976 1398 δὴ
3037 1325 3242 1405 ἔχουσα
3275 1329 3455 1409 ὥσπερ
3504 1330 3642 1410 ἔχει,
3684 1335 3774 1390 καὶ

2125 1416 2371 1483 δυνάσθω
2451 1418 2653 1495 ὅσαπερ
2714 1415 2932 1473 δύναται
2989 1420 3136 1494 παρά
3190 1420 3274 1475 σοί
3322 1464 3334 1479 .
3402 1425 3660 1479 Ἐνταῦθα
3709 1422 3773 1478 σὺ

2126 1507 2365 1584 ἅρμοσον
2430 1507 2598 1582 ταύτῃ
2675 1506 2853 1562 ἐκεῖνα
2922 1504 3188 1583 δυναμένῃ
3229 1556 3245 1582 ,
3304 1511 3437 1586 ἅπερ
3506 1511 3773 1575 κάκείνοις

2126 1596 2458 1674 ἐφήρμοζες,
2500 1596 2591 1651 καὶ
2637 1597 2737 1665 τήν
2787 1595 3020 1669 ἀμαθίαν
3075 1598 3189 1670 ἅμα
3242 1598 3333 1653 καὶ
3391 1599 3616 1655 ἀτοπίαν
3676 1622 3773 1657 κα-

2121 1686 2408 1755 τανοήσεις
2465 1685 2554 1739 καὶ
2616 1705 2866 1758 μισησεις
2919 1685 3019 1754 τὴν
3071 1686 3188 1757 σήν.
3244 1688 3313 1742 Ἣ
3365 1689 3465 1764 γὰρ
3525 1689 3624 1744 οὐχ
3678 1691 3774 1747 αὐ..

2122 1777 2246 1837 τίκα
2321 1771 2667 1844 συνελαθείης
2738 1773 3033 1849 ὁμολογεῖν
3063 1820 3079 1847 ,
3139 1773 3339 1852 ὅσαπερ
3415 1777 3602 1833 ἀνόπιν
3678 1785 3777 1835 τοῦ

348 1890 513 1925 πασιν
561 1866 902 1943 ἀγνοομένην
950 1871 1020 1941 τῇ
1080 1865 1337 1938 συνηθείᾳ
1395 1862 1724 1939 μετάληψιν,
1784 1864 1851 1933 ἣν
1892 1858 2017 1917 οὔτε
2046 1905 2094 1969 Β
2127 1860 2297 1939 λόγου
2346 1860 2695 1939 διομολογεῖν
2760 1863 3087 1940 ἐκπέφευγας
3145 1861 3446 1943 βλάσφημα
3479 1910 3492 1925 .
3554 1869 3616 1923 Εἰ
3675 1870 3778 1947 γὰρ

349 1960 751 2034 γραμματικῶν
810 1953 1001 2018 παῖδες
1067 1955 1242 2010 ἴσασιν
1281 1999 1295 2025 ,
1374 1952 1497 2009 οὕτε
1555 1954 1607 2008 οἱ
1671 1955 1771 2023 τὴν
1831 1953 2013 2031 φωνὴν

353 2042 547 2107 ἁπλῶς
594 2043 976 2117 ἑλληνίζοντες
1025 2043 1348 2121 κέχρηνται.
1398 2043 1544 2098 Ἐπεὶ
1575 2046 1682 2097 ποῦ
1729 2041 1792 2096 σὺ
1829 2042 2014 2116 μαθὼν

354 2131 504 2212 ἔχεις
560 2135 660 2203 τὴν
721 2132 811 2190 διὰ
866 2135 1119 2211 πρόθεσιν
1180 2134 1259 2196 είς
1308 2134 1409 2203 τὴν
1457 2131 1548 2187 σῦν
1594 2126 2017 2205 μεταλαμϐανο⁹

357 2223 553 2299 μένην,
581 2224 670 2279 καὶ
718 2225 820 2293 τὴν
857 2226 992 2298 μετά
1036 2225 1127 2279 καὶ
1172 2223 1242 2279 τὰ
1289 2222 1557 2298 σύστοιχα
1588 2240 1602 2290 ;
1638 2216 1898 2283 Δυσσεϐἐς
1937 2217 2015 2292 δέ,

351 2313 436 2376 οῖς
498 2311 687 2390 ὅτιπερ
743 2312 803 2368 ἐκ
857 2319 956 2383 τῆς
1013 2312 1273 2382 τοιαύτης
1333 2311 1483 2385 ὑμῶν
1530 2310 1835 2388 ἐξηγήσεως
1875 2310 2018 2365 καὶὺ

347 2402 696 2479 γεννώμενος
754 2402 876 2464 Υἱὸς
925 2401 985 2457 ἐκ
1045 2401 1256 2478 Πατρὸς
1307 2401 1586 2476 συνάγεται
1631 2400 1694 2453 τὸ
1745 2398 2018 2473 Πνεύματι

348 2492 411 2548 ἐκ
461 2491 675 2567 Πατρὸς
725 2490 1279 2569 συνεκπορευόμενος.
1340 2489 1640 2563 Συνάγεται
1694 2488 1820 2564 γὰρ,
1882 2487 2022 2545 ἐπει-

347 2579 420 2651 δή
464 2581 534 2635 τὰ
580 2585 806 2635 τοιαῦτα
868 2581 1252 2656 προσρήματα,
1291 2577 1380 2633 καί
1435 2576 1534 2633 ὅσα
1582 2578 1879 2632 συναπτικᾶ
1931 2576 2019 2631 καὶ

351 2667 733 2740 ωλληπτικά,
782 2670 852 2724 τά
890 2666 1077 2724 πολλὰ
1130 2673 1237 2723 τῶν
1286 2665 1656 2740 ὑποκειμένων
1707 2667 2017 2742 προσώπων

347 2765 477 2821 τοῖς
539 2756 953 2835 ἐπιφερομένοις
1025 2756 1229 2837 πέφυκε
1304 2754 1657 2830 συναρμόζειν
1733 2755 1966 2832 ῥήμασιν
2004 2801 2019 2827 ,

348 2844 464 2903 εἷ’τε
519 2846 738 2920 τελείῳ,
801 2846 908 2902 εἷ’τε
960 2843 1015 2902 ἐν
1077 2846 1189 2901 ἐστι
1244 2846 1312 2900 τὰ
1370 2844 1735 2923 ἐπιφερόμενα
1767 2888 1780 2901 .
1843 2843 2019 2899 Οἱονεὶ

344 2935 573 3010 τρέχειν
625 2956 709 2997 τις
759 2932 980 3010 λέγεται
1037 2933 1127 2988 σὺν
1176 2937 1257 3005 τῷ
1306 2930 1461 3005 δεῖνι,
1503 2931 1631 2995 τοὺς
1677 2932 2019 3009 ἀμφοτέρους

344 3026 575 3102 τρέχειν
630 3022 690 3080 ἐκ
736 3028 833 3079 τοῦ
881 3021 1054 3099 λόγου
1098 3017 1613 3095 καταλαμϐάνομεν,
1643 3026 1740 3077 τοῦ
1769 3022 2021 3098 «(map-,5-

354 3134 554 3187 ματος,
616 3113 692 3176 ὡς
748 3110 982 3190 εἷ’ρηται,
1046 3112 1149 3167 ὑπὸ
1178 3112 1277 3181 τήν
1325 3115 1423 3166 τοῦ
1455 3110 1702 3188 ῥήματος
1731 3110 2018 3167 κοινωνίαν

356 3200 610 3277 ἄγοντος,
641 3201 709 3256 τὰ
740 3200 1002 3274 ὀνόματα.
1037 3200 1142 3256 Κᾶν
1196 3200 1330 3274 μετᾶ
1374 3204 1471 3254 τοῦ
1512 3197 1687 3263 δεῖνος
1733 3201 1826 3256 τὸν
1879 3197 2024 3255 δεῖνα

369 3276 553 3345 ἐσθίειν
609 3288 866 3364 ἀκούσῃς,
929 3288 1011 3345 ὅτι
1070 3286 1236 3368 ἄμφω
1284 3288 1518 3345 ἐσθίουσι
1562 3292 1811 3360 νοήσειας
1844 3286 1926 3343 ἄν.
1955 3287 2020 3343 Εἰ
2051 3276 2095 3344 C

379 3375 405 3395 ο.
542 3378 555 3396 ι
638 3379 647 3395 .
806 3383 833 3393 η
954 3384 975 3395 -
1112 3379 1125 3395 .
1279 3382 1303 3397 ν
1675 3383 1697 3395 .
1793 3377 1818 3400 υ
1896 3380 1906 3398 .
1956 3376 1965 3396 ι

375 3378 434 3433 οέ
473 3399 557 3433 και
611 3381 727 3451 ἁμα
768 3399 845 3451 τῳ
895 3376 1027 3434 δεινι
1072 3399 1162 3433 τον
1221 3375 1369 3434 δεινα
1406 3377 1745 3456 φιλοσοφειν,
1781 3380 1889 3433 ωσθ
1935 3379 2025 3433 ὑτε

363 3465 459 3521 σὺν
487 3471 567 3539 τῷ
625 3468 755 3540 Υἱῷ,
816 3468 851 3537 ἢ
907 3467 1042 3541 μετά
1096 3471 1194 3522 τοῦ
1254 3467 1379 3522 Υἱοῦ
1430 3467 1465 3536 ἢ
1521 3467 1636 3540 ἅμα
1689 3470 1769 3538 τῷ
1804 3467 1914 3540 Υἱῷ
1966 3465 2026 3522 ἐκ

354 3557 572 3633 Πατρὸς
628 3554 1012 3633 ἐκπορεύεσθαι
1073 3554 1256 3632 λέγεις
1311 3556 1376 3610 τὸ
1435 3560 1656 3629 Πνεῦμα
1704 3554 1767 3611 τὰ
1825 3555 2023 3631 ἀγιον,

346 3644 454 3701 οὐκ
504 3645 567 3700 ἂν
617 3641 803 3722 ἓτερον
837 3640 954 3715 εἷής
1004 3642 1208 3719 λέγων,
1242 3644 1277 3715 ἢ
1312 3643 1395 3700 δτι
1424 3643 1515 3699 καὶ
1546 3643 1709 3707 αὐτὸς
1739 3644 1767 3698 6
1815 3644 1936 3706 Υἱὸς
1967 3644 2027 3700 ἐκ

343 3735 571 3810 Πατρὸς
630 3732 980 3811 ἐκπορεύεται
1036 3733 1110 3797 ὡς
1160 3734 1224 3788 τὸ
1272 3737 1496 3806 Πνεῦμα
1541 3731 1605 3788 τὰ
1647 3734 1825 3809 ἅγιον.
1859 3736 2024 3810 Ὃπερ

341 3824 428 3886 ὡς
486 3822 824 3899 συγχυτικόν
894 3822 1008 3878 ἐστι
1063 3826 1171 3877 τῶν
1251 3823 1406 3887 θείων
1457 3824 1822 3899 χαρακτήρων
1860 3867 1876 3893 ,
1933 3824 2023 3877 καὶ

341 3910 565 3991 σφόδρα
616 3911 866 3988 μεγάλης
915 3912 1173 3990 πρόξενον
1227 3911 1526 3983 ἀπωλείας,
1578 3910 1678 3967 οὐκ
1721 3910 1781 3966 ἂν
1834 3913 2025 3987 ἀγροῖ-

341 4023 445 4064 κος
492 4005 756 4057 τοσοῦτον
820 3999 958 4073 είής,
1004 3999 1132 4056 ὥστ’
1181 4001 1417 4078 ἀγνοεῖν.
1470 3999 1624 4071 Πλὴν
1683 4000 2022 4077 βουλόμενος

341 4093 504 4147 τουτὶ
564 4089 878 4167 θεραπεύειν
933 4091 997 4145 τὸ
1064 4089 1419 4168 βλάσφημον,
1481 4089 1557 4153 εἷς
1617 4087 1866 4167 δευτέραν
1927 4112 2021 4165 με-

347 4175 630 4242 ταϐαίνεις
720 4178 973 4256 ἐξήγησιν
1009 4226 1023 4252 ,
1088 4178 1332 4249 εὐηθείας
1427 4173 1820 4248 ἐπιστοιϐάζων
1902 4185 2026 4243 ταῖς

355 4268 662 4340 εὐηθείαις,
718 4268 808 4324 καί
864 4290 987 4324 τινα
1046 4268 1327 4343 ὀνομάτων
1388 4269 1576 4344 χώραν
1636 4267 1736 4323 οὐκ
1786 4267 2022 4344 ἐχόντων

357 4358 587 4414 ἐνταῦθα
660 4356 851 4429 ἔξωθεν
916 4357 1264 4434 συναθροίσας
1338 4356 1526 4431 ἐσμὸν,
1587 4355 1824 4420 κελεύεις
1889 4360 2027 4430 ἡμῖν

360 4447 434 4510 ὥς
460 4468 545 4509 τις
576 4444 650 4501 ὣν
698 4449 799 4516 τῆς
844 4450 952 4501 τῶν
999 4444 1182 4522 λόγων
1222 4444 1422 4523 τέχνης
1473 4442 1760 4519 δεσπότης,
1806 4447 1869 4501 τὸ
1920 4447 2025 4502 ἀπὸ

359 4542 459 4591 σοῦ
520 4532 585 4591 δὲ
632 4535 724 4591 καὶ
786 4535 951 4610 μόνον
1006 4535 1279 4613 ἠργμένον
1331 4535 1565 4609 ἀξιωμα.
1620 4535 1776 4611 Λέγω
1832 4535 1896 4591 τὸ
1935 4535 2027 4591 σὺν

2125 1952 2187 2007 τὸ
2246 1950 2313 2007 δι’
2368 1953 2493 2011 Υἱοῦ
2552 1950 2899 2028 ἐκπορεύεται
2936 1953 2998 2007 τὸ
3056 1957 3297 2027 Πνεῦμα,
3342 1957 3489 2011 τοῦτ’
3538 1954 3676 2028 ἐστι,
3714 1960 3778 2014 τὸ

2128 2041 2220 2098 σὺν
2270 2047 2348 2114 τῷ
2387 2042 2495 2113 Υἱῷ
2550 2041 2640 2095 καὶ
2703 2040 2836 2114 μετὰ
2887 2044 2986 2097 τοῦ
3042 2042 3188 2112 Υίοῦ,
3246 2042 3337 2098 καὶ
3394 2044 3508 2118 ἅμα
3560 2051 3638 2119 τῷ
3668 2049 3777 2102 Υἱῶ

2128 2128 2274 2208 ἔχειν
2304 2131 2404 2199 τήν
2436 2129 2682 2206 ὕπαρξιν,
2731 2132 2970 2205 τήρησον
3027 2128 3092 2202 δή
3129 2152 3223 2204 μοι
3266 2128 3648 2205 ἀμετάϐλητον
3678 2137 3780 2206 τήν

2130 2217 2240 2292 διὰ,
2270 2219 2359 2274 καὶ
2388 2225 2507 2282 τοῖς
2549 2217 2694 2281 τίσοις
2723 2219 2858 2274 κατὰ
2903 2217 3031 2282 τοὺς
3071 2218 3387 2297 γεωμέτρας
3434 2224 3666 2300 πρόσθες
3711 2226 3781 2281 τὰ

2129 2306 2236 2379 ἴσα,
2269 2309 2358 2363 καὶ
2406 2302 2528 2382 ὄψει
2575 2328 2656 2384 γε,
2710 2308 2786 2370 ὡς
2835 2308 3083 2384 οὐράνιον
3135 2307 3258 2364 ὅσον
3316 2312 3663 2389 ἁμαρτάνεις,
3710 2311 3780 2370 δι’

2128 2399 2255 2455 Υἳοῦ
2311 2398 2410 2466 τὴν
2469 2396 2693 2471 ὕπαρξιν
2753 2401 2897 2472 ἒχειν
2955 2397 3018 2451 τὸ
3076 2403 3296 2472 Πνεῦμα
3350 2401 3413 2455 τὸ
3463 2401 3642 2476 ἅγιον,
3689 2405 3780 2459 καὶ

2132 2485 2414 2565 ὑφεστάναι
2450 2484 2767 2560 ὁμολογῶν,
2799 2486 2933 2562 ἅπερ
2980 2487 3181 2549 παντὸς
3215 2486 3430 2561 μᾶλλον
3479 2488 3778 2568 ὁμολογεῖν

2129 2575 2529 2650 ἀπηγόρευσας.
2561 2575 2636 2629 Τὰ
2670 2574 2763 2647 μὲν
2799 2573 2891 2629 οὗν
2916 2574 3146 2652 ὑμέτερα
3172 2581 3415 2634 τοιαῦτα.

2201 2663 2379 2721 Ἀλλὰ
2409 2663 2598 2721 σκόπει
2636 2661 2830 2719 λοιπὸν
2878 2664 2969 2719 καὶ
3008 2665 3078 2720 τὰ
3125 2662 3389 2723 δοκοῦντα
3434 2671 3569 2744 ἡμῖν
3619 2672 3781 2748 Πρῶ-

2127 2776 2219 2810 τον
2250 2752 2340 2810 οῦν
2374 2753 2546 2809 ἐκεῖνο
2603 2751 2770 2823 δῆλον
2831 2752 2963 2809 εἶναί
3025 2776 3168 2833 φημι
3217 2762 3333 2820 τοῖς
3383 2764 3564 2831 μᾶσιν,
3616 2761 3693 2824 ὡς
3733 2761 3780 2818 εἷ

2129 2844 2219 2899 καὶ
2254 2840 2422 2917 μηδὲν
2455 2840 2575 2918 ἔχοι
2605 2863 2689 2904 τις
2742 2840 2920 2918 λέγειν
2966 2843 3049 2907 τίς
3079 2865 3211 2900 ποτε
3250 2850 3366 2909 τοῖς
3409 2849 3647 2926 Πατράσι
3676 2872 3781 2920 ση-

2134 2931 2398 3006 μαίνουσά
2452 2932 2593 2987 ἐστιν
2652 2933 2687 3001 ἡ
2748 2932 2925 3011 φὼνὴ,
2983 2930 3109 2989 ἀλλ’
3158 2934 3337 3009 ἀρκεῖν
3367 2956 3428 3012 γε
3474 2937 3565 2992 καὶ
3605 2937 3779 3002 οὕτως

2132 3021 2381 3098 ἐλέγχειν
2413 3022 2504 3076 τὸν
2553 3019 2770 3093 Βέκκον,
2817 3019 2905 3076 ἐπὶ
2949 3019 3135 3096 ψευδεῖ
3176 3026 3245 3097 τῇ
3294 3025 3485 3100 πρώτῃ
3515 3024 3779 3104 συλλογι-

2134 3110 2357 3184 ζόμενον
2411 3110 2680 3174 ὑποθέσει.
2737 3107 2874 3165 Οὐδὲ
2930 3110 3034 3188 γὰρ
3089 3112 3152 3166 τὸ
3209 3109 3278 3167 δι’
3333 3114 3460 3169 Υἱοῦ
3489 3113 3783 3192 ἐκπορεύε-

2131 3202 2251 3255 σθαι
2303 3200 2367 3254 τὸ
2426 3203 2645 3272 Πνεῦμα
2697 3199 2760 3254 τὸ
2821 3199 2999 3274 ἅγιον,
3046 3200 3238 3256 ταυτὸν
3287 3206 3367 3275 τῷ
3412 3199 3482 3258 δι’
3524 3204 3654 3259 Υὶοῦ
3681 3207 3783 3275 τήν

2133 3288 2354 3365 ὕπαρξιν
2387 3287 2533 3364 ἔχειν
2591 3288 2654 3343 τὸ
2713 3290 2937 3362 Πνεῦμα
2992 3289 3248 3363 σημαίνει
3289 3291 3352 3347 τὸ
3394 3292 3569 3369 ἅγιον.
3616 3295 3786 3373 Ὅπερ

2135 3377 2342 3441 ἐκεῖνος
2373 3376 2501 3433 ὡσεὶ
2555 3376 2807 3451 θεμέλιον
2855 3383 2972 3440 τοῖς
3006 3376 3198 3434 ἐαυτοῦ
3242 3378 3432 3455 λόγοις
3467 3377 3783 3456 ὑποϐαλὼν,

2132 3467 2222 3522 τὸν
2284 3465 2496 3541 ὑψηλὸν
2535 3472 2634 3536 τῆς
2690 3465 2856 3522 αὐτοῦ
2908 3464 3261 3545 βλασφημίας
3321 3468 3526 3546 πύργον
3575 3470 3787 3545 ἐπῳκο-

2136 3553 2364 3629 δόμησε.
2424 3555 2523 3611 Καὶ
2575 3555 2772 3611 τούτου
2831 3552 2899 3626 δὴ
2963 3555 3106 3612 οὕτω
3166 3559 3243 3630 μή
3291 3559 3653 3631 σημαίνοντος
3684 3563 3786 3632 τήν

2132 3645 2436 3715 ταυτότητά
2465 3691 2479 3717 ,
2538 3645 2833 3721 ἀναιρεῖται
2899 3646 2993 3719 μὲν
3050 3648 3085 3716 ἠ
3148 3647 3371 3723 μεγίστη
3425 3653 3535 3704 τῶν
3589 3649 3790 3726 προτά-

2135 3755 2292 3805 σεων,
2342 3734 2432 3789 καὶ
2478 3739 2585 3789 τῶν
2635 3732 3027 3810 συλλογισμῶν
3076 3738 3111 3805 ἡ
3161 3737 3399 3813 κρηπίς·
3450 3744 3787 3816 συναναιρεῖ-

2131 3844 2220 3879 ται
2280 3820 2458 3893 δήπου
2515 3822 2606 3876 καὶ
2666 3821 2764 3876 ὅσα
2822 3820 3264 3893 ἐπηκολούθησεν
3311 3823 3507 3881 ἄτοπα.
3569 3824 3667 3880 Καὶ
3725 3823 3789 3880 οὐ

2133 3909 2321 3982 πολλή
2380 3932 2464 3973 τις
2521 3910 2724 3986 ἀνάγκη
2765 3911 2857 3966 τὸν
2917 3915 3041 3965 νοῦν
3096 3910 3393 3986 ἀνιχνεύειν
3441 3921 3544 3985 τῆς
3577 3913 3790 3991 ῥήσεως

2135 4000 2250 4072 ἐξὸν
2296 4000 2386 4055 καὶ
2435 3999 2615 4076 χωρὶς
2659 3998 2858 4055 τούτου
2914 4004 3013 4055 τοῦ
3070 3996 3321 4063 εὐσεϐοῦς
3378 4002 3468 4057 καὶ
3515 4004 3790 4081 ἡμετέρου

2133 4089 2553 4166 κατατυγχάνειν
2612 4093 2835 4161 σκοποῦ,
2888 4087 2947 4152 ὃς
2996 4088 3136 4144 ἐστιν
3169 4092 3203 4159 ἡ
3252 4094 3361 4145 τῶν
3409 4091 3789 4167 ὀχυρωμάτων

2132 4183 2229 4234 τοῦ
2280 4178 2481 4233 Βέκκου
2538 4175 2850 4240 κατάλυσις.
2908 4179 3132 4233 Ἔπειτα
3188 4176 3246 4234 δέ
3300 4180 3390 4234 καὶ
3447 4184 3638 4236 τοῦτον
3692 4187 3791 4252 ζη-

2132 4267 2315 4323 τοῦντί
2343 4289 2426 4322 σοι
2475 4264 2663 4338 ἔξεστι,
2713 4267 2897 4345 φαίην,
2941 4271 3050 4323 τῶν
3098 4268 3263 4344 ἁγίων
3312 4275 3429 4332 τοῖς
3476 4275 3556 4342 τῷ
3602 4269 3793 4347 χρόνῳ

2134 4356 2500 4435 προειληφόσι
2542 4356 2916 4433 συγγεγονότι,
2972 4356 3105 4412 κάπί
3161 4357 3415 4435 θεολογίᾳ
3466 4360 3607 4436 μέγα
3650 4358 3793 4430 κλη-

2140 4445 2478 4523 ρωσαμένοις
2550 4442 2726 4519 κνομα
2760 4490 2776 4513 ,
2829 4448 2955 4523 παρ’
3031 4446 3244 4502 ἐκείνων
3325 4447 3609 4521 μανθάνειν
3686 4452 3797 4504 τῶν

2137 4533 2519 4612 ἀγνοουμένων
2578 4536 2677 4605 την
2741 4532 2984 4606 δήλωσιν
3044 4537 3182 4613 πρὸς
3231 4539 3331 4607 τὴν
3393 4534 3627 4594 διάνοιαν
3686 4541 3796 4593 τῶν

360 4631 443 4698 τῷ
473 4627 585 4698 Υἱῷ
631 4625 722 4680 καὶ
774 4627 910 4698 μετὰ
962 4629 1059 4680 τοῦ
1118 4623 1246 4679 Υίοῦ
1302 4623 1684 4699 ἐκπορεύεσθαι
1711 4625 1775 4680 τὸ
1806 4629 2029 4698 Πνεῦμα
2059 4649 2108 4714 D
2136 4624 2441 4702 προτέρων,
2474 4624 2564 4679 καὶ
2595 4628 2703 4679 τῶν
2734 4624 2969 4702 ὑστέρων
2999 4622 3375 4703 ἐκδεχομένων
3412 4627 3613 4705 φωνάς.

361 4714 425 4770 ἐκ
450 4719 551 4770 τοῦ
609 4715 840 4791 Πατρὸς,
893 4714 1013 4769 ἀντὶ
1062 4719 1161 4769 τοῦ
1214 4712 1305 4769 σὺν
1350 4718 1431 4787 τῷ
1475 4713 1584 4786 Υἱῷ
1630 4713 1718 4768 καὶ
1772 4715 1907 4787 μετά
1932 4719 2031 4769 τοῦ

358 4806 492 4862 Υἱοῦ
548 4804 837 4881 ὑφεστάναι
898 4800 1198 4880 δέχεσθαι,
1259 4803 1350 4858 καὶ
1424 4802 1525 4872 τὴν
1597 4801 1820 4877 ὕπαρξιν
1878 4799 2029 4879 ἐχειν

362 4893 519 4968 παρᾶ
572 4897 669 4948 τοῦ
728 4892 959 4970 Πατρὸς.
1000 4897 1170 4948 Τοῦτο
1224 4889 1281 4947 δὲ
1329 4892 1420 4947 καὶ
1470 4889 1562 4945 σὺν
1592 4896 1672 4964 τῷ
1718 4893 1829 4965 Υἱῷ
1859 4891 2032 4969 λέγω,

362 4982 459 5037 καὶ
497 4983 632 5055 μετᾶ
658 4987 755 5038 τοῦ
786 4983 911 5037 Υίοῦ
943 5028 957 5055 ,
1016 4982 1108 5036 καὶ
1168 4982 1282 5053 ἅμα
1332 4984 1413 5053 τῷ
1459 4981 1567 5053 Υἱῷ
1598 4981 1886 5059 ὑφεστάναι
1940 4982 2031 5037 καὶ

362 5073 470 5140 τήν
527 5070 751 5147 ὕπαρξιν
806 5067 953 5147 ἔχειν
1016 5070 1076 5126 ἐκ
1125 5074 1224 5125 τοῦ
1273 5071 1608 5143 ΙΙνεύματος,
1661 5067 1839 5133 οὐδεὶς
1889 5070 2032 5126 οὕτω

368 5163 642 5235 μέμηνεν,
708 5158 822 5216 οὐδ’
883 5160 968 5216 ἐπ’
1018 5154 1235 5231 ἀσεϐείᾳ
1279 5153 1573 5229 διαϐόητος
1627 5158 1863 5235 γέγονεν,
1897 5158 2035 5216 ὥστε

366 5252 449 5324 μὴ
515 5248 842 5326 ὁμολογεῖν.
904 5249 1002 5305 Καὶ
1056 5250 1160 5325 γάρ
1237 5248 1379 5303 ἐστιν
1436 5244 1802 5318 ἀληθέστατον
1836 5293 1848 5305 .
1910 5250 2035 5304 Καθ’

361 5339 531 5395 ἑαυτὸ
585 5337 770 5413 μέντοι
822 5337 1210 5410 ἀληθέστατον,
1256 5336 1346 5392 καὶ
1399 5335 1499 5391 οὐκ
1525 5335 1584 5391 ἐκ
1627 5340 1735 5391 τῶν
1768 5336 2031 5411 κειμένων

362 5428 662 5502 ἑπόμενον,
726 5424 842 5484 οὐδ’
902 5427 962 5483 ἐκ
1016 5432 1124 5483 τῶν
1182 5430 1288 5482 σῶν
1350 5425 1652 5490 ὑποθέσεων
1702 5427 1794 5482 καὶ
1845 5426 2037 5504 ἐξηγή-

362 5539 502 5574 σεων
556 5516 1015 5598 ἀναφαινόμενον.
1046 5517 1193 5572 ⁸Ωστ’
1251 5512 1452 5587 ἀληθὲς
1505 5515 1599 5589 μὲν
1648 5516 1740 5571 καὶ
1792 5517 2036 5589 παναλη-

365 5609 458 5671 θές
507 5607 665 5665 τουτὶ
723 5607 788 5663 τὸ
845 5604 1076 5684 ἔσχατον
1136 5604 1379 5684 εἴρηκας,
1439 5602 1801 5675 ἀνακόλουθον
1851 5603 1908 5663 δὲ
1943 5607 2034 5665 καὶ

360 5703 479 5760 τῶν
509 5696 787 5784 κειμένων
818 5694 1076 5755 πλεῖστον
1109 5692 1516 5776 ἀπηρτημένον.

2214 4714 2379 4769 Εἶπον
2442 4713 2537 4787 μὲν
2600 4711 2692 4768 οῦν
2745 4713 3033 4784 κάκεῖνοι,
3090 4717 3237 4792 παρὰ
3303 4720 3401 4772 τοῦ
3478 4716 3797 4791 Ιῐνεύματος

2141 4801 2567 4881 ἐλλαμφθέντες,
2617 4800 2707 4856 διὰ
2758 4808 2855 4858 τοῦ
2899 4805 3025 4858 Υἱοῦ
3053 4804 3115 4859 τὸ
3162 4808 3381 4879 Πνεῦμα
3407 4806 3471 4860 τὸ
3502 4807 3677 4882 ἅγιον,
3713 4804 3799 4861 ἐκ-

2141 4892 2461 4969 πορεύεσθαι
2514 4891 2695 4965 μέντοι
2744 4889 2834 4963 διᾷ
2878 4897 2975 4947 τοῦ
3025 4893 3152 4947 Υἱοῦ
3204 4892 3437 4965 ἐπῆλθεν
3489 4894 3657 4951 εἰπεῖν
3704 4894 3798 4950 οὐ-

2146 4979 2256 5037 δενί
2289 5028 2304 5054 ,
2361 4979 2489 5037 ἀλλ’
2561 4979 2862 5056 ἐκλάμπειν
2899 5027 2912 5053 ,
2973 4986 3330 5060 φανεροῦσθαι
3381 5028 3395 5054 ,
3453 4986 3797 5062 πεφηνέναι,

2142 5070 2413 5147 προϊέναι,
2443 5070 2820 5145 γνωρίζεσθάι,
2872 5067 3050 5125 τᾶλλα
3093 5070 3191 5126 ὅσα
3238 5071 3537 5150 φανέρωσιν
3585 5071 3798 5149 ἁπλῶς,

2146 5159 2317 5215 εἶτουν
2365 5153 2610 5236 ἔκφανσιν
2670 5156 2760 5213 διὰ
2815 5163 2913 5215 τοῦ
2964 5161 3085 5214 Υἱοῦ
3135 5161 3484 5238 ππρίστησιν,
3533 5160 3801 5240 ἀλλὀὐχ

2144 5248 2390 5325 ὕπαρξιν,
2436 5247 2501 5317 ἣν
2560 5246 2738 5320 μόνως
2794 5247 2854 5303 ἐκ
2904 5253 3001 5305 τοῦ
3060 5251 3270 5326 Πατρὸς
3318 5249 3462 5327 ἔχειν
3510 5251 3802 5330 ὁμολογεῖ-

2142 5359 2230 5393 ται
2254 5337 2317 5392 τὸ
2350 5338 2573 5409 Πνεῦμα
2618 5337 2679 5391 τὸ
2728 5338 2899 5413 ἅγιον.
2939 5343 3129 5409 Ζητεῖς
3171 5338 3379 5395 τούτων
3430 5340 3526 5403 τὰς
3580 5338 3800 5398 ἀποδείι-

2145 5427 2251 5498 ξεις
2303 5446 2316 5496 ;
2379 5424 2484 5502 ἐγὼ
2538 5447 2621 5480 σοι
2678 5434 2978 5504 παρασχεῖν
3038 5425 3283 5503 ἕτοιμος.
3344 5428 3553 5486 Αὐτίκα
3611 5432 3715 5508 γὰρ
3774 5434 3803 5489 6

2143 5514 2318 5576 πολύς
2373 5513 2463 5569 καὶ
2525 5512 2688 5591 μέγας
2744 5517 3028 5581 Βασίλειος
3096 5519 3146 5574 ἐν
3200 5518 3355 5595 λόγῳ
3402 5518 3645 5597 τετάρτῳ
3698 5527 3805 5580 τῶν

2145 5602 2571 5681 Ἀπιρῥητικῶν
2623 5600 2753 5660 τάδε
2812 5607 2947 5662 κατὰ
2999 5607 3151 5685 ῥῆμά
3206 5629 3360 5687 φησι·
3412 5632 3441 5661 ‹‹
3478 5609 3550 5664 Τὸ
3602 5608 3697 5682 μὲν
3748 5611 3807 5671 ἐκ

2147 5696 2281 5754 Θεοῦ
2325 5691 2389 5751 τὸ
2440 5696 2667 5774 Πνεῦμα
2711 5693 2845 5757 εἶναι
2893 5702 3104 5782 τρανῶς
3157 5696 3410 5789 ἐκήρυξεν
3468 5698 3498 5757 6
3547 5697 3806 5787 Ἀπόστοε
