4108 6430
370 346 492 409 259

1407 345 1722 406 GEORGII
1767 344 2028 405 CYPRII
2073 344 2193 404 GP.
2242 344 2770 407 PATRIARGHAS

3661 359 3774 421 260

372 477 469 540 λος
499 475 701 552 λέγων,
746 474 891 564 ὅτικ(
921 476 991 530 Τὸ
1040 479 1260 549 Πνεῦμα
1305 476 1369 531 τὸ
1417 476 1479 532 ἐκ
1518 480 1615 530 τοῦ
1658 479 1792 532 Θεοῦ
1824 468 2007 529 ἐλάϐο-
2052 482 2103 547 Α
2135 474 2450 564 ἑνᾼΠνεῦμα
2481 478 2659 550 ἅγιον,
2712 476 2899 553 φησὶν,
2950 477 3011 533 ἐκ
3053 483 3187 535 Θεοῦ
3223 481 3322 550 τήν
3374 481 3592 560 ὕπαρξιν
3630 484 3772 564 ἔχον,

374 587 486 642 μεν,
521 592 550 620 »
583 566 682 621 Καὶ
726 565 793 621 τὸ
833 563 903 620 δι’
948 566 1077 619 Υἰοῦ
1120 565 1414 644 πεφηνέναι
1463 569 1646 643 σαφῶς
1701 564 2019 635 πεποίηκεν,

365 657 492 715 Υἱοῦ
527 655 793 729 ὀνομάσας
843 652 993 709 αὐτό.
1027 652 1132 708 Κᾶν
1170 658 1240 729 τῇ
1289 653 1426 730 πρὸς
1474 653 1778 730 Γρηγόριον
1824 651 1883 708 δὲ
1927 653 2019 707 τὸν

367 742 601 823 ἀδελφὸν
660 741 947 819 ἐπιστολῇ,
1007 744 1129 820 περί
1190 741 1453 823 διαφορὰς
1512 744 1694 807 οὐσίας
1742 744 1833 799 καὶ
1882 745 2027 799 ὑπο-

367 835 605 895 στάσεως
655 833 747 888 τὸν
798 832 965 908 λόγον
1016 832 1386 907 ποιούμενος,
1440 834 1582 889 οὕτω
1633 833 1847 912 γράφει·
1905 858 1931 883 ‹‹
1963 835 2021 888 Ὀ

367 922 427 979 δὲ
469 923 590 986 Υἱὸς
639 923 758 977 ὁτὸ
807 922 867 978 ἐκ
909 926 1007 977 τοῦ
1055 923 1266 998 Πατρὸς
1317 922 1746 999 ἐκπορευόμενον
1797 927 2021 996 Πνεῦμα

366 1011 437 1068 δι’
494 1014 684 1068 ἑαυτοῦ
731 1010 821 1067 καὶ
884 1012 1000 1085 μεθ’
1035 1012 1230 1066 ἑαυτοῦ
1279 998 1587 1089 γνωρίζων,
1643 1011 1810 1085 μόνος
1852 1033 2017 1084 μονο-

362 1106 533 1178 γενῶς
582 1100 642 1156 ἐκ
676 1104 775 1156 τοῦ
822 1099 1117 1176 ἀγεννήτου
1168 1100 1348 1178 φωτὸς
1398 1097 1705 1174 ἐκλάμψας,
1759 1096 2016 1173 οὐδεμίαν

362 1189 499 1245 κατά
552 1190 616 1244 τὸ
691 1186 897 1259 ἰδιάζον
951 1192 1059 1244 τῶν
1118 1188 1519 1265 γνωρισμάτων
1574 1189 1675 1259 τὴν
1732 1185 2014 1243 κοίνωνίαν

365 1276 480 1356 ἔχει
512 1280 649 1356 πρὸς
678 1279 770 1333 τὸν
803 1276 1038 1355 Πατέρα,
1090 1278 1127 1347 ἢ
1174 1278 1312 1352 πρὸς
1364 1279 1427 1333 τὸ
1474 1283 1701 1351 Πνεῦμα
1746 1278 1810 1332 τὸ
1841 1278 2013 1353 ἅγιον,

362 1367 510 1425 ἀλλά
562 1373 682 1431 τοῖς
738 1366 1051 1443 εἰρημένοις
1108 1367 1361 1440 σημείοις
1423 1367 1587 1442 μόνος
1641 1366 1966 1443 γνωρίζεται
2000 1412 2013 1425 ,

361 1457 556 1536 Εῦροις
613 1457 674 1513 ἂν
729 1456 888 1511 αὐτὸν
946 1456 1036 1511 καὶ
1085 1456 1221 1534 πρὸς
1274 1458 1370 1519 τὰς
1427 1457 1712 1517 κανονικάς
1767 1454 2015 1511 ἐπιστέλ-

362 1546 530 1603 λοντα
560 1543 667 1602 ὧδέ
703 1566 823 1608 πως
855 1542 1105 1620 λέγοντα·
1159 1542 1312 1602 Ἀλλ’
1360 1542 1486 1601 οὐδὲ
1529 1550 1629 1600 τυῦ
1678 1536 2018 1621 Μονογενοῦς

359 1635 622 1714 πρότερον
680 1635 745 1690 τὸ
805 1638 1027 1706 Πνεῦμα
1080 1634 1145 1689 τὸ
1197 1634 1352 1709 ἅγιον
1384 1676 1397 1689 .
1457 1631 1623 1689 Οὐδὲν
1680 1634 1782 1710 γὰρ
1852 1633 2015 1707 μέσον

362 1727 487 1781 Υὶοῦ
521 1725 611 1780 καὶ
669 1723 905 1801 Πατρός.
938 1723 1004 1778 Εἰ
1063 1720 1120 1778 δὲ
1173 1725 1247 1797 μή
1282 1722 1422 1778 ἐστιν
1471 1724 1530 1778 ἐκ
1559 1727 1715 1794 Θεοῦ,
1748 1720 1838 1777 διὰ
1880 1728 2014 1798 Χρι-

361 1818 489 1871 στοῦ
516 1812 574 1870 δέ
620 1812 784 1885 ἐστιν,
835 1810 961 1867 οὐδὲ
1008 1808 1121 1867 ’ἔστι
1167 1813 1230 1866 τὸ
1275 1811 1546 1888 παράπαν.
1600 1810 1908 1868 Ἀκόλουθα
1935 1815 2015 1883 τῷ

359 1901 629 1976 Βασιλείῳ
660 1902 750 1958 καί
784 1903 812 1956 6
842 1899 1078 1977 ἀδελφὸς
1121 1902 1149 1955 6
1177 1898 1337 1955 τοῦδέ
1379 1922 1534 1979 φησι.
1588 1899 1683 1955 Καὶ
1715 1900 1813 1975 ἄγε
1860 1900 2015 1978 φησὶ,

359 1989 504 2047 πολὺ
560 1991 707 2067 παρὰ
762 1988 936 2045 πάντα
988 1987 1171 2045 τᾶλλα
1235 1988 1465 2044 πλουτεῖ
1516 1990 1616 2059 τῆν
1688 1988 1964 2065 ἐνάργειαν
2000 2030 2015 2043 .

362 2081 508 2152 Φησὶ
540 2078 598 2136 δὲ
622 2079 797 2154 ὅμως·
828 2079 900 2133 Τὸ
955 2075 1375 2155 ἀπαράλλαγτον
1423 2084 1524 2146 τῆς
1565 2077 1773 2155 φύσεως
1804 2076 2016 2151 ὁμολο-

358 2175 577 2247 γοῦντες
627 2170 727 2238 τήν
784 2169 922 2224 κατά
987 2168 1050 2223 τὸ
1099 2164 1270 2222 αἴτιον
1328 2166 1419 2222 καὶ
1467 2166 1706 2222 αἰτιατὸν
1754 2164 2012 2245 διαφορὰν

361 2258 461 2314 οὐκ
517 2257 845 2336 ἀρνούμεθα,
903 2257 953 2311 ἐν
1011 2257 1057 2329 ᾧ
1120 2256 1269 2330 μόνῳ
1325 2254 1688 2334 διακρίνεσθαι
1736 2256 1800 2311 τὸ
1830 2253 2012 2333 ἓτερον

356 2353 456 2404 τοῦ
500 2348 686 2424 ἑτέρου
732 2341 1248 2420 καταλαμϐάνομεν,
1287 2350 1367 2419 τῷ
1411 2348 1474 2401 τὸ
1530 2346 1624 2420 μὲν
1674 2342 1846 2400 αἰίτιον
1879 2345 2011 2400 εἶναι

357 2436 651 2510 πιστεύειν,
709 2436 772 2492 τὸ
829 2433 888 2491 δὲ
943 2434 1002 2491 ἐκ
1054 2439 1152 2491 τοῦ
1210 2434 1409 2508 αἰτίου,
1466 2435 1557 2490 καὶ
1613 2439 1712 2490 τοῦ
1738 2435 1789 2506 ἐξ
1837 2435 2012 2497 αἰτίας

356 2523 525 2590 ὄντος.
561 2525 739 2582 Ιῐάλιν
783 2522 961 2596 ἄλλην
1014 2521 1273 2603 διαφορὰν
1327 2524 1635 2598 ἐννοοῦμεν⁸
1666 2525 1729 2579 τὸ
1782 2524 1876 2598 μὲν
1908 2524 2012 2600 γὰρ

356 2621 646 2694 προσεχῶς
703 2614 763 2670 ἐκ
815 2618 913 2670 τοῦ
963 2613 1206 2689 πρώτου,
1263 2613 1328 2669 τὸ
1368 2611 1426 2669 δὲ
1477 2611 1567 2668 διὰ
1592 2618 1691 2669 τοῦ
1720 2618 2013 2690 προσεχῶς

355 2706 416 2762 ἐκ
467 2711 566 2762 τοῦ
639 2705 878 2782 πρώτου.
914 2730 942 2756 ››
979 2701 1155 2759 Ἀλλά
1226 2708 1393 2758 ταῦτα
1452 2704 1546 2777 μὲν
1620 2703 1672 2758 ἐν
1732 2707 1801 2777 τῇ
1873 2702 2010 2779 πρὸς

358 2790 654 2850 Ἀϐλάϐιον
715 2791 1005 2867 ἐπιστολῇ,
1062 2790 1115 2847 ἐν
1172 2791 1401 2865 εἰκοστῷ
1444 2790 1505 2848 δὲ
1527 2793 1615 2847 καὶ
1667 2790 1899 2869 δευτέρῳ
1928 2812 2013 2847 κε-

356 2881 575 2964 φαλαίῳ
603 2888 710 2939 τῶν
743 2889 857 2939 κατ’
909 2881 1207 2956 Εὐνομίου,
1254 2882 1345 2937 καί
1394 2879 1460 2935 αὖ
1508 2881 1560 2937 ἐν
1607 2878 1751 2955 ἕκτῳ
1794 2882 1885 2937 καὶ
1935 2875 2011 2937 εἰ-

353 2979 559 3047 καστῷ,
614 2974 706 3029 καὶ
750 2970 894 3045 ἕκτῳ
938 2972 1029 3027 καὶ
1066 2976 1374 3048 τριακοστῷ
1420 2975 1528 3026 τῶν
1561 2970 1761 3040 αὐτῶν,
1804 2971 2012 3048 «Πρὸς

353 3064 446 3119 τὸν
479 3065 623 3136 Υἱὸν,
657 3062 811 3141 φησὶ,
859 3061 924 3117 τὸ
974 3064 1204 3134 Πνεῦμα
1247 3060 1311 3115 τὸ
1361 3061 1537 3135 ἅγιον,
1578 3060 1715 3116 κατὰ
1758 3060 1819 3115 τὸ
1861 3056 2009 3114 ἄκτι-

354 3174 476 3209 στον
537 3151 794 3229 συναφείᾳ
850 3148 1271 3222 συναπτόμενον,
1324 3149 1414 3204 καὶ
1465 3149 1517 3204 ἐν
1566 3153 1647 3222 τῷ
1691 3150 1790 3218 τήν
1837 3148 2009 3204 αἰτίαν

2131 562 2222 618 καὶ
2255 560 2345 618 διὰ
2373 569 2475 618 τοῦ
2505 565 2630 619 Υἱοῦ
2678 568 2941 645 πεφηνὸς,
2977 564 3193 638 δηλαδὴ
3240 574 3359 632 τοῖς
3403 560 3722 649 ἀνθρώποις.
3750 602 3777 631 ››

2134 653 2231 709 Καὶ
2264 652 2315 708 ἐν
2350 651 2567 740 ἄλλοις.
2605 678 2632 704 ‹‹
2662 653 2880 712 Τέλειον
2932 653 2989 711 δὲ
3036 657 3126 712 καί
3171 658 3234 713 τὸ
3284 664 3509 734 Πνεῦμα
3544 663 3605 718 τὸ
3635 664 3775 740 ἅγιον

2135 740 2196 796 ἐκ
2223 746 2358 797 Θεοῦ
2389 739 2457 797 δι’
2488 745 2614 797 Υἰοῦ
2659 744 3079 820 χορηγούμενον
3124 753 3243 810 τοῖς
3273 739 3718 824 υἱοθετουμένοις.
3751 778 3778 807 ››

2132 830 2231 884 Καὶ
2264 830 2317 885 ἐν
2377 831 2584 908 ἑτέροις
2642 831 2810 895 αὖθις·
2874 858 2901 885 ‹‹
2958 837 3282 910 ’Δγεννήτου
3342 837 3436 909 μὲν
3492 834 3642 903 ὄντος
3686 846 3778 897 τοῦ

2130 920 2367 995 Πατρὸς,
2428 921 2772 996 γεννηθέντος
2832 919 2891 978 δὲ
2944 928 3043 999 τρῦ
3102 925 3228 980 Υἱοῦ
3285 925 3345 980 ἐκ
3399 931 3494 981 τοῦ
3550 932 3778 1005 Πατρὸς,

2129 1013 2225 1063 τοῦ
2275 1007 2333 1064 δὲ
2389 1009 2709 1085 Πνεύματος
2767 1012 2829 1067 ἐκ
2879 1020 2985 1083 τῆς
3029 1012 3216 1077 οὐσίας
3271 1019 3371 1070 τοῦ
3429 1018 3553 1073 Υἱοῦ
3599 1016 3782 1084 ἀϊδίως

2131 1097 2549 1176 ἐκπεμφθέντος.
2599 1126 2627 1152 ››
2668 1100 2983 1165 Ἀθανάσιος
3033 1100 3092 1158 δὲ
3118 1108 3279 1159 τοῦτο
3314 1105 3410 1178 μὶν
3445 1105 3496 1162 ἐν
3526 1112 3605 1179 τῷ
3637 1107 3780 1186 ἐλέγ-

2128 1207 2217 1263 χῳ
2243 1195 2345 1258 τῆς
2400 1188 2734 1265 ὑποκρίσεως
2780 1194 2889 1245 τῶν
2939 1189 3063 1268 περί
3104 1190 3363 1249 Μελίτιον
3410 1194 3501 1250 καὶ
3549 1197 3634 1258 ςὸν
3676 1204 3778 1252 Σα-

2132 1276 2368 1350 μοσατέα
2398 1324 2414 1350 ,
2470 1282 2631 1334 τοῦτο
2689 1276 2748 1333 δὲ
2803 1279 2893 1334 καὶ
2943 1281 3081 1356 πρὸς
3138 1282 3461 1359 Σεραπίωνα
3511 1286 3733 1363 γράφων
3764 1331 3778 1357 ,

2126 1370 2273 1451 ’,Εκεῖ
2323 1366 2418 1439 μὲν
2477 1367 2574 1437 ών,
2609 1367 2794 1446 φησὶν,
2854 1366 3115 1425 ἀδύνατον
3177 1370 3228 1426 ἐν
3285 1376 3355 1447 τῇ
3411 1380 3513 1443 τῆς
3562 1373 3783 1451 Τριάδος

2130 1449 2257 1528 δόξῃ
2310 1455 2375 1509 τὸ
2429 1460 2659 1529 Πνεῦμα
2714 1454 3045 1531 δοξάζεσθαι,
3111 1460 3186 1533 μὴ
3245 1459 3560 1537 προοδϊκῶς
3606 1449 3674 1519 ’δν
3727 1464 3783 1521 ἐκ

2128 1547 2263 1597 Θεοῦ
2330 1541 2397 1597 δι’
2464 1545 2609 1599 Υἱοῦ·
2650 1544 2917 1632 ,ἐνταῦθα
3004 1544 3062 1603 δὲ
3142 1549 3206 1604 τὸ
3292 1556 3560 1624 Πνεῦμα,
3631 1555 3779 1632 φησὶ,

2126 1632 2273 1708 παρά
2319 1636 2417 1686 τοῦ
2467 1634 2593 1688 Υἱοῦ
2642 1631 2928 1707 διδόμενον
2972 1636 3061 1690 καὶ
3101 1637 3496 1713 πεμπόμενον,
3546 1640 3677 1696 αὐτό
3729 1639 3781 1697 ἓν

2127 1719 2260 1793 ἐστι,
2294 1720 2384 1776 καὶ
2433 1722 2494 1777 οὐ
2543 1722 2749 1794 πολλὰ,
2803 1722 2929 1780 οὐδὲ
2976 1724 3036 1780 ἐκ
3079 1724 3309 1784 πολλῶν
3357 1728 3439 1797 ἓν,
3489 1727 3639 1786 ἀλλὰ
3692 1731 3785 1804 μέν

2124 1831 2214 1865 νον
2273 1810 2335 1864 16
2392 1816 2615 1884 Πνεῦμα
2649 1856 2661 1870 .
2722 1813 2877 1875 Ἑνὸς
2944 1815 3046 1890 γὰρ
3122 1812 3277 1879 ὄντος
3330 1823 3428 1873 τοῦ
3506 1820 3633 1874 Γὶοῦ
3687 1824 3782 1874 τοῦ

2130 1903 2331 1968 ζῶντος
2390 1898 2591 1975 Λόγου,
2655 1901 2780 1973 μίαν
2838 1902 2972 1957 εἶναι
3032 1900 3116 1958 δεῖ
3166 1904 3379 1961 τελείαν
3438 1907 3534 1962 καὶ
3593 1907 3779 1985 πλήρη

2123 1991 2225 2057 τὴν
2280 1990 2601 2064 ἁγιαστικήν
2658 1991 2748 2045 καὶ
2808 1993 3141 2070 φωτιστικήν
3201 1996 3370 2069 ζωὴν,
3431 1995 3593 2052 οὖσαν
3644 1996 3783 2074 ἐνέρ-

2124 2097 2271 2151 γειαν
2304 2075 2468 2131 αὐτοῦ
2525 2077 2615 2132 καί
2675 2075 2880 2154 δωρεὰν
2918 2126 2931 2151 ,
2992 2079 3115 2149 ἥτις
3185 2084 3233 2158 γ’
3290 2081 3350 2138 ἐκ
3420 2086 3641 2161 Πατρὸς
3695 2083 3781 2140 λέ-

2123 2186 2271 2241 γεται
2303 2164 2708 2243 ἐκπορεύεσθαι,
2760 2166 2947 2239 ἐπειδὴ
3000 2169 3061 2224 ἐκ
3114 2175 3211 2225 τοῦ
3271 2172 3451 2249 Λόγου
3502 2179 3598 2229 τοῦ
3645 2176 3786 2250 παρὰ

2123 2255 2339 2330 ΙΙατρὸς
2385 2253 2857 2331 ὁμολογουμένως
2908 2256 3200 2331 ἐκλάμπει,
3250 2260 3339 2316 καὶ
3390 2261 3785 2319 ἀποστέλλεται

2122 2344 2212 2399 καὶ
2273 2342 2504 2403 δίδοται.
2555 2345 2653 2401 Καὶ
2713 2346 2988 2423 Κυρίλλοτ
3046 2346 3104 2403 δὲ
3158 2350 3255 2414 τὰς
3301 2357 3476 2408 ταῦτα
3537 2348 3785 2430 βεϐαιου-

2124 2455 2218 2496 σας
2292 2434 2476 2510 ῥήσεις
2546 2432 2710 2497 οὔσας
2781 2436 3049 2500 τοσαύτας
3115 2438 3201 2501 τίς
3261 2439 3788 2516 ἀριθμήσει;Φησὶ

2125 2524 2220 2597 μὲν
2267 2525 2368 2599 γὰρ
2428 2522 2480 2578 ἐν
2532 2529 2612 2596 τῷ
2669 2525 2806 2602 πρὸς
2862 2526 3112 2601 Ἑρμείαν
3173 2527 3532 2605 συντάγματισ
3592 2535 3781 2607 ⁸Ἀγιον

2122 2616 2347 2685 Πνεῦμα
2387 2618 2692 2689 προσερεῖς,
2742 2614 2806 2668 τὸ
2856 2613 2915 2668 ἐκ
2961 2619 3094 2670 Θεοῦ
3143 2619 3361 2693 Πατρὸς
3394 2616 3471 2674 δι’
3501 2621 3630 2675 Υἰοῦ
3659 2640 3788 2697 προ-

2120 2700 2387 2778 χεόμενον
2438 2705 2700 2779 φυσικῶς.
2752 2702 2851 2757 Καὶ
2900 2701 3052 2766 αὖθίς
3100 2726 3261 2783 φησιν
3314 2705 3541 2784 ἐρωτῶν
3570 2732 3583 2744 ·
3635 2709 3786 2771 Τίνος

2120 2788 2260 2845 ἴδιον
2286 2790 2421 2846 εἶναί
2469 2812 2642 2869 φαμεν
2694 2791 2756 2845 τὸ
2809 2797 3034 2866 Πνεῦμα
3085 2795 3150 2849 τὸ
3199 2796 3353 2870 ἅγιον
3388 2815 3405 2866 ;
3444 2798 3688 2875 Πότερον
3732 2795 3790 2852 δὲ

2125 2880 2292 2953 μόνου
2321 2885 2419 2935 τοῦ
2449 2885 2584 2935 Θεοῦ
2613 2880 2703 2935 καὶ
2736 2882 2976 2958 Πατρὸς,
3006 2879 3175 2959 ἤγουν
3208 2884 3374 2940 αὐτοῦ
3418 2892 3520 2943 τοῦ
3558 2889 3686 2943 Υἱοῦ
3711 2908 3724 2957 ;
3755 2887 3790 2956 ἢ

2121 2970 2217 3024 ἀνά
2268 2970 2433 3045 μέορς
2481 2968 2736 3048 ἑκατέρου
2793 2972 2883 3026 καὶ
2941 2972 3166 3051 ἀμφοῖν,
3230 2975 3308 3037 ὡς
3364 2975 3427 3031 ἓν
3465 2977 3527 3033 ἐκ
3578 2978 3793 3054 Ιῐατρὸς

2122 3055 2193 3112 δι’
2248 3059 2398 3132 Υἳοῦ,
2454 3056 2544 3114 διὰ
2598 3060 2697 3128 τὴν
2744 3060 3051 3133 ταυτότητα
3094 3065 3195 3132 τῆς
3245 3063 3438 3128 οὐσίας
3474 3086 3488 3137 ;
3527 3068 3636 3122 Κάν
3682 3077 3797 3129 τοϊς

2122 3147 2199 3209 εἰς
2246 3148 2338 3202 τὸν
2389 3147 2796 3225 Εὐαγγελιστήν
2838 3148 3186 3226 ἐξηγητικοῖς
3246 3154 3543 3229 Ἰωάννην,
3592 3156 3659 3211 Εἰ
3711 3153 3801 3211 καί

348 3244 451 3312 τὴς
482 3224 756 3318 ὑπάρξεως
808 3239 869 3295 ἐκ
910 3244 1008 3295 τοῦ
1038 3242 1173 3294 Θεοῦ
1220 3242 1329 3294 τῶν
1379 3236 1524 3293 ὅλων
1577 3234 1749 3313 ἔχειν,
1782 3236 2005 3316 ἀφίστα-
2039 3224 2083 3291 C
2119 3236 2362 3310 πρόεισιν
2421 3236 2481 3292 ἐκ
2535 3224 2775 3312 Πατρὸς,
2836 3224 3007 3317 φησί,
3066 3241 3128 3295 τὸ
3184 3247 3421 3316 Πνεῦμα
3598 3246 3755 3321 ἅγιον
3784 3287 3799 3313 ,

349 3353 437 3387 ται
468 3330 632 3387 πάλιν
694 3329 746 3384 ἐν
803 3332 883 3401 τῷ
941 3325 1223 3400 ἰδιάζοντι,
1278 3325 1329 3380 ἐν
1387 3330 1467 3397 τῷ
1519 3327 1657 3399 μήτε
1709 3328 2008 3401 μονογενῶς

351 3420 411 3476 ἐκ
437 3424 536 3476 τοῦ
578 3418 797 3495 Πατρὸς
848 3417 1167 3487 ὑποστῆναι,
1216 3414 1306 3470 καὶ
1355 3413 1406 3470 ἐν
1456 3418 1536 3487 τῷ
1583 3414 1653 3469 δι’
1700 3413 1865 3469 αὐτοῦ
1909 3434 2005 3468 πε-

351 3509 597 3588 φηνέναι.
648 3507 748 3562 Καὶ
796 3504 981 3575 πάλιν,
1030 3506 1221 3582 Πατὴρ
1275 3504 1370 3578 μὶν
1429 3500 1668 3579 ἄναρχος
1714 3504 1804 3558 καὶ
1849 3504 2008 3579 ἀγέν-

348 3619 511 3670 νητος
541 3598 633 3654 καὶ
663 3597 744 3652 ἀεὶ
777 3596 970 3673 Πατὴρ
1026 3599 1248 3650 νοεῖται.
1307 3592 1392 3664 Ἐξ
1441 3592 1605 3647 αὐτοῦ
1654 3589 1712 3647 δὲ
1753 3593 1889 3647 κατὰ
1943 3590 2006 3648 τι)

348 3688 618 3764 προσεχὲς
665 3684 1001 3747 ἀδιαστάτως
1062 3685 1091 3739 6
1154 3683 1457 3758 μονογενὴς
1515 3682 1636 3744 Υἱὸς
1690 3686 1769 3755 τῷ
1829 3681 2006 3758 ΙΙατρί

348 3782 740 3833 συνεπινοεῖται
767 3821 779 3834 .
831 3775 910 3830 Δι’
951 3773 1117 3830 αὐτοῦ
1162 3770 1220 3828 δὲ
1258 3772 1349 3828 καὶ
1403 3773 1517 3846 μετ’
1566 3770 1731 3827 αὐτοῦ
1777 3771 1901 3848 πρίν
1952 3793 2006 3827 τι

345 3866 496 3922 κενόν
549 3887 610 3922 τε
661 3865 753 3921 καὶ
827 3864 1194 3920 ἀνυπόστατον
1254 3859 1345 3917 διὰ
1412 3859 1578 3935 μέσου
1636 3867 2003 3935 παρεμπεσεῖν

346 3955 553 4030 νόημα,
612 3953 767 4017 εὐθὺς
819 3953 909 4008 καὶ
947 3953 1010 4008 16
1061 3955 1289 4025 Πνεῦμα
1331 3949 1396 4005 16
1444 3950 1596 4026 ἅγιον
1643 3950 2004 4024 συνημμένως

346 4039 820 4118 καταλαμϐάνεται
850 4065 862 4077 ·
923 4042 1033 4118 οὐχ
1099 4040 1370 4118 ὑστερίζον
1429 4039 1566 4094 κατὰ
1620 4040 1718 4108 τὴν
1777 4038 2001 4116 ὕπαρξιν

350 4134 486 4207 μετᾶ
530 4134 622 4188 τὸν
672 4133 818 4205 Υἱὸν,
878 4130 1015 4186 ὥστε
1069 4130 1203 4186 ποτὲ
1256 4129 1346 4184 καὶ
1403 4129 1494 4184 τὸν
1544 4136 1822 4205 Μονογενῆ
1874 4126 2006 4205 δίχα

342 4227 441 4278 τοῦ
473 4223 791 4297 Πνεύματος
836 4222 1122 4292 νοηθῆναι,
1172 4217 1298 4274 ἀλλ’
1347 4217 1407 4274 ἐκ
1455 4218 1550 4291 μὲν
1580 4222 1678 4273 τοῦ
1729 4222 1863 4274 Θεοῦ
1892 4223 2001 4273 τῶν

346 4310 492 4368 ὅλων
523 4311 614 4367 καὶ
661 4309 793 4366 αὐτὸ
841 4310 941 4379 τὴν
993 4308 1165 4364 αἰτίαν
1217 4306 1344 4385 ἕχον
1393 4312 1492 4363 τοῦ
1541 4307 1698 4364 εἶναι.
1728 4308 1882 4362 Ὅθεν
1912 4308 2002 4362 καί

343 4401 406 4455 τὸ
442 4400 732 4476 μονογενές
774 4398 884 4454 ἐστι
933 4403 1067 4476 φῶς,
1119 4394 1209 4452 διὰ
1257 4394 1316 4452 δὲ
1359 4401 1458 4451 τοῦ
1508 4396 1776 4466 ἀληθινοῦ
1820 4398 2002 4475 φωτὸς

347 4489 655 4565 ἐκλάμψαν,
715 4487 839 4544 οὕτε
886 4485 1238 4560 διαστήματι,
1283 4482 1408 4542 οὕτε
1455 4486 1666 4564 φύσεως
1722 4486 2000 4563 ἑτερότητι

2117 3322 2243 3380 ἀλλ’
2302 3321 2520 3401 ἔρχεται
2580 3323 2650 3381 δι’
2708 3328 2854 3399 Υἱοῦ,
2912 3328 3005 3383 καί
3058 3325 3195 3385 ἴδιόν
3257 3329 3401 3386 ἐστιν
3455 3333 3648 3392 αὐτοῦ.
3689 3335 3794 3389 Κάν

2115 3419 2231 3476 τοῖς
2264 3413 2448 3477 αὐτοῖς
2498 3413 2686 3485 πάλιν,
2720 3417 3053 3494 ’Δραρότως,
3114 3417 3266 3496 φησί,
3317 3423 3661 3498 πιστεύομεν
3720 3423 3794 3486 ὠς

2118 3502 2215 3558 οὐκ
2243 3502 2539 3579 ἀλλότριον
2584 3510 2683 3560 τοῦ
2731 3507 2857 3560 Υἰοῦ
2884 3507 2947 3562 τὸ
2993 3507 3147 3584 ἅγιον
3189 3509 3424 3583 Πνεῦμά
3456 3511 3631 3587 ἐστιν,
3664 3511 3795 3569 ἀλλ’

2116 3593 2413 3667 ὁμοούσιον
2448 3592 2729 3666 αὐτοῦ,καὶ
2762 3592 2832 3650 δι’
2862 3595 3028 3650 αὐτοῦ
3058 3598 3251 3671 προϊὸν
3280 3597 3341 3654 ἐκ
3371 3606 3477 3656 τοῦ
3511 3602 3793 3679 Πατρός.»

2192 3681 2290 3737 Καὶ
2351 3680 2555 3757 μακρὰν
2619 3681 2678 3738 ἂν
2741 3679 2826 3753 εἰή
2882 3682 3043 3740 τοῦδε
3097 3686 3187 3741 καὶ
3243 3686 3463 3745 πάντων
3519 3690 3647 3762 ἐξῆς
3695 3691 3796 3752 τὰς

2123 3770 2419 3847 μαρτυρίας
2472 3770 2698 3844 τιθέναι,
2759 3772 2882 3828 ὅσαι
2957 3770 3047 3829 διὰ
3102 3779 3197 3829 τοῦ
3251 3777 3378 3832 Υἱοῦ
3439 3781 3505 3835 16
3570 3784 3800 3853 Πνεῦμα

2114 3858 2452 3928 διδάσκουσι,
2485 3859 2632 3931 πλὴν
2687 3860 3067 3937 ἐκπορεύεσθαι
3116 3864 3210 3937 μὲν
3257 3865 3347 3920 καὶ
3402 3865 3500 3924 διὰ
3537 3874 3639 3924 τοῦ
3672 3870 3800 3924 Υἱοῦ

2114 3945 2307 4027 ἔφησεν
2359 3948 2553 4022 οὐδεὶς,
2608 3950 2871 4027 ὑπάρχειν
2923 3948 2981 4006 δὲ
3027 3952 3117 4007 καὶ
3167 3952 3500 4032 ἐκλάμπειν,
3548 3958 3646 4014 καὶ
3700 3957 3802 4013 ὅσα

2114 4036 2346 4116 εἴρηται.
2381 4040 2445 4092 Οἱ
2476 4036 2533 4094 δέ
2562 4041 2612 4115 γ’
2660 4037 3046 4115 ἐκπορεύεσθαι
3092 4041 3184 4097 καὶ
3237 4039 3327 4097 διὰ
3374 4050 3482 4101 τοῦ
3534 4048 3669 4102 Υἰοῦ
3713 4068 3801 4102 τε-

2110 4126 2455 4202 τολμηκότες
2533 4128 2701 4184 εἰπεῖν
2774 4133 2843 4203 τῇ
2921 4135 3068 4208 σφῶν
3150 4128 3395 4196 διανοίας
3468 4135 3805 4214 εἰλικρινείᾳ

2112 4220 2374 4294 θαρσῆσαι
2420 4215 2668 4272 δοκοῦσιν
2726 4217 2928 4290 εἰπεῖν,
2978 4220 3069 4274 καὶ
3116 4224 3196 4293 τῷ
3246 4218 3428 4278 πάντα
3480 4232 3608 4289 τοῖς
3659 4247 3801 4302 προ-

2113 4302 2342 4362 Λαϐοῦσι
2398 4311 2505 4361 τῶν
2558 4304 2903 4363 διδασκάλων
2956 4309 3167 4372 ἑαυτοῖς
3217 4310 3490 4389 παρέχειν
3557 4311 3798 4389 συμϐαί-

2109 4416 2299 4459 νοντας
2334 4438 2347 4451 .
2408 4398 2564 4451 Ὅθεν
2632 4394 2747 4451 οὐδ’
2823 4398 3078 4475 ἑτέρωθεν
3157 4398 3448 4473 ἀνέμειναν
3524 4405 3803 4482 ἐξηγητὰς

2109 4485 2293 4548 αὐτοῖς
2344 4485 2629 4556 ἐπιστῆναι
2683 4491 2791 4541 τῶν
2846 4486 3025 4564 λόγων
3069 4487 3299 4559 τούτων,
3347 4492 3515 4548 αὑτοὶ
3571 4491 3634 4548 δὲ
3673 4496 3799 4550 ἑαυ-

343 4582 442 4634 τοῦ
500 4577 716 4655 Πατρὸς
773 4576 863 4632 καὶ
918 4581 1017 4632 τοῦ
1068 4580 1401 4652 Μονογενοῦς
1458 4574 1836 4648 ἀποτέμνεται.
1900 4576 1998 4631 Καὶ
2030 4596 2077 4661 D
2107 4581 2223 4637 τοῖς
2267 4575 2357 4630 καὶ
2410 4572 2559 4649 μάλα
2605 4575 2885 4651 γεγόνασιν
2934 4576 3230 4653 ἀξιόχρεῳ,
3281 4585 3384 4648 τῆς
3422 4582 3526 4656 μὲν
3570 4581 3801 4661 παρηλ-

344 4666 512 4723 πάλιν
548 4664 615 4721 αὖ
663 4664 713 4736 ἐξ
761 4665 1061 4742 ἀγεννήτοῦ
1108 4663 1299 4736 ἡλίου,
1351 4660 1521 4720 ἄλλον
1570 4663 1731 4734 ἥλιον
1784 4664 2000 4721 ἐννοοῦ-

351 4777 469 4830 μεν,
519 4757 661 4829 ὁμοῦ
720 4757 790 4830 τῇ
845 4759 944 4810 τοῦ
1002 4755 1224 4832 πρώτου
1276 4753 1487 4825 ἐπινοίᾳ
1543 4758 1819 4830 γεννητῶς
1858 4755 2004 4829 αὐτῷ

347 4842 866 4917 συνεπιλάμποντα,
919 4843 1009 4899 καὶ
1056 4844 1194 4898 κατά
1238 4842 1411 4898 πάντα
1464 4842 1721 4906 ὡσαύτως
1779 4842 2001 4921 ἔχοντα,

345 4932 563 5005 κάλλει,
625 4929 887 5007 δυνάμει,
949 4930 1314 5005 λαμπηδόνι,
1378 4932 1637 5007 μεγέθει,
1694 4933 1783 4987 καὶ
1841 4939 2000 4988 πᾶσιν

346 5023 483 5094 ἅπαξ
531 5027 649 5085 τοῖς
695 5022 821 5099 περί
863 5022 955 5078 τὸν
1005 5021 1166 5091 ἥλιον
1219 5020 1637 5098 θεωρουμένοις.
1686 5022 1786 5077 Καὶ
1835 5021 2000 5077 πάλιν

347 5113 527 5187 έτερον
559 5115 807 5167 τοιοῦτον
840 5116 954 5190 φῶς
983 5112 1119 5167 κατά
1167 5111 1262 5168 τὸν
1307 5110 1466 5166 αὐτὸν
1512 5110 1736 5183 τρόπον,
1770 5109 1833 5166 οὐ
1865 5131 2003 5188 χρο-

345 5196 481 5274 νικῷ
533 5222 640 5255 τινι
699 5199 1050 5274 διαστήματι,
1109 5204 1207 5256 τοῦ
1263 5203 1528 5276 γεννητοῦ
1576 5200 1757 5278 φῶτὸς
1806 5199 2001 5255 ἀποτε-

350 5290 646 5366 μνόμενον,
673 5289 820 5346 ἀλλὰ
851 5287 920 5346 δι’
969 5289 1134 5345 αὐτοῦ
1183 5291 1277 5364 μὲν
1329 5288 1633 5363 ἐκλάμπον,
1662 5310 1762 5358 την
1811 5286 1869 5344 δὲ
1904 5296 2004 5360 τῆς

348 5378 688 5442 ὑποστάσεως
717 5378 893 5435 αἰτίαν
940 5375 1069 5455 ἕχον
1111 5378 1172 5434 ἐκ
1195 5383 1295 5434 τοῦ
1326 5377 1687 5455 πρωτοτύπου
1732 5378 1934 5456 φωτός.
1972 5404 1999 5432 ››

347 5470 509 5524 Οὗτοι
557 5469 650 5542 μὲν
707 5467 798 5523 οὑν
842 5474 1095 5524 τοσαῦτα.
1144 5468 1447 5546 Γρηγόριος
1499 5464 1556 5521 62-:
1587 5469 1614 5522 6
1654 5474 2004 5544 Θαυματουρ-

344 5558 460 5634 γὸς,
516 5557 607 5612 καὶ
663 5557 755 5611 σὺν
811 5557 958 5630 αὐτῷ
1015 5556 1349 5628 ’Δθανάσιος,
1411 5558 1439 5611 6
1502 5557 1596 5630 μὲν
1644 5557 1743 5624 τήν
1794 5556 1999 5611 ἀποκά-

348 5645 510 5723 λυψιν
558 5652 659 5719 τῆς
706 5646 939 5712 πίστεως
998 5646 1359 5723 ἐκτιθέμενος,
1413 5670 1442 5699 ‹‹
1486 5645 1560 5701 Τά
1603 5646 1652 5701 τ’
1701 5642 1867 5719 ἄλλα,
1911 5646 2004 5701 καὶ

2112 4663 2393 4740 λαγμένης
2450 4671 2639 4743 φωνῆς
2716 4663 2869 4720 οὐδὲν
2923 4666 3362 4743 παραμείψαντες
3399 4717 3415 4743 ,
3476 4673 3682 4749 τρόπῳ
3743 4670 3803 4727 δὲ

2113 4753 2281 4831 ἑτέρῳ
2326 4754 2419 4809 τὸν
2460 4753 2721 4830 πατρικόν
2768 4776 2825 4810 τε
2875 4754 2964 4810 καὶ
3025 4756 3336 4832 ὑγιαίνοντα
3385 4764 3522 4816 νοῦν
3580 4763 3803 4826 ἑαυτοῖς

2110 4844 2573 4918 παραστήσαντες.
2628 4840 2807 4913 Δῆλον
2868 4841 2926 4898 δὲ
2973 4848 3135 4900 τοῦτο
3186 4844 3246 4900 ἐκ
3290 4851 3402 4902 τῶν
3459 4849 3631 4927 ἱερῶν
3679 4872 3807 4927 συγ-

2112 4932 2453 5009 γραμμάτων
2486 4931 2680 4989 αὐτῶν.
2732 4934 2832 4987 Καὶ
2879 4934 2984 5009 γὰρ
3036 4933 3088 4989 ἐν
3130 4939 3249 4998 τοῖς
3295 4935 3639 5015 κεφαλαίοις
3692 4940 3810 4997 Μά-

2113 5022 2269 5094 ξιμος
2319 5021 2348 5075 6
2389 5022 2575 5099 σοφὸς,
2612 5045 2640 5071 ‹‹
2674 5021 2790 5093 Εἰς,
2840 5022 2995 5098 φησί,
3047 5023 3200 5096 Θεὸς,
3247 5024 3361 5087 ἑνὸς
3409 5027 3551 5083 Υἰοῦ
3603 5031 3806 5105 γεννή-

2110 5130 2224 5186 τωρ
2255 5109 2345 5164 καὶ
2394 5110 2608 5186 Πατὴρ,
2657 5109 2748 5164 καὶ
2797 5109 3117 5183 Πνεόματος
3177 5112 3331 5188 ἀγίου
3381 5117 3575 5193 πηγὴ,
3634 5118 3810 5192 μονὰς

2112 5198 2420 5274 ἀσύγχυτος
2456 5244 2471 5271 ,
2530 5199 2621 5253 καὶ
2695 5199 2859 5272 Τριάς
2916 5196 3246 5277 ἀδισίρετος,
3305 5206 3437 5266 νοῦς
3497 5205 3756 5283 ἄναρχος
3790 5252 3805 5279 ,

2116 5288 2285 5362 μόνου
2347 5287 2508 5361 μόνος
2565 5284 2847 5350 οὐσιωδῶς
2904 5288 3149 5366 ἀνάρχου
3203 5290 3390 5366 Λόγου
3452 5297 3755 5373 γεννήτωρ
3788 5342 3804 5367 ,

2110 5378 2201 5433 καὶ
2235 5376 2408 5451 μόνης
2463 5374 2644 5432 ἀτίδίου
2698 5382 2868 5449 ζωῆς,
2918 5378 2996 5440 ὡς
3026 5380 3343 5453 Ιινεύματος
3404 5382 3576 5459 ἄγίου

2112 5468 2216 5523 Κάν
2294 5473 2410 5529 τοῖς
2481 5467 2557 5528 εἰς
2630 5466 2908 5523 Διονύσιον
2983 5468 3074 5523 τὸν
3135 5470 3298 5546 μέγαν
3372 5470 3802 5552 ’Δρεοπαγίτην

2111 5556 2366 5632 σχολίοις
2394 5557 2463 5611 τὰ
2492 5557 2745 5634 περὶτῆς
2795 5557 3068 5635 ἀφθάρτου
3115 5556 3345 5635 Τριάδος
3404 5563 3574 5637 φησὶ,
3613 5562 3801 5639 λέγων

2110 5644 2234 5723 περὶ
2295 5645 2577 5701 Διονυσίου
2614 5685 2630 5711 ,
2673 5644 2838 5723 μέχρι
2895 5650 3059 5722 τριῶν
3122 5647 3478 5703 ὑποστάσεων
3543 5647 3803 5729 προόδου
